3802 6216
328 287 437 345 805

1287 274 1631 336 APPENDIX
1664 271 1958 333 OPERUM
1997 270 2057 326 S.
2098 268 2348 325 BASiLll
2385 266 2628 325 MAGNI.

3500 266 3616 322 801

328 406 535 479 peccati
568 405 819 459 illecebra
853 403 965 469 llat,
997 415 1103 456 non
1131 398 1367 453 absurde
1389 399 1456 452 ad
1485 412 1673 452 earum
1707 393 1913 450 securi-

2066 392 2134 453 ιῖς
2167 389 2486 461 ἁμαρτίαις,
2532 389 2634 442 οὐκ
2683 384 2894 455 ἀλόγως
2945 384 3024 450 εἰς
3060 383 3363 454 ἀσφάλειαν
3409 384 3615 449 αὑταῖς

332 507 496 550 tatem
530 504 799 556 naturam,
846 500 905 544 ιιι
947 506 1007 546 se
1058 490 1254 554 habet,
1296 486 1802 545 consideravitnus;
1854 491 1911 536 ut

328 582 782 653 quemadmodum
835 580 1108 648 simplices
1137 587 1268 632 sunt
1324 578 1465 631 sicut
1509 574 1793 637 columbae,
1833 574 1908 627 ita

332 676 496 727 etiam
538 675 826 741 prudentes
849 672 985 726 sicut
1011 685 1233 738 serpens
1255 668 1325 731 “.
1346 684 1560 723 omnem
1587 668 1912 737 integritatis

328 780 441 818 sua:
476 763 727 829 injuriam
760 763 1035 831 proposita
1067 762 1313 815 doctrina
1362 762 1619 815 instituta:
1662 768 1908 814 caveant.

327 857 409 908 Ad
451 856 585 920 haec,
625 870 746 909 cum
780 852 1082 907 communis
1124 852 1450 920 virginitatis
1478 852 1909 917 expurgatriccm

330 948 626 1000 orationem
663 945 1060 1013 susceperimus
1088 984 1104 1008 ,
1154 956 1212 996 ut
1241 944 1539 1012 virginibus
1588 940 1911 995 benevolen-

333 1036 485 1099 tiam,
505 1037 576 1088 ita
602 1045 654 1089 et
674 1034 924 1089 masculis
953 1034 1247 1088 debemus:
1278 1032 1686 1101 Oportebatque,
1718 1039 1775 1085 ut
1806 1030 1911 1085 illis

331 1128 458 1197 qttid
495 1136 687 1182 noceat
718 1127 952 1196 quidque
980 1125 1155 1194 prosit
1188 1126 1541 1189 ostendimus,
1588 1124 1662 1177 ita
1697 1133 1749 1178 et
1790 1124 1910 1177 istis

331 1219 658 1283 ostendere;
686 1227 746 1270 ut
767 1232 1109 1286 nequaquam
1138 1217 1476 1270 castrationis
1501 1215 1702 1268 nomini
1729 1225 1908 1268 atten-

332 1312 521 1364 dentes
556 1310 610 1362 in
652 1309 986 1361 contrarium
1019 1307 1358 1372 delabantur,
1401 1308 1493 1359 sed
1526 1316 1908 1376 cognoscentes

331 1400 459 1466 quid
475 1408 659 1468 peccet
679 1397 951 1466 illegitima
970 1397 1205 1449 virilium
1223 1396 1503 1457 abscissio,
1517 1409 1569 1450 et
1583 1397 1702 1464 quis
1717 1396 1909 1463 dignus

332 1491 403 1543 sit
439 1489 646 1542 Domini
680 1490 1069 1557 approbatione
1099 1489 1402 1548 eunuchus,
1446 1488 1511 1540 ad
1560 1502 1740 1540 veram
1786 1488 1907 1555 qui-

333 1583 457 1636 dem
504 1581 887 1636 castrationem
922 1580 1106 1632 anitno
1152 1578 1532 1643 informentur,
1579 1579 1645 1631 ab
1672 1580 1905 1631 absurdo

2012 479 2107 549 τὴν
2140 477 2300 547 φύσιν
2342 478 2419 540 ὡς
2451 478 2563 547 ἔχει
2590 474 2997 547 ὲθεωρήσαμεν,
3028 475 3094 528 ἵν’
3133 474 3324 544 ὥσπερ
3350 473 3613 544 ἀκέραιοί

2010 572 2150 623 εἰσιν
2177 569 2311 622 (basi.
2345 569 2454 638 (66)
2479 568 2821 640 περιστεραὶ,
2854 565 2996 619 οὕτω
3028 566 3123 619 καὶ
3146 564 3221 628 ὡς
3245 567 3273 618 ὁ
3301 564 3429 632 ὗφις
3469 564 3614 634 φρό-

2010 680 2157 733 νιμοι
2185 658 2365 723 οὖσαι,
2416 662 2595 713 πᾶσαν
2645 658 2743 729 τὴν
2787 656 2929 710 κατά
2974 656 3071 725 τῆς
3117 655 3385 727 ἁφθορίας
3424 653 3616 707 αὐτῶν

2011 755 2223 809 ἀδικίαν
2258 755 2323 807 ὲκ
2344 754 2442 824 τῆς
2471 751 2797 822 ἐγκειμένης
2827 750 3173 811 διδασκαλίας
3214 747 3619 816 ὑποφωνούμε-

2010 864 2095 901 ναι
2125 844 2639 916 προφυλάσσωνται.
2667 842 2812 912 Πρὸς
2844 842 2899 894 δὲ
2927 841 3156 904 τούτοις,
3180 840 3262 892 ὅτι
3284 841 3385 909 τῆς
3421 840 3617 906 κοινῆς

2010 936 2310 1008 παρθενίας
2361 934 2729 1005 καθαρτήριον
2782 932 2874 986 τὸν
2926 932 3082 999 λόγον
3141 930 3483 1001 ποιούμενοι,
3539 930 3618 992 ὡς

2009 1032 2130 1092 ταῖς
2158 1028 2447 1098 παρθένοις
2474 1028 2553 1089 εἰς
2590 1024 2700 1095 (67)
2727 1023 2961 1086 εὔνοιαν,
2992 1023 3135 1076 οῦτω
3168 1024 3261 1076 καὶ
3287 1024 3405 1084 τοῖς
3439 1022 3618 1091 appa-

2011 1134 2094 1170 σιν
2149 1115 2505 1186 ὀφειλόμεθα’
2566 1114 2661 1167 καὶ
2720 1113 2827 1166 ἔδει
2867 1112 3004 1184 (68),
3048 1112 3126 1176 ὡς
3172 1111 3412 1173 ἐκείναις
3460 1110 3526 1162 τό
3555 1125 3619 1162 τε

2011 1206 2246 1277 βλάπτον
2272 1207 2367 1259 καὶ
2395 1204 2639 1273 ὠφελοῦν
2669 1203 3046 1273 ὑπεδείξαμεν,
3091 1202 3233 1255 οὕτω
3266 1202 3363 1260 καὶ
3393 1200 3620 1263 τούτοις

2012 1300 2320 1364 ὑποδεῖξαι·
2377 1299 2464 1351 ἵνα
2507 1298 2581 1369 μὴ
2622 1298 2847 1368 ὀνόματι
2892 1296 3175 1366 εῦνουχίας
3221 1294 3617 1366 προσέχοντες,

2007 1393 2088 1454 εἰς
2112 1391 2174 1443 τὸ
2195 1389 2438 1443 ἐναντίον
2474 1389 2783 1442 ἐκπίπτωσι
2806 1404 2820 1416 ·
2854 1387 2968 1441 ἀλλ’
3004 1387 3304 1454 ἐγνωκότες
3334 1386 3399 1440 τὸ
3427 1385 3621 1456 ἀμάρ-

2007 1496 2160 1548 τημα
2201 1481 2265 1531 ἐκ
2296 1478 2397 1547 τῆς
2422 1477 2744 1546 παρανόμου
2791 1476 3079 1544 ἀποκοπῆς
3108 1476 3216 1528 τῶν
3243 1475 3474 1546 μορίων,
3518 1474 3622 1528 καὶ

2004 1571 2097 1623 τὸν
2159 1569 2432 1638 ἀποδοχῆς
2492 1567 2815 1637 ἀξιούμενον
2881 1567 3031 1638 ποιρά
3093 1565 3189 1620 τοῦ
3251 1565 3465 1637 Κυρίου
3524 1565 3596 1620 εὐ

333 1681 514 1725 autem
566 1670 802 1722 virilium
863 1668 1289 1722 exsecattdorum
1349 1668 1594 1733 impetu,
1659 1665 1703 1717 si
1754 1664 1901 1716 nmlti

2066 1660 2221 1731 ιῦχον,
2268 1658 2594 1729 ὼφεληθῶσι
2643 1658 2742 1729 μὲν
2784 1659 2922 1731 πρὸς
2968 1658 3068 1728 τὴν
3107 1657 3282 1728 ἀληθῆ
3320 1656 3621 1727 εὐνουχίαν

333 1762 591 1829 deinceps
642 1761 695 1814 itt
750 1763 849 1814 huc
882 1760 1069 1812 vitium
1100 1758 1363 1821 ferantur,
1400 1771 1648 1810 sermone
1688 1756 1907 1811 cohibiti

2066 1766 2103 1802 iV
2137 1748 2280 1813 νοῦν,
2312 1749 2409 1817 τῆς
2436 1747 2493 1800 δὲ
2518 1749 2716 1816 ἀλόγου
2757 1748 2894 1818 πρὶς
2919 1746 3017 1817 τὴν
3049 1747 3333 1815 ἀποκοπὴν
3368 1745 3485 1798 τῶν
3516 1763 3622 1812 μο-

332 1853 628 1921 prudenter
687 1850 1047 1904 reﬂectantur.

407 2028 493 2081 66.
528 2025 692 2094 igitur
713 2040 831 2093 qttze
858 2039 983 2078 vere
1013 2024 1163 2093 virgo
1192 2033 1300 2086 est,
1332 2023 1376 2076 si
1413 2021 1501 2075 tali
1535 2037 1654 2075 cum
1687 2022 1913 2093 diligen-

336 2119 409 2173 tia
439 2119 605 2171 vitam
651 2119 916 2181 instituet,
970 2117 1037 2170 ab
1090 2115 1235 2169 omni
1284 2115 1505 2168 masculi
1560 2114 1727 2184 679
1772 2124 1913 2166 tactu

333 2224 522 2280 puram
554 2222 613 2263 se
657 2222 873 2275 semper
923 2207 1212 2268 custodiet,
1257 2216 1313 2260 et
1357 2222 1476 2259 cum
1532 2207 1746 2259 lentiuis
1793 2206 1916 2258 dor-

337 2300 532 2366 miens,
564 2299 632 2354 ad
670 2298 903 2367 seipsam
936 2312 1197 2352 conversa
1240 2306 1472 2350 mentem
1506 2297 1557 2349 in
1582 2296 1719 2349 cmlo
1752 2296 1917 2349 habe-

335 2391 436 2453 bit,
481 2404 708 2457 eamque
746 2397 899 2442 extra
948 2404 1143 2454 corpus
1180 2397 1343 2441 totam
1397 2388 1617 2440 omnino
1656 2388 1915 2449 evehens,

336 2482 525 2535 eadem
563 2482 707 2533 dicet
758 2495 822 2534 ac
870 2480 958 2534 ille
1006 2480 1094 2548 qui
1127 2480 1295 2533 dixit:
1330 2476 1463 2531 Novi
1517 2480 1917 2548 memetipsam,

337 2573 451 2626 sive
488 2572 539 2625 in
589 2585 813 2639 corpore
848 2570 1066 2633 nescio,
1111 2570 1231 2624 sive
1277 2578 1431 2623 extra
1481 2583 1677 2636 corpus
1710 2571 1916 2635 nescio,

338 2664 481 2721 Deus
530 2664 666 2725 scit,
728 2672 937 2729 raptam
986 2675 1110 2715 esse
1165 2661 1217 2714 itt
1270 2661 1574 2728 paradisum
1621 2671 1677 2714 et
1706 2662 1921 2716 audisse

337 2771 538 2811 arcana
574 2756 736 2809 verba
766 2754 833 2807 ‘7.
862 2753 995 2807 Nam
1029 2753 1272 2822 profecto
1302 2754 1345 2809 si
1372 2754 1588 2823 vigilem
1620 2754 1760 2808 illius
1791 2770 1918 2823 erga

337 2862 397 2901 se
429 2860 666 2899 amorem
698 2860 927 2913 sponsus
960 2859 991 2899 e
1016 2843 1154 2898 caelo
1181 2844 1393 2907 videat,
1433 2845 1590 2912 eique
1632 2846 1806 2899 noctis
1841 2857 1922 2897 te-

337 2940 532 2990 nebras
562 2936 850 3005 perspiciat
884 2950 986 2990 non
1013 2934 1350 2989 occasionem
1390 2951 1512 2989 esse
1544 2937 1772 3005 peccati.
1825 2938 1921 2991 sed

2018 1841 2147 1912 ρίων
2186 1840 2363 1910 όρμῆς
2406 1838 2651 1902 πλείονες
2706 1839 2784 1910 τῷ
2828 1839 3006 1909 χρόνῳ
3050 1838 3267 1898 ἀτόπως
3304 1835 3617 1906 γινόμενοι,

2016 1931 2122 1985 ὑπὸ
2150 1930 2243 1983 τοῦ
2274 1931 2429 1998 λόγου
2458 1929 2783 2000 στυφόμενοι
2815 1930 3094 2000 φρονίμως
3119 1927 3529 1982 ἀνασταλῶσιν.

2086 2022 2174 2080 66.
2216 2024 2277 2075 Εἰ
2318 2019 2410 2076 οὖν
2446 2023 2686 2095 τοσαύτῃ
2728 2025 2761 2093 ή
2792 2023 2962 2086 ὅντως
3000 2020 3269 2092 παρθένος
3313 2019 3620 2091 συζήσεται

2017 2113 2298 2185 ἀκριόείᾳ,
2326 2114 2545 2183 ἀπάσης
2578 2113 2679 2182 μὲν
2713 2113 2943 2185 ἄρρενος
2972 2113 3117 2182 ἁφῆς
3136 2112 3384 2182 καθαρὰν
3409 2113 3621 2183 ἑαυτὴν

2016 2207 2084 2260 δι’
2115 2207 2235 2259 ὅλου
2268 2204 2515 2274 φυλάξει,
2564 2206 2657 2259 καὶ
2700 2205 2837 2275 μετὰ
2883 2205 3112 2275 θηλειῶν
3152 2205 3209 2258 δὲ
3247 2206 3616 2270 καθεύδουσα,

2018 2298 2154 2369 πρὸς
2186 2299 2386 2369 ἑαυτὴν
2427 2299 2783 2369 ἐστραμμένη
2824 2300 2881 2350 ὲν
2914 2297 3128 2369 ούρανῷ
3165 2298 3275 2364 ἕξει
3320 2299 3413 2353 τὸν
3464 2299 3618 2364 νοῦν,

2019 2391 2112 2443 καὶ
2134 2389 2240 2453 ἔξω
2267 2389 2360 2442 τοῦ
2387 2389 2637 2460 σώματος
2659 2389 2779 2443 ὅλον
2801 2390 2988 2444 τοῦτον
3011 2391 3290 2454 παντελῶς
3312 2395 3439 2462 ποιῆ
3449 2409 3616 2456 σασα,

2019 2482 2086 2535 τὰ
2111 2482 2253 2536 αὐτὰ
2278 2485 2395 2554 ἐρεῖ
2423 2482 2501 2553 τῷ
2537 2483 2743 2535 εἰπόντι
2768 2499 2784 2512 ·
2812 2478 2942 2535 Οἶδα
2975 2483 3242 2554 ἐμαυτὴν,
3272 2482 3383 2536 εἴτε
3415 2485 3478 2536 ὲν
3506 2484 3619 2536 σώ-

2025 2592 2175 2645 ματι,
2216 2575 2316 2628 οῦκ
2338 2572 2472 2637 οἶδα,
2512 2574 2624 2627 εἴτε
2658 2576 2814 2636 ἐκτὸς
2840 2575 2934 2629 τοῦ
2963 2574 3236 2645 σώματος,
3265 2578 3368 2629 οὐκ
3405 2572 3559 2629 οἷδαο
3588 2577 3619 2628 ὁ

2020 2666 2155 2730 Θεὸς
2202 2663 2362 2729 οἶδεν,
2415 2667 2497 2718 ὅτι
2556 2667 2813 2737 ἡρπάγην
2868 2669 2947 2730 εἰς
2984 2666 3077 2721 τὸν
3126 2666 3477 2738 παράδεισον,
3520 2667 3620 2722 καὶ

2022 2759 2229 2829 ἥκουσα
2269 2759 2483 2829 ἄρρητα
2534 2758 2773 2829 ῥήματα.
2808 2758 3033 2821 Πάντως
3062 2759 3172 2829 γὰρ
3208 2758 3491 2830 ἄγρυπνον
3524 2758 3621 2813 τὸν

2023 2850 2151 2921 περὶ
2203 2851 2364 2903 αὐτὸν
2399 2850 2571 2920 αὐτῆς
2610 2850 2790 2921 ἔρωτα
2825 2848 3031 2904 ἄνωθεν
3064 2850 3122 2916 ἐξ
3151 2849 3396 2922 οὒρανῶν
3429 2851 3458 2902 ὁ
3478 2866 3622 2919 νυμ-

2029 2941 2151 3010 φίος
2175 2942 2338 3012 ὁρῶν,
2371 2943 2464 2993 καὶ
2498 2942 2577 2994 ὅτι
2606 2940 2668 2994 τὸ
2699 2942 2887 3002 σκότος
2923 2941 3020 3010 τῆς
3048 2942 3241 3005 νυκτὸς
3271 2942 3370 2994 οὐκ
3402 2942 3620 3008 ἐφόδιον

337 3026 502 3081 divini
557 3026 622 3079 ad
677 3024 1083 3092 colloquendum
1125 3038 1247 3077 cum
1302 3037 1519 3103 sponso
1550 3024 1680 3086 otii,
1741 3025 1812 3076 ita
1865 3034 1917 3075 ιιι

2068 3034 2322 3105 μαρτίας,
2353 3032 2488 3086 ἀλλά
2527 3033 2720 3103 σχολῆς
2768 3032 2918 3096 θείας
2971 3032 3079 3102 (69)
3118 3035 3216 3104 τῆς
3266 3033 3406 3103 πρὸς
3451 3033 3620 3087 αὑτὸν

339 3116 514 3171 noctis
566 3116 782 3184 quidem
839 3114 1076 3169 tenebris
1125 3114 1526 3177 circmndetnr,
1583 3129 1692 3182 quo
1746 3115 1922 3170 minus

337 3221 531 3261 sensus
568 3204 929 3258 exterioribus
979 3205 1139 3257 rebus
1197 3202 1621 3268 perturbentur,
1676 3207 1768 3256 sed
1811 3212 1921 3257 tota

338 3307 521 3350 mente
553 3295 851 3348 illttstretur
880 3293 1059 3362 sponsi
1101 3292 1241 3357 luce,
1273 3307 1337 3346 ac
1383 3294 1578 3346 utentis
1617 3293 1919 3363 lampadem

338 3405 436 3459 per
466 3399 630 3443 totam
680 3398 890 3441 noctem
943 3388 1181 3441 studiose
1230 3386 1368 3441 clam
1418 3388 1692 3455 adornet;
1731 3392 1924 3443 merito

340 3482 486 3534 illaut
523 3480 697 3549 rapiet
725 3492 894 3548 usque
922 3478 987 3531 ad
1022 3476 1240 3531 tertiunt
1282 3477 1479 3531 cmlunt
1509 3477 1562 3530 itt
1587 3480 1921 3546 paradisum,

339 3574 496 3641 eique
532 3570 692 3625 verba
747 3570 1011 3637 ejusmodi
1070 3567 1357 3637 loquetur,
1418 3583 1537 3637 quae
1587 3570 1640 3622 itt
1696 3585 1924 3638 corpore

340 3665 556 3730 quidem
582 3661 759 3714 adhuc
782 3660 1085 3712 viventibus
1111 3674 1213 3711 non
1239 3660 1563 3712 enarrabilia
1593 3674 1716 3713 esse
1743 3661 1923 3714 decla-

342 3766 519 3808 ratum
548 3763 649 3819 esl,
681 3752 727 3804 ei
762 3763 966 3815 autem,
1002 3751 1046 3805 si
1077 3759 1253 3804 tantos
1286 3765 1603 3820 progressus
1627 3752 1840 3818 habeat,
1867 3763 1926 3807 ttt

342 3846 548 3899 nesciat
591 3854 767 3897 utrum
808 3845 857 3896 in
913 3857 1142 3910 corpore
1195 3858 1262 3894 an
1324 3853 1476 3896 extra
1517 3858 1711 3913 corpus
1755 3847 1922 3908 vivat,

339 3937 661 3993 enarrabilia
690 3937 742 3990 in
774 3936 1029 4008 mysterio
1055 3944 1233 3990 erunt.
1267 3935 1379 3988 Illic
1405 3949 1620 3989 Omnem
1654 3937 1920 4006 virginum

344 4031 568 4084 chorum
609 4029 834 4082 inveniri
866 4028 1049 4080 volens
1082 4036 1135 4080 et
1166 4041 1412 4096 prccans,
1459 4029 1525 4081 ad
1564 4043 1628 4082 ea
1682 4033 1921 4083 cavenda

344 4138 466 4191 qum
511 4121 834 4192 virginitatis
892 4119 1346 4188 pulchritudinem
1417 4120 1701 4187 inquinant
1735 4160 1751 4185 ,
1810 4122 1924 4177 ha~c

346 4214 632 4277 edisserui,
677 4227 779 4265 non
817 4220 873 4265 ut
912 4213 995 4266 his
1025 4213 1436 4267 considerandis
1482 4213 1756 4267 discamus
1790 4230 1927 4283 quo-

347 4303 508 4357 modo
558 4311 806 4371 oporteat
839 4302 904 4355 ad
954 4315 1016 4354 ea
1065 4290 1184 4369 qua:
1224 4311 1421 4355 nocent
1482 4302 1678 4366 delabi,
1713 4305 1807 4357 sed
1867 4315 1925 4357 ιιι

2023 3125 2239 3196 ὁμιλίας
2271 3128 2525 3185 ποιεῖται,
2571 3124 3010 3196 περιϐεϐλημένη
3057 3124 3155 3195 μὲν
3180 3124 3261 3196 τῷ
3294 3126 3396 3196 τῆς
3414 3125 3619 3191 νυκτὸς

2026 3220 2224 3289 σκότῳ,
2262 3220 2342 3281 εἰς
2370 3218 2432 3271 τὸ
2473 3217 2547 3289 μὴ
2593 3217 2694 3282 τὰς
2735 3218 3014 3289 αἰσθήσεις
3057 3217 3211 3289 παρὰ
3256 3218 3363 3272 τῶν
3411 3219 3616 3284 ἔξωθεν

2024 3311 2357 3381 ἐνοχλεῖσθαι
2377 3327 2389 3341 ·
2419 3311 2805 3382 πεφωτισμένη
2837 3310 2894 3362 δὲ
2929 3310 3008 3377 τῷ
3044 3310 3140 3363 τοῦ
3184 3311 3420 3380 νυμφίου
3448 3312 3612 3380 φωτὶ,

2023 3399 2143 3452 ὅλον
2172 3399 2263 3451 τὸν
2305 3399 2431 3453 νοῦν
2471 3401 2567 3452 καὶ
2605 3400 2705 3469 τὴν
2732 3400 2943 3453 ἐκείνου
2981 3399 3238 3470 λαμπάδα
3265 3399 3332 3451 δι’
3354 3400 3486 3470 ὃλης
3517 3419 3616 3453 νυ-

2024 3491 2152 3555 κτὸς
2184 3492 2487 3560 φιλοκάλως
2514 3493 2571 3544 ἐν
2595 3491 2899 3562 ἀποκρύφῳ
2920 3491 3220 3561 κοσμοῦσα,
3256 3492 3494 3562 ἁρπάσει
3516 3495 3615 3547 καὶ

2022 3582 2229 3653 ταύτην
2266 3583 2491 3646 δικαίως
2519 3583 2625 3645 ἕως
2648 3583 2740 3636 τοῦ
2772 3583 2955 3652 τρίτου
2991 3583 3220 3654 οὐρανοῦ
3261 3587 3342 3646 εἰς
3372 3583 3483 3650 (70)
3514 3585 3615 3638 τὸν

2023 3674 2369 3745 παράδεισον,
2401 3675 2496 3728 καὶ
2532 3675 2756 3745 λαλήσει
2783 3676 2919 3747 αὐτῇ
2944 3676 3186 3738 τοιαῦτα,
3214 3675 3250 3729 ἃ
3277 3678 3389 3738 τοῖς
3422 3676 3521 3746 μὲν
3551 3678 3613 3731 ἐν

2026 3765 2270 3836 σώμασιν
2307 3766 2387 3819 ἔτι
2414 3766 2579 3831 ζῶσιν
2622 3768 2838 3840 ἄρρητα
2874 3769 3292 3836 ἀποπέφανταιο
3335 3770 3518 3842 ἐκείνῃ
3550 3769 3612 3823 δὲ

2021 3859 2274 3912 τοσοῦτον
2311 3860 2656 3932 προκοψάσῃ,
2698 3861 2774 3924 ὡς
2825 3860 2898 3931 μὴ
2939 3861 3136 3915 εἰδέναι
3184 3861 3367 3915 λοιπὸν
3410 3864 3519 3915 εἴτε
3549 3865 3612 3917 ὲν

2025 3947 2240 4018 σώματι
2266 3950 2375 4001 εἴτε
2399 3950 2556 4012 ἐκτὸς
2578 3950 2769 4002 τούτου
2792 3949 2905 4020 ἔχει
2931 3950 2991 4003 τὸ
3018 3950 3135 4021 ζῇν,
3168 3950 3305 4021 ρητά
3326 3953 3384 4003 ὲν
3411 3968 3613 4023 μυστηρ

2028 4039 2126 4109 ρίῳ
2160 4040 2471 4110 γενήσεται.
2506 4033 2584 4093 Οἵ)
2618 4041 2681 4110 δὴ
2719 4042 2812 4094 καὶ
2848 4042 3025 4095 πάντα
3058 4042 3150 4094 τὸν
3182 4041 3291 4094 τῶν
3324 4036 3611 4113 παρθένων

2022 4131 2183 4202 χορὸν
2242 4130 2531 4202 εὑρεθῆναι
2582 4132 2903 4204 βουλόμενός
2950 4151 3009 4187 τε
3064 4134 3159 4188 καὶ
3202 4135 3490 4205 εὐχόμενος
3529 4135 3610 4198 εἰς

2024 4225 2381 4295 προφυλακὴν
2419 4225 2527 4277 τῶν
2555 4225 2616 4277 τὸ
2647 4226 2748 4295 τῆς
2782 4226 3082 4297 παρθενίας
3122 4226 3317 4289 κάλλος
3355 4227 3607 4297 χραινόν-

2024 4333 2153 4376 των,
2190 4315 2467 4385 διεξῆλθον
2497 4316 2566 4369 τὰ
2592 4318 2878 4388 εἰρημένα,
2914 4319 3012 4388 οὐχ
3038 4320 3123 4372 ἵνα
3150 4322 3216 4389 τῇ
3246 4318 3450 4371 τούτων
3471 4319 3604 4372 θεω-

347 4395 537 4450 modos
576 4393 823 4462 lapsuum
866 4391 1078 4452 edocti.
1107 4392 1379 4459 quomodo
1413 4392 1705 4446 resilieudo
1753 4394 1917 4447 decli-

2069 4410 2124 4480 ίᾳ
2167 4408 2425 4480 μάθωμεν
2448 4408 2565 4472 πῶς
2609 4410 2716 4480 χρὴ
2763 4410 2899 4480 πρὸς
2938 4410 3007 4463 τά
3037 4409 3342 4479 βλάπτοντα
3369 4408 3605 4463 ὀλισθαί-

347 4485 511 4540 nandi
558 4486 667 4539 sint
703 4484 1114 4553 perspiciamus.
1151 4482 1335 4553 Neque
1370 4483 1513 4538 enim
1561 4499 1656 4539 eos
1691 4486 1781 4553 qui
1827 4502 1921 4540 ar-

348 4577 476 4633 tem'
498 4576 763 4631 medicam
817 4577 1105 4641 edisCunt,
1143 4576 1410 4645 magistri,
1457 4575 1582 4629 dttttt
1620 4592 1826 4641 venena
1869 4587 1925 4632 et

346 4669 531 4724 omnia
578 4684 684 4721 uno
730 4668 896 4721 verbo
927 4668 1166 4721 exitialia
1205 4667 1590 4731 considerant,
1627 4669 1694 4722 ad
1729 4668 1920 4721 horum

347 4775 502 4813 usuin
529 4760 908 4820 adhortantur,
931 4766 990 4809 ιιι
1020 4757 1306 4811 noxiorum
1331 4757 1637 4826 cognitione
1673 4761 1739 4812 ad
1771 4760 1925 4813 ntali-

349 4852 679 4907 tiamanimo
711 4849 984 4908 instructi,
1023 4863 1120 4917 pro
1153 4848 1378 4901 medicis
1419 4848 1540 4900 vitae
1586 4860 1763 4916 pestes
1790 4864 1921 4902 eva-

350 4946 515 5010 dant;
547 4943 640 4995 sed
673 4946 731 4993 ut
759 4940 827 4993 de
862 4938 946 5000 iis.
983 4952 1104 5007 qua:
1134 4938 1437 4991 naturalem
1476 4949 1715 4991 nostram
1750 4938 1923 4991 facul-

353 5050 510 5090 tatem
537 5042 807 5097 evertunt,
830 5032 1027 5091 edocti,
1059 5039 1396 5095 praecaveant
1426 5046 1487 5082 ea
1526 5016 1815 5086 cotttrariis
1843 5032 1925 5084 [ει-

354 5129 655 5189 tuitatibus,
686 5136 741 5179 et
771 5125 814 5178 si
840 5124 1159 5193 corporibus
1201 5123 1615 5192 supervenerint
1641 5166 1656 5190 ,
1692 5126 1920 5179 scientia

418 5271 464 5302 “
512 5269 700 5322 Matth.
740 5282 796 5331 Χ,
832 5265 920 5320 16.
992 5266 1036 5297 ⁵⁷
1076 5264 1113 5317 ΙΙ
1150 5265 1277 5318 Cor.
1315 5281 1414 5326 XII,
1445 5263 1501 5317 5.

418 5403 530 5475 (66)
566 5403 745 5457 Ὠσεί.
790 5397 1443 5475 ΝοιιηιιΙΙίῗεοιΙίρθςηὼς
1474 5398 1552 5451 αἱ.
1598 5397 1767 5451 Paulo
1798 5409 1923 5455 ante

347 5467 626 5542 legendum
661 5476 892 5533 videtur,
917 5473 1104 5532 αὐταῖς
1143 5467 1433 5542 ἁμαρτίας.

421 5542 532 5613 (67)
557 5545 681 5609 Εἰς.
724 5542 1035 5607 Pra'ptts‘nio
1056 5543 1248 5613 “addita
1266 5608 1276 5613 _
1291 5554 1353 5591 ex
1375 5539 1630 5613 pluribus
1654 5553 1796 5613 tttss._
1819 5537 1924 5591 Ibi-

350 5607 468 5663 dem
501 5607 737 5666 nonnulli
766 5614 999 5674 codices,
1023 5607 1165 5663 οὕτω
1196 5608 1289 5661 καὶ
1312 5609 1425 5671 τοῖς
1453 5610 1538 5663 όιε)⁸
1562 5608 1749 5662 παισὶν
1776 5610 1926 5677 ὕφει·

348 5680 572 5739 λόιιεθα.

2024 4518 2157 4565 νειν,
2192 4500 2306 4553 ἀλλ’
2337 4500 2424 4553 ἵνα
2444 4500 2536 4552 τὸν
2556 4501 2755 4571 τρόπον
2784 4500 2892 4553 τῶν
2923 4501 3150 4554 όλίσθων
3177 4501 3456 4571 μαθόντες,
3481 4501 3605 4555 ἴδω-

2028 4609 2127 4663 μεν
2170 4592 2287 4655 πῶς
2325 4592 2407 4645 δεῖ
2448 4591 2653 4645 τούτων
2702 4593 3096 4663 ἀποπηδῶντας
3142 4592 3431 4647 ἐκκλίνειν.
3472 4592 3608 4648 Οὺδὶ

2024 4682 2133 4753 γὰρ
2166 4684 2280 4744 τοῖς
2324 4686 2423 4752 τὴν
2466 4679 2717 4753 ἰατρικὴν
2754 4682 3020 4752 μετιοῦσι,
3061 4684 3130 4738 τὰ
3171 4684 3476 4755 δηλητήρια
3511 4686 3610 4739 καὶ

2027 4773 2206 4826 πάντα
2256 4772 2489 4835 συνόλως
2534 4772 2602 4824 τὰ.
2632 4770 2886 4824 νοσοποιά
2919 4774 2968 4825 οἱ
3007 4771 3313 4826 διδάσκαλοι
3348 4771 3610 4844 θεωροῦνο

2025 4880 2137 4925 τες,
2168 4863 2264 4916 ἐπὶ
2292 4863 2391 4933 τὴν
2423 4862 2619 4933 χρῆσιν
2661 4862 2869 4916 τούτων
2907 4864 3091 4926 αὐτοῖς
3124 4862 3605 4934 παρακελεύονται,

2024 4951 2112 5004 ἵνα
2141 4953 2206 5022 τῇ
2239 4951 2436 5020 γνώσει
2466 4950 2575 5003 τῶν
2603 4951 2948 5021 βλαπτόντων
2990 4951 3130 5021 πρὸς
3160 4951 3357 5003 κακίαν
3396 4951 3609 5019 ἐφοδια-

2026 5042 2246 5107 σθέντες
2270 5045 2361 5097 τὸν
2389 5043 2515 5096 νοῦν
2554 5045 2674 5096 ἀντί
2710 5042 2910 5114 ἰατρῶν
2937 5042 3213 5113 λυμεῶνες
3249 5042 3342 5096 τοῦ
3369 5042 3482 5113 βίου
3504 5044 3607 5096 δεί-

2023 5130 2244 5200 χθῶσιν,
2269 5132 2382 5185 ἀλλ’
2416 5132 2500 5186 ἵνα
2520 5132 2589 5186 τὰ
2622 5132 2922 5204 φθοροποιὰ
2945 5133 3046 5204 τῆς
3076 5134 3311 5203 φυσικῆς
3344 5136 3375 5204 ἡ
3385 5134 3497 5204 μῶν
3517 5134 3607 5186 δυ-

2098 5400 2214 5470 (68)
2244 5399 2427 5454 Ἔδει.
2455 5398 2562 5470 δίο
2600 5415 2730 5470 mss.
2762 5408 2893 5454 tres.
2931 5399 3089 5466 Editi,
3123 5399 3225 5453 ἔτι.

2098 5464 2213 5544 (69)
2243 5469 2754 5544 -Σχολῆςῌθειξαᾳ
2820 5464 3083 5524 Nonnulli
3112 5470 3351 5537 codices,
3413 5464 3605 5544 σχολὴν

2030 5534 2204 5604 θείαςέ
2228 5534 2398 5604 Alitis,
2425 5534 2619 5610 σχολὴν
2643 5539 2867 5610 θείανη
2946 5609 2951 5610 ν
3334 5534 3344 5537 ⁷
3448 5534 3484 5540 "
3558 5534 3576 5544 -
3686 5534 3693 5545 ·

2102 5612 2213 5683 (Ἰυ)
2239 5613 2337 5678 Εἰς
2397 5608 2709 5666 Golbertinu
2748 5649 2762 5675 ,
2786 5608 2880 5664 καὶ
2909 5609 3013 5673 εἰς.
