3802 6216
90 310 192 368 805

1274 301 1474 358 LIBER
1514 303 1603 361 DE
1642 304 2109 363 VIRGlNlTATE.

3223 315 3330 373 806

94 424 290 493 νάμεως
309 416 590 488 μαθόντες,
613 416 1098 490 προφυλάττωνται
1122 417 1222 491 μὲν
1245 422 1419 473 ταυτα
1441 419 1653 473 ἀντιθέ-

1767 431 1813 477 et
1840 432 1957 476 arte
1987 422 2193 475 tollant.
2239 422 2373 476 Cum
2401 431 2509 477 tres
2545 422 2729 492 igitur,
2759 438 2858 493 pro
2888 421 3088 494 triplici
3116 436 3327 481 castra-

94 529 193 576 τοις
217 509 523 579 δυνάμεσ.ν,
558 506 868 577 ὲπισυμδάν
901 507 1014 578 (71)
1047 506 1103 559 δέ
1139 523 1241 559 που
1266 508 1382 570 τοῖς
1412 504 1648 577 σώμασι,

93 602 172 656 διὰ
190 600 281 669 τῆς
307 599 614 667 ἐπιστήμης
643 596 892 651 ἀνέλωσι.
918 596 1098 667 Τριῶν
1124 591 1237 661 οὖν,
1268 595 1408 649 κατὰ
1428 596 1518 649 τὸν
1536 595 1653 666 τρέ-

93 707 172 745 τον
197 689 288 759 τῆς
317 687 595 757 εὐνουχίας
634 686 857 757 τρόπον,
907 684 1044 739 ὁδῶν
1074 686 1141 750 ἃς
1181 687 1210 739 ὁ
1252 684 1458 755 Κύριος
1495 685 1653 756 ἡμῶν

96 778 347 843 ὑπέδειξεν
392 778 487 830 ἐπὶ
517 775 816 847 παρθενίαν
849 775 996 845 ἡμᾶς
1020 774 1289 842 ἀγουσῶν,
1335 774 1403 827 δι’
1430 769 1499 846 ἧς
1527 773 1642 844 βού-

95 868 243 930 λεται,
271 867 453 938 φησιν,
485 868 515 920 ὁ
534 866 830 937 δυνάμενος
850 867 1048 935 χωρεῖν
1069 865 1334 935 χωρείτω.
1354 862 1648 935 Ἀποδεκτὴ

98 961 180 1031 μὲν
205 960 306 1030 γάρ
342 960 436 1011 καὶ
461 961 496 1029 ἡ
519 957 608 1011 διὰ
638 959 769 1028 μιᾶς
792 956 902 1010 τῶν
934 955 1027 1009 δύο
1054 956 1265 1026 ταύτην
1289 955 1401 1026 (72)
1433 956 1648 1009 ὁδεύου-

97 1065 180 1102 σα·
214 1049 595 1119 μακαριωτέρα
624 1047 681 1100 δὲ
718 1048 753 1117 ἡ
778 1045 865 1098 διὰ
894 1046 992 1116 τῆς
1018 1046 1325 1118 κρείττονος
1358 1046 1646 1116 τρέχουσα.

97 1140 248 1194 Πᾶσαι
275 1140 328 1192 δὲ
360 1141 415 1191 αἱ
450 1139 518 1191 δι’
551 1134 620 1211 ἧς
654 1138 851 1209 δήποτε
881 1137 999 1190 ὁδοῦ
1038 1139 1131 1190 ἐπὶ
1161 1137 1365 1207 ταύτην
1399 1136 1651 1190 ἐλαύνου-

99 1248 199 1289 σαι.
236 1231 326 1283 τοῦ
353 1230 591 1301 ἀμώμου
627 1228 756 1291 ἴσως
782 1227 841 1280 ἐν
874 1231 941 1299 τῇ
971 1227 1079 1299 ὁδῷ
1109 1229 1532 1299 προνοείτωσαν,
1560 1229 1651 1281 ῖνα

1756 514 1917 568 tionis
1960 514 2138 578 modo,
2176 513 2278 566 vite
2307 514 2464 569 nobis
2501 529 2533 568 a
2562 515 2789 569 Domino
2816 527 3050 570 ostensa:
3077 517 3143 570 ad
3170 517 3304 587 virgi

1758 606 1983 659 nitatem
2018 619 2114 658 nos
2142 606 2461 673 perducant,
2491 622 2587 675 per
2618 623 2779 677 quam
2811 608 2978 672 volet,
3011 608 3208 674 inquit,
3240 609 3331 676 qni

1756 705 1936 766 potest
1976 696 2267 752 incendere
2314 696 2550 752 incedat.
2578 699 2657 753 Ac
2691 698 2976 752 laudabilis
3003 698 3221 766 quidem
3252 710 3329 751 cst

1755 805 1875 858 qua:
1907 804 2004 859 per
2037 789 2266 843 alteram
2303 803 2368 843 ex
2396 791 2604 845 duabus
2641 791 2914 859 prioribus
2962 791 3024 843 ad
3056 788 3329 859 virginita-

1757 885 1864 929 tem
1921 876 2127 945 pergit,
2187 875 2282 930 sed
2334 877 2548 930 beatior
2598 892 2718 946 qua:
2752 891 2847 946 per
2901 877 3331 945 praestantiorem

1754 963 1944 1018 currit.
1982 963 2184 1018 Onmes
2228 974 2406 1018 autem
2444 979 2771 1035 quacunque
2817 965 2900 1016 via
2943 966 3008 1016 ad
3053 963 3331 1033 virginita-

1758 1062 1863 1107 tem
1895 1052 2133 1118 tendant,
2162 1068 2317 1122 a'que
2343 1055 2677 1109 intaminatze
2708 1056 2758 1108 in
2784 1055 2866 1108 via
2900 1068 3022 1107 esse
3044 1054 3328 1119 studeant;

1757 1154 1817 1198 ut
1852 1159 1973 1199 cum
2008 1160 2197 1214 puram
2225 1147 2293 1198 ab
2316 1148 2460 1199 omni
2497 1145 2704 1200 macula
2736 1160 2986 1216 sponsam
3016 1159 3213 1212 sponso
3237 1159 3330 1213 ap-

1758 1236 2008 1295 taverint.
2029 1235 2172 1288 illius
2196 1237 2349 1289 donis
2373 1235 2664 1305 gloriosius
2688 1235 2739 1287 in
2761 1234 2899 1287 ccelo
2924 1232 3289 1303 perfruantur.

94 1326 248 1393 πάσης
293 1323 510 1393 κηλῖδος
570 1320 818 1393 καθαρὰν
872 1324 973 1393 τὴν
1021 1321 1242 1392 νύμφην
1278 1321 1356 1393 τῷ
1393 1323 1611 1395 νυμφίῳ
1645 1326 1975 1399 άρμόσασαι,
2017 1328 2124 1381 τῶν
2172 1329 2302 1400 παρ’
2344 1329 2508 1383 αύτοῦ
2552 1329 2791 1400 χαρίτων
2837 1326 3176 1399 ἐνδοξότερον
3208 1326 3331 1382 κατ’

94 1418 293 1489 οὐρανὸν
321 1416 432 1486 (75)
458 1416 671 1469 άπολαύ
683 1432 829 1472 ςωσι.

153 1509 231 1562 67.
267 1508 451 1562 Ταῦτά
483 1524 593 1571 σοι,
618 1504 665 1561 ὦ
695 1511 813 1583 ἱερὰ
833 1510 1064 1582 κεφαλὴ,
1094 1512 1174 1575 εἰς
1194 1510 1523 1580 κατανόησιν
1556 1509 1649 1562 τοῦ

1820 1510 1914 1565 67.
1957 1511 2082 1565 llaec
2111 1512 2239 1576 tibi,
2271 1526 2303 1565 ο
2326 1527 2540 1566 sacrum
2572 1523 2760 1581 caput,
2797 1514 2862 1567 ad
2892 1529 3078 1568 veram
3105 1515 3333 1586 virgini-

96 1601 236 1663 ὅντως
253 1601 309 1652 ὲν
342 1601 615 1674 παρθενίᾳ
639 1602 889 1669 κάλλους,
911 1603 988 1667 ὡς
1014 1605 1042 1656 ὁ
1070 1603 1257 1673 καιρὸς
1277 1602 1527 1666 ἐνεδίδου,
1552 1602 1653 1653 ὑπ-

100 1694 302 1765 έγραψα,
340 1694 441 1749 οὐκ
477 1695 589 1748 ἀπὸ
616 1695 728 1748 τῶν
760 1696 920 1749 θείων
968 1695 1149 1766 μόνον,
1184 1694 1338 1758 ἀλλὰ,
1376 1692 1517 1746 κατὰ
1560 1693 1652 1744 τὸν

100 1785 372 1855 σοφώτατον
401 1787 639 1851 Παῦλον,
687 1786 1113 1859 αἰχμαλωτίζειν
1148 1787 1297 1857 ἡμᾶς
1333 1785 1441 1838 πᾶν
1474 1784 1653 1854 νόημα

101 1876 389 1948 βουλόμενον
418 1879 500 1942 εἰς
535 1879 787 1949 ὑπακοὴν
832 1876 927 1931 τοῦ
965 1876 1225 1949 Χριστοῦ,
1251 1876 1371 1929 ’καὶ
1409 1875 1515 1929 ἀπὸ
1546 1874 1653 1927 τῶν

100 1968 287 2035 ιξωθεν,
316 1971 491 2023 πάντα
510 1969 605 2023 τὸν
630 1958 864 2041 Χριστοῦ
896 1968 1143 2040 μαθητὴν
1166 1969 1301 2039 πρὸς
1326 1968 1654 2038 ἐγκράτειαν

101 2060 428 2117 δυσωπεῖσθαι
478 2062 820 2133 βουλόμενος.
869 2062 980 2114 Καὶ
1010 2061 1120 2115 τῶν
1154 2060 1423 2131 Ἑλλήνων
1458 2059 1566 2129 γὰρ
1605 2059 1653 2111 οἱ

104 2153 233 2220 σοφοὶ
251 2153 309 2205 τό
329 2170 388 2205 τε
420 2153 702 2217 πολυειδὲς
733 2154 835 2224 τῆς
860 2153 1051 2224 ἡδονῆς
1078 2153 1171 2206 καὶ
1202 2151 1300 2224 τὴν
1329 2151 1464 2223 πρὸς
1497 2149 1656 2203 τοῦτο

108 2244 259 2316 μάχην
299 2248 429 2316 ἡμῖν
484 2245 578 2299 διὰ
626 2247 854 2317 μυθικοῦ
906 2245 1225 2316 πλάσματος
1272 2243 1652 2313 αἰνιττόμενοι,

107 2333 259 2405 ὕδραν,
285 2338 381 2409 τὴν
417 2338 650 2409 γενικὴν
702 2340 760 2391 ὲν
808 2337 885 2409 τῷ
924 2339 1137 2410 σώματι
1170 2336 1382 2410 ἡδονὴν,
1407 2337 1577 2406 ἕρπον
1602 2354 1654 2390 τι

108 2426 434 2499 πολύμορφον,
493 2431 554 2483 ἐν
610 2429 722 2482 ἒλει
778 2431 1017 2499 φωλεῦον
1070 2431 1519 2500 φυσιολογοῦντες
1559 2432 1654 2482 άν-

108 2517 335 2573 ἐπλασαν.
364 2522 472 2574 Καὶ
504 2521 715 2593 ταύτης
741 2521 838 2593 τὴν
870 2521 968 2593 μὲν
988 2522 1173 2586 ἁπλῶς
1194 2523 1531 2593 τεμνομένην
1561 2539 1655 2574 κε·-

108 2610 252 2682 φαλὴν
268 2613 651 2684 τριπλασίονας
670 2613 791 2667 ἀντὶ
816 2614 913 2684 τῆς
937 2616 1064 2685 μιᾶς
1084 2613 1307 2682 ἐκφύειν
1330 2613 1651 2685 παρέδοσαν*

109 2698 185 2769 τὴν
207 2699 257 2753 δὲ
280 2702 511 2773 καυτῆρι
540 2706 880 2784 τεμνομένην
912 2704 1253 2775 ἀναιρεῖσθαι
1277 2702 1533 2769 καθάπαξ
1571 2721 1657 2773 ιρι-

109 2789 314 2862 λοσόφως
350 2795 659 2859 ὑπέδειξαν.
697 2796 819 2848 Ὀτι
866 2796 967 2865 τῆς
1013 2795 1136 2849 καθ’
1174 2796 1295 2849 ὅλου
1334 2796 1547 2869 ἡδονῆς,
1597 2798 1656 2849 ἐν

1758 1604 1882 1656 tatis
1917 1602 2373 1673 pulchritudinem
2403 1604 2877 1671 considerandam,
2910 1616 2966 1658 ut
3002 1621 3099 1675 per
3122 1618 3334 1676 tempus

1759 1696 1933 1762 licuit,
1955 1696 2244 1761 edisserui,
2276 1712 2383 1750 non
2417 1712 2482 1751 ex
2514 1697 2716 1751 divinis
2753 1698 2928 1753 solum
2967 1698 3181 1767 litteris,
3214 1701 3330 1766 sed,

1756 1789 2048 1841 secundmn
2084 1788 2545 1856 sapientissimum
2580 1787 2828 1855 Paulum,
2859 1791 2948 1858 qui
2984 1805 3083 1845 nos
3114 1806 3333 1845 onmem

1758 1880 2087 1935 intellectqu
2138 1880 2205 1934 ad
2241 1880 2598 1934 obediendum
2650 1881 2866 1936 Christo
2909 1882 3185 1951 captivum
3220 1882 3337 1936 vult

1762 1968 1961 2027 ducere
1995 1972 2068 2038 ⁵⁸,
2116 1988 2330 2027 omnem
2364 1972 2566 2027 Christi
2599 1972 2917 2042 discipulum
2951 1978 3019 2029 ad
3051 1975 3333 2028 continen-

1758 2060 1884 2113 tiam
1914 2060 2098 2114 volens
2130 2061 2376 2115 incitare.
2424 2058 2560 2113 Nam
2593 2071 2649 2114 et
2678 2059 2991 2116 Graecorum
3026 2065 3332 2132 sapientes,

1755 2151 1885 2205 dum
1909 2151 2300 2204 multiformem
2333 2151 2685 2222 voluptatem,
2711 2162 2762 2206 et
2789 2154 3058 2223 pugnapdi
3091 2170 3212 2208 cum
3241 2155 3334 2209 illa

1761 2242 2023 2297 rationem
2072 2243 2223 2296 nobis
2258 2244 2506 2298 fabuloso
2557 2254 2867 2297 commento
2908 2244 3183 2313 indicant,
3231 2246 3334 2316 hy-

1758 2334 1951 2400 dram,
2007 2334 2339 2403 voluptatem
2395 2336 2641 2406 corporis
2699 2338 2998 2406 generatim
3041 2347 3335 2407 sumptam,

1759 2425 1905 2479 velut
1950 2439 2253 2495 serpentem
2300 2428 2584 2496 quemdam
2626 2429 2794 2500 680
2838 2429 3223 2484 multiformem
3278 2432 3337 2488 in

1759 2517 1954 2587 palude
1993 2518 2399 2572 delitescentem
2451 2520 2626 2575 ductis
2672 2536 2737 2574 ex
2788 2531 2980 2574 natura
3036 2520 3340 2577 rationibus

1761 2609 2054 2663 tinxerunt.
2096 2611 2277 2678 Atque
2311 2610 2470 2677 hujus
2500 2612 2716 2680 quidem
2748 2622 2908 2681 caput
2937 2628 3043 2669 uno
3086 2614 3194 2668 ictu
3222 2630 3340 2668 am-

1760 2708 2028 2768 putatum,
2060 2699 2252 2769 triplex
2276 2715 2341 2754 ex
2371 2715 2480 2755 uno
2506 2702 2655 2756 nasci
2680 2702 3016 2757 tradiderunt
3051 2720 3067 2767 ;
3095 2707 3341 2760 cauterio

1760 2802 1940 2847 autem
1977 2802 2266 2857 resectum,
2294 2806 2324 2845 e
2351 2793 2528 2846 medio
2548 2808 2773 2862 prorsus
2804 2794 2914 2847 tolli
2946 2795 3223 2865 sapienter
3249 2812 3342 2851 os-

111 2884 192 2950 μὲν
222 2889 284 2956 τῇ
318 2887 413 2957 τῆς
437 2886 644 2958 σαρκὸς
676 2887 834 2959 ὑλικῇ
878 2888 1057 2956 φύσει,
1090 2887 1276 2958 ὥσπερ
1314 2889 1372 2942 ὲν
1399 2887 1510 2940 ἕλει
1544 2888 1653 2940 δει-

1767 2884 2066 2937 lenderunt.
2119 2880 2253 2935 Nam
2288 2896 2413 2935 cum
2465 2883 2717 2937 universa
2764 2886 3009 2961 voluptas
3057 2884 3110 2938 in
3153 2887 3339 2943 carnis

109 2972 185 3025 νοῦ
207 2991 338 3039 τινος
358 2977 592 3049 ἑρπετοῦ
624 2978 711 3031 ἀεὶ
746 2978 1115 3048 φωλευούσης,
1143 2979 1210 3032 δι’
1239 2980 1476 3050 ἑκάστης
1499 2980 1554 3032 δὲ
1580 2981 1657 3032 αἰ-

114 3067 341 3139 σθήσεως,
366 3072 623 3142 καθάπερ
651 3071 775 3125 τινὰ
803 3072 930 3143 μίαν
960 3072 1200 3144 κεφαλὴν
1231 3075 1293 3125 ὲκ
1318 3072 1536 3143 βάθους,
1557 3075 1656 3144 τὴν

115 3158 259 3231 tam
279 3163 363 3217 διά
385 3181 445 3217 τε
472 3165 653 3235 ὅψεως
672 3166 768 3218 καὶ
794 3164 1036 3233 γεύσεως
1062 3166 1155 3218 καὶ
1186 3166 1293 3217 τῶν
1326 3165 1529 3218 λοιπῶν
1563 3183 1657 3218 πο-

113 3248 368 3323 λυμόρφως
398 3256 595 3327 ἡδονὴν
630 3255 739 3327 (74)
774 3255 1122 3327 ἀνισχούσης,
1154 3256 1249 3308 ἐὰν
1276 3258 1334 3309 ὲν
1364 3255 1658 3309 ἀπολαύσει

114 3354 162 3392 τε
190 3343 273 3395 καὶ
299 3344 460 3415 κόρῳ,
498 3344 657 3415 φασὶ,
691 3344 782 3397 τοῦ
809 3344 931 3397 καθ’
959 3344 1156 3415 ἑαυτὴν
1191 3345 1343 3416 ἡδέος
1377 3344 1490 3413 (75)
1526 3346 1659 3398 ἑκά-

116 3446 224 3502 στην
266 3435 496 3507 κεφαλὴν
550 3435 900 3505 ὲθελήσωμεν
948 3435 1188 3506 τέμνειν,
1232 3436 1292 3487 οὐ
1326 3435 1525 3505 μᾶλλον
1562 3435 1659 3507 τὴν

116 3526 338 3585 φανεῖσαν
366 3525 660 3597 τεμοῦμεν,
690 3526 725 3598 ἢ
767 3525 1017 3589 πλείονας
1046 3526 1165 3578 ἀντὶ
1190 3525 1291 3594 τῆς
1324 3526 1452 3596 μιᾶς
1482 3527 1660 3596 τούτῳ

116 3612 196 3682 τῆς
215 3618 373 3687 τομῆς
409 3618 485 3689 τῷ
510 3618 698 3689 τρόπῳ
733 3616 1033 3688 βλαστῆσαι
1066 3617 1383 3687 ποιήσομεν.
1425 3616 1553 3668 Ἐὰν
1579 3616 1656 3680 δὲ,

117 3702 332 3777 καθάπερ
354 3708 613 3780 καυτῆρι,
638 3710 704 3778 τῇ
736 3707 1032 3778 ἐγκρατείᾳ
1053 3706 1151 3778 τὴν
1181 3707 1544 3776 ἀναφανεῖσαν
1564 3707 1658 3759 ὲκ-

119 3793 354 3866 τέμωμεν,
375 3801 712 3871 ὰϐλάστητον
741 3801 909 3871 αὐτὴν
934 3802 1014 3863 εἰς
1048 3798 1193 3865 ἅπαξ
1220 3798 1397 3868 σοφῶς
1431 3800 1660 3869 ἀναιρή-

120 3900 256 3955 σομεν
289 3890 415 3962 (76).
476 3893 537 3946 '0
591 3892 689 3962 μὲν
725 3890 834 3963 γάρ
882 3890 981 3961 τὴν
1026 3893 1083 3944 ὲν
1124 3894 1189 3961 τῇ
1229 3889 1435 3958 γεύσει,
1473 3891 1658 3959 φασιν,

118 3976 297 4051 ἡδονὴν,
327 3984 478 4057 φέρε,
503 3983 584 4055 τῷ
606 3985 905 4055 παρασχεῖν
930 3982 992 4036 τὸ
1022 3982 1142 4035 κατ’
1169 3982 1337 4054 αὐτὴν
1365 3981 1482 4052 ἡδὺ,
1515 3982 1662 4053 κόρῳ

118 4066 290 4123 ἀνελεῖν
327 4073 626 4145 βουληθεὶς,
664 4074 724 4126 ού
759 4073 959 4144 μᾶλλον
986 4072 1190 4142 ταύτην
1232 4071 1460 4136 ἀνεῖλεν,
1498 4070 1531 4142 ἢ
1575 4071 1662 4124 διὰ

119 4158 199 4228 τῆς
224 4163 562 4230 ἀπολαύσεως
590 4164 1022 4236 ἀκολαστοτέραν
1050 4164 1187 4236 πρὸς
1218 4163 1279 4216 τὸ
1300 4162 1664 4232 ὲπιθυμούμε-

1759 2975 2025 3030 materiali
2055 2984 2268 3040 natura,
2300 2974 2449 3029 velut
2483 2976 2534 3028 in
2565 2975 2761 3044 palude
2786 2977 3090 3030 horrendus
3115 2979 3338 3046 quidam

1758 3082 1989 3137 serpens
2046 3082 2261 3138 semper
2319 3067 2687 3135 delitescens,
2752 3083 2853 3136 per
2901 3084 3342 3141 unumquemque

1758 3170 1977 3212 sensum
2004 3197 2020 3222 ,
2058 3157 2204 3211 velut
2232 3173 2397 3211 unum
2425 3158 2698 3227 quoddam
2748 3165 2910 3226 caput
2943 3171 3007 3211 ex
3035 3158 3338 3227 profundo,

1759 3249 2087 3319 singularem
2128 3263 2223 3317 per
2261 3249 2432 3302 visum
2466 3258 2522 3303 et
2553 3260 2768 3318 gustum
2809 3247 3161 3318 reliquosque
3209 3264 3340 3303 sen-

1759 3353 1852 3393 sus
1868 3339 2249 3407 multipliciter
2280 3339 2609 3408 volnptatem
2635 3339 2910 3408 proferat:
2940 3339 2983 3393 si
3012 3339 3344 3408 perfruendo

1760 3442 1824 3483 ac
1847 3428 2121 3490 satietate,
2156 3430 2328 3494 aiunt,
2374 3429 2518 3482 illius
2564 3429 2868 3483 dulcedinis
2919 3430 3343 3499 unumquodque

1761 3528 1919 3586 caput
1967 3519 2197 3573 velimus
2238 3528 2551 3585 amputare;
2597 3534 2702 3573 non
2731 3520 2903 3589 magis
2957 3530 3162 3589 caput,
3195 3519 3342 3588 quod

1760 3625 1886 3664 sese
1919 3610 2204 3674 exseruit,
2247 3617 2593 3677 amputamus
2617 3648 2633 3672 ,
2661 3610 2804 3679 quod
2840 3610 3149 3678 amputandi
3183 3609 3343 3663 modo

1762 3701 2074 3769 perﬁcimus
2102 3709 2163 3754 ut
2184 3699 2339 3769 plura
2374 3715 2471 3769 pro
2495 3716 2605 3755 uno
2637 3711 2949 3756 nascantur.
2975 3700 3080 3754 Sed
3104 3700 3150 3755 si
3174 3700 3341 3756 veluti

1761 3794 2041 3858 cauterio,
2097 3794 2170 3849 ita
2219 3794 2553 3849 continentia
2580 3834 2595 3857 ,
2634 3794 2893 3863 prodiens
2925 3801 3085 3862 caput
3123 3808 3340 3847 resece-

1763 3900 1917 3946 mus,
1946 3885 2221 3953 sapienter
2252 3900 2282 3938 a
2317 3884 2473 3940 nobis
2509 3884 2781 3939 sublatum
2822 3884 3082 3954 pullulare
3119 3900 3344 3955 prorsus

1763 3992 1867 4031 non
1896 3978 2115 4047 poterit.
2152 3976 2286 4031 Nam
2317 3977 2408 4046 qui
2435 3986 2625 4047 gustus
2647 4014 2662 4040 ,
2689 3976 2962 4046 inquiunt,
2989 3977 3341 4046 voluptatem,

1763 4068 1993 4138 exempli
2024 4084 2210 4134 causa,
2246 4071 2592 4124 concedendo
2624 4070 2766 4138 quod
2794 4070 2843 4124 ei
2878 4084 3044 4124 suave
3075 4079 3156 4125 est
3183 4080 3236 4124 et
3261 4087 3348 4125 sa-

1765 4162 1891 4214 tieta
1904 4170 1955 4215 te
1988 4161 2177 4216 tollere
2202 4161 2337 4227 vult,
2368 4177 2474 4215 non
2502 4161 2677 4231 magis
2703 4175 2822 4216 eam
2848 4160 3006 4225 tollit,
3030 4175 3194 4230 quam
3221 4175 3348 4229 per-

120 4265 192 4302 νον
213 4253 289 4307 ἀεὶ
319 4258 746 4329 παρεσκεύασεν.
781 4256 841 4310 '0
868 4232 936 4309 δὲ’
960 4255 1040 4326 τῷ
1092 4232 1167 4326 μὴ
1197 4254 1381 4309 δοῦναι
1420 4255 1481 4307 τὸ
1512 4249 1653 4326 ἦδον1

1767 4252 1996 4307 fruendo
2032 4252 2570 4321 lntemperantiorem
2613 4253 2747 4307 facit
2779 4253 2846 4308 ad
2882 4253 2933 4306 id
2961 4253 3104 4322 quod
3132 4267 3346 4320 semper

120 4337 278 4416 ὥσπερ
297 4351 421 4420 πυρὶ
441 4353 504 4421 τῇ
534 4349 833 4421 ἐγκρατείᾳ.
861 4348 1065 4420 ταύτην
1095 4348 1350 4412 κολάσας,
1382 4346 1457 4409 ὡς
1484 4346 1548 4400 ἂν
1586 4346 1659 4417 μὴ

118 4434 448 4501 τυγχάνουσαν
478 4433 556 4492 ὧν
589 4436 746 4490 ποθεῖ
773 4437 1133 4507 άνενέργητόν
1162 4453 1222 4490 τε
1266 4435 1362 4490 καὶ
1392 4435 1660 4506 τετηγμέ-

119 4536 198 4591 νην
230 4525 334 4597 (77)
372 4528 625 4594 καθάπαξ
679 4527 946 4593 ὑπέδειξε.
1006 4528 1117 4582 Καὶ
1171 4527 1443 4598 περιττὸς,
1504 4527 1657 4594 φασὶ,

123 4610 291 4675 μᾶλλον
315 4615 369 4668 δὲ
395 4617 594 4671 ἀδικῶν
619 4619 698 4682 εἰς
728 4616 963 4688 ἄσκησιν
987 4618 1193 4680 ἐκεῖνος
1218 4617 1247 4668 ὁ
1267 4616 1439 4685 ,λόγος
1465 4617 1493 4668 ὁ
1526 4614 1660 4668 καθ-

122 4700 241 4770 άπαξ
278 4707 735 4779 ἀποφαινόμενος
785 4709 867 4762 δτι
912 4708 973 4761 τὺ
1010 4707 1229 4778 ἕτοιμον
1270 4710 1350 4771 εἰς
1389 4706 1659 4772 ἐξουσίαν,

121 4792 260 4863 ἀργὸν
284 4800 358 4864 εἰς
387 4800 697 4871 ἐπιθυμίαν.
722 4800 922 4871 ’Ἄργεϊ
945 4799 1047 4870 μὲν
1074 4799 1183 4870 γάρ
1211 4798 1244 4869 ἡ
1277 4799 1334 4850 ὲν
1358 4799 1425 4868 τῇ
1455 4796 1662 4865 γεύσει,

182 5000 222 5033 ⁸⁸
251 5001 288 5058 ll
313 5003 433 5061 Cor.
467 5022 526 5077 ι,
556 5005 611 5062 5.

184 5185 277 5256 (7|)
336 5187 730 5260 Ἔπισυμϐἄν.
791 5184 1043 5242 Nonnulli
1122 5183 1357 5247 codices,
1419 5184 1657 5252 ἐπισυμ-

126 5252 285 5309 ϐάντα.
551 5252 567 5260 ’

184 5323 277 5396 (72)
308 5329 544 5396 Ταύτην.
577 5328 700 5383 Sola
734 5328 907 5381 Paris.
946 5326 1135 5389 editio,
1172 5322 1307 5394 πρὸς
1331 5321 1558 5396 ταύτην.

151 5390 432 5494 “imiimi
471 5390 748 5467 οὐρανόν.
793 5401 885 5453 Sic
936 5399 1142 5468 primus
1186 5390 1293 5448 ms.
1325 5390 1501 5458 Editi,
1542 5390 1662 5445 κατ’

156 5477 700 5610 ᾌολυμόρφως
742 5535 1118 5610 ἢδονήν.5ἰο
1149 5532 1387 5610 (Ζριὴθιςι.
1426 5542 1481 5586 et
1527 5530 1661 5610 ﬂag.

129 5595 272 5720 33:9,
318 5595 478 5664 ιιιιιιιιῖ
515 5595 692 5680 aptius
718 5595 880 5680 quam
917 5595 1083 5671 'editi,
1136 5603 1502 5675 πολυμόρφων
1536 5595 1661 5672 ἠδό-

186 5739 280 5814 (75)
312 5745 415 5801 Τοῦ
451 5750 577 5804 καθ’
607 5747 834 5817 ἑαυτὴν
887 5747 1084 5817 ἡδέος.
1142 5745 1232 5801 Sic
1274 5743 1512 5815 plerique
1538 5740 1657 5795 libri

1766 4342 2119 4410 concupiscit.
2146 4342 2246 4408 Qui
2277 4351 2457 4396 autem
2491 4358 2595 4396 non
2628 4344 2976 4397 concedendo
3006 4341 3150 4411 quod
3179 4356 3348 4395 suave

1765 4442 1869 4498 est,
1897 4436 2042 4488 illam
2068 4434 2399 4489 continentia
2432 4444 2685 4504 tanquam
2716 4435 2837 4505 igne
2874 4443 3111 4499 coercet,
3149 4444 3207 4488 ut
3243 4436 3348 4486 mi-

1767 4527 1913 4580 nime
1945 4536 2251 4597 compotem
2291 4541 2480 4580 eorum
2502 4543 2623 4595 qure
2653 4527 3013 4595 concupiscit,
3050 4526 3345 4580 invalidam

1767 4632 1829 4672 ac
1867 4616 2189 4672 tabefactam
2240 4632 2461 4687 prorsus
2495 4617 2710 4687 redigit.
2745 4615 2824 4671 Ae
2869 4626 3223 4686 praepostera,
3262 4616 3347 4669 in-

1767 4702 1981 4773 qniunt,
2025 4706 2106 4759 vel
2130 4706 2313 4775 potius
2342 4706 2527 4773 iniqua
2553 4706 2604 4759 in
2641 4705 2859 4759 virtutis
2899 4705 3344 4759 exercitationem

1769 4796 1969 4863 oratio,
2006 4810 2132 4865 qua:
2170 4797 2290 4852 sine
2312 4798 2636 4867 exceptione
2661 4794 2997 4865 pronuntiat,
3022 4797 3167 4866 quod
3188 4813 3346 4866 para-

1761 5188 1999 5233 veteres.
2034 5176 2195 5241 liditi,
2229 5175 2324 5230 τοῦ
2350 5175 2471 5229 κατ’
2501 5175 2670 5245 αὐτὴν
2694 5172 2884 5244 ἡδέως.

1836 5248 1950 5317 (76)
1993 5240 2445 5315 Ἀναφήσυμεν.
2473 5246 2561 5298 Sic
2586 5240 2975 5317 literi'tgtte_tnss.
3005 5240 3170 5317 Editl,
3198 5240 3342 5295 ἀναι-

1770 5313 2048 5389 ρήσωμεν.
2115 5318 2279 5389 Paulo
2312 5313 2642 5389 possediti,
2694 5313 3125 5389 ἡδονὴν-φερέτω
3165 5326 3336 5383 παρα-

1772 5382 2032 5459 eiciam}:
2062 5387 2183 5440 κατ’
2219 5382 2387 5456 αὐτὴν
2413 5385 2532 5455 ἡδεῖ
2559 5382 2844 5459 καῖλκόρῳ.
2870 5382 3218 5459 Non'_carent_
3240 5397 3328 5433 nas

1772 5451 1852 5511 vis
1886 5451 2101 5512 eodiees
2144 5470 2277 5511 mss.
2308 5451 2532 5521 excepto
2560 5451 2891 5512 Culber’tmo,
2925 5451 3082 5518 cujus
3115 5451 3343 5521 scriptu.

1771 5544 1909 5591 rmn,
1944 5538 2003 5582 ut
2035 5536 2213 5595 aptam
2235 5526 2303 5579 ad
2354 5519 2750 5579 emcndaudum
2786 5532 3123 5587 contextum,
3175 5519 3349 5574 secuti

1840 5666 1952 5736 (77)
1988 5664 2378 5736 Τετηγμένην.
2422 5662 2513 5736 sic
2546 5662 2666 5717 cod.
2704 5657 3058 5715 Mazariuteus
3102 5666 3157 5716 et
3187 5657 3348 5714 alius.

1771 5734 1933 5803 Edtti,
1964 5734 2335 5806 τετμημένην,
2369 5734 2618 5787 (πείσαντι.
