  <div class='ocr_page' id='page_1' title='image "/cluster/home/n/w/nwhite01/storage/ocr_20150623/30/nnc1.0046978810/425.png"; bbox 0 0 3802 6216; ppageno 0'>
   <div class='ocr_carea' id='block_1_1' title="bbox 418 243 525 297">
    <p class='ocr_par' dir='ltr' id='par_1_1' title="bbox 418 243 525 297">
     <span class='ocr_line' id='line_1_1' title="bbox 418 243 525 297; baseline 0 0"><span class='ocrx_word' id='word_1_1' title='bbox 418 243 525 297; x_wconf 76' lang='lat'><strong>807</strong></span> 
     </span>
    </p>
   </div>
   <div class='ocr_carea' id='block_1_2' title="bbox 1367 225 2702 296">
    <p class='ocr_par' dir='ltr' id='par_1_2' title="bbox 1367 225 2702 296">
     <span class='ocr_line' id='line_1_2' title="bbox 1367 225 2702 296; baseline -0.011 0"><span class='ocrx_word' id='word_1_2' title='bbox 1367 238 1712 296; x_wconf 69' lang='lat' dir='ltr'><strong>APPENDIX</strong></span> <span class='ocrx_word' id='word_1_3' title='bbox 1752 234 2037 292; x_wconf 77' lang='lat' dir='ltr'><strong>()PERUM</strong></span> <span class='ocrx_word' id='word_1_4' title='bbox 2078 233 2138 290; x_wconf 90' lang='lat' dir='ltr'><strong>S.</strong></span> <span class='ocrx_word' id='word_1_5' title='bbox 2178 227 2426 287; x_wconf 75' lang='lat' dir='ltr'><strong>BASlLil</strong></span> <span class='ocrx_word' id='word_1_6' title='bbox 2457 225 2702 282; x_wconf 71' lang='lat' dir='ltr'><strong>MAGNI.</strong></span> 
     </span>
    </p>
   </div>
   <div class='ocr_carea' id='block_1_3' title="bbox 3564 227 3673 284">
    <p class='ocr_par' dir='ltr' id='par_1_3' title="bbox 3564 227 3673 284">
     <span class='ocr_line' id='line_1_3' title="bbox 3564 227 3673 284; baseline 0 0"><span class='ocrx_word' id='word_1_7' title='bbox 3564 227 3673 284; x_wconf 80' lang='lat'><strong>808</strong></span> 
     </span>
    </p>
   </div>
   <div class='ocr_carea' id='block_1_4' title="bbox 423 332 1987 426">
    <p class='ocr_par' dir='ltr' id='par_1_4' title="bbox 423 347 1985 426">
     <span class='ocr_line' id='line_1_4' title="bbox 423 347 1985 426; baseline -0.004 -17"><span class='ocrx_word' id='word_1_8' title='bbox 423 367 532 409; x_wconf 88' lang='lat' dir='ltr'><strong>tam</strong></span> <span class='ocrx_word' id='word_1_9' title='bbox 565 355 724 411; x_wconf 78' lang='lat' dir='ltr'><strong>habet</strong></span> <span class='ocrx_word' id='word_1_10' title='bbox 746 354 1055 422; x_wconf 78' lang='lat' dir='ltr'><strong>perfruendi</strong></span> <span class='ocrx_word' id='word_1_11' title='bbox 1085 363 1424 426; x_wconf 88' lang='lat' dir='ltr'><strong>potestatem,</strong></span> <span class='ocrx_word' id='word_1_12' title='bbox 1459 355 1511 409; x_wconf 95' lang='lat' dir='ltr'><strong>id</strong></span> <span class='ocrx_word' id='word_1_13' title='bbox 1540 353 1740 408; x_wconf 90' lang='lat' dir='ltr'><strong>lentum</strong></span> <span class='ocrx_word' id='word_1_14' title='bbox 1769 365 1889 406; x_wconf 90' lang='lat' dir='ltr'><strong>esse</strong></span> <span class='ocrx_word' id='word_1_15' title='bbox 1920 347 1985 404; x_wconf 90' lang='lat' dir='ltr'><strong>ad</strong></span> 
     </span>
    </p>
   </div>
   <div class='ocr_carea' id='block_1_5' title="bbox 2139 332 3675 426">
    <p class='ocr_par' dir='ltr' id='par_1_5' title="bbox 2139 332 3675 418">
     <span class='ocr_line' id='line_1_5' title="bbox 2139 332 3675 418; baseline -0.003 -18"><span class='ocrx_word' id='word_1_16' title='bbox 2139 345 2223 418; x_wconf 79' lang='grc' dir='ltr'><strong>έρε</strong></span> <span class='ocrx_word' id='word_1_17' title='bbox 2267 345 2464 408; x_wconf 74' lang='grc' dir='ltr'>εἰπεῖν,</span> <span class='ocrx_word' id='word_1_18' title='bbox 2495 341 2655 413; x_wconf 81' lang='grc' dir='ltr'>ἡδονὴ</span> <span class='ocrx_word' id='word_1_19' title='bbox 2693 340 2832 412; x_wconf 66' lang='grc' dir='ltr'>πρὸς</span> <span class='ocrx_word' id='word_1_20' title='bbox 2861 341 3040 394; x_wconf 76' lang='grc' dir='ltr'>ἐκεῖνο</span> <span class='ocrx_word' id='word_1_21' title='bbox 3068 332 3128 396; x_wconf 75' lang='grc' dir='ltr'>οὗ</span> <span class='ocrx_word' id='word_1_22' title='bbox 3156 340 3255 413; x_wconf 74' lang='grc' dir='ltr'>τὴν</span> <span class='ocrx_word' id='word_1_23' title='bbox 3283 341 3534 408; x_wconf 83' lang='grc' dir='ltr'>ἐξουσίαν</span> <span class='ocrx_word' id='word_1_24' title='bbox 3576 345 3675 415; x_wconf 88' lang='grc' dir='ltr'><strong>τῆς</strong></span> 
     </span>
    </p>
   </div>
   <div class='ocr_carea' id='block_1_6' title="bbox 424 443 1988 516">
    <p class='ocr_par' dir='ltr' id='par_1_6' title="bbox 424 443 1988 516">
     <span class='ocr_line' id='line_1_6' title="bbox 424 443 1988 516; baseline -0.003 -16"><span class='ocrx_word' id='word_1_25' title='bbox 424 447 936 514; x_wconf 86' lang='lat' dir='ltr'><strong>concupiscendum.</strong></span> <span class='ocrx_word' id='word_1_26' title='bbox 981 445 1146 502; x_wconf 87' lang='lat' dir='ltr'><strong>Lenta</strong></span> <span class='ocrx_word' id='word_1_27' title='bbox 1179 447 1322 502; x_wconf 90' lang='lat' dir='ltr'><strong>enim</strong></span> <span class='ocrx_word' id='word_1_28' title='bbox 1358 456 1438 501; x_wconf 87' lang='lat' dir='ltr'><strong>est</strong></span> <span class='ocrx_word' id='word_1_29' title='bbox 1489 457 1712 516; x_wconf 86' lang='lat' dir='ltr'><strong>gustus,</strong></span> <span class='ocrx_word' id='word_1_30' title='bbox 1756 443 1988 510; x_wconf 76' lang='lat' dir='ltr'><strong>exempli</strong></span> 
     </span>
    </p>
   </div>
   <div class='ocr_carea' id='block_1_7' title="bbox 421 535 1990 607">
    <p class='ocr_par' dir='ltr' id='par_1_7' title="bbox 421 535 1990 607">
     <span class='ocr_line' id='line_1_7' title="bbox 421 535 1990 607; baseline -0.003 -17"><span class='ocrx_word' id='word_1_31' title='bbox 421 551 608 601; x_wconf 89' lang='lat' dir='ltr'><strong>causa,</strong></span> <span class='ocrx_word' id='word_1_32' title='bbox 646 536 888 605; x_wconf 87' lang='lat' dir='ltr'><strong>voluptas</strong></span> <span class='ocrx_word' id='word_1_33' title='bbox 921 537 985 590; x_wconf 90' lang='lat' dir='ltr'><strong>ad</strong></span> <span class='ocrx_word' id='word_1_34' title='bbox 1038 538 1088 592; x_wconf 91' lang='lat' dir='ltr'><strong>id</strong></span> <span class='ocrx_word' id='word_1_35' title='bbox 1123 535 1278 606; x_wconf 85' lang='lat' dir='ltr'><strong>cujus</strong></span> <span class='ocrx_word' id='word_1_36' title='bbox 1317 537 1628 607; x_wconf 77' lang='lat' dir='ltr'><strong>perfruendi</strong></span> <span class='ocrx_word' id='word_1_37' title='bbox 1672 545 1990 606; x_wconf 83' lang='lat' dir='ltr'><strong>potestatem</strong></span> 
     </span>
    </p>
   </div>
   <div class='ocr_carea' id='block_1_8' title="bbox 423 629 1996 700">
    <p class='ocr_par' dir='ltr' id='par_1_8' title="bbox 423 629 1996 700">
     <span class='ocr_line' id='line_1_8' title="bbox 423 629 1996 700; baseline 0 -18"><span class='ocrx_word' id='word_1_38' title='bbox 423 629 622 684; x_wconf 85' lang='lat' dir='ltr'><strong>habet:</strong></span> <span class='ocrx_word' id='word_1_39' title='bbox 649 630 742 684; x_wconf 90' lang='lat' dir='ltr'><strong>sed</strong></span> <span class='ocrx_word' id='word_1_40' title='bbox 765 645 885 684; x_wconf 92' lang='lat' dir='ltr'><strong>cum</strong></span> <span class='ocrx_word' id='word_1_41' title='bbox 921 645 1136 700; x_wconf 88' lang='lat' dir='ltr'><strong>semper</strong></span> <span class='ocrx_word' id='word_1_42' title='bbox 1167 631 1355 686; x_wconf 80' lang='lat' dir='ltr'><strong>educta</strong></span> <span class='ocrx_word' id='word_1_43' title='bbox 1383 632 1456 686; x_wconf 87' lang='lat' dir='ltr'><strong>sit</strong></span> <span class='ocrx_word' id='word_1_44' title='bbox 1481 646 1695 694; x_wconf 83' lang='lat' dir='ltr'><strong>eorum,</strong></span> <span class='ocrx_word' id='word_1_45' title='bbox 1725 643 1845 698; x_wconf 72' lang='lat' dir='ltr'><strong>qum</strong></span> <span class='ocrx_word' id='word_1_46' title='bbox 1868 643 1996 682; x_wconf 80' lang='lat' dir='ltr'><strong>eun-</strong></span> 
     </span>
    </p>
   </div>
   <div class='ocr_carea' id='block_1_9' title="bbox 419 717 1993 790">
    <p class='ocr_par' dir='ltr' id='par_1_9' title="bbox 419 717 1993 790">
     <span class='ocr_line' id='line_1_9' title="bbox 419 717 1993 790; baseline 0 -18"><span class='ocrx_word' id='word_1_47' title='bbox 419 720 676 788; x_wconf 82' lang='lat' dir='ltr'><strong>cupiscit,</strong></span> <span class='ocrx_word' id='word_1_48' title='bbox 734 734 954 789; x_wconf 87' lang='lat' dir='ltr'><strong>compos</strong></span> <span class='ocrx_word' id='word_1_49' title='bbox 991 721 1415 790; x_wconf 74' lang='lat' dir='ltr'><strong>intemperanter</strong></span> <span class='ocrx_word' id='word_1_50' title='bbox 1472 719 1622 784; x_wconf 86' lang='lat' dir='ltr'><strong>ﬁeri,</strong></span> <span class='ocrx_word' id='word_1_51' title='bbox 1675 717 1993 774; x_wconf 80' lang='lat' dir='ltr'><strong>insatiabilis</strong></span> 
     </span>
    </p>
   </div>
   <div class='ocr_carea' id='block_1_10' title="bbox 419 809 1994 880">
    <p class='ocr_par' dir='ltr' id='par_1_10' title="bbox 419 809 1994 880">
     <span class='ocr_line' id='line_1_10' title="bbox 419 809 1994 880; baseline 0.001 -19"><span class='ocrx_word' id='word_1_52' title='bbox 419 811 486 861; x_wconf 90' lang='lat' dir='ltr'><strong>ad</strong></span> <span class='ocrx_word' id='word_1_53' title='bbox 513 809 893 877; x_wconf 78' lang='lat' dir='ltr'><strong>perfrueudum</strong></span> <span class='ocrx_word' id='word_1_54' title='bbox 936 811 1196 880; x_wconf 87' lang='lat' dir='ltr'><strong>quidquid</strong></span> <span class='ocrx_word' id='word_1_55' title='bbox 1236 812 1592 880; x_wconf 86' lang='lat' dir='ltr'><strong>concupiscit,</strong></span> <span class='ocrx_word' id='word_1_56' title='bbox 1627 811 1792 866; x_wconf 90' lang='lat' dir='ltr'><strong>variis</strong></span> <span class='ocrx_word' id='word_1_57' title='bbox 1819 810 1994 865; x_wconf 92' lang='lat' dir='ltr'><strong>modis</strong></span> 
     </span>
    </p>
   </div>
   <div class='ocr_carea' id='block_1_11' title="bbox 423 898 1995 972">
    <p class='ocr_par' dir='ltr' id='par_1_11' title="bbox 423 898 1995 972">
     <span class='ocr_line' id='line_1_11' title="bbox 423 898 1995 972; baseline 0.004 -21"><span class='ocrx_word' id='word_1_58' title='bbox 423 899 706 969; x_wconf 86' lang='lat' dir='ltr'><strong>abripitur.</strong></span> <span class='ocrx_word' id='word_1_59' title='bbox 751 898 932 966; x_wconf 84' lang='lat' dir='ltr'><strong>Quare</strong></span> <span class='ocrx_word' id='word_1_60' title='bbox 975 916 1082 955; x_wconf 89' lang='lat' dir='ltr'><strong>non</strong></span> <span class='ocrx_word' id='word_1_61' title='bbox 1125 901 1204 956; x_wconf 87' lang='lat' dir='ltr'><strong>sic</strong></span> <span class='ocrx_word' id='word_1_62' title='bbox 1247 904 1664 972; x_wconf 89' lang='lat' dir='ltr'><strong>unumquodque</strong></span> <span class='ocrx_word' id='word_1_63' title='bbox 1707 902 1995 970; x_wconf 82' lang='lat' dir='ltr'><strong>voluptatis</strong></span> 
     </span>
    </p>
   </div>
   <div class='ocr_carea' id='block_1_12' title="bbox 421 991 1992 1062">
    <p class='ocr_par' dir='ltr' id='par_1_12' title="bbox 421 991 1992 1062">
     <span class='ocr_line' id='line_1_12' title="bbox 421 991 1992 1062; baseline 0.001 -18"><span class='ocrx_word' id='word_1_64' title='bbox 421 999 584 1059; x_wconf 87' lang='lat' dir='ltr'><strong>caput</strong></span> <span class='ocrx_word' id='word_1_65' title='bbox 609 991 991 1060; x_wconf 88' lang='lat' dir='ltr'><strong>amputandum</strong></span> <span class='ocrx_word' id='word_1_66' title='bbox 1021 1005 1142 1046; x_wconf 90' lang='lat' dir='ltr'><strong>esse</strong></span> <span class='ocrx_word' id='word_1_67' title='bbox 1176 992 1398 1059; x_wconf 88' lang='lat' dir='ltr'><strong>dicunt,</strong></span> <span class='ocrx_word' id='word_1_68' title='bbox 1433 993 1529 1047; x_wconf 89' lang='lat' dir='ltr'><strong>sed</strong></span> <span class='ocrx_word' id='word_1_69' title='bbox 1573 1005 1670 1062; x_wconf 87' lang='lat' dir='ltr'><strong>per</strong></span> <span class='ocrx_word' id='word_1_70' title='bbox 1711 993 1992 1048; x_wconf 82' lang='lat' dir='ltr'><strong>abstinen-</strong></span> 
     </span>
    </p>
   </div>
   <div class='ocr_carea' id='block_1_13' title="bbox 417 1083 1606 1152">
    <p class='ocr_par' dir='ltr' id='par_1_13' title="bbox 417 1083 1606 1152">
     <span class='ocr_line' id='line_1_13' title="bbox 417 1083 1606 1152; baseline 0.001 -15"><span class='ocrx_word' id='word_1_71' title='bbox 417 1085 573 1146; x_wconf 87' lang='lat' dir='ltr'><strong>tiam,</strong></span> <span class='ocrx_word' id='word_1_72' title='bbox 609 1097 713 1136; x_wconf 90' lang='lat' dir='ltr'><strong>non</strong></span> <span class='ocrx_word' id='word_1_73' title='bbox 750 1083 1096 1137; x_wconf 88' lang='lat' dir='ltr'><strong>concedendo</strong></span> <span class='ocrx_word' id='word_1_74' title='bbox 1124 1085 1265 1152; x_wconf 92' lang='lat' dir='ltr'><strong>quod</strong></span> <span class='ocrx_word' id='word_1_75' title='bbox 1297 1099 1462 1140; x_wconf 83' lang='lat' dir='ltr'><strong>suave</strong></span> <span class='ocrx_word' id='word_1_76' title='bbox 1500 1095 1606 1140; x_wconf 90' lang='lat' dir='ltr'><strong>est.</strong></span> 
     </span>
    </p>
   </div>
   <div class='ocr_carea' id='block_1_14' title="bbox 488 1172 1994 1244">
    <p class='ocr_par' dir='ltr' id='par_1_14' title="bbox 488 1172 1994 1244">
     <span class='ocr_line' id='line_1_14' title="bbox 488 1172 1994 1244; baseline -0.001 -16"><span class='ocrx_word' id='word_1_77' title='bbox 488 1173 577 1228; x_wconf 87' lang='grc'><strong>68.</strong></span> <span class='ocrx_word' id='word_1_78' title='bbox 617 1173 840 1226; x_wconf 90' lang='lat' dir='ltr'><strong>Divinus</strong></span> <span class='ocrx_word' id='word_1_79' title='bbox 871 1183 1052 1227; x_wconf 89' lang='lat' dir='ltr'><strong>autem</strong></span> <span class='ocrx_word' id='word_1_80' title='bbox 1091 1188 1270 1228; x_wconf 88' lang='lat' dir='ltr'><strong>sermo</strong></span> <span class='ocrx_word' id='word_1_81' title='bbox 1301 1173 1526 1227; x_wconf 91' lang='lat' dir='ltr'><strong>vitulum</strong></span> <span class='ocrx_word' id='word_1_82' title='bbox 1558 1187 1655 1244; x_wconf 92' lang='lat' dir='ltr'><strong>pro</strong></span> <span class='ocrx_word' id='word_1_83' title='bbox 1685 1172 1994 1230; x_wconf 86' lang='lat' dir='ltr'><strong>sacerdotio</strong></span> 
     </span>
    </p>
   </div>
   <div class='ocr_carea' id='block_1_15' title="bbox 417 1264 1992 1336">
    <p class='ocr_par' dir='ltr' id='par_1_15' title="bbox 417 1264 1992 1336">
     <span class='ocr_line' id='line_1_15' title="bbox 417 1264 1992 1336; baseline -0.001 -16"><span class='ocrx_word' id='word_1_84' title='bbox 417 1267 557 1336; x_wconf 86' lang='lat' dir='ltr'><strong>apud</strong></span> <span class='ocrx_word' id='word_1_85' title='bbox 582 1264 1041 1335; x_wconf 84' lang='lat' dir='ltr'><strong>sapientissimum</strong></span> <span class='ocrx_word' id='word_1_86' title='bbox 1067 1264 1303 1336; x_wconf 76' lang='lat' dir='ltr'><strong>Moysem</strong></span> <span class='ocrx_word' id='word_1_87' title='bbox 1330 1276 1590 1332; x_wconf 85' lang='lat' dir='ltr'><strong>mactans,</strong></span> <span class='ocrx_word' id='word_1_88' title='bbox 1613 1281 1708 1335; x_wconf 91' lang='lat' dir='ltr'><strong>per</strong></span> <span class='ocrx_word' id='word_1_89' title='bbox 1730 1267 1992 1332; x_wconf 87' lang='lat' dir='ltr'><strong>membra,</strong></span> 
     </span>
    </p>
   </div>
   <div class='ocr_carea' id='block_1_16' title="bbox 417 1358 1989 1428">
    <p class='ocr_par' dir='ltr' id='par_1_16' title="bbox 417 1358 1989 1428">
     <span class='ocr_line' id='line_1_16' title="bbox 417 1358 1989 1428; baseline 0 -16"><span class='ocrx_word' id='word_1_90' title='bbox 417 1373 650 1428; x_wconf 88' lang='lat' dir='ltr'><strong>quorum</strong></span> <span class='ocrx_word' id='word_1_91' title='bbox 678 1358 736 1412; x_wconf 84' lang='lat' dir='ltr'><strong>ﬁt</strong></span> <span class='ocrx_word' id='word_1_92' title='bbox 761 1358 1162 1424; x_wconf 86' lang='lat' dir='ltr'><strong>holocaustum,</strong></span> <span class='ocrx_word' id='word_1_93' title='bbox 1188 1360 1405 1414; x_wconf 91' lang='lat' dir='ltr'><strong>virtutis</strong></span> <span class='ocrx_word' id='word_1_94' title='bbox 1428 1359 1744 1415; x_wconf 76' lang='lat' dir='ltr'><strong>exercendae</strong></span> <span class='ocrx_word' id='word_1_95' title='bbox 1775 1359 1989 1414; x_wconf 89' lang='lat' dir='ltr'><strong>modum</strong></span> 
     </span>
    </p>
   </div>
   <div class='ocr_carea' id='block_1_17' title="bbox 417 1449 1992 1519">
    <p class='ocr_par' dir='ltr' id='par_1_17' title="bbox 417 1449 1992 1519">
     <span class='ocr_line' id='line_1_17' title="bbox 417 1449 1992 1519; baseline -0.001 -15"><span class='ocrx_word' id='word_1_96' title='bbox 417 1449 654 1504; x_wconf 88' lang='lat' dir='ltr'><strong>naturali</strong></span> <span class='ocrx_word' id='word_1_97' title='bbox 686 1450 896 1504; x_wconf 87' lang='lat' dir='ltr'><strong>ratione</strong></span> <span class='ocrx_word' id='word_1_98' title='bbox 924 1449 1163 1503; x_wconf 90' lang='lat' dir='ltr'><strong>ostendit</strong></span> <span class='ocrx_word' id='word_1_99' title='bbox 1189 1490 1204 1514; x_wconf 96' lang='lat'><strong>,</strong></span> <span class='ocrx_word' id='word_1_100' title='bbox 1238 1451 1364 1504; x_wconf 89' lang='lat' dir='ltr'><strong>dum</strong></span> <span class='ocrx_word' id='word_1_101' title='bbox 1400 1449 1603 1519; x_wconf 84' lang='lat' dir='ltr'><strong>jecoris</strong></span> <span class='ocrx_word' id='word_1_102' title='bbox 1645 1450 1864 1519; x_wconf 90' lang='lat' dir='ltr'><strong>quidem</strong></span> <span class='ocrx_word' id='word_1_103' title='bbox 1894 1463 1992 1504; x_wconf 83' lang='lat' dir='ltr'><strong>cx-</strong></span> 
     </span>
    </p>
   </div>
   <div class='ocr_carea' id='block_1_18' title="bbox 421 1540 1994 1610">
    <p class='ocr_par' dir='ltr' id='par_1_18' title="bbox 421 1540 1994 1610">
     <span class='ocr_line' id='line_1_18' title="bbox 421 1540 1994 1610; baseline 0 -16"><span class='ocrx_word' id='word_1_104' title='bbox 421 1550 648 1594; x_wconf 90' lang='lat' dir='ltr'><strong>tremam</strong></span> <span class='ocrx_word' id='word_1_105' title='bbox 701 1549 937 1608; x_wconf 90' lang='lat' dir='ltr'><strong>partem,</strong></span> <span class='ocrx_word' id='word_1_106' title='bbox 975 1555 1082 1593; x_wconf 91' lang='lat' dir='ltr'><strong>non</strong></span> <span class='ocrx_word' id='word_1_107' title='bbox 1130 1550 1298 1593; x_wconf 85' lang='lat' dir='ltr'><strong>totum</strong></span> <span class='ocrx_word' id='word_1_108' title='bbox 1327 1540 1504 1606; x_wconf 87' lang='lat' dir='ltr'><strong>jecur,</strong></span> <span class='ocrx_word' id='word_1_109' title='bbox 1544 1550 1599 1594; x_wconf 93' lang='lat' dir='ltr'><strong>et</strong></span> <span class='ocrx_word' id='word_1_110' title='bbox 1637 1541 1846 1609; x_wconf 89' lang='lat' dir='ltr'><strong>adipem</strong></span> <span class='ocrx_word' id='word_1_111' title='bbox 1874 1555 1994 1610; x_wconf 71' lang='lat' dir='ltr'><strong>qua:</strong></span> 
     </span>
    </p>
   </div>
   <div class='ocr_carea' id='block_1_19' title="bbox 415 1630 1988 1699">
    <p class='ocr_par' dir='ltr' id='par_1_19' title="bbox 415 1630 1988 1699">
     <span class='ocr_line' id='line_1_19' title="bbox 415 1630 1988 1699; baseline 0 -15"><span class='ocrx_word' id='word_1_112' title='bbox 415 1639 657 1685; x_wconf 78' lang='lat' dir='ltr'><strong>ventrem</strong></span> <span class='ocrx_word' id='word_1_113' title='bbox 692 1630 868 1699; x_wconf 89' lang='lat' dir='ltr'><strong>operit</strong></span> <span class='ocrx_word' id='word_1_114' title='bbox 891 1668 904 1693; x_wconf 91' lang='lat'><strong>,</strong></span> <span class='ocrx_word' id='word_1_115' title='bbox 936 1645 1042 1684; x_wconf 90' lang='lat' dir='ltr'><strong>non</strong></span> <span class='ocrx_word' id='word_1_116' title='bbox 1080 1631 1254 1698; x_wconf 88' lang='lat' dir='ltr'><strong>ipsum</strong></span> <span class='ocrx_word' id='word_1_117' title='bbox 1286 1641 1554 1692; x_wconf 87' lang='lat' dir='ltr'><strong>ventrem,</strong></span> <span class='ocrx_word' id='word_1_118' title='bbox 1594 1646 1780 1684; x_wconf 87' lang='lat' dir='ltr'><strong>renum</strong></span> <span class='ocrx_word' id='word_1_119' title='bbox 1810 1640 1988 1684; x_wconf 81' lang='lat' dir='ltr'><strong>autem</strong></span> 
     </span>
    </p>
   </div>
   <div class='ocr_carea' id='block_1_20' title="bbox 417 1722 1991 1793">
    <p class='ocr_par' dir='ltr' id='par_1_20' title="bbox 417 1722 1991 1793">
     <span class='ocr_line' id='line_1_20' title="bbox 417 1722 1991 1793; baseline 0.001 -18"><span class='ocrx_word' id='word_1_120' title='bbox 417 1735 524 1776; x_wconf 89' lang='lat' dir='ltr'><strong>non</strong></span> <span class='ocrx_word' id='word_1_121' title='bbox 555 1722 770 1789; x_wconf 86' lang='lat' dir='ltr'><strong>adipem</strong></span> <span class='ocrx_word' id='word_1_122' title='bbox 798 1722 979 1786; x_wconf 91' lang='lat' dir='ltr'><strong>modo,</strong></span> <span class='ocrx_word' id='word_1_123' title='bbox 1006 1724 1098 1776; x_wconf 89' lang='lat' dir='ltr'><strong>sed</strong></span> <span class='ocrx_word' id='word_1_124' title='bbox 1131 1723 1275 1790; x_wconf 85' lang='lat' dir='ltr'><strong>ipsos</strong></span> <span class='ocrx_word' id='word_1_125' title='bbox 1295 1723 1458 1776; x_wconf 86' lang='lat' dir='ltr'><strong>etiam</strong></span> <span class='ocrx_word' id='word_1_126' title='bbox 1495 1738 1617 1778; x_wconf 91' lang='lat' dir='ltr'><strong>cum</strong></span> <span class='ocrx_word' id='word_1_127' title='bbox 1644 1724 1801 1793; x_wconf 85' lang='lat' dir='ltr'><strong>adipe</strong></span> <span class='ocrx_word' id='word_1_128' title='bbox 1833 1738 1991 1778; x_wconf 89' lang='lat' dir='ltr'><strong>renes</strong></span> 
     </span>
    </p>
   </div>
   <div class='ocr_carea' id='block_1_21' title="bbox 417 1811 1992 1883">
    <p class='ocr_par' dir='ltr' id='par_1_21' title="bbox 417 1811 1992 1883">
     <span class='ocr_line' id='line_1_21' title="bbox 417 1811 1992 1883; baseline 0.002 -17"><span class='ocrx_word' id='word_1_129' title='bbox 417 1814 542 1883; x_wconf 91' lang='lat' dir='ltr'><strong>igne</strong></span> <span class='ocrx_word' id='word_1_130' title='bbox 582 1813 824 1867; x_wconf 89' lang='lat' dir='ltr'><strong>consumi</strong></span> <span class='ocrx_word' id='word_1_131' title='bbox 864 1811 1036 1880; x_wconf 81' lang='lat' dir='ltr'><strong>jubet.</strong></span> <span class='ocrx_word' id='word_1_132' title='bbox 1077 1811 1208 1866; x_wconf 88' lang='lat' dir='ltr'><strong>Nam</strong></span> <span class='ocrx_word' id='word_1_133' title='bbox 1261 1829 1384 1868; x_wconf 90' lang='lat' dir='ltr'><strong>cum</strong></span> <span class='ocrx_word' id='word_1_134' title='bbox 1433 1815 1588 1882; x_wconf 81' lang='lat' dir='ltr'><strong>jecur</strong></span> <span class='ocrx_word' id='word_1_135' title='bbox 1621 1828 1882 1882; x_wconf 88' lang='lat' dir='ltr'><strong>organum</strong></span> <span class='ocrx_word' id='word_1_136' title='bbox 1920 1815 1992 1869; x_wconf 93' lang='lat' dir='ltr'><strong>sit</strong></span> 
     </span>
    </p>
   </div>
   <div class='ocr_carea' id='block_1_22' title="bbox 416 1903 1990 1974">
    <p class='ocr_par' dir='ltr' id='par_1_22' title="bbox 416 1903 1990 1974">
     <span class='ocr_line' id='line_1_22' title="bbox 416 1903 1990 1974; baseline 0.001 -18"><span class='ocrx_word' id='word_1_137' title='bbox 416 1903 866 1972; x_wconf 64' lang='lat' dir='ltr'><strong>concupiscentiae</strong></span> <span class='ocrx_word' id='word_1_138' title='bbox 891 1903 913 1974; x_wconf 91' lang='lat'><strong>(</strong></span> <span class='ocrx_word' id='word_1_139' title='bbox 944 1906 1239 1958; x_wconf 77' lang='lat' dir='ltr'><strong>secundum</strong></span> <span class='ocrx_word' id='word_1_140' title='bbox 1265 1904 1404 1972; x_wconf 91' lang='lat' dir='ltr'><strong>quod</strong></span> <span class='ocrx_word' id='word_1_141' title='bbox 1437 1913 1488 1959; x_wconf 91' lang='lat' dir='ltr'><strong>et</strong></span> <span class='ocrx_word' id='word_1_142' title='bbox 1517 1906 1583 1958; x_wconf 89' lang='lat' dir='ltr'><strong>de</strong></span> <span class='ocrx_word' id='word_1_143' title='bbox 1615 1919 1678 1958; x_wconf 92' lang='lat' dir='ltr'><strong>eo</strong></span> <span class='ocrx_word' id='word_1_144' title='bbox 1707 1905 1797 1972; x_wconf 93' lang='lat' dir='ltr'><strong>qui</strong></span> <span class='ocrx_word' id='word_1_145' title='bbox 1827 1919 1990 1972; x_wconf 88' lang='lat' dir='ltr'><strong>prave</strong></span> 
     </span>
    </p>
   </div>
   <div class='ocr_carea' id='block_1_23' title="bbox 417 1993 1988 2063">
    <p class='ocr_par' dir='ltr' id='par_1_23' title="bbox 417 1993 1988 2063">
     <span class='ocr_line' id='line_1_23' title="bbox 417 1993 1988 2063; baseline -0.001 -14"><span class='ocrx_word' id='word_1_146' title='bbox 417 1993 485 2049; x_wconf 90' lang='lat' dir='ltr'><strong>ad</strong></span> <span class='ocrx_word' id='word_1_147' title='bbox 520 1994 1006 2063; x_wconf 88' lang='lat' dir='ltr'><strong>concupiscendum</strong></span> <span class='ocrx_word' id='word_1_148' title='bbox 1047 1995 1321 2049; x_wconf 84' lang='lat' dir='ltr'><strong>sauciatus</strong></span> <span class='ocrx_word' id='word_1_149' title='bbox 1368 2003 1450 2049; x_wconf 88' lang='lat' dir='ltr'><strong>est</strong></span> <span class='ocrx_word' id='word_1_150' title='bbox 1476 2037 1489 2056; x_wconf 88' lang='lat'><strong>,</strong></span> <span class='ocrx_word' id='word_1_151' title='bbox 1514 1996 1733 2060; x_wconf 91' lang='lat' dir='ltr'><strong>dicitur,</strong></span> <span class='ocrx_word' id='word_1_152' title='bbox 1772 1995 1897 2048; x_wconf 69' lang='lat' dir='ltr'><strong>Eri:</strong></span> <span class='ocrx_word' id='word_1_153' title='bbox 1933 2004 1988 2048; x_wconf 83' lang='lat' dir='ltr'><strong>ut</strong></span> 
     </span>
    </p>
   </div>
   <div class='ocr_carea' id='block_1_24' title="bbox 413 2083 1990 2156">
    <p class='ocr_par' dir='ltr' id='par_1_24' title="bbox 413 2083 1990 2156">
     <span class='ocr_line' id='line_1_24' title="bbox 413 2083 1990 2156; baseline 0 -18"><span class='ocrx_word' id='word_1_154' title='bbox 413 2101 594 2140; x_wconf 79' lang='lat' dir='ltr'><strong>cervus</strong></span> <span class='ocrx_word' id='word_1_155' title='bbox 627 2085 820 2155; x_wconf 75' lang='lat' dir='ltr'><strong>sagitta</strong></span> <span class='ocrx_word' id='word_1_156' title='bbox 861 2101 1136 2153; x_wconf 77' lang='lat' dir='ltr'><strong>percussus</strong></span> <span class='ocrx_word' id='word_1_157' title='bbox 1160 2086 1213 2137; x_wconf 84' lang='lat' dir='ltr'><strong>in</strong></span> <span class='ocrx_word' id='word_1_158' title='bbox 1233 2085 1411 2152; x_wconf 81' lang='lat' dir='ltr'><strong>jecare</strong></span> <span class='ocrx_word' id='word_1_159' title='bbox 1435 2083 1552 2156; x_wconf 70' lang='lat'><strong>‘°&quot;),</strong></span> <span class='ocrx_word' id='word_1_160' title='bbox 1596 2085 1759 2139; x_wconf 89' lang='lat' dir='ltr'><strong>veluti</strong></span> <span class='ocrx_word' id='word_1_161' title='bbox 1806 2091 1990 2138; x_wconf 75' lang='lat' dir='ltr'><strong>extre-</strong></span> 
     </span>
    </p>
   </div>
   <div class='ocr_carea' id='block_1_25' title="bbox 415 2174 1990 2244">
    <p class='ocr_par' dir='ltr' id='par_1_25' title="bbox 415 2174 1990 2244">
     <span class='ocr_line' id='line_1_25' title="bbox 415 2174 1990 2244; baseline -0.002 -14"><span class='ocrx_word' id='word_1_162' title='bbox 415 2193 555 2230; x_wconf 88' lang='lat' dir='ltr'><strong>mam</strong></span> <span class='ocrx_word' id='word_1_163' title='bbox 590 2188 795 2244; x_wconf 90' lang='lat' dir='ltr'><strong>partem</strong></span> <span class='ocrx_word' id='word_1_164' title='bbox 820 2215 835 2238; x_wconf 89' lang='lat'><strong>,</strong></span> <span class='ocrx_word' id='word_1_165' title='bbox 879 2175 1206 2244; x_wconf 79' lang='lat' dir='ltr'><strong>singularem</strong></span> <span class='ocrx_word' id='word_1_166' title='bbox 1248 2174 1313 2228; x_wconf 89' lang='lat' dir='ltr'><strong>ad</strong></span> <span class='ocrx_word' id='word_1_167' title='bbox 1363 2175 1695 2244; x_wconf 89' lang='lat' dir='ltr'><strong>peccandum</strong></span> <span class='ocrx_word' id='word_1_168' title='bbox 1737 2174 1990 2244; x_wconf 90' lang='lat' dir='ltr'><strong>concupi-</strong></span> 
     </span>
    </p>
   </div>
   <div class='ocr_carea' id='block_1_26' title="bbox 412 2266 1990 2337">
    <p class='ocr_par' dir='ltr' id='par_1_26' title="bbox 412 2266 1990 2337">
     <span class='ocr_line' id='line_1_26' title="bbox 412 2266 1990 2337; baseline -0.002 -13"><span class='ocrx_word' id='word_1_169' title='bbox 412 2269 700 2330; x_wconf 83' lang='lat' dir='ltr'><strong>scentiam,</strong></span> <span class='ocrx_word' id='word_1_170' title='bbox 736 2269 915 2337; x_wconf 89' lang='lat' dir='ltr'><strong>inqua</strong></span> <span class='ocrx_word' id='word_1_171' title='bbox 944 2280 998 2322; x_wconf 91' lang='lat' dir='ltr'><strong>et</strong></span> <span class='ocrx_word' id='word_1_172' title='bbox 1025 2268 1146 2322; x_wconf 89' lang='lat' dir='ltr'><strong>bilis</strong></span> <span class='ocrx_word' id='word_1_173' title='bbox 1181 2269 1470 2336; x_wconf 78' lang='lat' dir='ltr'><strong>reperitur,</strong></span> <span class='ocrx_word' id='word_1_174' title='bbox 1505 2267 1676 2320; x_wconf 88' lang='lat' dir='ltr'><strong>solam</strong></span> <span class='ocrx_word' id='word_1_175' title='bbox 1715 2266 1835 2335; x_wconf 84' lang='lat' dir='ltr'><strong>igne</strong></span> <span class='ocrx_word' id='word_1_176' title='bbox 1861 2283 1990 2321; x_wconf 90' lang='lat' dir='ltr'><strong>con-</strong></span> 
     </span>
    </p>
   </div>
   <div class='ocr_carea' id='block_1_27' title="bbox 411 2357 1987 2428">
    <p class='ocr_par' dir='ltr' id='par_1_27' title="bbox 411 2357 1987 2428">
     <span class='ocr_line' id='line_1_27' title="bbox 411 2357 1987 2428; baseline 0 -16"><span class='ocrx_word' id='word_1_177' title='bbox 411 2372 653 2423; x_wconf 78' lang='lat' dir='ltr'><strong>sumere,</strong></span> <span class='ocrx_word' id='word_1_178' title='bbox 677 2357 942 2427; x_wconf 89' lang='lat' dir='ltr'><strong>reliquum</strong></span> <span class='ocrx_word' id='word_1_179' title='bbox 973 2364 1178 2420; x_wconf 84' lang='lat' dir='ltr'><strong>autem,</strong></span> <span class='ocrx_word' id='word_1_180' title='bbox 1211 2357 1353 2425; x_wconf 90' lang='lat' dir='ltr'><strong>quod</strong></span> <span class='ocrx_word' id='word_1_181' title='bbox 1380 2376 1407 2409; x_wconf 92' lang='lat' dir='ltr'><strong>a</strong></span> <span class='ocrx_word' id='word_1_182' title='bbox 1447 2358 1538 2411; x_wconf 90' lang='lat' dir='ltr'><strong>bili</strong></span> <span class='ocrx_word' id='word_1_183' title='bbox 1572 2366 1630 2412; x_wconf 85' lang='lat' dir='ltr'><strong>et</strong></span> <span class='ocrx_word' id='word_1_184' title='bbox 1663 2372 1827 2428; x_wconf 87' lang='lat' dir='ltr'><strong>prava</strong></span> <span class='ocrx_word' id='word_1_185' title='bbox 1855 2373 1987 2412; x_wconf 85' lang='lat' dir='ltr'><strong>con-</strong></span> 
     </span>
    </p>
   </div>
   <div class='ocr_carea' id='block_1_28' title="bbox 411 2448 1990 2518">
    <p class='ocr_par' dir='ltr' id='par_1_28' title="bbox 411 2448 1990 2518">
     <span class='ocr_line' id='line_1_28' title="bbox 411 2448 1990 2518; baseline -0.004 -14"><span class='ocrx_word' id='word_1_186' title='bbox 411 2449 747 2518; x_wconf 88' lang='lat' dir='ltr'><strong>cupiscentia</strong></span> <span class='ocrx_word' id='word_1_187' title='bbox 785 2464 978 2518; x_wconf 91' lang='lat' dir='ltr'><strong>purum</strong></span> <span class='ocrx_word' id='word_1_188' title='bbox 1009 2458 1085 2502; x_wconf 74' lang='lat' dir='ltr'><strong>e3!</strong></span> <span class='ocrx_word' id='word_1_189' title='bbox 1113 2487 1130 2514; x_wconf 92' lang='lat'><strong>,</strong></span> <span class='ocrx_word' id='word_1_190' title='bbox 1175 2449 1241 2501; x_wconf 89' lang='lat' dir='ltr'><strong>ad</strong></span> <span class='ocrx_word' id='word_1_191' title='bbox 1283 2448 1544 2502; x_wconf 84' lang='lat' dir='ltr'><strong>bonarum</strong></span> <span class='ocrx_word' id='word_1_192' title='bbox 1579 2463 1758 2502; x_wconf 83' lang='lat' dir='ltr'><strong>rerum</strong></span> <span class='ocrx_word' id='word_1_193' title='bbox 1790 2461 1990 2500; x_wconf 91' lang='lat' dir='ltr'><strong>concu-</strong></span> 
     </span>
    </p>
   </div>
   <div class='ocr_carea' id='block_1_29' title="bbox 410 2538 1986 2608">
    <p class='ocr_par' dir='ltr' id='par_1_29' title="bbox 410 2538 1986 2608">
     <span class='ocr_line' id='line_1_29' title="bbox 410 2538 1986 2608; baseline -0.001 -16"><span class='ocrx_word' id='word_1_194' title='bbox 410 2538 728 2608; x_wconf 91' lang='lat' dir='ltr'><strong>piscentiam</strong></span> <span class='ocrx_word' id='word_1_195' title='bbox 773 2554 994 2594; x_wconf 88' lang='lat' dir='ltr'><strong>servare</strong></span> <span class='ocrx_word' id='word_1_196' title='bbox 1041 2539 1334 2594; x_wconf 87' lang='lat' dir='ltr'><strong>secundum</strong></span> <span class='ocrx_word' id='word_1_197' title='bbox 1392 2549 1642 2591; x_wconf 88' lang='lat' dir='ltr'><strong>naturam</strong></span> <span class='ocrx_word' id='word_1_198' title='bbox 1690 2538 1986 2604; x_wconf 80' lang='lat' dir='ltr'><strong>convenit;</strong></span> 
     </span>
    </p>
   </div>
   <div class='ocr_carea' id='block_1_30' title="bbox 409 2627 1988 2699">
    <p class='ocr_par' dir='ltr' id='par_1_30' title="bbox 409 2627 1988 2699">
     <span class='ocr_line' id='line_1_30' title="bbox 409 2627 1988 2699; baseline 0.001 -17"><span class='ocrx_word' id='word_1_199' title='bbox 409 2631 621 2684; x_wconf 81' lang='lat' dir='ltr'><strong>ventris</strong></span> <span class='ocrx_word' id='word_1_200' title='bbox 657 2639 834 2684; x_wconf 76' lang='lat' dir='ltr'><strong>autem</strong></span> <span class='ocrx_word' id='word_1_201' title='bbox 869 2629 1010 2699; x_wconf 92' lang='lat' dir='ltr'><strong>quod</strong></span> <span class='ocrx_word' id='word_1_202' title='bbox 1040 2629 1369 2699; x_wconf 83' lang='lat' dir='ltr'><strong>superﬂuum</strong></span> <span class='ocrx_word' id='word_1_203' title='bbox 1403 2638 1507 2693; x_wconf 88' lang='lat' dir='ltr'><strong>est,</strong></span> <span class='ocrx_word' id='word_1_204' title='bbox 1537 2631 1677 2684; x_wconf 89' lang='lat' dir='ltr'><strong>unde</strong></span> <span class='ocrx_word' id='word_1_205' title='bbox 1707 2627 1774 2682; x_wconf 86' lang='lat' dir='ltr'><strong>ad</strong></span> <span class='ocrx_word' id='word_1_206' title='bbox 1803 2629 1927 2682; x_wconf 88' lang='lat' dir='ltr'><strong>vitia</strong></span> <span class='ocrx_word' id='word_1_207' title='bbox 1957 2644 1988 2684; x_wconf 84' lang='lat' dir='ltr'><strong>a</strong></span> 
     </span>
    </p>
   </div>
   <div class='ocr_carea' id='block_1_31' title="bbox 411 2715 1986 2787">
    <p class='ocr_par' dir='ltr' id='par_1_31' title="bbox 411 2715 1986 2787">
     <span class='ocr_line' id='line_1_31' title="bbox 411 2715 1986 2787; baseline 0.003 -19"><span class='ocrx_word' id='word_1_208' title='bbox 411 2716 623 2771; x_wconf 81' lang='lat' dir='ltr'><strong>ratione</strong></span> <span class='ocrx_word' id='word_1_209' title='bbox 651 2715 823 2770; x_wconf 87' lang='lat' dir='ltr'><strong>aliena</strong></span> <span class='ocrx_word' id='word_1_210' title='bbox 869 2717 1299 2785; x_wconf 74' lang='lat' dir='ltr'><strong>pinguescimus,</strong></span> <span class='ocrx_word' id='word_1_211' title='bbox 1341 2716 1655 2783; x_wconf 79' lang='lat' dir='ltr'><strong>auferendo,</strong></span> <span class='ocrx_word' id='word_1_212' title='bbox 1703 2720 1848 2787; x_wconf 86' lang='lat' dir='ltr'><strong>quod</strong></span> <span class='ocrx_word' id='word_1_213' title='bbox 1887 2733 1986 2773; x_wconf 88' lang='lat' dir='ltr'><strong>ne-</strong></span> 
     </span>
    </p>
   </div>
   <div class='ocr_carea' id='block_1_32' title="bbox 409 2808 1987 2864">
    <p class='ocr_par' dir='ltr' id='par_1_32' title="bbox 409 2808 1987 2864">
     <span class='ocr_line' id='line_1_32' title="bbox 409 2808 1987 2864; baseline 0.003 -4"><span class='ocrx_word' id='word_1_214' title='bbox 409 2809 705 2862; x_wconf 75' lang='lat' dir='ltr'><strong>cessarium</strong></span> <span class='ocrx_word' id='word_1_215' title='bbox 733 2819 816 2863; x_wconf 87' lang='lat' dir='ltr'><strong>est</strong></span> <span class='ocrx_word' id='word_1_216' title='bbox 841 2808 1220 2863; x_wconf 80' lang='lat' dir='ltr'><strong>tantummodo</strong></span> <span class='ocrx_word' id='word_1_217' title='bbox 1251 2824 1477 2864; x_wconf 90' lang='lat' dir='ltr'><strong>servare</strong></span> <span class='ocrx_word' id='word_1_218' title='bbox 1510 2827 1524 2864; x_wconf 90' lang='lat'><strong>:</strong></span> <span class='ocrx_word' id='word_1_219' title='bbox 1559 2811 1612 2864; x_wconf 89' lang='lat' dir='ltr'><strong>in</strong></span> <span class='ocrx_word' id='word_1_220' title='bbox 1636 2812 1859 2864; x_wconf 85' lang='lat' dir='ltr'><strong>renibus</strong></span> <span class='ocrx_word' id='word_1_221' title='bbox 1889 2826 1987 2864; x_wconf 86' lang='lat' dir='ltr'><strong>au-</strong></span> 
     </span>
    </p>
   </div>
   <div class='ocr_carea' id='block_1_33' title="bbox 413 2898 1985 2972">
    <p class='ocr_par' dir='ltr' id='par_1_33' title="bbox 413 2898 1985 2972">
     <span class='ocr_line' id='line_1_33' title="bbox 413 2898 1985 2972; baseline 0.002 -21"><span class='ocrx_word' id='word_1_222' title='bbox 413 2908 544 2961; x_wconf 85' lang='lat' dir='ltr'><strong>tem,</strong></span> <span class='ocrx_word' id='word_1_223' title='bbox 579 2915 683 2952; x_wconf 91' lang='lat' dir='ltr'><strong>non</strong></span> <span class='ocrx_word' id='word_1_224' title='bbox 709 2898 878 2952; x_wconf 68' lang='lat' dir='ltr'><strong>solum</strong></span> <span class='ocrx_word' id='word_1_225' title='bbox 903 2899 1139 2968; x_wconf 83' lang='lat' dir='ltr'><strong>adipem,</strong></span> <span class='ocrx_word' id='word_1_226' title='bbox 1163 2915 1280 2968; x_wconf 66' lang='lat' dir='ltr'><strong>quae</strong></span> <span class='ocrx_word' id='word_1_227' title='bbox 1303 2900 1570 2968; x_wconf 81' lang='lat' dir='ltr'><strong>ingentem</strong></span> <span class='ocrx_word' id='word_1_228' title='bbox 1592 2901 1753 2972; x_wconf 75' lang='lat'><strong>681</strong></span> <span class='ocrx_word' id='word_1_229' title='bbox 1779 2902 1985 2968; x_wconf 92' lang='lat' dir='ltr'><strong>copiam</strong></span> 
     </span>
    </p>
   </div>
   <div class='ocr_carea' id='block_1_34' title="bbox 413 2990 1986 3062">
    <p class='ocr_par' dir='ltr' id='par_1_34' title="bbox 413 2990 1986 3062">
     <span class='ocr_line' id='line_1_34' title="bbox 413 2990 1986 3062; baseline 0.004 -21"><span class='ocrx_word' id='word_1_230' title='bbox 413 2990 682 3059; x_wconf 76' lang='lat' dir='ltr'><strong>genitum</strong></span> <span class='ocrx_word' id='word_1_231' title='bbox 710 2991 776 3043; x_wconf 93' lang='lat' dir='ltr'><strong>ad</strong></span> <span class='ocrx_word' id='word_1_232' title='bbox 807 2991 1282 3058; x_wconf 89' lang='lat' dir='ltr'><strong>intemperantiam</strong></span> <span class='ocrx_word' id='word_1_233' title='bbox 1312 2994 1608 3062; x_wconf 88' lang='lat' dir='ltr'><strong>despumat,</strong></span> <span class='ocrx_word' id='word_1_234' title='bbox 1644 2995 1738 3047; x_wconf 91' lang='lat' dir='ltr'><strong>sed</strong></span> <span class='ocrx_word' id='word_1_235' title='bbox 1769 3003 1821 3048; x_wconf 92' lang='lat' dir='ltr'><strong>et</strong></span> <span class='ocrx_word' id='word_1_236' title='bbox 1845 2994 1986 3062; x_wconf 88' lang='lat' dir='ltr'><strong>ipsos</strong></span> 
     </span>
    </p>
   </div>
   <div class='ocr_carea' id='block_1_35' title="bbox 413 3083 1986 3153">
    <p class='ocr_par' dir='ltr' id='par_1_35' title="bbox 413 3083 1986 3153">
     <span class='ocr_line' id='line_1_35' title="bbox 413 3083 1986 3153; baseline 0.003 -18"><span class='ocrx_word' id='word_1_237' title='bbox 413 3097 572 3136; x_wconf 85' lang='lat' dir='ltr'><strong>renes</strong></span> <span class='ocrx_word' id='word_1_238' title='bbox 622 3083 955 3136; x_wconf 74' lang='lat' dir='ltr'><strong>sacriﬁcare.</strong></span> <span class='ocrx_word' id='word_1_239' title='bbox 993 3085 1044 3137; x_wconf 93' lang='lat' dir='ltr'><strong>lu</strong></span> <span class='ocrx_word' id='word_1_240' title='bbox 1087 3085 1196 3147; x_wconf 78' lang='lat' dir='ltr'><strong>bis,</strong></span> <span class='ocrx_word' id='word_1_241' title='bbox 1247 3083 1495 3153; x_wconf 84' lang='lat' dir='ltr'><strong>inquam,</strong></span> <span class='ocrx_word' id='word_1_242' title='bbox 1549 3099 1728 3140; x_wconf 87' lang='lat' dir='ltr'><strong>sermo</strong></span> <span class='ocrx_word' id='word_1_243' title='bbox 1774 3086 1986 3139; x_wconf 83' lang='lat' dir='ltr'><strong>divinus</strong></span> 
     </span>
    </p>
   </div>
   <div class='ocr_carea' id='block_1_36' title="bbox 411 3173 1989 3246">
    <p class='ocr_par' dir='ltr' id='par_1_36' title="bbox 411 3173 1989 3246">
     <span class='ocr_line' id='line_1_36' title="bbox 411 3173 1989 3246; baseline 0.003 -20"><span class='ocrx_word' id='word_1_244' title='bbox 411 3173 690 3239; x_wconf 86' lang='lat' dir='ltr'><strong>aptissime</strong></span> <span class='ocrx_word' id='word_1_245' title='bbox 723 3174 789 3227; x_wconf 87' lang='lat' dir='ltr'><strong>ad</strong></span> <span class='ocrx_word' id='word_1_246' title='bbox 838 3186 1088 3229; x_wconf 86' lang='lat' dir='ltr'><strong>naturam</strong></span> <span class='ocrx_word' id='word_1_247' title='bbox 1124 3187 1180 3231; x_wconf 91' lang='lat' dir='ltr'><strong>et</strong></span> <span class='ocrx_word' id='word_1_248' title='bbox 1227 3176 1369 3246; x_wconf 91' lang='lat' dir='ltr'><strong>quod</strong></span> <span class='ocrx_word' id='word_1_249' title='bbox 1417 3177 1482 3230; x_wconf 90' lang='lat' dir='ltr'><strong>ad</strong></span> <span class='ocrx_word' id='word_1_250' title='bbox 1533 3177 1694 3231; x_wconf 91' lang='lat' dir='ltr'><strong>vitam</strong></span> <span class='ocrx_word' id='word_1_251' title='bbox 1742 3193 1989 3233; x_wconf 86' lang='lat' dir='ltr'><strong>necessa-</strong></span> 
     </span>
    </p>
   </div>
   <div class='ocr_carea' id='block_1_37' title="bbox 415 3265 1989 3338">
    <p class='ocr_par' dir='ltr' id='par_1_37' title="bbox 415 3265 1989 3338">
     <span class='ocr_line' id='line_1_37' title="bbox 415 3265 1989 3338; baseline 0.004 -20"><span class='ocrx_word' id='word_1_252' title='bbox 415 3265 579 3328; x_wconf 82' lang='lat' dir='ltr'><strong>tium,</strong></span> <span class='ocrx_word' id='word_1_253' title='bbox 614 3274 668 3318; x_wconf 90' lang='lat' dir='ltr'><strong>et</strong></span> <span class='ocrx_word' id='word_1_254' title='bbox 714 3267 854 3334; x_wconf 84' lang='lat' dir='ltr'><strong>quod</strong></span> <span class='ocrx_word' id='word_1_255' title='bbox 890 3268 1212 3336; x_wconf 73' lang='lat' dir='ltr'><strong>praeclarum</strong></span> <span class='ocrx_word' id='word_1_256' title='bbox 1258 3269 1331 3322; x_wconf 79' lang='lat' dir='ltr'><strong>ad</strong></span> <span class='ocrx_word' id='word_1_257' title='bbox 1366 3269 1853 3338; x_wconf 87' lang='lat' dir='ltr'><strong>concupiscendum</strong></span> <span class='ocrx_word' id='word_1_258' title='bbox 1883 3311 1902 3338; x_wconf 91' lang='lat'><strong>,</strong></span> <span class='ocrx_word' id='word_1_259' title='bbox 1934 3279 1989 3325; x_wconf 87' lang='lat' dir='ltr'><strong>et</strong></span> 
     </span>
    </p>
   </div>
   <div class='ocr_carea' id='block_1_38' title="bbox 412 3357 1986 3428">
    <p class='ocr_par' dir='ltr' id='par_1_38' title="bbox 412 3357 1986 3428">
     <span class='ocr_line' id='line_1_38' title="bbox 412 3357 1986 3428; baseline 0.005 -20"><span class='ocrx_word' id='word_1_260' title='bbox 412 3357 556 3427; x_wconf 86' lang='lat' dir='ltr'><strong>quod</strong></span> <span class='ocrx_word' id='word_1_261' title='bbox 592 3373 784 3426; x_wconf 89' lang='lat' dir='ltr'><strong>purum</strong></span> <span class='ocrx_word' id='word_1_262' title='bbox 818 3359 882 3410; x_wconf 91' lang='lat' dir='ltr'><strong>ad</strong></span> <span class='ocrx_word' id='word_1_263' title='bbox 916 3361 1330 3428; x_wconf 84' lang='lat' dir='ltr'><strong>temperantiam</strong></span> <span class='ocrx_word' id='word_1_264' title='bbox 1377 3370 1664 3418; x_wconf 87' lang='lat' dir='ltr'><strong>monstrat.</strong></span> <span class='ocrx_word' id='word_1_265' title='bbox 1697 3359 1830 3415; x_wconf 87' lang='lat' dir='ltr'><strong>Nam</strong></span> <span class='ocrx_word' id='word_1_266' title='bbox 1863 3378 1986 3416; x_wconf 76' lang='lat' dir='ltr'><strong>cum</strong></span> 
     </span>
    </p>
   </div>
   <div class='ocr_carea' id='block_1_39' title="bbox 410 3449 1984 3522">
    <p class='ocr_par' dir='ltr' id='par_1_39' title="bbox 410 3449 1984 3522">
     <span class='ocr_line' id='line_1_39' title="bbox 410 3449 1984 3522; baseline 0.003 -20"><span class='ocrx_word' id='word_1_267' title='bbox 410 3452 530 3502; x_wconf 76' lang='lat' dir='ltr'><strong>sine</strong></span> <span class='ocrx_word' id='word_1_268' title='bbox 558 3449 678 3501; x_wconf 88' lang='lat' dir='ltr'><strong>cibo</strong></span> <span class='ocrx_word' id='word_1_269' title='bbox 705 3451 756 3502; x_wconf 93' lang='lat' dir='ltr'><strong>in</strong></span> <span class='ocrx_word' id='word_1_270' title='bbox 783 3463 1011 3519; x_wconf 87' lang='lat' dir='ltr'><strong>corpore</strong></span> <span class='ocrx_word' id='word_1_271' title='bbox 1045 3452 1281 3505; x_wconf 75' lang='lat' dir='ltr'><strong>vivimn</strong></span> <span class='ocrx_word' id='word_1_272' title='bbox 1321 3451 1516 3521; x_wconf 83' lang='lat' dir='ltr'><strong>possit,</strong></span> <span class='ocrx_word' id='word_1_273' title='bbox 1549 3467 1816 3522; x_wconf 87' lang='lat' dir='ltr'><strong>organum</strong></span> <span class='ocrx_word' id='word_1_274' title='bbox 1855 3453 1984 3520; x_wconf 87' lang='lat' dir='ltr'><strong>cibi,</strong></span> 
     </span>
    </p>
   </div>
   <div class='ocr_carea' id='block_1_40' title="bbox 410 3537 1984 3610">
    <p class='ocr_par' dir='ltr' id='par_1_40' title="bbox 410 3537 1984 3610">
     <span class='ocr_line' id='line_1_40' title="bbox 410 3537 1984 3610; baseline 0.009 -28"><span class='ocrx_word' id='word_1_275' title='bbox 410 3546 653 3588; x_wconf 76' lang='lat' dir='ltr'><strong>ventrem</strong></span> <span class='ocrx_word' id='word_1_276' title='bbox 699 3537 900 3590; x_wconf 90' lang='lat' dir='ltr'><strong>nudum</strong></span> <span class='ocrx_word' id='word_1_277' title='bbox 954 3538 1020 3591; x_wconf 86' lang='lat' dir='ltr'><strong>ab</strong></span> <span class='ocrx_word' id='word_1_278' title='bbox 1065 3540 1210 3593; x_wconf 82' lang='lat' dir='ltr'><strong>muni</strong></span> <span class='ocrx_word' id='word_1_279' title='bbox 1258 3556 1482 3610; x_wconf 87' lang='lat' dir='ltr'><strong>prorsus</strong></span> <span class='ocrx_word' id='word_1_280' title='bbox 1533 3541 1769 3610; x_wconf 79' lang='lat' dir='ltr'><strong>ingluvie</strong></span> <span class='ocrx_word' id='word_1_281' title='bbox 1820 3543 1984 3596; x_wconf 73' lang='lat' dir='ltr'><strong>relin-</strong></span> 
     </span>
    </p>
   </div>
   <div class='ocr_carea' id='block_1_41' title="bbox 411 3615 1990 3699">
    <p class='ocr_par' dir='ltr' id='par_1_41' title="bbox 411 3615 1990 3699">
     <span class='ocr_line' id='line_1_41' title="bbox 411 3615 1990 3699; baseline 0.006 -21"><span class='ocrx_word' id='word_1_282' title='bbox 411 3615 606 3694; x_wconf 75' lang='lat' dir='ltr'><strong>quens,</strong></span> <span class='ocrx_word' id='word_1_283' title='bbox 643 3626 875 3697; x_wconf 88' lang='lat' dir='ltr'><strong>adipem,</strong></span> <span class='ocrx_word' id='word_1_284' title='bbox 912 3645 1031 3698; x_wconf 82' lang='lat' dir='ltr'><strong>qua:</strong></span> <span class='ocrx_word' id='word_1_285' title='bbox 1053 3630 1200 3684; x_wconf 89' lang='lat' dir='ltr'><strong>illum</strong></span> <span class='ocrx_word' id='word_1_286' title='bbox 1222 3633 1423 3699; x_wconf 82' lang='lat' dir='ltr'><strong>operit,</strong></span> <span class='ocrx_word' id='word_1_287' title='bbox 1450 3643 1594 3686; x_wconf 84' lang='lat' dir='ltr'><strong>recte</strong></span> <span class='ocrx_word' id='word_1_288' title='bbox 1623 3632 1814 3687; x_wconf 82' lang='lat' dir='ltr'><strong>aufert.</strong></span> <span class='ocrx_word' id='word_1_289' title='bbox 1847 3633 1990 3688; x_wconf 79' lang='lat' dir='ltr'><strong>Rur-</strong></span> 
     </span>
    </p>
   </div>
   <div class='ocr_carea' id='block_1_42' title="bbox 413 3717 1985 3793">
    <p class='ocr_par' dir='ltr' id='par_1_42' title="bbox 413 3717 1985 3793">
     <span class='ocr_line' id='line_1_42' title="bbox 413 3717 1985 3793; baseline 0.008 -27"><span class='ocrx_word' id='word_1_290' title='bbox 413 3730 508 3767; x_wconf 81' lang='lat' dir='ltr'><strong>sus</strong></span> <span class='ocrx_word' id='word_1_291' title='bbox 533 3723 712 3769; x_wconf 86' lang='lat' dir='ltr'><strong>autem</strong></span> <span class='ocrx_word' id='word_1_292' title='bbox 746 3733 866 3771; x_wconf 88' lang='lat' dir='ltr'><strong>cmn</strong></span> <span class='ocrx_word' id='word_1_293' title='bbox 897 3717 1011 3772; x_wconf 82' lang='lat' dir='ltr'><strong>ﬁeri</strong></span> <span class='ocrx_word' id='word_1_294' title='bbox 1056 3737 1158 3774; x_wconf 90' lang='lat' dir='ltr'><strong>non</strong></span> <span class='ocrx_word' id='word_1_295' title='bbox 1189 3723 1398 3788; x_wconf 80' lang='lat' dir='ltr'><strong>possit,</strong></span> <span class='ocrx_word' id='word_1_296' title='bbox 1431 3730 1490 3776; x_wconf 93' lang='lat' dir='ltr'><strong>ut</strong></span> <span class='ocrx_word' id='word_1_297' title='bbox 1522 3723 1814 3793; x_wconf 85' lang='lat' dir='ltr'><strong>quidquam</strong></span> <span class='ocrx_word' id='word_1_298' title='bbox 1862 3723 1985 3778; x_wconf 83' lang='lat' dir='ltr'><strong>boni</strong></span> 
     </span>
    </p>
   </div>
   <div class='ocr_carea' id='block_1_43' title="bbox 408 3807 1987 3881">
    <p class='ocr_par' dir='ltr' id='par_1_43' title="bbox 408 3807 1987 3881">
     <span class='ocr_line' id='line_1_43' title="bbox 408 3807 1987 3881; baseline 0.008 -25"><span class='ocrx_word' id='word_1_299' title='bbox 408 3819 791 3873; x_wconf 80' lang='lat' dir='ltr'><strong>assequamur,</strong></span> <span class='ocrx_word' id='word_1_300' title='bbox 836 3807 938 3862; x_wconf 90' lang='lat' dir='ltr'><strong>nisi</strong></span> <span class='ocrx_word' id='word_1_301' title='bbox 990 3811 1294 3866; x_wconf 82' lang='lat' dir='ltr'><strong>naturalem</strong></span> <span class='ocrx_word' id='word_1_302' title='bbox 1325 3811 1468 3866; x_wconf 88' lang='lat' dir='ltr'><strong>illius</strong></span> <span class='ocrx_word' id='word_1_303' title='bbox 1494 3813 1778 3881; x_wconf 88' lang='lat' dir='ltr'><strong>appetendi</strong></span> <span class='ocrx_word' id='word_1_304' title='bbox 1813 3814 1987 3868; x_wconf 79' lang='lat' dir='ltr'><strong>facul-</strong></span> 
     </span>
    </p>
   </div>
   <div class='ocr_carea' id='block_1_44' title="bbox 410 3894 1990 3972">
    <p class='ocr_par' dir='ltr' id='par_1_44' title="bbox 410 3894 1990 3972">
     <span class='ocr_line' id='line_1_44' title="bbox 410 3894 1990 3972; baseline 0.008 -26"><span class='ocrx_word' id='word_1_305' title='bbox 410 3901 577 3946; x_wconf 80' lang='lat' dir='ltr'><strong>tatem</strong></span> <span class='ocrx_word' id='word_1_306' title='bbox 617 3894 948 3962; x_wconf 87' lang='lat' dir='ltr'><strong>habeamus,</strong></span> <span class='ocrx_word' id='word_1_307' title='bbox 979 3898 1176 3952; x_wconf 87' lang='lat' dir='ltr'><strong>malam</strong></span> <span class='ocrx_word' id='word_1_308' title='bbox 1205 3901 1456 3969; x_wconf 84' lang='lat' dir='ltr'><strong>quidem,</strong></span> <span class='ocrx_word' id='word_1_309' title='bbox 1499 3903 1753 3972; x_wconf 82' lang='lat' dir='ltr'><strong>inquam,</strong></span> <span class='ocrx_word' id='word_1_310' title='bbox 1789 3918 1990 3958; x_wconf 73' lang='lat' dir='ltr'><strong>eoum.-</strong></span> 
     </span>
    </p>
   </div>
   <div class='ocr_carea' id='block_1_45' title="bbox 404 3982 1986 4062">
    <p class='ocr_par' dir='ltr' id='par_1_45' title="bbox 404 3982 1986 4062">
     <span class='ocr_line' id='line_1_45' title="bbox 404 3982 1986 4062; baseline 0.009 -29"><span class='ocrx_word' id='word_1_311' title='bbox 404 3982 687 4050; x_wconf 71' lang='lat' dir='ltr'><strong>piscentite</strong></span> <span class='ocrx_word' id='word_1_312' title='bbox 717 3987 978 4054; x_wconf 84' lang='lat' dir='ltr'><strong>speciem,</strong></span> <span class='ocrx_word' id='word_1_313' title='bbox 999 3987 1144 4042; x_wconf 91' lang='lat' dir='ltr'><strong>velut</strong></span> <span class='ocrx_word' id='word_1_314' title='bbox 1175 4001 1471 4045; x_wconf 78' lang='lat' dir='ltr'><strong>extremam</strong></span> <span class='ocrx_word' id='word_1_315' title='bbox 1506 4001 1712 4062; x_wconf 86' lang='lat' dir='ltr'><strong>partem</strong></span> <span class='ocrx_word' id='word_1_316' title='bbox 1745 4008 1866 4046; x_wconf 88' lang='lat' dir='ltr'><strong>cum</strong></span> <span class='ocrx_word' id='word_1_317' title='bbox 1894 3994 1986 4048; x_wconf 93' lang='lat' dir='ltr'><strong>bili</strong></span> 
     </span>
    </p>
   </div>
   <div class='ocr_carea' id='block_1_46' title="bbox 407 4074 1988 4152">
    <p class='ocr_par' dir='ltr' id='par_1_46' title="bbox 407 4074 1988 4152">
     <span class='ocr_line' id='line_1_46' title="bbox 407 4074 1988 4152; baseline 0.008 -27"><span class='ocrx_word' id='word_1_318' title='bbox 407 4084 654 4140; x_wconf 82' lang='lat' dir='ltr'><strong>resecat,</strong></span> <span class='ocrx_word' id='word_1_319' title='bbox 695 4074 894 4129; x_wconf 87' lang='lat' dir='ltr'><strong>bonum</strong></span> <span class='ocrx_word' id='word_1_320' title='bbox 925 4086 1105 4130; x_wconf 90' lang='lat' dir='ltr'><strong>autem</strong></span> <span class='ocrx_word' id='word_1_321' title='bbox 1146 4081 1212 4133; x_wconf 90' lang='lat' dir='ltr'><strong>ad</strong></span> <span class='ocrx_word' id='word_1_322' title='bbox 1263 4082 1492 4135; x_wconf 88' lang='lat' dir='ltr'><strong>virtutes</strong></span> <span class='ocrx_word' id='word_1_323' title='bbox 1535 4082 1988 4152; x_wconf 70' lang='lat' dir='ltr'><strong>concupiscentiae</strong></span> 
     </span>
    </p>
   </div>
   <div class='ocr_carea' id='block_1_47' title="bbox 399 4168 1988 4241">
    <p class='ocr_par' dir='ltr' id='par_1_47' title="bbox 399 4168 1988 4241">
     <span class='ocr_line' id='line_1_47' title="bbox 399 4168 1988 4241; baseline 0.006 -25"><span class='ocrx_word' id='word_1_324' title='bbox 399 4177 575 4232; x_wconf 72' lang='lat' dir='ltr'><strong>genus</strong></span> <span class='ocrx_word' id='word_1_325' title='bbox 638 4181 827 4234; x_wconf 89' lang='lat' dir='ltr'><strong>purum</strong></span> <span class='ocrx_word' id='word_1_326' title='bbox 884 4177 936 4222; x_wconf 87' lang='lat' dir='ltr'><strong>et</strong></span> <span class='ocrx_word' id='word_1_327' title='bbox 1005 4168 1268 4224; x_wconf 88' lang='lat' dir='ltr'><strong>intactqu</strong></span> <span class='ocrx_word' id='word_1_328' title='bbox 1323 4171 1602 4241; x_wconf 82' lang='lat' dir='ltr'><strong>relinquit.</strong></span> <span class='ocrx_word' id='word_1_329' title='bbox 1660 4173 1732 4226; x_wconf 84' lang='lat' dir='ltr'><strong>De</strong></span> <span class='ocrx_word' id='word_1_330' title='bbox 1771 4175 1988 4227; x_wconf 87' lang='lat' dir='ltr'><strong>renibus</strong></span> 
     </span>
    </p>
   </div>
   <div class='ocr_carea' id='block_1_48' title="bbox 402 4256 1986 4326">
    <p class='ocr_par' dir='ltr' id='par_1_48' title="bbox 402 4256 1986 4326">
     <span class='ocr_line' id='line_1_48' title="bbox 402 4256 1986 4326; baseline 0.006 -20"><span class='ocrx_word' id='word_1_331' title='bbox 402 4263 612 4318; x_wconf 83' lang='lat' dir='ltr'><strong>autem,</strong></span> <span class='ocrx_word' id='word_1_332' title='bbox 647 4256 904 4324; x_wconf 89' lang='lat' dir='ltr'><strong>quoniam</strong></span> <span class='ocrx_word' id='word_1_333' title='bbox 949 4271 1050 4312; x_wconf 88' lang='lat' dir='ltr'><strong>nec</strong></span> <span class='ocrx_word' id='word_1_334' title='bbox 1093 4259 1160 4313; x_wconf 89' lang='lat' dir='ltr'><strong>ad</strong></span> <span class='ocrx_word' id='word_1_335' title='bbox 1209 4260 1398 4325; x_wconf 90' lang='lat' dir='ltr'><strong>vitam,</strong></span> <span class='ocrx_word' id='word_1_336' title='bbox 1431 4269 1491 4315; x_wconf 91' lang='lat' dir='ltr'><strong>ut</strong></span> <span class='ocrx_word' id='word_1_337' title='bbox 1523 4271 1732 4326; x_wconf 82' lang='lat' dir='ltr'><strong>venter,</strong></span> <span class='ocrx_word' id='word_1_338' title='bbox 1777 4278 1876 4317; x_wconf 90' lang='lat' dir='ltr'><strong>nec</strong></span> <span class='ocrx_word' id='word_1_339' title='bbox 1919 4265 1986 4317; x_wconf 90' lang='lat' dir='ltr'><strong>ad</strong></span> 
     </span>
    </p>
   </div>
   <div class='ocr_carea' id='block_1_49' title="bbox 2009 3040 2059 3104">
    <p class='ocr_par' dir='ltr' id='par_1_49' title="bbox 2009 3040 2059 3104">
     <span class='ocr_line' id='line_1_49' title="bbox 2009 3040 2059 3104; baseline 0 -2"><span class='ocrx_word' id='word_1_340' title='bbox 2009 3040 2059 3104; x_wconf 86' lang='lat' dir='ltr'><strong>C</strong></span> 
     </span>
    </p>
   </div>
   <div class='ocr_carea' id='block_1_50' title="bbox 2093 430 3676 506">
    <p class='ocr_par' dir='ltr' id='par_1_50' title="bbox 2093 430 3676 506">
     <span class='ocr_line' id='line_1_50' title="bbox 2093 430 3676 506; baseline -0.003 -13"><span class='ocrx_word' id='word_1_341' title='bbox 2093 437 2444 500; x_wconf 83' lang='grc' dir='ltr'><strong>ἀπολαύσεως</strong></span> <span class='ocrx_word' id='word_1_342' title='bbox 2494 434 2628 506; x_wconf 75' lang='grc' dir='ltr'>ἔχει,</span> <span class='ocrx_word' id='word_1_343' title='bbox 2673 433 3006 500; x_wconf 76' lang='grc' dir='ltr'>ἐξουσιάζειν</span> <span class='ocrx_word' id='word_1_344' title='bbox 3048 433 3106 487; x_wconf 85' lang='grc' dir='ltr'>δὲ</span> <span class='ocrx_word' id='word_1_345' title='bbox 3151 434 3409 504; x_wconf 81' lang='grc' dir='ltr'>ἀκρατῶς</span> <span class='ocrx_word' id='word_1_346' title='bbox 3443 435 3558 505; x_wconf 77' lang='lat'><strong>(78)</strong></span> <span class='ocrx_word' id='word_1_347' title='bbox 3599 430 3676 490; x_wconf 84' lang='grc' dir='ltr'>ὧν</span> 
     </span>
    </p>
   </div>
   <div class='ocr_carea' id='block_1_51' title="bbox 2095 524 3676 600">
    <p class='ocr_par' dir='ltr' id='par_1_51' title="bbox 2095 524 3676 600">
     <span class='ocr_line' id='line_1_51' title="bbox 2095 524 3676 600; baseline -0.001 -18"><span class='ocrx_word' id='word_1_348' title='bbox 2095 529 2342 600; x_wconf 82' lang='grc' dir='ltr'>βούλεται</span> <span class='ocrx_word' id='word_1_349' title='bbox 2363 526 2653 581; x_wconf 82' lang='grc' dir='ltr'><strong>ἀπολαύειν</strong></span> <span class='ocrx_word' id='word_1_350' title='bbox 2678 525 2765 578; x_wconf 77' lang='grc' dir='ltr'><strong>ἀεὶ</strong></span> <span class='ocrx_word' id='word_1_351' title='bbox 2787 524 3114 595; x_wconf 77' lang='grc' dir='ltr'><strong>διδαχθεῖσα,</strong></span> <span class='ocrx_word' id='word_1_352' title='bbox 3141 524 3434 596; x_wconf 79' lang='grc' dir='ltr'><strong>ἀκόρεστος</strong></span> <span class='ocrx_word' id='word_1_353' title='bbox 3459 528 3572 598; x_wconf 74' lang='lat'><strong>(79;</strong></span> <span class='ocrx_word' id='word_1_354' title='bbox 3597 530 3676 592; x_wconf 79' lang='grc' dir='ltr'>εἰς</span> 
     </span>
    </p>
   </div>
   <div class='ocr_carea' id='block_1_52' title="bbox 2093 613 3676 688">
    <p class='ocr_par' dir='ltr' id='par_1_52' title="bbox 2093 613 3676 688">
     <span class='ocr_line' id='line_1_52' title="bbox 2093 613 3676 688; baseline -0.008 -16"><span class='ocrx_word' id='word_1_355' title='bbox 2093 619 2342 683; x_wconf 75' lang='grc' dir='ltr'>ἐξουσίαν</span> <span class='ocrx_word' id='word_1_356' title='bbox 2375 616 2511 688; x_wconf 80' lang='grc' dir='ltr'>πρὸς</span> <span class='ocrx_word' id='word_1_357' title='bbox 2531 617 2640 670; x_wconf 84' lang='grc' dir='ltr'>πᾶν</span> <span class='ocrx_word' id='word_1_358' title='bbox 2663 615 2724 668; x_wconf 82' lang='grc' dir='ltr'><strong>τὸ</strong></span> <span class='ocrx_word' id='word_1_359' title='bbox 2743 613 3077 686; x_wconf 85' lang='grc' dir='ltr'>ἐπιθυμηθέν</span> <span class='ocrx_word' id='word_1_360' title='bbox 3101 617 3462 688; x_wconf 81' lang='grc' dir='ltr'><strong>πολυμόρφως</strong></span> <span class='ocrx_word' id='word_1_361' title='bbox 3489 617 3676 686; x_wconf 77' lang='grc' dir='ltr'>ἐξάγε-</span> 
     </span>
    </p>
   </div>
   <div class='ocr_carea' id='block_1_53' title="bbox 2092 707 3677 782">
    <p class='ocr_par' dir='ltr' id='par_1_53' title="bbox 2092 707 3677 782">
     <span class='ocr_line' id='line_1_53' title="bbox 2092 707 3677 782; baseline -0.001 -17"><span class='ocrx_word' id='word_1_362' title='bbox 2092 729 2202 766; x_wconf 88' lang='grc' dir='ltr'>ται.</span> <span class='ocrx_word' id='word_1_363' title='bbox 2239 711 2330 764; x_wconf 87' lang='grc' dir='ltr'><strong>Διό</strong></span> <span class='ocrx_word' id='word_1_364' title='bbox 2362 726 2522 780; x_wconf 87' lang='grc' dir='ltr'>φασιν</span> <span class='ocrx_word' id='word_1_365' title='bbox 2553 708 2650 778; x_wconf 80' lang='grc' dir='ltr'><strong>οὐχ</strong></span> <span class='ocrx_word' id='word_1_366' title='bbox 2681 707 2822 761; x_wconf 80' lang='grc' dir='ltr'>οὕτω</span> <span class='ocrx_word' id='word_1_367' title='bbox 2843 707 3060 777; x_wconf 79' lang='grc' dir='ltr'>τέμνειν</span> <span class='ocrx_word' id='word_1_368' title='bbox 3089 709 3324 780; x_wconf 76' lang='grc' dir='ltr'>ἑκάστην</span> <span class='ocrx_word' id='word_1_369' title='bbox 3344 709 3449 780; x_wconf 82' lang='grc' dir='ltr'><strong>τῆς</strong></span> <span class='ocrx_word' id='word_1_370' title='bbox 3479 711 3677 782; x_wconf 65' lang='grc' dir='ltr'><strong>⁴ἡδονῆς</strong></span> 
     </span>
    </p>
   </div>
   <div class='ocr_carea' id='block_1_54' title="bbox 2094 798 3674 874">
    <p class='ocr_par' dir='ltr' id='par_1_54' title="bbox 2094 798 3674 874">
     <span class='ocr_line' id='line_1_54' title="bbox 2094 798 3674 874; baseline 0.001 -17"><span class='ocrx_word' id='word_1_371' title='bbox 2094 803 2358 874; x_wconf 83' lang='grc' dir='ltr'>κεφαλὴν,</span> <span class='ocrx_word' id='word_1_372' title='bbox 2389 801 2526 856; x_wconf 81' lang='grc' dir='ltr'>ἀλλὰ</span> <span class='ocrx_word' id='word_1_373' title='bbox 2555 800 2632 872; x_wconf 82' lang='grc' dir='ltr'>τῷ</span> <span class='ocrx_word' id='word_1_374' title='bbox 2650 800 2734 872; x_wconf 72' lang='grc' dir='ltr'><strong>,μὴ</strong></span> <span class='ocrx_word' id='word_1_375' title='bbox 2761 799 3081 874; x_wconf 80' lang='grc' dir='ltr'>χαρίζεσθαι</span> <span class='ocrx_word' id='word_1_376' title='bbox 3110 801 3172 855; x_wconf 82' lang='grc' dir='ltr'><strong>τὸ</strong></span> <span class='ocrx_word' id='word_1_377' title='bbox 3201 798 3327 874; x_wconf 72' lang='grc' dir='ltr'>ᾖδον</span> <span class='ocrx_word' id='word_1_378' title='bbox 3351 803 3443 858; x_wconf 83' lang='grc' dir='ltr'>διὰ</span> <span class='ocrx_word' id='word_1_379' title='bbox 3471 821 3674 874; x_wconf 80' lang='grc' dir='ltr'>καρτε-</span> 
     </span>
    </p>
   </div>
   <div class='ocr_carea' id='block_1_55' title="bbox 2099 895 2530 966">
    <p class='ocr_par' dir='ltr' id='par_1_55' title="bbox 2099 895 2530 966">
     <span class='ocr_line' id='line_1_55' title="bbox 2099 895 2530 966; baseline 0.002 -18"><span class='ocrx_word' id='word_1_380' title='bbox 2099 896 2219 966; x_wconf 89' lang='grc' dir='ltr'>ρίας</span> <span class='ocrx_word' id='word_1_381' title='bbox 2243 895 2530 966; x_wconf 77' lang='grc' dir='ltr'>προσήκει.</span> 
     </span>
    </p>
   </div>
   <div class='ocr_carea' id='block_1_56' title="bbox 2164 1157 3678 1230">
    <p class='ocr_par' dir='ltr' id='par_1_56' title="bbox 2164 1157 3678 1230">
     <span class='ocr_line' id='line_1_56' title="bbox 2164 1157 3678 1230; baseline -0.003 -14"><span class='ocrx_word' id='word_1_382' title='bbox 2164 1160 2254 1216; x_wconf 88' lang='lat'><strong>68.</strong></span> <span class='ocrx_word' id='word_1_383' title='bbox 2300 1160 2358 1216; x_wconf 85' lang='lat'><strong>&#39;0</strong></span> <span class='ocrx_word' id='word_1_384' title='bbox 2386 1159 2444 1213; x_wconf 79' lang='grc' dir='ltr'>δὲ</span> <span class='ocrx_word' id='word_1_385' title='bbox 2471 1159 2612 1223; x_wconf 82' lang='grc' dir='ltr'>θεῖος</span> <span class='ocrx_word' id='word_1_386' title='bbox 2638 1159 2796 1228; x_wconf 81' lang='grc' dir='ltr'><strong>λόγος</strong></span> <span class='ocrx_word' id='word_1_387' title='bbox 2821 1157 2911 1213; x_wconf 81' lang='grc' dir='ltr'><strong>τὸν</strong></span> <span class='ocrx_word' id='word_1_388' title='bbox 2939 1158 3080 1230; x_wconf 79' lang='grc' dir='ltr'>ὑπὲρ</span> <span class='ocrx_word' id='word_1_389' title='bbox 3119 1157 3422 1228; x_wconf 77' lang='grc' dir='ltr'>ἱερωσύνης</span> <span class='ocrx_word' id='word_1_390' title='bbox 3469 1157 3678 1229; x_wconf 80' lang='grc' dir='ltr'>μῦσχον</span> 
     </span>
    </p>
   </div>
   <div class='ocr_carea' id='block_1_57' title="bbox 2094 1248 3681 1326">
    <p class='ocr_par' dir='ltr' id='par_1_57' title="bbox 2094 1248 3681 1326">
     <span class='ocr_line' id='line_1_57' title="bbox 2094 1248 3681 1326; baseline -0.004 -18"><span class='ocrx_word' id='word_1_391' title='bbox 2094 1253 2246 1326; x_wconf 82' lang='grc' dir='ltr'>παρὰ</span> <span class='ocrx_word' id='word_1_392' title='bbox 2281 1253 2360 1324; x_wconf 83' lang='grc' dir='ltr'>τῷ</span> <span class='ocrx_word' id='word_1_393' title='bbox 2384 1251 2679 1322; x_wconf 78' lang='grc' dir='ltr'><strong>σοφωτάτῳ</strong></span> <span class='ocrx_word' id='word_1_394' title='bbox 2717 1252 2924 1323; x_wconf 82' lang='grc' dir='ltr'><strong>Μωῦσῇ</strong></span> <span class='ocrx_word' id='word_1_395' title='bbox 2955 1248 3290 1320; x_wconf 76' lang='grc' dir='ltr'>σφαγιάζων,</span> <span class='ocrx_word' id='word_1_396' title='bbox 3316 1249 3407 1302; x_wconf 83' lang='grc' dir='ltr'>διὰ</span> <span class='ocrx_word' id='word_1_397' title='bbox 3424 1250 3537 1302; x_wconf 87' lang='grc' dir='ltr'><strong>τῶν</strong></span> <span class='ocrx_word' id='word_1_398' title='bbox 3565 1250 3681 1304; x_wconf 84' lang='grc' dir='ltr'>ὁλο-</span> 
     </span>
    </p>
   </div>
   <div class='ocr_carea' id='block_1_58' title="bbox 2093 1339 3681 1415">
    <p class='ocr_par' dir='ltr' id='par_1_58' title="bbox 2093 1339 3681 1415">
     <span class='ocr_line' id='line_1_58' title="bbox 2093 1339 3681 1415; baseline -0.004 -17"><span class='ocrx_word' id='word_1_399' title='bbox 2093 1344 2479 1415; x_wconf 88' lang='grc' dir='ltr'>καυτουμένων</span> <span class='ocrx_word' id='word_1_400' title='bbox 2519 1341 2696 1413; x_wconf 84' lang='grc' dir='ltr'>μελῶν</span> <span class='ocrx_word' id='word_1_401' title='bbox 2727 1342 2818 1395; x_wconf 85' lang='grc' dir='ltr'><strong>τὸν</strong></span> <span class='ocrx_word' id='word_1_402' title='bbox 2839 1342 2939 1413; x_wconf 84' lang='grc' dir='ltr'><strong>τῆς</strong></span> <span class='ocrx_word' id='word_1_403' title='bbox 2966 1342 3251 1411; x_wconf 80' lang='grc' dir='ltr'>ἀσκήσεως</span> <span class='ocrx_word' id='word_1_404' title='bbox 3279 1339 3480 1410; x_wconf 72' lang='grc' dir='ltr'>τρόπον</span> <span class='ocrx_word' id='word_1_405' title='bbox 3513 1356 3681 1408; x_wconf 76' lang='grc' dir='ltr'>φυσι-</span> 
     </span>
    </p>
   </div>
   <div class='ocr_carea' id='block_1_59' title="bbox 2095 1430 3679 1502">
    <p class='ocr_par' dir='ltr' id='par_1_59' title="bbox 2095 1430 3679 1502">
     <span class='ocr_line' id='line_1_59' title="bbox 2095 1430 3679 1502; baseline -0.004 -13"><span class='ocrx_word' id='word_1_406' title='bbox 2095 1435 2206 1499; x_wconf 89' lang='grc' dir='ltr'><strong>κῶς</strong></span> <span class='ocrx_word' id='word_1_407' title='bbox 2229 1433 2580 1488; x_wconf 76' lang='grc' dir='ltr'>ὑπεδείκνυε·</span> <span class='ocrx_word' id='word_1_408' title='bbox 2619 1432 2712 1485; x_wconf 75' lang='grc' dir='ltr'>τοῦ</span> <span class='ocrx_word' id='word_1_409' title='bbox 2755 1431 2854 1502; x_wconf 80' lang='grc' dir='ltr'>μὲν</span> <span class='ocrx_word' id='word_1_410' title='bbox 2885 1432 3095 1502; x_wconf 83' lang='grc' dir='ltr'>ἦπατος</span> <span class='ocrx_word' id='word_1_411' title='bbox 3121 1431 3211 1485; x_wconf 84' lang='grc' dir='ltr'><strong>τὸν</strong></span> <span class='ocrx_word' id='word_1_412' title='bbox 3240 1430 3415 1495; x_wconf 82' lang='grc' dir='ltr'>λοὸὸν,</span> <span class='ocrx_word' id='word_1_413' title='bbox 3449 1432 3545 1484; x_wconf 76' lang='grc' dir='ltr'><strong>καὶ</strong></span> <span class='ocrx_word' id='word_1_414' title='bbox 3577 1432 3679 1501; x_wconf 79' lang='grc' dir='ltr'>οὐχ</span> 
     </span>
    </p>
   </div>
   <div class='ocr_carea' id='block_1_60' title="bbox 2093 1523 3682 1598">
    <p class='ocr_par' dir='ltr' id='par_1_60' title="bbox 2093 1523 3682 1598">
     <span class='ocr_line' id='line_1_60' title="bbox 2093 1523 3682 1598; baseline -0.003 -18"><span class='ocrx_word' id='word_1_415' title='bbox 2093 1527 2212 1581; x_wconf 83' lang='grc' dir='ltr'>ὅλον</span> <span class='ocrx_word' id='word_1_416' title='bbox 2252 1527 2312 1580; x_wconf 81' lang='grc' dir='ltr'>τὺ</span> <span class='ocrx_word' id='word_1_417' title='bbox 2342 1523 2516 1598; x_wconf 80' lang='grc' dir='ltr'>ἧπαρ,</span> <span class='ocrx_word' id='word_1_418' title='bbox 2558 1524 2654 1579; x_wconf 80' lang='grc' dir='ltr'>καὶ</span> <span class='ocrx_word' id='word_1_419' title='bbox 2685 1525 2782 1595; x_wconf 84' lang='grc' dir='ltr'><strong>τῆς</strong></span> <span class='ocrx_word' id='word_1_420' title='bbox 2821 1523 3026 1587; x_wconf 80' lang='grc' dir='ltr'>κοιλίας</span> <span class='ocrx_word' id='word_1_421' title='bbox 3057 1523 3119 1577; x_wconf 80' lang='grc' dir='ltr'><strong>τὸ</strong></span> <span class='ocrx_word' id='word_1_422' title='bbox 3154 1523 3428 1576; x_wconf 76' lang='grc' dir='ltr'>καλύπτον</span> <span class='ocrx_word' id='word_1_423' title='bbox 3470 1523 3682 1594; x_wconf 85' lang='grc' dir='ltr'>ταύτην</span> 
     </span>
    </p>
   </div>
   <div class='ocr_carea' id='block_1_61' title="bbox 2098 1613 3680 1689">
    <p class='ocr_par' dir='ltr' id='par_1_61' title="bbox 2098 1613 3680 1689">
     <span class='ocr_line' id='line_1_61' title="bbox 2098 1613 3680 1689; baseline -0.002 -18"><span class='ocrx_word' id='word_1_424' title='bbox 2098 1618 2286 1689; x_wconf 82' lang='grc' dir='ltr'>στέαρ,</span> <span class='ocrx_word' id='word_1_425' title='bbox 2318 1617 2411 1670; x_wconf 54' lang='grc' dir='ltr'><strong>καὶ⁵</strong></span> <span class='ocrx_word' id='word_1_426' title='bbox 2439 1617 2538 1670; x_wconf 84' lang='grc' dir='ltr'><strong>οὐκ</strong></span> <span class='ocrx_word' id='word_1_427' title='bbox 2560 1617 2729 1688; x_wconf 78' lang='grc' dir='ltr'>αὐτὴν</span> <span class='ocrx_word' id='word_1_428' title='bbox 2754 1616 2853 1687; x_wconf 83' lang='grc' dir='ltr'><strong>τὴν</strong></span> <span class='ocrx_word' id='word_1_429' title='bbox 2889 1615 3096 1670; x_wconf 77' lang='grc' dir='ltr'>κοιλίαν</span> <span class='ocrx_word' id='word_1_430' title='bbox 3119 1631 3132 1644; x_wconf 90' lang='grc'><strong>·</strong></span> <span class='ocrx_word' id='word_1_431' title='bbox 3163 1615 3273 1667; x_wconf 86' lang='grc' dir='ltr'><strong>τῶν</strong></span> <span class='ocrx_word' id='word_1_432' title='bbox 3294 1615 3350 1667; x_wconf 84' lang='grc' dir='ltr'>δὲ</span> <span class='ocrx_word' id='word_1_433' title='bbox 3380 1613 3596 1685; x_wconf 82' lang='grc' dir='ltr'>νεφρῶν</span> <span class='ocrx_word' id='word_1_434' title='bbox 3615 1615 3680 1668; x_wconf 80' lang='grc' dir='ltr'>οὐ</span> 
     </span>
    </p>
   </div>
   <div class='ocr_carea' id='block_1_62' title="bbox 2025 1696 3684 1781">
    <p class='ocr_par' dir='ltr' id='par_1_62' title="bbox 2025 1696 3684 1781">
     <span class='ocr_line' id='line_1_62' title="bbox 2025 1696 3684 1781; baseline 0 -20"><span class='ocrx_word' id='word_1_435' title='bbox 2025 1696 2067 1750; x_wconf 78' lang='grc' dir='ltr'><strong>Β</strong></span> <span class='ocrx_word' id='word_1_436' title='bbox 2090 1710 2154 1762; x_wconf 81' lang='grc' dir='ltr'>τὸ</span> <span class='ocrx_word' id='word_1_437' title='bbox 2188 1710 2355 1781; x_wconf 80' lang='grc' dir='ltr'>στέαρ</span> <span class='ocrx_word' id='word_1_438' title='bbox 2393 1709 2574 1778; x_wconf 83' lang='grc' dir='ltr'>μόνον,</span> <span class='ocrx_word' id='word_1_439' title='bbox 2600 1707 2739 1761; x_wconf 88' lang='grc' dir='ltr'><strong>ἀλλά</strong></span> <span class='ocrx_word' id='word_1_440' title='bbox 2758 1708 2852 1762; x_wconf 80' lang='grc' dir='ltr'>καὶ</span> <span class='ocrx_word' id='word_1_441' title='bbox 2877 1707 3076 1772; x_wconf 77' lang='grc' dir='ltr'>αὐτοὺς</span> <span class='ocrx_word' id='word_1_442' title='bbox 3107 1709 3205 1761; x_wconf 85' lang='grc' dir='ltr'><strong>σὺν</strong></span> <span class='ocrx_word' id='word_1_443' title='bbox 3225 1708 3303 1777; x_wconf 83' lang='grc' dir='ltr'><strong>τῷ</strong></span> <span class='ocrx_word' id='word_1_444' title='bbox 3332 1708 3518 1760; x_wconf 86' lang='grc' dir='ltr'>στέατι</span> <span class='ocrx_word' id='word_1_445' title='bbox 3546 1709 3684 1770; x_wconf 85' lang='grc' dir='ltr'>τοὺς</span> 
     </span>
    </p>
   </div>
   <div class='ocr_carea' id='block_1_63' title="bbox 2091 1798 3682 1872">
    <p class='ocr_par' dir='ltr' id='par_1_63' title="bbox 2091 1798 3682 1872">
     <span class='ocr_line' id='line_1_63' title="bbox 2091 1798 3682 1872; baseline -0.002 -18"><span class='ocrx_word' id='word_1_446' title='bbox 2091 1803 2323 1872; x_wconf 84' lang='grc' dir='ltr'>νεφροὺς</span> <span class='ocrx_word' id='word_1_447' title='bbox 2361 1799 2786 1854; x_wconf 82' lang='grc' dir='ltr'>ὀλοκαυτοῦσθαι</span> <span class='ocrx_word' id='word_1_448' title='bbox 2830 1799 3208 1872; x_wconf 87' lang='grc' dir='ltr'>προστάσσων.</span> <span class='ocrx_word' id='word_1_449' title='bbox 3264 1799 3387 1852; x_wconf 85' lang='grc' dir='ltr'>’Ότι</span> <span class='ocrx_word' id='word_1_450' title='bbox 3435 1798 3532 1851; x_wconf 81' lang='grc' dir='ltr'>τοῦ</span> <span class='ocrx_word' id='word_1_451' title='bbox 3575 1799 3682 1867; x_wconf 82' lang='grc' dir='ltr'>μὲν</span> 
     </span>
    </p>
   </div>
   <div class='ocr_carea' id='block_1_64' title="bbox 2089 1887 3684 1961">
    <p class='ocr_par' dir='ltr' id='par_1_64' title="bbox 2089 1887 3684 1961">
     <span class='ocr_line' id='line_1_64' title="bbox 2089 1887 3684 1961; baseline -0.003 -17"><span class='ocrx_word' id='word_1_452' title='bbox 2089 1891 2297 1961; x_wconf 77' lang='grc' dir='ltr'>ἥπατος</span> <span class='ocrx_word' id='word_1_453' title='bbox 2343 1889 2575 1960; x_wconf 80' lang='grc' dir='ltr'>ὀργάνου</span> <span class='ocrx_word' id='word_1_454' title='bbox 2628 1888 2922 1959; x_wconf 75' lang='grc' dir='ltr'>ἐπιθυμίας</span> <span class='ocrx_word' id='word_1_455' title='bbox 2956 1888 3290 1958; x_wconf 75' lang='grc' dir='ltr'>ὑπάρχοντος</span> <span class='ocrx_word' id='word_1_456' title='bbox 3327 1887 3469 1958; x_wconf 87' lang='grc' dir='ltr'>(καθ’</span> <span class='ocrx_word' id='word_1_457' title='bbox 3515 1887 3544 1939; x_wconf 87' lang='grc' dir='ltr'><strong>ὂ</strong></span> <span class='ocrx_word' id='word_1_458' title='bbox 3582 1887 3684 1939; x_wconf 75' lang='grc' dir='ltr'><strong>καὶ</strong></span> 
     </span>
    </p>
   </div>
   <div class='ocr_carea' id='block_1_65' title="bbox 2091 1979 3684 2052">
    <p class='ocr_par' dir='ltr' id='par_1_65' title="bbox 2091 1979 3684 2052">
     <span class='ocr_line' id='line_1_65' title="bbox 2091 1979 3684 2052; baseline 0 -20"><span class='ocrx_word' id='word_1_459' title='bbox 2091 1981 2220 2052; x_wconf 79' lang='grc' dir='ltr'>περὶ</span> <span class='ocrx_word' id='word_1_460' title='bbox 2249 1979 2344 2032; x_wconf 85' lang='grc' dir='ltr'><strong>τοῦ</strong></span> <span class='ocrx_word' id='word_1_461' title='bbox 2371 1979 2555 2044; x_wconf 86' lang='grc' dir='ltr'>κακῶς</span> <span class='ocrx_word' id='word_1_462' title='bbox 2596 1979 2734 2051; x_wconf 81' lang='grc' dir='ltr'>πρὸς</span> <span class='ocrx_word' id='word_1_463' title='bbox 2771 1979 3064 2049; x_wconf 81' lang='grc' dir='ltr'>ἐπιθυμίαν</span> <span class='ocrx_word' id='word_1_464' title='bbox 3097 1979 3382 2049; x_wconf 80' lang='grc' dir='ltr'>βληθέντος</span> <span class='ocrx_word' id='word_1_465' title='bbox 3422 1979 3488 2032; x_wconf 83' lang='grc' dir='ltr'><strong>ἂν</strong></span> <span class='ocrx_word' id='word_1_466' title='bbox 3520 1981 3684 2051; x_wconf 75' lang='grc' dir='ltr'>εἴρη-</span> 
     </span>
    </p>
   </div>
   <div class='ocr_carea' id='block_1_66' title="bbox 2089 2071 3686 2142">
    <p class='ocr_par' dir='ltr' id='par_1_66' title="bbox 2089 2071 3686 2142">
     <span class='ocr_line' id='line_1_66' title="bbox 2089 2071 3686 2142; baseline 0 -18"><span class='ocrx_word' id='word_1_467' title='bbox 2089 2089 2200 2135; x_wconf 90' lang='grc' dir='ltr'>ται,</span> <span class='ocrx_word' id='word_1_468' title='bbox 2224 2074 2306 2126; x_wconf 85' lang='grc' dir='ltr'><strong>ὅτι</strong></span> <span class='ocrx_word' id='word_1_469' title='bbox 2334 2075 2484 2139; x_wconf 86' lang='grc' dir='ltr'><strong>Ἔσῃ</strong></span> <span class='ocrx_word' id='word_1_470' title='bbox 2516 2073 2598 2139; x_wconf 86' lang='grc' dir='ltr'>ὡς</span> <span class='ocrx_word' id='word_1_471' title='bbox 2629 2072 2854 2142; x_wconf 65' lang='grc' dir='ltr'>ἔλαφος</span> <span class='ocrx_word' id='word_1_472' title='bbox 2891 2071 3204 2140; x_wconf 80' lang='grc' dir='ltr'>τοξεύματι</span> <span class='ocrx_word' id='word_1_473' title='bbox 3229 2071 3559 2140; x_wconf 73' lang='grc' dir='ltr'>,πεπληγὼς</span> <span class='ocrx_word' id='word_1_474' title='bbox 3589 2075 3686 2138; x_wconf 82' lang='grc' dir='ltr'>εις</span> 
     </span>
    </p>
   </div>
   <div class='ocr_carea' id='block_1_67' title="bbox 2089 2160 3683 2236">
    <p class='ocr_par' dir='ltr' id='par_1_67' title="bbox 2089 2160 3683 2236">
     <span class='ocr_line' id='line_1_67' title="bbox 2089 2160 3683 2236; baseline 0.001 -20"><span class='ocrx_word' id='word_1_475' title='bbox 2089 2163 2158 2216; x_wconf 81' lang='grc' dir='ltr'>τὸ</span> <span class='ocrx_word' id='word_1_476' title='bbox 2185 2160 2390 2234; x_wconf 80' lang='grc' dir='ltr'>ἧπαρ),</span> <span class='ocrx_word' id='word_1_477' title='bbox 2423 2164 2675 2236; x_wconf 83' lang='grc' dir='ltr'>καθάπερ</span> <span class='ocrx_word' id='word_1_478' title='bbox 2700 2164 2873 2228; x_wconf 80' lang='grc' dir='ltr'>λοϐὸν,</span> <span class='ocrx_word' id='word_1_479' title='bbox 2901 2163 2998 2235; x_wconf 82' lang='grc' dir='ltr'><strong>τὴν</strong></span> <span class='ocrx_word' id='word_1_480' title='bbox 3030 2164 3201 2235; x_wconf 81' lang='grc' dir='ltr'>ίδικὴν</span> <span class='ocrx_word' id='word_1_481' title='bbox 3233 2163 3367 2233; x_wconf 73' lang='grc' dir='ltr'>πρὸς</span> <span class='ocrx_word' id='word_1_482' title='bbox 3397 2164 3683 2234; x_wconf 79' lang='grc' dir='ltr'>ἁμαρτίαν</span> 
     </span>
    </p>
   </div>
   <div class='ocr_carea' id='block_1_68' title="bbox 2089 2251 3685 2331">
    <p class='ocr_par' dir='ltr' id='par_1_68' title="bbox 2089 2251 3685 2331">
     <span class='ocr_line' id='line_1_68' title="bbox 2089 2251 3685 2331; baseline -0.001 -22"><span class='ocrx_word' id='word_1_483' title='bbox 2089 2257 2386 2327; x_wconf 84' lang='grc' dir='ltr'>ἐπιθυμίαν</span> <span class='ocrx_word' id='word_1_484' title='bbox 2423 2258 2612 2328; x_wconf 89' lang='grc' dir='ltr'>μόνην,</span> <span class='ocrx_word' id='word_1_485' title='bbox 2648 2258 2705 2311; x_wconf 86' lang='grc' dir='ltr'><strong>ἐν</strong></span> <span class='ocrx_word' id='word_1_486' title='bbox 2805 2257 2898 2310; x_wconf 73' lang='grc' dir='ltr'>καὶ</span> <span class='ocrx_word' id='word_1_487' title='bbox 2941 2257 2974 2328; x_wconf 84' lang='grc' dir='ltr'><strong>ή</strong></span> <span class='ocrx_word' id='word_1_488' title='bbox 3007 2255 3139 2327; x_wconf 79' lang='grc' dir='ltr'>χολὴ</span> <span class='ocrx_word' id='word_1_489' title='bbox 3180 2255 3518 2327; x_wconf 83' lang='grc' dir='ltr'>εὑρίσκεται,</span> <span class='ocrx_word' id='word_1_490' title='bbox 3561 2256 3685 2308; x_wconf 81' lang='grc' dir='ltr'>ὁλο-</span> 
     </span>
    </p>
   </div>
   <div class='ocr_carea' id='block_1_69' title="bbox 2089 2349 3684 2422">
    <p class='ocr_par' dir='ltr' id='par_1_69' title="bbox 2089 2349 3684 2422">
     <span class='ocr_line' id='line_1_69' title="bbox 2089 2349 3684 2422; baseline 0 -19"><span class='ocrx_word' id='word_1_491' title='bbox 2089 2349 2343 2414; x_wconf 81' lang='grc' dir='ltr'>καυτοῦν,</span> <span class='ocrx_word' id='word_1_492' title='bbox 2374 2351 2474 2420; x_wconf 81' lang='grc' dir='ltr'>τὴν</span> <span class='ocrx_word' id='word_1_493' title='bbox 2497 2350 2554 2403; x_wconf 88' lang='grc' dir='ltr'><strong>δέ</strong></span> <span class='ocrx_word' id='word_1_494' title='bbox 2586 2350 2776 2422; x_wconf 83' lang='grc' dir='ltr'>λοιπὴν</span> <span class='ocrx_word' id='word_1_495' title='bbox 2803 2349 3048 2422; x_wconf 89' lang='grc' dir='ltr'>καθαράν</span> <span class='ocrx_word' id='word_1_496' title='bbox 3078 2349 3241 2420; x_wconf 83' lang='grc' dir='ltr'>χολῆς</span> <span class='ocrx_word' id='word_1_497' title='bbox 3270 2351 3365 2402; x_wconf 78' lang='grc' dir='ltr'><strong>καὶ</strong></span> <span class='ocrx_word' id='word_1_498' title='bbox 3395 2349 3684 2420; x_wconf 76' lang='grc' dir='ltr'>μοχθηρᾶς</span> 
     </span>
    </p>
   </div>
   <div class='ocr_carea' id='block_1_70' title="bbox 2089 2440 3683 2514">
    <p class='ocr_par' dir='ltr' id='par_1_70' title="bbox 2089 2440 3683 2514">
     <span class='ocr_line' id='line_1_70' title="bbox 2089 2440 3683 2514; baseline -0.003 -18"><span class='ocrx_word' id='word_1_499' title='bbox 2089 2443 2386 2514; x_wconf 81' lang='grc' dir='ltr'>ἐπιθυμίας</span> <span class='ocrx_word' id='word_1_500' title='bbox 2417 2444 2498 2505; x_wconf 87' lang='grc' dir='ltr'>εἰς</span> <span class='ocrx_word' id='word_1_501' title='bbox 2524 2441 2621 2513; x_wconf 82' lang='grc' dir='ltr'><strong>τὴν</strong></span> <span class='ocrx_word' id='word_1_502' title='bbox 2651 2441 2760 2494; x_wconf 84' lang='grc' dir='ltr'><strong>τῶν</strong></span> <span class='ocrx_word' id='word_1_503' title='bbox 2782 2441 2967 2494; x_wconf 84' lang='grc' dir='ltr'>καλῶν</span> <span class='ocrx_word' id='word_1_504' title='bbox 2997 2440 3291 2511; x_wconf 79' lang='grc' dir='ltr'>ἐπιθυμίαν</span> <span class='ocrx_word' id='word_1_505' title='bbox 3323 2442 3516 2509; x_wconf 83' lang='grc' dir='ltr'>τηρεῖν</span> <span class='ocrx_word' id='word_1_506' title='bbox 3538 2440 3683 2492; x_wconf 73' lang='grc' dir='ltr'>κατὰ</span> 
     </span>
    </p>
   </div>
   <div class='ocr_carea' id='block_1_71' title="bbox 2089 2531 3682 2606">
    <p class='ocr_par' dir='ltr' id='par_1_71' title="bbox 2089 2531 3682 2606">
     <span class='ocr_line' id='line_1_71' title="bbox 2089 2531 3682 2606; baseline -0.003 -18"><span class='ocrx_word' id='word_1_507' title='bbox 2089 2534 2250 2604; x_wconf 87' lang='grc' dir='ltr'>φύσιν</span> <span class='ocrx_word' id='word_1_508' title='bbox 2285 2535 2574 2606; x_wconf 88' lang='grc' dir='ltr'>προσήκει,</span> <span class='ocrx_word' id='word_1_509' title='bbox 2598 2533 2700 2604; x_wconf 87' lang='grc' dir='ltr'><strong>τῆς</strong></span> <span class='ocrx_word' id='word_1_510' title='bbox 2721 2533 2778 2585; x_wconf 87' lang='grc' dir='ltr'>δὲ</span> <span class='ocrx_word' id='word_1_511' title='bbox 2800 2531 3008 2596; x_wconf 87' lang='grc' dir='ltr'>κοιλίας</span> <span class='ocrx_word' id='word_1_512' title='bbox 3032 2531 3095 2584; x_wconf 81' lang='grc' dir='ltr'><strong>τὸ</strong></span> <span class='ocrx_word' id='word_1_513' title='bbox 3117 2532 3367 2603; x_wconf 84' lang='grc' dir='ltr'>περιττὸν</span> <span class='ocrx_word' id='word_1_514' title='bbox 3395 2531 3520 2584; x_wconf 86' lang='grc' dir='ltr'>ὅθεν</span> <span class='ocrx_word' id='word_1_515' title='bbox 3543 2532 3682 2603; x_wconf 73' lang='grc' dir='ltr'>πρὸς</span> 
     </span>
    </p>
   </div>
   <div class='ocr_carea' id='block_1_72' title="bbox 2088 2623 3683 2696">
    <p class='ocr_par' dir='ltr' id='par_1_72' title="bbox 2088 2623 3683 2696">
     <span class='ocr_line' id='line_1_72' title="bbox 2088 2623 3683 2696; baseline -0.002 -17"><span class='ocrx_word' id='word_1_516' title='bbox 2088 2625 2309 2694; x_wconf 85' lang='grc' dir='ltr'>ἀλογίαν</span> <span class='ocrx_word' id='word_1_517' title='bbox 2331 2624 2651 2696; x_wconf 82' lang='grc' dir='ltr'>πιαινόμεθα</span> <span class='ocrx_word' id='word_1_518' title='bbox 2681 2623 3069 2695; x_wconf 79' lang='grc' dir='ltr'>ἀφαιροῦντας,</span> <span class='ocrx_word' id='word_1_519' title='bbox 3097 2624 3158 2676; x_wconf 77' lang='grc' dir='ltr'>τὸ</span> <span class='ocrx_word' id='word_1_520' title='bbox 3188 2624 3485 2692; x_wconf 86' lang='grc' dir='ltr'>ἀναγκαῖον</span> <span class='ocrx_word' id='word_1_521' title='bbox 3514 2623 3683 2692; x_wconf 80' lang='grc' dir='ltr'>μόνον</span> 
     </span>
    </p>
   </div>
   <div class='ocr_carea' id='block_1_73' title="bbox 2090 2715 3683 2788">
    <p class='ocr_par' dir='ltr' id='par_1_73' title="bbox 2090 2715 3683 2788">
     <span class='ocr_line' id='line_1_73' title="bbox 2090 2715 3683 2788; baseline -0.002 -18"><span class='ocrx_word' id='word_1_522' title='bbox 2090 2717 2409 2788; x_wconf 87' lang='grc' dir='ltr'>φυλάττειν·</span> <span class='ocrx_word' id='word_1_523' title='bbox 2451 2717 2544 2770; x_wconf 81' lang='grc' dir='ltr'>ἐπὶ</span> <span class='ocrx_word' id='word_1_524' title='bbox 2574 2716 2634 2770; x_wconf 80' lang='grc' dir='ltr'>δὲ</span> <span class='ocrx_word' id='word_1_525' title='bbox 2667 2716 2779 2770; x_wconf 88' lang='grc' dir='ltr'><strong>τῶν</strong></span> <span class='ocrx_word' id='word_1_526' title='bbox 2817 2716 3052 2788; x_wconf 81' lang='grc' dir='ltr'>νεφρῶν,</span> <span class='ocrx_word' id='word_1_527' title='bbox 3102 2715 3164 2768; x_wconf 81' lang='grc' dir='ltr'><strong>οὐ</strong></span> <span class='ocrx_word' id='word_1_528' title='bbox 3202 2715 3265 2768; x_wconf 86' lang='grc' dir='ltr'><strong>τὸ</strong></span> <span class='ocrx_word' id='word_1_529' title='bbox 3312 2715 3480 2786; x_wconf 88' lang='grc' dir='ltr'>στέαρ</span> <span class='ocrx_word' id='word_1_530' title='bbox 3518 2715 3683 2785; x_wconf 85' lang='grc' dir='ltr'>μόνον</span> 
     </span>
    </p>
   </div>
   <div class='ocr_carea' id='block_1_74' title="bbox 2047 2805 3686 2879">
    <p class='ocr_par' dir='ltr' id='par_1_74' title="bbox 2047 2805 3686 2879">
     <span class='ocr_line' id='line_1_74' title="bbox 2047 2805 3686 2879; baseline -0.002 -17"><span class='ocrx_word' id='word_1_531' title='bbox 2047 2825 2053 2831; x_wconf 90' lang='grc'><strong>·</strong></span> <span class='ocrx_word' id='word_1_532' title='bbox 2087 2809 2226 2862; x_wconf 82' lang='grc' dir='ltr'>πολὺ</span> <span class='ocrx_word' id='word_1_533' title='bbox 2267 2808 2469 2879; x_wconf 88' lang='grc' dir='ltr'>πλῆθος</span> <span class='ocrx_word' id='word_1_534' title='bbox 2519 2810 2599 2871; x_wconf 87' lang='grc' dir='ltr'><strong>είς</strong></span> <span class='ocrx_word' id='word_1_535' title='bbox 2648 2808 2944 2864; x_wconf 82' lang='grc' dir='ltr'>ἀκολασίαν</span> <span class='ocrx_word' id='word_1_536' title='bbox 2987 2807 3278 2878; x_wconf 74' lang='grc' dir='ltr'>ἐξαφρίζον</span> <span class='ocrx_word' id='word_1_537' title='bbox 3319 2806 3507 2876; x_wconf 86' lang='grc' dir='ltr'>γονῆς,</span> <span class='ocrx_word' id='word_1_538' title='bbox 3545 2805 3686 2858; x_wconf 83' lang='grc' dir='ltr'><strong>ἀλλὰ</strong></span> 
     </span>
    </p>
   </div>
   <div class='ocr_carea' id='block_1_75' title="bbox 2087 2897 3685 2970">
    <p class='ocr_par' dir='ltr' id='par_1_75' title="bbox 2087 2897 3685 2970">
     <span class='ocr_line' id='line_1_75' title="bbox 2087 2897 3685 2970; baseline -0.003 -17"><span class='ocrx_word' id='word_1_539' title='bbox 2087 2899 2183 2954; x_wconf 72' lang='grc' dir='ltr'><strong>καὶ</strong></span> <span class='ocrx_word' id='word_1_540' title='bbox 2234 2901 2432 2963; x_wconf 78' lang='grc' dir='ltr'>αὐτοὺς</span> <span class='ocrx_word' id='word_1_541' title='bbox 2482 2900 2606 2962; x_wconf 77' lang='grc' dir='ltr'>τοὺς</span> <span class='ocrx_word' id='word_1_542' title='bbox 2648 2899 2882 2970; x_wconf 80' lang='grc' dir='ltr'>νεφροὺς</span> <span class='ocrx_word' id='word_1_543' title='bbox 2929 2897 3307 2964; x_wconf 77' lang='grc' dir='ltr'>καθαγιάζειν·</span> <span class='ocrx_word' id='word_1_544' title='bbox 3363 2897 3685 2966; x_wconf 83' lang='grc' dir='ltr'>φυσικώτα-</span> 
     </span>
    </p>
   </div>
   <div class='ocr_carea' id='block_1_76' title="bbox 2086 2985 3686 3062">
    <p class='ocr_par' dir='ltr' id='par_1_76' title="bbox 2086 2985 3686 3062">
     <span class='ocr_line' id='line_1_76' title="bbox 2086 2985 3686 3062; baseline -0.004 -19"><span class='ocrx_word' id='word_1_545' title='bbox 2086 3008 2155 3044; x_wconf 90' lang='grc' dir='ltr'><strong>τα</strong></span> <span class='ocrx_word' id='word_1_546' title='bbox 2187 2990 2319 3060; x_wconf 87' lang='lat'><strong>(80).</strong></span> <span class='ocrx_word' id='word_1_547' title='bbox 2347 2990 2511 3060; x_wconf 81' lang='grc' dir='ltr'>φημὶ,</span> <span class='ocrx_word' id='word_1_548' title='bbox 2543 2989 2671 3062; x_wconf 88' lang='grc' dir='ltr'>περί</span> <span class='ocrx_word' id='word_1_549' title='bbox 2701 3006 2760 3042; x_wconf 89' lang='grc' dir='ltr'><strong>τε</strong></span> <span class='ocrx_word' id='word_1_550' title='bbox 2789 2989 2883 3042; x_wconf 79' lang='grc' dir='ltr'><strong>τοῦ</strong></span> <span class='ocrx_word' id='word_1_551' title='bbox 2907 2987 3202 3058; x_wconf 81' lang='grc' dir='ltr'>ἀναγκαίου</span> <span class='ocrx_word' id='word_1_552' title='bbox 3226 2986 3363 3058; x_wconf 87' lang='grc' dir='ltr'>πρὸς</span> <span class='ocrx_word' id='word_1_553' title='bbox 3388 2985 3561 3058; x_wconf 74' lang='grc' dir='ltr'>ζωὴν,</span> <span class='ocrx_word' id='word_1_554' title='bbox 3589 2985 3686 3039; x_wconf 78' lang='grc' dir='ltr'>καὶ</span> 
     </span>
    </p>
   </div>
   <div class='ocr_carea' id='block_1_77' title="bbox 2090 3079 3686 3154">
    <p class='ocr_par' dir='ltr' id='par_1_77' title="bbox 2090 3079 3686 3154">
     <span class='ocr_line' id='line_1_77' title="bbox 2090 3079 3686 3154; baseline -0.002 -19"><span class='ocrx_word' id='word_1_555' title='bbox 2090 3082 2186 3136; x_wconf 82' lang='grc' dir='ltr'><strong>τοῦ</strong></span> <span class='ocrx_word' id='word_1_556' title='bbox 2218 3082 2509 3151; x_wconf 84' lang='grc' dir='ltr'>φιλοκάλου</span> <span class='ocrx_word' id='word_1_557' title='bbox 2544 3082 2682 3154; x_wconf 86' lang='grc' dir='ltr'>πρὸς</span> <span class='ocrx_word' id='word_1_558' title='bbox 2713 3083 3038 3152; x_wconf 87' lang='grc' dir='ltr'>ἐπιθυμίαν,</span> <span class='ocrx_word' id='word_1_559' title='bbox 3069 3083 3162 3135; x_wconf 80' lang='grc' dir='ltr'>καὶ</span> <span class='ocrx_word' id='word_1_560' title='bbox 3193 3079 3285 3133; x_wconf 81' lang='grc' dir='ltr'>τοῦ</span> <span class='ocrx_word' id='word_1_561' title='bbox 3313 3079 3447 3151; x_wconf 75' lang='grc' dir='ltr'>πρὸς</span> <span class='ocrx_word' id='word_1_562' title='bbox 3472 3096 3686 3148; x_wconf 85' lang='grc' dir='ltr'>σωφρο-</span> 
     </span>
    </p>
   </div>
   <div class='ocr_carea' id='block_1_78' title="bbox 2092 3169 3684 3245">
    <p class='ocr_par' dir='ltr' id='par_1_78' title="bbox 2092 3169 3684 3245">
     <span class='ocr_line' id='line_1_78' title="bbox 2092 3169 3684 3245; baseline -0.003 -21"><span class='ocrx_word' id='word_1_563' title='bbox 2092 3171 2256 3244; x_wconf 89' lang='grc' dir='ltr'>σύνην</span> <span class='ocrx_word' id='word_1_564' title='bbox 2301 3171 2545 3244; x_wconf 84' lang='grc' dir='ltr'>καθαροῦ</span> <span class='ocrx_word' id='word_1_565' title='bbox 2590 3172 2954 3244; x_wconf 79' lang='grc' dir='ltr'>αἰνιξάμενος.</span> <span class='ocrx_word' id='word_1_566' title='bbox 2998 3171 3215 3245; x_wconf 75' lang='grc' dir='ltr'>Ἐπειδὴ</span> <span class='ocrx_word' id='word_1_567' title='bbox 3256 3173 3363 3243; x_wconf 84' lang='grc' dir='ltr'><strong>γὰρ</strong></span> <span class='ocrx_word' id='word_1_568' title='bbox 3411 3169 3684 3223; x_wconf 84' lang='grc' dir='ltr'>ἀδύνατον</span> 
     </span>
    </p>
   </div>
   <div class='ocr_carea' id='block_1_79' title="bbox 2085 3259 3685 3333">
    <p class='ocr_par' dir='ltr' id='par_1_79' title="bbox 2085 3259 3685 3333">
     <span class='ocr_line' id='line_1_79' title="bbox 2085 3259 3685 3333; baseline -0.003 -19"><span class='ocrx_word' id='word_1_569' title='bbox 2085 3263 2258 3332; x_wconf 78' lang='grc' dir='ltr'>χωρὶς</span> <span class='ocrx_word' id='word_1_570' title='bbox 2288 3263 2494 3333; x_wconf 82' lang='grc' dir='ltr'>τροφῆς</span> <span class='ocrx_word' id='word_1_571' title='bbox 2542 3263 2601 3315; x_wconf 84' lang='grc' dir='ltr'><strong>ἐν</strong></span> <span class='ocrx_word' id='word_1_572' title='bbox 2641 3261 2853 3333; x_wconf 87' lang='grc' dir='ltr'>σώματι</span> <span class='ocrx_word' id='word_1_573' title='bbox 2885 3261 3005 3333; x_wconf 76' lang='grc' dir='ltr'>ζῇν,</span> <span class='ocrx_word' id='word_1_574' title='bbox 3039 3261 3102 3314; x_wconf 83' lang='grc' dir='ltr'>τὸ</span> <span class='ocrx_word' id='word_1_575' title='bbox 3145 3260 3374 3332; x_wconf 76' lang='grc' dir='ltr'>ὄργανον</span> <span class='ocrx_word' id='word_1_576' title='bbox 3414 3259 3516 3328; x_wconf 87' lang='grc' dir='ltr'><strong>τῆς</strong></span> <span class='ocrx_word' id='word_1_577' title='bbox 3552 3275 3685 3331; x_wconf 86' lang='grc' dir='ltr'>τρο-</span> 
     </span>
    </p>
   </div>
   <div class='ocr_carea' id='block_1_80' title="bbox 2089 3352 3688 3427">
    <p class='ocr_par' dir='ltr' id='par_1_80' title="bbox 2089 3352 3688 3427">
     <span class='ocr_line' id='line_1_80' title="bbox 2089 3352 3688 3427; baseline -0.016 -5"><span class='ocrx_word' id='word_1_578' title='bbox 2089 3356 2218 3427; x_wconf 71' lang='grc' dir='ltr'><strong>φῆςν</strong></span> <span class='ocrx_word' id='word_1_579' title='bbox 2253 3355 2350 3427; x_wconf 79' lang='grc' dir='ltr'>τὴν</span> <span class='ocrx_word' id='word_1_580' title='bbox 2383 3355 2613 3419; x_wconf 81' lang='grc' dir='ltr'>κοιλίαν,</span> <span class='ocrx_word' id='word_1_581' title='bbox 2645 3355 2808 3426; x_wconf 71' lang='grc' dir='ltr'>φημὶ,</span> <span class='ocrx_word' id='word_1_582' title='bbox 2838 3355 3052 3425; x_wconf 82' lang='grc' dir='ltr'>γυμνὴν</span> <span class='ocrx_word' id='word_1_583' title='bbox 3081 3352 3206 3406; x_wconf 82' lang='grc' dir='ltr'>ἄνευ</span> <span class='ocrx_word' id='word_1_584' title='bbox 3242 3352 3422 3421; x_wconf 83' lang='grc' dir='ltr'>πάσης</span> <span class='ocrx_word' id='word_1_585' title='bbox 3449 3367 3688 3422; x_wconf 76' lang='grc' dir='ltr'>γαστρι-</span> 
     </span>
    </p>
   </div>
   <div class='ocr_carea' id='block_1_81' title="bbox 2092 3443 3689 3518">
    <p class='ocr_par' dir='ltr' id='par_1_81' title="bbox 2092 3443 3689 3518">
     <span class='ocr_line' id='line_1_81' title="bbox 2092 3443 3689 3518; baseline -0.003 -17"><span class='ocrx_word' id='word_1_586' title='bbox 2092 3447 2332 3518; x_wconf 88' lang='grc' dir='ltr'>μαργίας</span> <span class='ocrx_word' id='word_1_587' title='bbox 2355 3446 2690 3511; x_wconf 84' lang='grc' dir='ltr'>καταλιπὼν,</span> <span class='ocrx_word' id='word_1_588' title='bbox 2715 3447 2775 3500; x_wconf 83' lang='grc' dir='ltr'><strong>τὸ</strong></span> <span class='ocrx_word' id='word_1_589' title='bbox 2798 3445 3165 3500; x_wconf 86' lang='grc' dir='ltr'>ἐπικαλύπτον</span> <span class='ocrx_word' id='word_1_590' title='bbox 3194 3445 3359 3514; x_wconf 87' lang='grc' dir='ltr'>στέαρ</span> <span class='ocrx_word' id='word_1_591' title='bbox 3383 3443 3560 3514; x_wconf 74' lang='grc' dir='ltr'>αὐτὴν</span> <span class='ocrx_word' id='word_1_592' title='bbox 3593 3459 3689 3497; x_wconf 69' lang='grc' dir='ltr'>καρ-</span> 
     </span>
    </p>
   </div>
   <div class='ocr_carea' id='block_1_82' title="bbox 2089 3533 3688 3608">
    <p class='ocr_par' dir='ltr' id='par_1_82' title="bbox 2089 3533 3688 3608">
     <span class='ocr_line' id='line_1_82' title="bbox 2089 3533 3688 3608; baseline -0.001 -20"><span class='ocrx_word' id='word_1_593' title='bbox 2089 3535 2196 3598; x_wconf 88' lang='grc' dir='ltr'><strong>λῶς</strong></span> <span class='ocrx_word' id='word_1_594' title='bbox 2229 3538 2562 3608; x_wconf 86' lang='grc' dir='ltr'>ἀφαιρεῖται.</span> <span class='ocrx_word' id='word_1_595' title='bbox 2596 3537 2765 3590; x_wconf 82' lang='grc' dir='ltr'>Πάλιν</span> <span class='ocrx_word' id='word_1_596' title='bbox 2813 3536 2870 3589; x_wconf 88' lang='grc' dir='ltr'><strong>δέ</strong></span> <span class='ocrx_word' id='word_1_597' title='bbox 2913 3535 3099 3606; x_wconf 81' lang='grc' dir='ltr'>ἐπειδὴ</span> <span class='ocrx_word' id='word_1_598' title='bbox 3149 3534 3428 3606; x_wconf 80' lang='grc' dir='ltr'>ἀμήχανόν</span> <span class='ocrx_word' id='word_1_599' title='bbox 3470 3550 3527 3586; x_wconf 90' lang='grc' dir='ltr'><strong>τι</strong></span> <span class='ocrx_word' id='word_1_600' title='bbox 3574 3533 3688 3586; x_wconf 84' lang='grc' dir='ltr'><strong>τῶν</strong></span> 
     </span>
    </p>
   </div>
   <div class='ocr_carea' id='block_1_83' title="bbox 2089 3624 3689 3699">
    <p class='ocr_par' dir='ltr' id='par_1_83' title="bbox 2089 3624 3689 3699">
     <span class='ocr_line' id='line_1_83' title="bbox 2089 3624 3689 3699; baseline -0.002 -18"><span class='ocrx_word' id='word_1_601' title='bbox 2089 3627 2271 3681; x_wconf 85' lang='grc' dir='ltr'>καλῶν</span> <span class='ocrx_word' id='word_1_602' title='bbox 2304 3629 2451 3698; x_wconf 76' lang='grc' dir='ltr'>ἡμᾶς</span> <span class='ocrx_word' id='word_1_603' title='bbox 2495 3628 2660 3697; x_wconf 80' lang='grc' dir='ltr'>ἔχειν,</span> <span class='ocrx_word' id='word_1_604' title='bbox 2712 3628 2789 3699; x_wconf 81' lang='grc' dir='ltr'>μὴ</span> <span class='ocrx_word' id='word_1_605' title='bbox 2832 3626 3127 3698; x_wconf 87' lang='grc' dir='ltr'>ἐπιθυμίας</span> <span class='ocrx_word' id='word_1_606' title='bbox 3166 3624 3393 3695; x_wconf 88' lang='grc' dir='ltr'>δύναμιν</span> <span class='ocrx_word' id='word_1_607' title='bbox 3440 3625 3689 3695; x_wconf 69' lang='grc' dir='ltr'>φυσικὴν</span> 
     </span>
    </p>
   </div>
   <div class='ocr_carea' id='block_1_84' title="bbox 2089 3714 3688 3791">
    <p class='ocr_par' dir='ltr' id='par_1_84' title="bbox 2089 3714 3688 3791">
     <span class='ocr_line' id='line_1_84' title="bbox 2089 3714 3688 3791; baseline -0.003 -19"><span class='ocrx_word' id='word_1_608' title='bbox 2089 3719 2225 3791; x_wconf 82' lang='grc' dir='ltr'>πρὸς</span> <span class='ocrx_word' id='word_1_609' title='bbox 2257 3720 2388 3772; x_wconf 80' lang='grc' dir='ltr'>αὐτὸ</span> <span class='ocrx_word' id='word_1_610' title='bbox 2422 3719 2814 3790; x_wconf 84' lang='grc' dir='ltr'>κεκτημένους,</span> <span class='ocrx_word' id='word_1_611' title='bbox 2856 3719 2917 3771; x_wconf 82' lang='grc' dir='ltr'><strong>τὸ</strong></span> <span class='ocrx_word' id='word_1_612' title='bbox 2955 3718 3054 3789; x_wconf 82' lang='grc' dir='ltr'><strong>μὲν</strong></span> <span class='ocrx_word' id='word_1_613' title='bbox 3088 3717 3288 3787; x_wconf 82' lang='grc' dir='ltr'>φαῦλον</span> <span class='ocrx_word' id='word_1_614' title='bbox 3320 3714 3478 3780; x_wconf 81' lang='grc' dir='ltr'>εἶδος,</span> <span class='ocrx_word' id='word_1_615' title='bbox 3513 3717 3688 3787; x_wconf 76' lang='grc' dir='ltr'>φημὶ,</span> 
     </span>
    </p>
   </div>
   <div class='ocr_carea' id='block_1_85' title="bbox 2088 3808 3690 3881">
    <p class='ocr_par' dir='ltr' id='par_1_85' title="bbox 2088 3808 3690 3881">
     <span class='ocr_line' id='line_1_85' title="bbox 2088 3808 3690 3881; baseline 0 -19"><span class='ocrx_word' id='word_1_616' title='bbox 2088 3811 2186 3881; x_wconf 87' lang='grc' dir='ltr'><strong>τῆς</strong></span> <span class='ocrx_word' id='word_1_617' title='bbox 2213 3810 2530 3880; x_wconf 80' lang='grc' dir='ltr'>ἐπιθυμίας,</span> <span class='ocrx_word' id='word_1_618' title='bbox 2571 3809 2823 3880; x_wconf 82' lang='grc' dir='ltr'>καθάπερ</span> <span class='ocrx_word' id='word_1_619' title='bbox 2865 3809 3020 3864; x_wconf 74' lang='grc' dir='ltr'>λοϐὸν</span> <span class='ocrx_word' id='word_1_620' title='bbox 3054 3809 3191 3880; x_wconf 86' lang='grc' dir='ltr'><strong>μετά</strong></span> <span class='ocrx_word' id='word_1_621' title='bbox 3217 3809 3315 3880; x_wconf 89' lang='grc' dir='ltr'><strong>τῆς</strong></span> <span class='ocrx_word' id='word_1_622' title='bbox 3346 3808 3514 3879; x_wconf 84' lang='grc' dir='ltr'>χολῆς</span> <span class='ocrx_word' id='word_1_623' title='bbox 3555 3811 3690 3862; x_wconf 82' lang='grc' dir='ltr'>ἀπο-</span> 
     </span>
    </p>
   </div>
   <div class='ocr_carea' id='block_1_86' title="bbox 2088 3899 3692 3972">
    <p class='ocr_par' dir='ltr' id='par_1_86' title="bbox 2088 3899 3692 3972">
     <span class='ocr_line' id='line_1_86' title="bbox 2088 3899 3692 3972; baseline -0.001 -21"><span class='ocrx_word' id='word_1_624' title='bbox 2088 3899 2294 3970; x_wconf 84' lang='grc' dir='ltr'>τέμνει,</span> <span class='ocrx_word' id='word_1_625' title='bbox 2325 3899 2385 3952; x_wconf 84' lang='grc' dir='ltr'><strong>τὸ</strong></span> <span class='ocrx_word' id='word_1_626' title='bbox 2413 3899 2469 3952; x_wconf 89' lang='grc' dir='ltr'><strong>δέ</strong></span> <span class='ocrx_word' id='word_1_627' title='bbox 2495 3899 2657 3953; x_wconf 81' lang='grc' dir='ltr'>καλὸν</span> <span class='ocrx_word' id='word_1_628' title='bbox 2684 3901 2839 3970; x_wconf 88' lang='grc' dir='ltr'>γένος</span> <span class='ocrx_word' id='word_1_629' title='bbox 2859 3901 2957 3972; x_wconf 88' lang='grc' dir='ltr'><strong>τῆς</strong></span> <span class='ocrx_word' id='word_1_630' title='bbox 2984 3901 3120 3970; x_wconf 83' lang='grc' dir='ltr'>πρὸς</span> <span class='ocrx_word' id='word_1_631' title='bbox 3146 3899 3245 3962; x_wconf 79' lang='grc' dir='ltr'>τὰς</span> <span class='ocrx_word' id='word_1_632' title='bbox 3269 3899 3472 3969; x_wconf 82' lang='grc' dir='ltr'>ἀρετὰς</span> <span class='ocrx_word' id='word_1_633' title='bbox 3498 3899 3692 3952; x_wconf 83' lang='grc' dir='ltr'>ἐπιθυ-</span> 
     </span>
    </p>
   </div>
   <div class='ocr_carea' id='block_1_87' title="bbox 2092 3992 3688 4065">
    <p class='ocr_par' dir='ltr' id='par_1_87' title="bbox 2092 3992 3688 4065">
     <span class='ocr_line' id='line_1_87' title="bbox 2092 3992 3688 4065; baseline -0.001 -19"><span class='ocrx_word' id='word_1_634' title='bbox 2092 3995 2221 4064; x_wconf 90' lang='grc' dir='ltr'>μίας</span> <span class='ocrx_word' id='word_1_635' title='bbox 2263 3993 2498 4065; x_wconf 84' lang='grc' dir='ltr'>καθαρὸν</span> <span class='ocrx_word' id='word_1_636' title='bbox 2534 3995 2842 4050; x_wconf 85' lang='grc' dir='ltr'>ἀπολείπει.</span> <span class='ocrx_word' id='word_1_637' title='bbox 2890 3995 3013 4047; x_wconf 78' lang='grc' dir='ltr'><strong>Ἐπὶ</strong></span> <span class='ocrx_word' id='word_1_638' title='bbox 3043 3993 3100 4046; x_wconf 88' lang='grc' dir='ltr'><strong>δέ</strong></span> <span class='ocrx_word' id='word_1_639' title='bbox 3135 3993 3246 4046; x_wconf 88' lang='grc' dir='ltr'><strong>τῶν</strong></span> <span class='ocrx_word' id='word_1_640' title='bbox 3275 3992 3513 4063; x_wconf 79' lang='grc' dir='ltr'>νεφρῶν,</span> <span class='ocrx_word' id='word_1_641' title='bbox 3559 3993 3688 4046; x_wconf 80' lang='grc' dir='ltr'>ἐπεὶ</span> 
     </span>
    </p>
   </div>
   <div class='ocr_carea' id='block_1_88' title="bbox 2087 4077 3688 4153">
    <p class='ocr_par' dir='ltr' id='par_1_88' title="bbox 2087 4077 3688 4153">
     <span class='ocr_line' id='line_1_88' title="bbox 2087 4077 3688 4153; baseline 0.002 -23"><span class='ocrx_word' id='word_1_642' title='bbox 2087 4077 2210 4131; x_wconf 72' lang='grc' dir='ltr'>οὔτε</span> <span class='ocrx_word' id='word_1_643' title='bbox 2243 4080 2379 4151; x_wconf 74' lang='grc' dir='ltr'>πρὸς</span> <span class='ocrx_word' id='word_1_644' title='bbox 2411 4080 2555 4151; x_wconf 81' lang='grc' dir='ltr'>ζωὴν</span> <span class='ocrx_word' id='word_1_645' title='bbox 2599 4081 2675 4144; x_wconf 85' lang='grc' dir='ltr'>ὡς</span> <span class='ocrx_word' id='word_1_646' title='bbox 2716 4083 2749 4152; x_wconf 77' lang='grc' dir='ltr'><strong>η</strong></span> <span class='ocrx_word' id='word_1_647' title='bbox 2788 4081 2986 4144; x_wconf 84' lang='grc' dir='ltr'>κοιλία,</span> <span class='ocrx_word' id='word_1_648' title='bbox 3035 4081 3158 4135; x_wconf 75' lang='grc' dir='ltr'>οὔτε</span> <span class='ocrx_word' id='word_1_649' title='bbox 3199 4081 3335 4153; x_wconf 80' lang='grc' dir='ltr'>πρὸς</span> <span class='ocrx_word' id='word_1_650' title='bbox 3378 4080 3688 4151; x_wconf 84' lang='grc' dir='ltr'>ἐπιθυμίαν</span> 
     </span>
    </p>
   </div>
   <div class='ocr_carea' id='block_1_89' title="bbox 2055 4169 3687 4256">
    <p class='ocr_par' dir='ltr' id='par_1_89' title="bbox 2055 4169 3687 4256">
     <span class='ocr_line' id='line_1_89' title="bbox 2055 4169 3687 4256; baseline 0.008 -35"><span class='ocrx_word' id='word_1_651' title='bbox 2055 4169 2379 4256; x_wconf 51' lang='grc' dir='ltr'>’ἀναγκαῖοι</span> <span class='ocrx_word' id='word_1_652' title='bbox 2409 4171 2664 4242; x_wconf 83' lang='grc' dir='ltr'>ὁρῶνται,</span> <span class='ocrx_word' id='word_1_653' title='bbox 2695 4173 2794 4244; x_wconf 79' lang='grc' dir='ltr'>τὴν</span> <span class='ocrx_word' id='word_1_654' title='bbox 2829 4172 3060 4245; x_wconf 82' lang='grc' dir='ltr'>μερικὴν</span> <span class='ocrx_word' id='word_1_655' title='bbox 3082 4173 3218 4244; x_wconf 79' lang='grc' dir='ltr'>πρὸς</span> <span class='ocrx_word' id='word_1_656' title='bbox 3256 4173 3357 4236; x_wconf 77' lang='grc' dir='ltr'><strong>τὰς</strong></span> <span class='ocrx_word' id='word_1_657' title='bbox 3395 4173 3687 4234; x_wconf 78' lang='grc' dir='ltr'>συνουσίας</span> 
     </span>
    </p>
   </div>
   <div class='ocr_carea' id='block_1_90' title="bbox 2093 4259 3682 4334">
    <p class='ocr_par' dir='ltr' id='par_1_90' title="bbox 2093 4259 3682 4334">
     <span class='ocr_line' id='line_1_90' title="bbox 2093 4259 3682 4334; baseline 0.003 -24"><span class='ocrx_word' id='word_1_658' title='bbox 2093 4259 2260 4330; x_wconf 82' lang='grc' dir='ltr'>μόνην</span> <span class='ocrx_word' id='word_1_659' title='bbox 2291 4259 2585 4330; x_wconf 87' lang='grc' dir='ltr'>ἐπιθυμίαν</span> <span class='ocrx_word' id='word_1_660' title='bbox 2632 4262 3041 4334; x_wconf 61' lang='grc' dir='ltr'>ύποδεξάμεκιιι,</span> <span class='ocrx_word' id='word_1_661' title='bbox 3086 4263 3148 4314; x_wconf 87' lang='grc' dir='ltr'><strong>οὐ</strong></span> <span class='ocrx_word' id='word_1_662' title='bbox 3185 4262 3245 4314; x_wconf 83' lang='grc' dir='ltr'><strong>τὸ</strong></span> <span class='ocrx_word' id='word_1_663' title='bbox 3277 4262 3463 4333; x_wconf 86' lang='grc' dir='ltr'>στέαρ,</span> <span class='ocrx_word' id='word_1_664' title='bbox 3511 4263 3682 4332; x_wconf 76' lang='grc' dir='ltr'>φημὶ,</span> 
     </span>
    </p>
   </div>
   <div class='ocr_carea' id='block_1_91' title="bbox 405 4347 1987 4430">
    <p class='ocr_par' dir='ltr' id='par_1_91' title="bbox 405 4347 1984 4423">
     <span class='ocr_line' id='line_1_91' title="bbox 405 4347 1984 4423; baseline 0.006 -25"><span class='ocrx_word' id='word_1_665' title='bbox 405 4347 904 4415; x_wconf 80' lang='lat' dir='ltr'><strong>conCupiscentiam</strong></span> <span class='ocrx_word' id='word_1_666' title='bbox 930 4351 1512 4420; x_wconf 71' lang='lat' dir='ltr'><strong>necessariividentur,</strong></span> <span class='ocrx_word' id='word_1_667' title='bbox 1535 4362 1592 4406; x_wconf 92' lang='lat' dir='ltr'><strong>ut</strong></span> <span class='ocrx_word' id='word_1_668' title='bbox 1625 4353 1715 4420; x_wconf 88' lang='lat' dir='ltr'><strong>qui</strong></span> <span class='ocrx_word' id='word_1_669' title='bbox 1747 4354 1984 4423; x_wconf 83' lang='lat' dir='ltr'><strong>singula-</strong></span> 
     </span>
    </p>
   </div>
   <div class='ocr_carea' id='block_1_92' title="bbox 2139 4347 3681 4430">
    <p class='ocr_par' dir='ltr' id='par_1_92' title="bbox 2139 4349 3681 4423">
     <span class='ocr_line' id='line_1_92' title="bbox 2139 4349 3681 4423; baseline 0.003 -23"><span class='ocrx_word' id='word_1_670' title='bbox 2139 4349 2254 4401; x_wconf 81' lang='grc' dir='ltr'>όνον</span> <span class='ocrx_word' id='word_1_671' title='bbox 2292 4349 2520 4414; x_wconf 88' lang='grc' dir='ltr'>τούτων,</span> <span class='ocrx_word' id='word_1_672' title='bbox 2564 4350 2703 4404; x_wconf 83' lang='grc' dir='ltr'>ἀλλὰ</span> <span class='ocrx_word' id='word_1_673' title='bbox 2753 4353 2847 4405; x_wconf 73' lang='grc' dir='ltr'><strong>καὶ</strong></span> <span class='ocrx_word' id='word_1_674' title='bbox 2892 4353 3090 4416; x_wconf 78' lang='grc' dir='ltr'>αὐτοὺς</span> <span class='ocrx_word' id='word_1_675' title='bbox 3121 4351 3253 4423; x_wconf 79' lang='grc' dir='ltr'>πυρὶ</span> <span class='ocrx_word' id='word_1_676' title='bbox 3285 4350 3681 4422; x_wconf 84' lang='grc' dir='ltr'>παραδίδωσιν,</span> 
     </span>
    </p>
   </div>
   <div class='ocr_carea' id='block_1_93' title="bbox 409 4438 1985 4512">
    <p class='ocr_par' dir='ltr' id='par_1_93' title="bbox 409 4438 1985 4512">
     <span class='ocr_line' id='line_1_93' title="bbox 409 4438 1985 4512; baseline 0.006 -22"><span class='ocrx_word' id='word_1_677' title='bbox 409 4450 524 4490; x_wconf 86' lang='lat' dir='ltr'><strong>rem</strong></span> <span class='ocrx_word' id='word_1_678' title='bbox 574 4439 640 4491; x_wconf 91' lang='lat' dir='ltr'><strong>ad</strong></span> <span class='ocrx_word' id='word_1_679' title='bbox 683 4438 1005 4494; x_wconf 89' lang='lat' dir='ltr'><strong>concubitus</strong></span> <span class='ocrx_word' id='word_1_680' title='bbox 1053 4441 1546 4512; x_wconf 90' lang='lat' dir='ltr'><strong>concupiscentiam</strong></span> <span class='ocrx_word' id='word_1_681' title='bbox 1595 4443 1765 4498; x_wconf 90' lang='lat' dir='ltr'><strong>solam</strong></span> <span class='ocrx_word' id='word_1_682' title='bbox 1815 4445 1985 4499; x_wconf 88' lang='lat' dir='ltr'><strong>susei-</strong></span> 
     </span>
    </p>
   </div>
   <div class='ocr_carea' id='block_1_94' title="bbox 409 4529 1985 4606">
    <p class='ocr_par' dir='ltr' id='par_1_94' title="bbox 409 4529 1985 4606">
     <span class='ocr_line' id='line_1_94' title="bbox 409 4529 1985 4606; baseline 0.007 -23"><span class='ocrx_word' id='word_1_683' title='bbox 409 4529 584 4600; x_wconf 91' lang='lat' dir='ltr'><strong>piaut,</strong></span> <span class='ocrx_word' id='word_1_684' title='bbox 617 4547 720 4586; x_wconf 89' lang='lat' dir='ltr'><strong>non</strong></span> <span class='ocrx_word' id='word_1_685' title='bbox 756 4533 956 4598; x_wconf 90' lang='lat' dir='ltr'><strong>solum,</strong></span> <span class='ocrx_word' id='word_1_686' title='bbox 1004 4534 1246 4604; x_wconf 87' lang='lat' dir='ltr'><strong>inquam,</strong></span> <span class='ocrx_word' id='word_1_687' title='bbox 1283 4537 1494 4606; x_wconf 88' lang='lat' dir='ltr'><strong>adipem</strong></span> <span class='ocrx_word' id='word_1_688' title='bbox 1529 4537 1766 4604; x_wconf 90' lang='lat' dir='ltr'><strong>illorum,</strong></span> <span class='ocrx_word' id='word_1_689' title='bbox 1800 4541 1896 4594; x_wconf 86' lang='lat' dir='ltr'><strong>sed</strong></span> <span class='ocrx_word' id='word_1_690' title='bbox 1929 4549 1985 4594; x_wconf 92' lang='lat' dir='ltr'><strong>et</strong></span> 
     </span>
    </p>
   </div>
   <div class='ocr_carea' id='block_1_95' title="bbox 409 4622 1977 4697">
    <p class='ocr_par' dir='ltr' id='par_1_95' title="bbox 409 4622 1977 4697">
     <span class='ocr_line' id='line_1_95' title="bbox 409 4622 1977 4697; baseline 0.006 -21"><span class='ocrx_word' id='word_1_691' title='bbox 409 4622 556 4691; x_wconf 83' lang='lat' dir='ltr'><strong>ipsos</strong></span> <span class='ocrx_word' id='word_1_692' title='bbox 589 4623 694 4692; x_wconf 83' lang='lat' dir='ltr'><strong>igni</strong></span> <span class='ocrx_word' id='word_1_693' title='bbox 736 4625 976 4692; x_wconf 89' lang='lat' dir='ltr'><strong>tradidit,</strong></span> <span class='ocrx_word' id='word_1_694' title='bbox 1015 4627 1140 4695; x_wconf 89' lang='lat' dir='ltr'><strong>quia</strong></span> <span class='ocrx_word' id='word_1_695' title='bbox 1177 4643 1463 4697; x_wconf 83' lang='lat' dir='ltr'><strong>possumus</strong></span> <span class='ocrx_word' id='word_1_696' title='bbox 1507 4629 1628 4683; x_wconf 90' lang='lat' dir='ltr'><strong>siue</strong></span> <span class='ocrx_word' id='word_1_697' title='bbox 1657 4631 1898 4695; x_wconf 88' lang='lat' dir='ltr'><strong>renibus,</strong></span> <span class='ocrx_word' id='word_1_698' title='bbox 1924 4631 1977 4685; x_wconf 92' lang='lat' dir='ltr'><strong>id</strong></span> 
     </span>
    </p>
   </div>
   <div class='ocr_carea' id='block_1_96' title="bbox 409 4715 1981 4790">
    <p class='ocr_par' dir='ltr' id='par_1_96' title="bbox 409 4715 1981 4790">
     <span class='ocr_line' id='line_1_96' title="bbox 409 4715 1981 4790; baseline 0.005 -22"><span class='ocrx_word' id='word_1_699' title='bbox 409 4723 514 4779; x_wconf 82' lang='lat' dir='ltr'><strong>est,</strong></span> <span class='ocrx_word' id='word_1_700' title='bbox 569 4715 687 4770; x_wconf 87' lang='lat' dir='ltr'><strong>sine</strong></span> <span class='ocrx_word' id='word_1_701' title='bbox 734 4716 962 4786; x_wconf 85' lang='lat' dir='ltr'><strong>nuptiis,</strong></span> <span class='ocrx_word' id='word_1_702' title='bbox 993 4719 1176 4773; x_wconf 86' lang='lat' dir='ltr'><strong>vivere</strong></span> <span class='ocrx_word' id='word_1_703' title='bbox 1207 4728 1263 4773; x_wconf 90' lang='lat' dir='ltr'><strong>et</strong></span> <span class='ocrx_word' id='word_1_704' title='bbox 1311 4719 1638 4790; x_wconf 80' lang='lat' dir='ltr'><strong>virginitatis</strong></span> <span class='ocrx_word' id='word_1_705' title='bbox 1679 4721 1981 4777; x_wconf 86' lang='lat' dir='ltr'><strong>institutum</strong></span> 
     </span>
    </p>
   </div>
   <div class='ocr_carea' id='block_1_97' title="bbox 411 4805 1984 4878">
    <p class='ocr_par' dir='ltr' id='par_1_97' title="bbox 411 4805 1984 4878">
     <span class='ocr_line' id='line_1_97' title="bbox 411 4805 1984 4878; baseline 0.005 -19"><span class='ocrx_word' id='word_1_706' title='bbox 411 4805 614 4875; x_wconf 83' lang='lat' dir='ltr'><strong>angelis</strong></span> <span class='ocrx_word' id='word_1_707' title='bbox 641 4807 848 4877; x_wconf 66' lang='lat' dir='ltr'><strong>mquale</strong></span> <span class='ocrx_word' id='word_1_708' title='bbox 876 4809 1039 4862; x_wconf 89' lang='lat' dir='ltr'><strong>etiam</strong></span> <span class='ocrx_word' id='word_1_709' title='bbox 1070 4825 1246 4876; x_wconf 91' lang='lat' dir='ltr'><strong>nunc,</strong></span> <span class='ocrx_word' id='word_1_710' title='bbox 1279 4811 1517 4878; x_wconf 89' lang='lat' dir='ltr'><strong>quandiu</strong></span> <span class='ocrx_word' id='word_1_711' title='bbox 1553 4812 1804 4876; x_wconf 90' lang='lat' dir='ltr'><strong>vivimus,</strong></span> <span class='ocrx_word' id='word_1_712' title='bbox 1829 4827 1984 4867; x_wconf 82' lang='lat' dir='ltr'><strong>exer-</strong></span> 
     </span>
    </p>
   </div>
   <div class='ocr_carea' id='block_1_98' title="bbox 409 4897 1984 4971">
    <p class='ocr_par' dir='ltr' id='par_1_98' title="bbox 409 4897 1984 4971">
     <span class='ocr_line' id='line_1_98' title="bbox 409 4897 1984 4971; baseline 0.004 -18"><span class='ocrx_word' id='word_1_713' title='bbox 409 4912 556 4953; x_wconf 91' lang='lat' dir='ltr'><strong>cere.</strong></span> <span class='ocrx_word' id='word_1_714' title='bbox 592 4897 689 4953; x_wconf 86' lang='lat' dir='ltr'><strong>His</strong></span> <span class='ocrx_word' id='word_1_715' title='bbox 711 4901 967 4954; x_wconf 89' lang='lat' dir='ltr'><strong>omnibus</strong></span> <span class='ocrx_word' id='word_1_716' title='bbox 1012 4901 1065 4954; x_wconf 94' lang='lat' dir='ltr'><strong>iu</strong></span> <span class='ocrx_word' id='word_1_717' title='bbox 1095 4903 1242 4956; x_wconf 91' lang='lat' dir='ltr'><strong>omni</strong></span> <span class='ocrx_word' id='word_1_718' title='bbox 1270 4903 1531 4971; x_wconf 88' lang='lat' dir='ltr'><strong>sapientia</strong></span> <span class='ocrx_word' id='word_1_719' title='bbox 1557 4905 1797 4958; x_wconf 90' lang='lat' dir='ltr'><strong>eruditos</strong></span> <span class='ocrx_word' id='word_1_720' title='bbox 1829 4905 1984 4959; x_wconf 89' lang='lat' dir='ltr'><strong>decet</strong></span> 
     </span>
    </p>
   </div>
   <div class='ocr_carea' id='block_1_99' title="bbox 411 4990 1980 5062">
    <p class='ocr_par' dir='ltr' id='par_1_99' title="bbox 411 4990 1980 5062">
     <span class='ocr_line' id='line_1_99' title="bbox 411 4990 1980 5062; baseline 0.001 -18"><span class='ocrx_word' id='word_1_721' title='bbox 411 4992 674 5045; x_wconf 71' lang='lat' dir='ltr'><strong>universa:</strong></span> <span class='ocrx_word' id='word_1_722' title='bbox 701 4990 980 5058; x_wconf 89' lang='lat' dir='ltr'><strong>voluptati,</strong></span> <span class='ocrx_word' id='word_1_723' title='bbox 1009 4991 1154 5045; x_wconf 92' lang='lat' dir='ltr'><strong>velut</strong></span> <span class='ocrx_word' id='word_1_724' title='bbox 1173 4991 1356 5062; x_wconf 77' lang='lat' dir='ltr'><strong>hydra:</strong></span> <span class='ocrx_word' id='word_1_725' title='bbox 1387 4993 1680 5046; x_wconf 87' lang='lat' dir='ltr'><strong>multorum</strong></span> <span class='ocrx_word' id='word_1_726' title='bbox 1708 4993 1980 5062; x_wconf 82' lang='lat' dir='ltr'><strong>capitum,</strong></span> 
     </span>
    </p>
   </div>
   <div class='ocr_carea' id='block_1_100' title="bbox 411 5083 1979 5153">
    <p class='ocr_par' dir='ltr' id='par_1_100' title="bbox 411 5083 1979 5153">
     <span class='ocr_line' id='line_1_100' title="bbox 411 5083 1979 5153; baseline 0.001 -16"><span class='ocrx_word' id='word_1_727' title='bbox 411 5085 681 5152; x_wconf 87' lang='lat' dir='ltr'><strong>sapienter</strong></span> <span class='ocrx_word' id='word_1_728' title='bbox 724 5083 1000 5148; x_wconf 85' lang='lat' dir='ltr'><strong>resistere,</strong></span> <span class='ocrx_word' id='word_1_729' title='bbox 1057 5098 1156 5137; x_wconf 94' lang='lat' dir='ltr'><strong>ucc</strong></span> <span class='ocrx_word' id='word_1_730' title='bbox 1212 5099 1308 5152; x_wconf 88' lang='lat' dir='ltr'><strong>per</strong></span> <span class='ocrx_word' id='word_1_731' title='bbox 1362 5084 1598 5153; x_wconf 82' lang='lat' dir='ltr'><strong>speciem</strong></span> <span class='ocrx_word' id='word_1_732' title='bbox 1659 5083 1979 5138; x_wconf 81' lang='lat' dir='ltr'><strong>exsecrandi</strong></span> 
     </span>
    </p>
   </div>
   <div class='ocr_carea' id='block_1_101' title="bbox 415 5175 1978 5245">
    <p class='ocr_par' dir='ltr' id='par_1_101' title="bbox 415 5175 1978 5245">
     <span class='ocr_line' id='line_1_101' title="bbox 415 5175 1978 5245; baseline 0.003 -19"><span class='ocrx_word' id='word_1_733' title='bbox 415 5175 728 5244; x_wconf 82' lang='lat' dir='ltr'><strong>prodeuntia</strong></span> <span class='ocrx_word' id='word_1_734' title='bbox 763 5190 976 5245; x_wconf 89' lang='lat' dir='ltr'><strong>semper</strong></span> <span class='ocrx_word' id='word_1_735' title='bbox 1025 5190 1120 5244; x_wconf 88' lang='lat' dir='ltr'><strong>per</strong></span> <span class='ocrx_word' id='word_1_736' title='bbox 1158 5189 1352 5230; x_wconf 83' lang='lat' dir='ltr'><strong>sensus</strong></span> <span class='ocrx_word' id='word_1_737' title='bbox 1391 5176 1566 5244; x_wconf 84' lang='lat' dir='ltr'><strong>capita</strong></span> <span class='ocrx_word' id='word_1_738' title='bbox 1606 5177 1869 5245; x_wconf 84' lang='lat' dir='ltr'><strong>perlicere</strong></span> <span class='ocrx_word' id='word_1_739' title='bbox 1919 5182 1978 5230; x_wconf 89' lang='lat' dir='ltr'><strong>ut</strong></span> 
     </span>
    </p>
   </div>
   <div class='ocr_carea' id='block_1_102' title="bbox 481 5286 979 5350">
    <p class='ocr_par' dir='ltr' id='par_1_102' title="bbox 481 5286 979 5350">
     <span class='ocr_line' id='line_1_102' title="bbox 481 5286 979 5350; baseline 0 -10"><span class='ocrx_word' id='word_1_740' title='bbox 481 5286 546 5318; x_wconf 70' lang='grc'><strong>⁸⁸·</strong></span> <span class='ocrx_word' id='word_1_741' title='bbox 581 5286 739 5350; x_wconf 72' lang='lat' dir='ltr'><strong>Prov.</strong></span> <span class='ocrx_word' id='word_1_742' title='bbox 764 5302 859 5349; x_wconf 84' lang='lat' dir='ltr'><strong>vlt,</strong></span> <span class='ocrx_word' id='word_1_743' title='bbox 891 5287 979 5340; x_wconf 70' lang='lat'><strong>25.</strong></span> 
     </span>
    </p>
   </div>
   <div class='ocr_carea' id='block_1_103' title="bbox 482 5438 1983 5510">
    <p class='ocr_par' dir='ltr' id='par_1_103' title="bbox 482 5438 1983 5510">
     <span class='ocr_line' id='line_1_103' title="bbox 482 5438 1983 5510; baseline -0.001 -18"><span class='ocrx_word' id='word_1_744' title='bbox 482 5439 594 5510; x_wconf 88' lang='lat'><strong>(78)</strong></span> <span class='ocrx_word' id='word_1_745' title='bbox 634 5438 940 5508; x_wconf 83' lang='grc' dir='ltr'>Ἀκρατῶς.</span> <span class='ocrx_word' id='word_1_746' title='bbox 971 5438 1109 5493; x_wconf 88' lang='lat' dir='ltr'><strong>Editi</strong></span> <span class='ocrx_word' id='word_1_747' title='bbox 1145 5440 1495 5507; x_wconf 76' lang='lat' dir='ltr'><strong>prmmittuut,</strong></span> <span class='ocrx_word' id='word_1_748' title='bbox 1531 5439 1646 5502; x_wconf 84' lang='grc' dir='ltr'>καί,</span> <span class='ocrx_word' id='word_1_749' title='bbox 1701 5455 1820 5508; x_wconf 76' lang='lat' dir='ltr'><strong>qua:</strong></span> <span class='ocrx_word' id='word_1_750' title='bbox 1856 5453 1983 5493; x_wconf 79' lang='lat' dir='ltr'><strong>cut-</strong></span> 
     </span>
    </p>
   </div>
   <div class='ocr_carea' id='block_1_104' title="bbox 405 5508 1642 5580">
    <p class='ocr_par' dir='ltr' id='par_1_104' title="bbox 405 5508 1642 5580">
     <span class='ocr_line' id='line_1_104' title="bbox 405 5508 1642 5580; baseline 0 -16"><span class='ocrx_word' id='word_1_751' title='bbox 405 5508 745 5580; x_wconf 12' lang='lat' dir='ltr'><strong>juuctiainou</strong></span> <span class='ocrx_word' id='word_1_752' title='bbox 783 5511 1049 5578; x_wconf 89' lang='lat' dir='ltr'><strong>reperitur</strong></span> <span class='ocrx_word' id='word_1_753' title='bbox 1081 5512 1132 5565; x_wconf 93' lang='lat' dir='ltr'><strong>iu</strong></span> <span class='ocrx_word' id='word_1_754' title='bbox 1169 5512 1439 5580; x_wconf 73' lang='lat' dir='ltr'><strong>ven-ribus</strong></span> <span class='ocrx_word' id='word_1_755' title='bbox 1471 5511 1642 5564; x_wconf 86' lang='lat' dir='ltr'><strong>libris.</strong></span> 
     </span>
    </p>
   </div>
   <div class='ocr_carea' id='block_1_105' title="bbox 411 5577 1981 5713">
    <p class='ocr_par' dir='ltr' id='par_1_105' title="bbox 411 5577 1981 5713">
     <span class='ocr_line' id='line_1_105' title="bbox 411 5577 1981 5703; baseline -0.001 -71"><span class='ocrx_word' id='word_1_756' title='bbox 411 5577 446 5703; x_wconf 34' lang='grc' dir='ltr'>ὲ</span> <span class='ocrx_word' id='word_1_757' title='bbox 481 5579 592 5702; x_wconf 54' lang='lat'><strong>(6:19)</strong></span> <span class='ocrx_word' id='word_1_758' title='bbox 625 5577 986 5648; x_wconf 76' lang='grc' dir='ltr'>Ἀκόρεστος.</span> <span class='ocrx_word' id='word_1_759' title='bbox 1029 5580 1118 5636; x_wconf 90' lang='lat' dir='ltr'><strong>Sic</strong></span> <span class='ocrx_word' id='word_1_760' title='bbox 1144 5579 1382 5648; x_wconf 83' lang='lat' dir='ltr'><strong>plerique</strong></span> <span class='ocrx_word' id='word_1_761' title='bbox 1409 5581 1624 5635; x_wconf 71' lang='lat' dir='ltr'><strong>codices</strong></span> <span class='ocrx_word' id='word_1_762' title='bbox 1656 5595 1784 5634; x_wconf 84' lang='lat' dir='ltr'><strong>mss.</strong></span> <span class='ocrx_word' id='word_1_763' title='bbox 1821 5577 1981 5645; x_wconf 85' lang='lat' dir='ltr'><strong>Editi,</strong></span> 
     </span>
     <span class='ocr_line' id='line_1_106' title="bbox 449 5665 724 5713; baseline 0.011 -10"><span class='ocrx_word' id='word_1_764' title='bbox 449 5668 481 5703; x_wconf 89' lang='grc' dir='ltr'><strong>κ</strong></span> <span class='ocrx_word' id='word_1_765' title='bbox 514 5665 724 5713; x_wconf 72' lang='grc' dir='ltr'>Ααττος.</span> 
     </span>
    </p>
   </div>
   <div class='ocr_carea' id='block_1_106' title="bbox 2091 4441 3682 4517">
    <p class='ocr_par' dir='ltr' id='par_1_106' title="bbox 2091 4441 3682 4517">
     <span class='ocr_line' id='line_1_107' title="bbox 2091 4441 3682 4517; baseline 0.004 -24"><span class='ocrx_word' id='word_1_766' title='bbox 2091 4441 2172 4494; x_wconf 78' lang='grc' dir='ltr'>ὅτι</span> <span class='ocrx_word' id='word_1_767' title='bbox 2200 4441 2422 4496; x_wconf 63' lang='grc' dir='ltr'>δυνατὴν</span> <span class='ocrx_word' id='word_1_768' title='bbox 2451 4444 2578 4497; x_wconf 83' lang='grc' dir='ltr'>ἄνευ</span> <span class='ocrx_word' id='word_1_769' title='bbox 2611 4445 2846 4517; x_wconf 87' lang='grc' dir='ltr'>νεφρῶν,</span> <span class='ocrx_word' id='word_1_770' title='bbox 2871 4446 3148 4499; x_wconf 87' lang='grc' dir='ltr'>τουτέστιν</span> <span class='ocrx_word' id='word_1_771' title='bbox 3170 4445 3299 4499; x_wconf 83' lang='grc' dir='ltr'>ἄνευ</span> <span class='ocrx_word' id='word_1_772' title='bbox 3322 4445 3543 4516; x_wconf 81' lang='grc' dir='ltr'>γάμων,</span> <span class='ocrx_word' id='word_1_773' title='bbox 3583 4444 3682 4516; x_wconf 78' lang='grc' dir='ltr'><strong>ζῇν</strong></span> 
     </span>
    </p>
   </div>
   <div class='ocr_carea' id='block_1_107' title="bbox 2088 4536 3682 4610">
    <p class='ocr_par' dir='ltr' id='par_1_107' title="bbox 2088 4536 3682 4610">
     <span class='ocr_line' id='line_1_108' title="bbox 2088 4536 3682 4610; baseline 0.001 -23"><span class='ocrx_word' id='word_1_774' title='bbox 2088 4551 2149 4588; x_wconf 84' lang='grc' dir='ltr'><strong>τε</strong></span> <span class='ocrx_word' id='word_1_775' title='bbox 2181 4536 2275 4588; x_wconf 81' lang='grc' dir='ltr'>καὶ</span> <span class='ocrx_word' id='word_1_776' title='bbox 2299 4537 2389 4589; x_wconf 81' lang='grc' dir='ltr'><strong>τὸν</strong></span> <span class='ocrx_word' id='word_1_777' title='bbox 2419 4538 2716 4610; x_wconf 83' lang='grc' dir='ltr'>παρθενίας</span> <span class='ocrx_word' id='word_1_778' title='bbox 2737 4538 2849 4609; x_wconf 84' lang='grc' dir='ltr'>βίον</span> <span class='ocrx_word' id='word_1_779' title='bbox 2880 4538 3163 4608; x_wconf 83' lang='grc' dir='ltr'>ίσάγγελον</span> <span class='ocrx_word' id='word_1_780' title='bbox 3187 4537 3435 4591; x_wconf 83' lang='grc' dir='ltr'>ἐντεῦθεν</span> <span class='ocrx_word' id='word_1_781' title='bbox 3465 4537 3571 4608; x_wconf 72' lang='grc' dir='ltr'>ἤδη</span> <span class='ocrx_word' id='word_1_782' title='bbox 3593 4537 3682 4589; x_wconf 76' lang='grc' dir='ltr'><strong>διὰ</strong></span> 
     </span>
    </p>
   </div>
   <div class='ocr_carea' id='block_1_108' title="bbox 2091 4622 3682 4697">
    <p class='ocr_par' dir='ltr' id='par_1_108' title="bbox 2091 4622 3682 4697">
     <span class='ocr_line' id='line_1_109' title="bbox 2091 4622 3682 4697; baseline 0.002 -21"><span class='ocrx_word' id='word_1_783' title='bbox 2091 4624 2210 4695; x_wconf 84' lang='grc' dir='ltr'>βίου</span> <span class='ocrx_word' id='word_1_784' title='bbox 2242 4627 2450 4680; x_wconf 82' lang='grc' dir='ltr'>ἀσκεῖν.</span> <span class='ocrx_word' id='word_1_785' title='bbox 2491 4627 2580 4694; x_wconf 81' lang='grc' dir='ltr'><strong>Ἐξ</strong></span> <span class='ocrx_word' id='word_1_786' title='bbox 2628 4622 2703 4680; x_wconf 83' lang='grc' dir='ltr'>ὧν</span> <span class='ocrx_word' id='word_1_787' title='bbox 2761 4628 3016 4682; x_wconf 83' lang='grc' dir='ltr'>ἁπάντων</span> <span class='ocrx_word' id='word_1_788' title='bbox 3061 4629 3119 4681; x_wconf 88' lang='grc' dir='ltr'><strong>ἐν</strong></span> <span class='ocrx_word' id='word_1_789' title='bbox 3160 4627 3309 4697; x_wconf 77' lang='grc' dir='ltr'>πάσῃ</span> <span class='ocrx_word' id='word_1_790' title='bbox 3350 4627 3515 4697; x_wconf 71' lang='grc' dir='ltr'>σοφίᾳ.</span> <span class='ocrx_word' id='word_1_791' title='bbox 3548 4645 3682 4679; x_wconf 87' lang='grc' dir='ltr'>παι-</span> 
     </span>
    </p>
   </div>
   <div class='ocr_carea' id='block_1_109' title="bbox 2088 4716 3681 4791">
    <p class='ocr_par' dir='ltr' id='par_1_109' title="bbox 2088 4716 3681 4791">
     <span class='ocr_line' id='line_1_110' title="bbox 2088 4716 3681 4791; baseline 0.003 -23"><span class='ocrx_word' id='word_1_792' title='bbox 2088 4716 2412 4787; x_wconf 87' lang='grc' dir='ltr'>δευομένους</span> <span class='ocrx_word' id='word_1_793' title='bbox 2446 4719 2716 4790; x_wconf 84' lang='grc' dir='ltr'>προσήκει</span> <span class='ocrx_word' id='word_1_794' title='bbox 2761 4721 2895 4791; x_wconf 88' lang='grc' dir='ltr'>πρός</span> <span class='ocrx_word' id='word_1_795' title='bbox 2923 4737 2982 4772; x_wconf 88' lang='grc' dir='ltr'><strong>τε</strong></span> <span class='ocrx_word' id='word_1_796' title='bbox 3011 4720 3110 4789; x_wconf 83' lang='grc' dir='ltr'>τὴν</span> <span class='ocrx_word' id='word_1_797' title='bbox 3139 4719 3268 4790; x_wconf 80' lang='grc' dir='ltr'>ὅλην</span> <span class='ocrx_word' id='word_1_798' title='bbox 3307 4718 3523 4789; x_wconf 80' lang='grc' dir='ltr'>ἡδονὴν,</span> <span class='ocrx_word' id='word_1_799' title='bbox 3568 4718 3681 4772; x_wconf 82' lang='grc' dir='ltr'>ῶσ-</span> 
     </span>
    </p>
   </div>
   <div class='ocr_carea' id='block_1_110' title="bbox 2089 4810 3682 4883">
    <p class='ocr_par' dir='ltr' id='par_1_110' title="bbox 2089 4810 3682 4883">
     <span class='ocr_line' id='line_1_111' title="bbox 2089 4810 3682 4883; baseline 0.003 -23"><span class='ocrx_word' id='word_1_800' title='bbox 2089 4826 2195 4880; x_wconf 87' lang='grc' dir='ltr'><strong>περ</strong></span> <span class='ocrx_word' id='word_1_801' title='bbox 2233 4810 2368 4882; x_wconf 85' lang='grc' dir='ltr'>πρὸς</span> <span class='ocrx_word' id='word_1_802' title='bbox 2417 4811 2517 4883; x_wconf 77' lang='grc' dir='ltr'>τὴν</span> <span class='ocrx_word' id='word_1_803' title='bbox 2564 4811 2937 4881; x_wconf 86' lang='grc' dir='ltr'>πολυκέφαλον</span> <span class='ocrx_word' id='word_1_804' title='bbox 2980 4812 3167 4883; x_wconf 80' lang='grc' dir='ltr'>ὕδραν,</span> <span class='ocrx_word' id='word_1_805' title='bbox 3231 4812 3557 4881; x_wconf 83' lang='grc' dir='ltr'>ἱσταμένους</span> <span class='ocrx_word' id='word_1_806' title='bbox 3599 4829 3682 4864; x_wconf 81' lang='grc' dir='ltr'><strong>σο-</strong></span> 
     </span>
    </p>
   </div>
   <div class='ocr_carea' id='block_1_111' title="bbox 2089 4901 3679 4974">
    <p class='ocr_par' dir='ltr' id='par_1_111' title="bbox 2089 4901 3679 4974">
     <span class='ocr_line' id='line_1_112' title="bbox 2089 4901 3679 4974; baseline 0.001 -22"><span class='ocrx_word' id='word_1_807' title='bbox 2089 4901 2226 4969; x_wconf 87' lang='grc' dir='ltr'>φῶς,</span> <span class='ocrx_word' id='word_1_808' title='bbox 2256 4902 2317 4954; x_wconf 85' lang='grc' dir='ltr'><strong>ού</strong></span> <span class='ocrx_word' id='word_1_809' title='bbox 2348 4903 2586 4972; x_wconf 82' lang='grc' dir='ltr'>σχήματι</span> <span class='ocrx_word' id='word_1_810' title='bbox 2622 4902 2718 4956; x_wconf 81' lang='grc' dir='ltr'>τοῦ</span> <span class='ocrx_word' id='word_1_811' title='bbox 2752 4904 3037 4974; x_wconf 89' lang='grc' dir='ltr'>ἐκτέμνειν</span> <span class='ocrx_word' id='word_1_812' title='bbox 3077 4904 3175 4966; x_wconf 82' lang='grc' dir='ltr'>τὰς</span> <span class='ocrx_word' id='word_1_813' title='bbox 3215 4903 3303 4956; x_wconf 80' lang='grc' dir='ltr'><strong>διά</strong></span> <span class='ocrx_word' id='word_1_814' title='bbox 3339 4903 3448 4956; x_wconf 89' lang='grc' dir='ltr'><strong>τῶν</strong></span> <span class='ocrx_word' id='word_1_815' title='bbox 3479 4903 3679 4974; x_wconf 77' lang='grc' dir='ltr'>αἰσθή-</span> 
     </span>
    </p>
   </div>
   <div class='ocr_carea' id='block_1_112' title="bbox 2090 4992 3680 5065">
    <p class='ocr_par' dir='ltr' id='par_1_112' title="bbox 2090 4992 3680 5065">
     <span class='ocr_line' id='line_1_113' title="bbox 2090 4992 3680 5065; baseline 0.003 -22"><span class='ocrx_word' id='word_1_816' title='bbox 2090 5008 2228 5044; x_wconf 88' lang='grc' dir='ltr'>σεων</span> <span class='ocrx_word' id='word_1_817' title='bbox 2267 4993 2646 5057; x_wconf 85' lang='grc' dir='ltr'>ἐκκυπτούσας</span> <span class='ocrx_word' id='word_1_818' title='bbox 2671 4993 2758 5046; x_wconf 75' lang='grc' dir='ltr'>ἀεὶ</span> <span class='ocrx_word' id='word_1_819' title='bbox 2779 4994 3040 5063; x_wconf 85' lang='grc' dir='ltr'>κεφαλὰς,</span> <span class='ocrx_word' id='word_1_820' title='bbox 3069 4994 3207 5065; x_wconf 80' lang='grc' dir='ltr'>πρὸς</span> <span class='ocrx_word' id='word_1_821' title='bbox 3235 4993 3333 5064; x_wconf 77' lang='grc' dir='ltr'>τὴν</span> <span class='ocrx_word' id='word_1_822' title='bbox 3361 4993 3470 5046; x_wconf 87' lang='grc' dir='ltr'><strong>τῶν</strong></span> <span class='ocrx_word' id='word_1_823' title='bbox 3490 4992 3680 5047; x_wconf 83' lang='grc' dir='ltr'>πλειό-</span> 
     </span>
    </p>
   </div>
   <div class='ocr_carea' id='block_1_113' title="bbox 2086 5081 3677 5157">
    <p class='ocr_par' dir='ltr' id='par_1_113' title="bbox 2086 5081 3677 5157">
     <span class='ocr_line' id='line_1_114' title="bbox 2086 5081 3677 5157; baseline 0.003 -24"><span class='ocrx_word' id='word_1_824' title='bbox 2086 5098 2191 5134; x_wconf 89' lang='grc' dir='ltr'>νων</span> <span class='ocrx_word' id='word_1_825' title='bbox 2225 5081 2462 5154; x_wconf 80' lang='grc' dir='ltr'>βλάστην</span> <span class='ocrx_word' id='word_1_826' title='bbox 2487 5084 2574 5136; x_wconf 72' lang='grc' dir='ltr'>ἀεὶ</span> <span class='ocrx_word' id='word_1_827' title='bbox 2601 5084 2773 5148; x_wconf 82' lang='grc' dir='ltr'>αὑτὰς</span> <span class='ocrx_word' id='word_1_828' title='bbox 2801 5084 3067 5157; x_wconf 80' lang='grc' dir='ltr'>ἐρεθίζειν</span> <span class='ocrx_word' id='word_1_829' title='bbox 3093 5101 3106 5114; x_wconf 90' lang='grc'><strong>·</strong></span> <span class='ocrx_word' id='word_1_830' title='bbox 3139 5084 3277 5138; x_wconf 78' lang='grc' dir='ltr'>ἀλλὰ</span> <span class='ocrx_word' id='word_1_831' title='bbox 3309 5087 3375 5156; x_wconf 79' lang='grc' dir='ltr'>τῇ</span> <span class='ocrx_word' id='word_1_832' title='bbox 3408 5082 3677 5156; x_wconf 68' lang='grc' dir='ltr'>καρτερίᾳ</span> 
     </span>
    </p>
   </div>
   <div class='ocr_carea' id='block_1_114' title="bbox 2085 5174 3676 5248">
    <p class='ocr_par' dir='ltr' id='par_1_114' title="bbox 2085 5174 3676 5248">
     <span class='ocr_line' id='line_1_115' title="bbox 2085 5174 3676 5248; baseline 0.002 -22"><span class='ocrx_word' id='word_1_833' title='bbox 2085 5174 2179 5226; x_wconf 73' lang='grc' dir='ltr'><strong>καὶ</strong></span> <span class='ocrx_word' id='word_1_834' title='bbox 2217 5175 2580 5247; x_wconf 82' lang='grc' dir='ltr'>ἐπιτεταμένῃ</span> <span class='ocrx_word' id='word_1_835' title='bbox 2611 5177 2908 5248; x_wconf 82' lang='grc' dir='ltr'>ἐγκρατείᾳ</span> <span class='ocrx_word' id='word_1_836' title='bbox 2931 5176 3171 5248; x_wconf 72' lang='grc' dir='ltr'>στερρῶς</span> <span class='ocrx_word' id='word_1_837' title='bbox 3192 5176 3461 5230; x_wconf 79' lang='grc' dir='ltr'>ἐπικαίειν</span> <span class='ocrx_word' id='word_1_838' title='bbox 3479 5193 3492 5205; x_wconf 88' lang='grc'><strong>·</strong></span> <span class='ocrx_word' id='word_1_839' title='bbox 3521 5176 3597 5229; x_wconf 84' lang='grc' dir='ltr'>τά.</span> <span class='ocrx_word' id='word_1_840' title='bbox 3616 5193 3676 5229; x_wconf 89' lang='grc' dir='ltr'><strong>τε</strong></span> 
     </span>
    </p>
   </div>
   <div class='ocr_carea' id='block_1_115' title="bbox 2163 5438 3672 5510">
    <p class='ocr_par' dir='ltr' id='par_1_115' title="bbox 2163 5438 3672 5510">
     <span class='ocr_line' id='line_1_116' title="bbox 2163 5438 3672 5510; baseline 0.001 -18"><span class='ocrx_word' id='word_1_841' title='bbox 2163 5438 2274 5510; x_wconf 84' lang='grc'><strong>(80)</strong></span> <span class='ocrx_word' id='word_1_842' title='bbox 2309 5439 2717 5493; x_wconf 80' lang='grc' dir='ltr'>Φυσικώτατα.</span> <span class='ocrx_word' id='word_1_843' title='bbox 2748 5438 2839 5496; x_wconf 88' lang='lat' dir='ltr'><strong>Sic</strong></span> <span class='ocrx_word' id='word_1_844' title='bbox 2873 5452 2980 5495; x_wconf 88' lang='lat' dir='ltr'><strong>tres</strong></span> <span class='ocrx_word' id='word_1_845' title='bbox 3014 5441 3227 5494; x_wconf 83' lang='lat' dir='ltr'><strong>codices</strong></span> <span class='ocrx_word' id='word_1_846' title='bbox 3256 5456 3385 5495; x_wconf 82' lang='lat' dir='ltr'><strong>mss.</strong></span> <span class='ocrx_word' id='word_1_847' title='bbox 3414 5439 3672 5494; x_wconf 78' lang='lat' dir='ltr'><strong>Nonuulii</strong></span> 
     </span>
    </p>
   </div>
   <div class='ocr_carea' id='block_1_116' title="bbox 2091 5509 3666 5582">
    <p class='ocr_par' dir='ltr' id='par_1_116' title="bbox 2091 5509 3666 5582">
     <span class='ocr_line' id='line_1_117' title="bbox 2091 5509 3666 5582; baseline 0.002 -20"><span class='ocrx_word' id='word_1_848' title='bbox 2091 5509 2180 5562; x_wconf 89' lang='lat' dir='ltr'><strong>alii</strong></span> <span class='ocrx_word' id='word_1_849' title='bbox 2209 5509 2330 5582; x_wconf 86' lang='lat' dir='ltr'><strong>cum</strong></span> <span class='ocrx_word' id='word_1_850' title='bbox 2358 5511 2598 5582; x_wconf 86' lang='lat' dir='ltr'><strong>editione</strong></span> <span class='ocrx_word' id='word_1_851' title='bbox 2636 5513 2856 5582; x_wconf 80' lang='lat' dir='ltr'><strong>Veneta.</strong></span> <span class='ocrx_word' id='word_1_852' title='bbox 2913 5511 3285 5582; x_wconf 85' lang='grc' dir='ltr'>φυσικωτάτη.</span> <span class='ocrx_word' id='word_1_853' title='bbox 3318 5511 3666 5582; x_wconf 77' lang='lat' dir='ltr'><strong>Parisiensis,</strong></span> 
     </span>
    </p>
   </div>
   <div class='ocr_carea' id='block_1_117' title="bbox 2091 5579 3438 5652">
    <p class='ocr_par' dir='ltr' id='par_1_117' title="bbox 2091 5579 3438 5652">
     <span class='ocr_line' id='line_1_118' title="bbox 2091 5579 3438 5652; baseline 0.003 -21"><span class='ocrx_word' id='word_1_854' title='bbox 2091 5579 2488 5649; x_wconf 84' lang='grc' dir='ltr'>φυσικώτατος.</span> <span class='ocrx_word' id='word_1_855' title='bbox 2517 5581 2717 5637; x_wconf 85' lang='lat' dir='ltr'><strong>Ibidem</strong></span> <span class='ocrx_word' id='word_1_856' title='bbox 2753 5581 2990 5637; x_wconf 83' lang='lat' dir='ltr'><strong>Colbert.</strong></span> <span class='ocrx_word' id='word_1_857' title='bbox 3018 5592 3072 5637; x_wconf 85' lang='lat' dir='ltr'><strong>et</strong></span> <span class='ocrx_word' id='word_1_858' title='bbox 3098 5579 3266 5648; x_wconf 56' lang='lat' dir='ltr'><strong>Mam,</strong></span> <span class='ocrx_word' id='word_1_859' title='bbox 3287 5581 3438 5652; x_wconf 86' lang='grc' dir='ltr'>φησί.</span> 
     </span>
    </p>
   </div>
  </div>
