3802 6216
182 287 280 347 809

1244 284 1478 344 SERMO
1517 286 1606 341 DE
1644 287 2344 347 CONTUBERNALIBUS.

3309 288 3419 354 8N

183 405 398 475 σώματα
411 403 444 473 ἡ
454 402 573 474 μῶν
589 401 779 457 θυσίαν
801 403 984 474 ἁγίαν,
1009 405 1304 477 εὐάρεστον
1321 404 1399 477 τῷ
1413 406 1553 478 Θεῷ,
1584 407 1740 464 καθά-

1860 409 2012 479 plura
2034 425 2250 480 semper
2271 420 2658 476 renascantur;
2695 411 2788 466 sed
2816 411 3119 467 constantia
3143 421 3198 468 et
3225 414 3430 469 intenta

182 514 281 568 περ
320 496 518 566 μόσχον
563 496 701 568 ὑπὲρ
770 497 1091 569 ἱερωσύνης,
1148 498 1578 570 προσφέροντας,
1617 500 1750 554 ὅπου

186 588 274 657 μὲν
306 586 400 657 τὴν
436 585 716 658 μοχθηρὰν
753 587 1071 658 ἐπιθυμίαν,
1099 588 1289 662 ὥσπερ
1317 591 1504 644 λοὸόψ
1534 592 1667 644 ὅπου
1696 590 1755 644 δὲ

182 677 237 730 τὸ
256 676 500 748 περιττὸν
529 676 628 746 τῆς
667 680 890 749 τροφῆς,
930 678 1006 744 ὡς
1031 680 1195 752 στέαρ
1223 681 1320 753 τὴν
1351 681 1559 736 κοιλίαν
1590 682 1755 737 καλύ-

182 784 334 820 πτον·
368 767 503 819 ὅπου
531 767 589 819 δὲ
631 767 759 837 ὅλην
796 767 934 838 ὁμοῦ
976 768 1076 840 τὴν
1123 771 1260 843 πρὸς
1295 771 1541 842 γαμικᾶς
1578 772 1754 841 μίξεις

183 854 481 926 ἐπιθυμίαν,
533 854 723 927 ὥσπερ
778 857 1012 928 νεφροὺς
1064 860 1203 930 μετὰ
1250 858 1344 913 τοῦ
1388 860 1754 932 χορηγοῦντος

182 947 375 1009 τούτοις
403 946 473 1000 τὰ
510 947 1082 1018 σπέρματα-στέατος,
1120 949 1197 1021 τῷ
1226 949 1354 1022 θείῳ
1388 951 1497 1022 (8|)
1533 951 1631 1021 τῆς
1656 954 1753 1021 ὲγ-

182 1038 425 1111 κρατείας
453 1030 587 1110 πυρὶ
619 1039 933 1095 ἀναλίσκειν
952 1059 966 1071 ·
1010 1041 1096 1095 ἵνα
1126 1042 1270 1096 κατὰ
1296 1041 1387 1097 τὸν
1422 1045 1753 1115 προτεθέντα

182 1129 268 1198 τῆς
338 1128 636 1199 παρθενίας
694 1129 914 1194 σκοπὸν,
972 1130 1153 1202 πάσης
1209 1133 1307 1202 μὲν
1362 1132 1573 1204 φαύλης
1631 1136 1752 1188 ἐπι-

183 1219 404 1291 θυμίας.
464 1221 648 1293 ’πάσης
713 1221 770 1275 δὲ
821 1223 1017 1294 ἡδονῆς
1074 1224 1387 1294 ἀσκητικῶς
1447 1225 1753 1295 κρείττονες

182 1311 511 1381 ὲποφθέντες,
554 1312 649 1365 τοῦ
682 1314 1044 1385 προκειμένου
1088 1315 1181 1368 ἐπὶ
1222 1318 1335 1380 τοῖς
1376 1316 1558 1379 ἄθλοις
1615 1316 1750 1387 βραα

184 1403 316 1455 δείου
357 1405 449 1457 καὶ
491 1404 587 1457 τοῦ
620 1405 720 1475 τῆς
761 1406 1071 1477 ἀφθαρσίας
1107 1407 1371 1476 στεφάνου
1409 1407 1548 1472 ἄξιοι
1594 1405 1751 1479 εὔρει

184 1494 369 1566 θῶμεν,
414 1495 505 1549 διὰ
543 1497 718 1568 Ἰησοῦ
759 1496 1020 1567 Χριστοῦ,
1066 1498 1133 1551 δι’
1176 1492 1237 1551 οὗ
1290 1501 1322 1570 ὴ
1369 1498 1492 1562 δόξα
1538 1503 1631 1552 καὶ
1672 1498 1751 1568 τῷ

182 1583 341 1660 Πατρὶ
366 1590 461 1642 σὺν
492 1588 573 1661 τῷ
610 1590 751 1661 ἁγίῳ
791 1590 1069 1662 Πνεύματι
1109 1593 1189 1655 εἰς
1219 1591 1339 1654 τοὺς
1379 1590 1577 1654 αἰῶνας
1614 1590 1748 1661 (8.3).

192 1678 371 1750 Ἀμήν.

379 1792 468 1869 fit
485 1795 654 1869 031m:
683 1794 808 1869 Sola
834 1795 1238 1869 PariSLeditio,
1262 1795 1350 1869 τῷ
1378 1796 1497 1869 βίῳ.

1855 500 2188 556 continentia
2218 501 2436 556 fortiter
2469 505 2787 557 comburere
2808 543 2822 567 ,
2859 518 2924 557 ac
2968 518 3198 572 corpora
3235 513 3418 558 no<tra

1855 590 2087 645 hostium
2133 601 2414 658 sanctam,
2460 590 2570 646 Deo
2615 592 2938 662 placentem,
2989 594 3154 647 veluti
3199 594 3426 647 vitulum

1852 695 1952 750 pro
1973 682 2276 737 sacerdotio
2305 670 2615 749 offerentes,
2636 684 2793 738 modo
2812 695 3029 752 pravam
3055 686 3425 754 cupiditatem,

1852 770 2000 823 velut
2032 781 2329 825 extremam
2380 784 2626 841 partem,
2660 773 2818 829 modo
2855 772 3183 843 superﬂuum
3219 775 3426 839 cibum,

1856 869 2111 931 tauquam
2153 864 2368 930 adipem
2416 863 2505 929 qui
2538 868 2779 918 ventrem
2811 867 3021 935 Operit,
3054 865 3213 920 modo
3257 875 3424 919 totam

1854 952 2017 1006 simul
2051 953 2305 1023 nuptialis
2349 955 2664 1009 concubitus
2708 956 3228 1026 concupiscentiam,
3261 958 3427 1012 veluti

1859 1056 2017 1097 renes
2040 1058 2163 1097 cum
2188 1046 2567 1115 suppeditante
2589 1046 2694 1100 illis
2717 1046 3022 1116 genituram
3046 1047 3220 1117 adipe,
3248 1050 3433 1104 divino

1854 1134 2204 1189 continentiae
2252 1136 2376 1206 igne
2413 1152 2764 1203 consumere;
2803 1148 2862 1192 ut
2893 1140 3190 1194 secundum
3233 1155 3431 1210 propo-

1852 1225 2015 1278 situm
2059 1228 2391 1297 virginitatis
2426 1243 2648 1296 scapuni
2675 1270 2692 1295 ,
2740 1228 2888 1284 omni
2937 1242 3101 1299 prava
3136 1232 3431 1300 cupiditate

1858 1330 1924 1369 ac
1965 1318 2111 1370 omni
2166 1316 2434 1389 voluptate
2467 1324 2779 1390 superiores
2815 1339 2913 1394 per
2945 1326 3111 1378 vitam
3140 1329 3428 1383 asceticam

1855 1411 2079 1478 reperti,
2108 1412 2373 1481 promisso
2407 1415 2794 1469 certaminibus
2819 1417 3040 1486 pra-mia
3066 1424 3120 1469 et
3150 1420 3431 1486 integrita-

1858 1500 1926 1553 tis
1967 1514 2164 1554 corona
2205 1504 2348 1570 digni
2382 1504 2726 1559 inveniamur
2758 1522 2854 1575 per
2898 1505 3081 1560 .lesum
3114 1508 3429 1576 Christum,

1852 1593 1939 1644 cui
1965 1593 2134 1660 gloria
2176 1606 2231 1650 et
2267 1595 2417 1651 Patri
2462 1610 2589 1653 cum
2643 1607 2831 1655 sancto
2881 1600 3087 1671 Spiritu
3122 1600 3176 1656 in
3208 1602 3426 1657 saecula.

1853 1685 2045 1741 Anien.

242 1863 346 1935 {82)
375 1865 521 1932 Τοὺς
554 1866 797 1933 αὶῶναςέ
826 1867 948 1923 Sola
1003 1866 1173 1920 Paris.
1208 1863 1570 1931 editio-addit,
1619 1866 1726 1920 τῶν

1858 1882 1995 1923 »νων.

212 2001 220 2040 Ι
1462 2031 1477 2042 υ
2060 2007 2089 2013 ..
2180 2006 2200 2042 κ,
2418 2010 2423 2015 .
2780 2012 2785 2013 ν

631 2180 1209 2272 MONITUM
1268 2182 1391 2271 IN
1450 2180 2116 2273 SERMONEM
2171 2185 2943 2292 SEQUENTEM.

620 2372 953 2444 (ϐΑιιΔιω.,
1009 2370 1247 2428 Veterum
1293 2370 1516 2428 Patrum
1568 2371 1824 2428 Bibliotli.
1847 2413 1863 2439 ,
1902 2383 1943 2428 t.
1968 2371 2096 2444 Vl],
2122 2375 2332 2450 Proleg.
2359 2412 2375 2447 ,
2404 2394 2456 2450 p.
2491 2394 2607 2447 vni,
2634 2392 2690 2437 et
2719 2397 2775 2453 p.
2801 2382 2952 2455 550.)

1750 2530 1822 2550 -ἐ-

237 2686 450 2757 6821.
471 2683 680 2738 Prodiit
709 2676 1015 2744 Florentim,
1040 2698 1181 2737 anno
1202 2684 1349 2745 1763.
1372 2699 1434 2739 ex
1458 2685 1642 2739 codice
1665 2684 1746 2738 hi-
1780 2688 1823 2749 Β
1851 2693 1973 2742 etim
2005 2687 2157 2754 viris,
2206 2704 2267 2745 ac
2303 2689 2546 2746 vicissim
2582 2691 2685 2745 viri
2721 2707 2844 2748 cum
2877 2695 3174 2766 virginibus
3207 2699 3398 2757 cohabi

178 2780 438 2838 hlimhecm
457 2780 712 2837 llediceae
731 2797 909 2835 sermo
936 2780 1008 2835 De
1029 2783 1323 2851 sgnisacti‘s,
1347 2782 1540 2837 Basilio
1565 2782 1749 2851 Magno

177 2876 468 2930 attributus.
498 2872 603 2940 Qui
645 2882 826 2927 autem
858 2873 1001 2928 hunc
1031 2874 1235 2941 primos
1271 2875 1457 2930 Graece
1491 2874 1743 2945 vulgavit,

176 2966 251 3019 Vir
272 2967 618 3021 doctissimus
637 2964 874 3032 Angelus
898 2964 1063 3018 Maria
1086 2964 1399 3032 Bandinius,
1423 2967 1744 3020 sententiam

177 3069 316 3109 suam
333 3056 397 3111 de
425 3054 733 3125 hujusmodi
756 3054 1014 3122 opusculo
1037 3070 1333 3123 exponens,
1353 3056 1452 3109 ista
1470 3052 1747 3123 prieloqui-

179 3146 339 3219 tur(a)
360 3164 374 3200 :
396 3165 414 3198 ι
438 3145 812 3200 Incredibilem
842 3145 1188 3200 adhibuimus
1214 3144 1567 3214 diligentiam,
1586 3143 1745 3198 ἀνέκ-

174 3234 310 3301 δοτος
332 3247 477 3292 esset
508 3237 712 3310 (sermo
742 3235 819 3290 De
849 3234 1180 3305 sgniwctis),
1212 3250 1406 3300 necne,
1442 3246 1501 3289 ut
1542 3236 1593 3289 in
1619 3251 1744 3303 pro-

176 3328 341 3393 patulo
367 3327 778 3381 collocaremus.
811 3324 1050 3378 Primum
1082 3325 1226 3378 enim
1252 3325 1430 3378 omnia
1466 3322 1524 3379 S.
1557 3323 1738 3379 Basilii

175 3431 323 3485 opera
378 3417 741 3472 volutavimus
771 3433 787 3484 ;
823 3417 875 3470 in
926 3417 1122 3485 quibus
1165 3431 1286 3471 cum
1335 3416 1513 3471 nullus
1551 3427 1734 3483 esset,

176 3524 297 3562 uuas
332 3508 450 3564 illas
487 3508 550 3564 S.
585 3507 809 3564 Joannis
852 3509 1223 3578 Chrysostomi
1270 3510 1567 3575 orationes,
1606 3508 1740 3562 alte-

177 3613 279 3653 iam
307 3601 396 3664 Ei;
419 3603 551 3664 τοὺς
587 3600 809 3670 ἔχοντας
840 3599 1142 3670 παρθένους
1175 3598 1579 3663 συνεισάκτους,
1609 3599 1741 3653 alte-

176 3706 278 3745 rain
300 3694 391 3757 Εἰς
419 3694 522 3757 τὰς
552 3692 780 3764 ἐχούσας
804 3692 1003 3762 ἄνδρας
1031 3691 1439 3757 συνεισάκτους,
1460 3693 1738 3746 consului-

176 3797 304 3848 mus,
334 3794 391 3838 ut
430 3787 476 3839 si
525 3784 664 3839 forte
706 3784 1021 3838 alterutrius
1059 3792 1206 3837 esset
1251 3782 1648 3851 fragmentum,
1681 3792 1739 3836 et

174 3886 331 3939 error,
364 3888 420 3930 ut
460 3892 608 3944 saepe
642 3875 840 3942 evenit,
870 3874 924 3927 in
966 3873 1178 3926 titulum
1217 3872 1543 3942 irrepsisset,
1580 3886 1737 3924 erue-

176 3975 340 4016 remus
368 3982 380 4017 :
406 3965 498 4019 sed
530 3964 662 4017 nihil
692 3964 865 4018 simile
895 3964 947 4017 in
972 3962 1079 4017 illis
1098 3978 1126 4015 a
1150 3962 1302 4016 nobis
1332 3971 1603 4031 repertum
1630 3973 1730 4016 εει.

1854 2788 1968 2832 tare
1991 2794 2094 2832 non
2133 2783 2509 2835 erubescerent
2541 2800 2554 2837 :
2587 2799 2705 2852 qua:
2724 2783 2940 2854 quidem
2975 2787 3026 2841 in
3056 2787 3157 2844 hoc
3179 2804 3430 2847 sermone

1849 2870 1977 2924 totis
2004 2873 2323 2939 eloquentia:
2351 2871 2557 2927 viribus
2587 2874 2842 2944 omnique
2868 2891 3306 2946 argumentorum
3333 2899 3426 2954 ge-

1848 2974 1979 3015 nere
2027 2960 2362 3031 proﬂigatur.
2405 2961 2559 3030 Quod
2611 2976 2791 3019 autem
2832 2963 3015 3021 Basilii
3062 2985 3250 3025 revera
3292 2988 3428 3042 opus

1847 3050 1941 3112 sit,
1967 3049 2236 3104 afﬁrmare
2273 3064 2422 3105 certo
2461 3067 2565 3106 non
2620 3054 2882 3109 audemus
2911 3074 2925 3110 ε
2953 3066 3130 3113 tamen
3167 3075 3290 3115 cum
3323 3063 3424 3132 ipsi

1848 3142 2115 3195 tribuatur
2165 3141 2218 3195 in
2256 3143 2466 3205 codice,
2507 3142 2623 3209 ejus
2677 3146 3053 3202 aueloritatem
3089 3153 3292 3218 secuti,
3323 3156 3425 3210 sub

1847 3232 1966 3303 ejus
2018 3234 2238 3288 nomine
2284 3235 2641 3303 proferimus,
2673 3241 2974 3307 praisertim
3021 3257 3145 3297 cum
3195 3246 3265 3300 ab
3305 3245 3424 3316 ejus

1850 3339 2075 3393 operum
2113 3326 2253 3396 stylo
2287 3326 2510 3382 minime
2557 3329 2865 3383 abhorreat.
2914 3346 2933 3384 ι
2977 3330 3247 3391 Hactenus
3273 3335 3334 3389 V.
3357 3338 3421 3394 C.

1912 3413 1976 3467 ll.
2017 3415 2083 3470 lit
2113 3416 2374 3483 ejusmodi
2415 3412 2632 3489 quidem
2662 3420 2968 3488 conjectura
3011 3424 3076 3478 de
3100 3423 3291 3494 Magno
3320 3425 3425 3481 Ba-

1841 3507 1961 3562 silio
1989 3507 2257 3561 sermonis
2282 3507 2356 3561 De
2382 3511 2660 3576 synisactis
2691 3522 2945 3575 auctore,
2981 3528 3085 3567 non
3116 3516 3288 3571 solum
3317 3534 3421 3574 ms.

1839 3598 2043 3654 codicis
2073 3600 2177 3653 fide
2207 3586 2270 3654 ac
2295 3601 2416 3671 styli
2449 3602 2827 3667 similitudine,
2856 3606 2949 3659 sed
2982 3607 3145 3661 etiam
3182 3607 3422 3677 ejusdem

1840 3692 2015 3746 sancti
2057 3692 2306 3747 Doctoris
2350 3694 2659 3749 testimonio
2701 3698 3101 3764 quodammodo
3140 3702 3295 3755 inuiti
3340 3702 3423 3756 νὶ-

1838 3783 2018 3839 detur.
2050 3783 2277 3838 Constat
2322 3785 2466 3840 enim
2507 3783 2790 3853 Basilimn,
2826 3792 2927 3842 sub
2968 3790 3181 3845 initium
3215 3793 3426 3863 episco-

1836 3884 1996 3944 patus
2030 3875 2098 3928 de
2126 3875 2478 3929 instauranda
2517 3876 2799 3945 disciplina
2829 3877 3141 3943 sollicitum,
3169 3881 3311 3935 inter
3335 3897 3423 3936 re-

1840 3964 2020 4032 liquas
2051 3963 2336 4031 regiminis
2368 3964 2658 4032 pastoralis
2700 3970 3014 4022 sanctiones
3042 3970 3320 4024 decretum
3369 3972 3423 4025 in

175 4052 486 4109 Occurrebat
522 4054 892 4123 S.Grcgorius
920 4053 1297 4108 Nazianzenus
1339 4055 1731 4124 synisactarim
1761 4043 1802 4098 C
1837 4052 2026 4120 primis
2054 4052 2243 4107 tulisse
2277 4052 2540 4109 adversus
2576 4054 2834 4108 mulieres
2858 4066 3153 4121 extraneas,
3187 4058 3426 4127 virgines

174 4152 225 4197 et
250 4158 588 4215 agapetarum
642 4146 937 4200 insectator
978 4146 1280 4200 acerrimus
1312 4161 1327 4211 ;
1366 4146 1459 4199 sed
1494 4144 1584 4212 qui
1633 4144 1734 4198 hac

174 4232 235 4287 de
259 4249 312 4289 re
336 4239 558 4291 metrice
581 4245 786 4290 tantum
820 4237 1129 4307 scripserat,
1164 4251 1380 4291 onmcni
1413 4251 1561 4305 spcm
1592 4250 1732 4305 price

174 4321 387 4379 cidebat.
452 4325 696 4380 Tandem
749 4335 945 4393 praeter
988 4324 1267 4379 Svicerum
1316 4324 1412 4396 (ὁ),
1453 4322 1730 4379 Muratorii

174 4413 477 4483 perlegimus
508 4416 944 4471 dissertationem
992 4416 1135 4469 illam
1175 4414 1254 4469 De
1289 4415 1569 4484 synisactis
1603 4431 1731 4469 cru-

174 4502 513 4571 ditissimum,
562 4520 684 4575 qua:
739 4505 1022 4560 Anecdotis
1083 4504 1201 4573 ejus
1257 4505 1463 4561 Graecis
1528 4507 1732 4560 inserta

172 4605 247 4647 est
266 4594 352 4665 (c),
378 4599 423 4652 si
451 4612 558 4667 qua
604 4597 745 4652 forte
797 4598 936 4667 apud
972 4600 1145 4665 ipsum
1194 4597 1353 4668 hujus
1384 4596 1565 4651 Basilii
1612 4612 1732 4651 ser-

173 4685 333 4739 monis
357 4687 560 4742 mentio
596 4687 747 4740 fieret
779 4705 792 4739 :
819 4688 912 4741 sed
941 4687 1031 4741 hic
1072 4702 1291 4757 quoque
1328 4689 1524 4742 mirum
1555 4688 1619 4743 de
1643 4687 1734 4740 illo

172 4774 446 4834 silentium.
492 4778 647 4835 Unde
702 4780 756 4834 in
802 4794 920 4834 eam
966 4780 1292 4834 sententiam
1327 4778 1483 4833 facile
1511 4778 1730 4833 deveni-

173 4880 300 4932 mus,
330 4880 713 4925 utsermonem
753 4871 896 4925 hunc
935 4881 1190 4941 tanquam
1223 4870 1486 4925 ineditum
1520 4871 1727 4940 publica

172 4951 278 5011 luce
297 4961 619 5017 donaremus
641 4979 656 5016 :
677 4977 851 5030 eoque
877 4962 1132 5017 libentius
1150 4963 1292 5030 quod
1312 4977 1374 5016 ea
1408 4973 1496 5016 res
1530 4965 1581 5016 ln
1613 4963 1730 5030 ipso

1839 4144 1962 4199 illas
1991 4144 2245 4199 videlicet
2270 4158 2499 4213 quarum
2539 4146 2895 4216 contubernio
2955 4149 3246 4202 utebantur
3276 4166 3427 4218 pres-

1839 4233 2013 4306 byteri
2058 4234 2260 4304 aliique
2302 4234 2606 4292 ministerio
2638 4234 2895 4291 Ecclesia:
2928 4238 3241 4307 mancipati,
3271 4239 3428 4290 adeo-

1837 4342 1946 4397 que
1975 4328 2325 4382 continentiae
2366 4326 2484 4397 lege
2508 4328 2756 4383 obstricti
2792 4345 2807 4381 :
2841 4330 3065 4398 perinde
3093 4345 3156 4384 ac
3183 4331 3228 4384 si
3262 4331 3427 4399 virgi-

1838 4419 2024 4472 nitatis
2057 4416 2319 4488 professio
2354 4417 2532 4472 locum
2561 4419 2852 4488 suspicioni
2902 4421 3275 4499 praeluderet.
3309 4421 3426 4475 Blu-

1837 4509 1998 4564 lieres
2026 4521 2205 4563 autem
2235 4508 2622 4572 euvaiea'uttou;
2652 4510 3091 4579 interpretamur
3119 4523 3423 4578 extraneas,

1838 4600 1965 4669 quia
1996 4601 2077 4654 sic
2105 4600 2459 4655 reddiderunt
2491 4602 2630 4656 hanc
2670 4616 2859 4656 vocem
2896 4600 3282 4673 Hieronymus,
3319 4602 3426 4658 Bu-

1841 4693 2004 4755 linus,
2035 4686 2357 4760 Fulgentius
2392 4692 2700 4747 Ferraudus
2724 4694 2922 4761 aliique
2955 4705 3186 4760 veteres,
3215 4704 3275 4748 ut
3302 4706 3426 4762 post

1838 4782 2117 4851 Cujaciuin
2151 4782 2228 4854 (ά)
2260 4798 2520 4838 monuere
2573 4784 2672 4837 viri
2729 4783 2896 4847 docti,
2923 4782 3286 4838 Gothofredus
3325 4783 3418 4854 (ε),

1840 4871 2025 4942 Lupus
2055 4872 2148 4945 (Ῑ),
2191 4874 2447 4929 Svicerus
2471 4873 2546 4944 (g)
2576 4888 2639 4927 ac
2679 4888 2870 4929 recens
2900 4873 3225 4929 Prudentius
3253 4873 3425 4928 Mara-

1837 4980 1940 5019 nus
1968 4966 2077 5035 (It),
2107 4964 2198 5034 qui
2228 4964 2304 5020 ait
2339 4967 2518 5020 vocari
2571 4976 2849 5018 extraneas
2910 4965 3161 5019 mulieres
3205 4980 3422 5019 συνεισ-

171 5057 346 5115 agatur
372 5051 425 5105 in
455 5067 618 5122 quam
647 5062 725 5108 tot
755 5056 930 5109 sancti
963 5056 1155 5109 Patres
1186 5055 1454 5108 calamum
1483 5053 1727 5121 arripne-
1763 5023 1810 5079 υ
1835 5023 2075 5119 dircaeus;
2108 5023 2168 5108 iit
2205 5055 2272 5108 iis
2319 5061 2661 5125 opponantur
2709 5069 2847 5124 quas
2885 5053 3032 5109 dedit
3059 5063 3272 5121 natura,
3304 5071 3420 5108 ma-

172 5147 316 5205 runt;
350 5145 582 5209 pessima
613 5145 867 5199 nimirum
895 5144 984 5200 illa
1019 5146 1377 5209 consuetudo,
1412 5145 1602 5214 primis
1624 5144 1727 5198 Ec-

170 5225 332 5285 clesia:
347 5236 556 5291 saeculis
580 5237 721 5292 inter
746 5235 1085 5293 Christianos
1110 5239 1343 5300 invecta,
1363 5253 1466 5305 qua
1496 5237 1731 5305 virgines

234 5340 584 5439 _('a)_B_andeiul.‘,r
601 5346 817 5404 Praefat.
840 5349 907 5404 ad
925 5347 1165 5402 Monum.
1186 5347 1314 5404 εδει.
1341 5346 1460 5414 Gn,
1485 5358 1614 5403 tom.
1642 5348 1730 5413 ΙΙΙ,

170 5421 281 5478 Pag.
310 5430 418 5477 ut,
454 5417 481 5488 §
522 5417 606 5471 IV.

230 5480 302 5552 (ὁ)
340 5485 565 5550 Svicer.,
602 5487 751 5542 Thes.
776 5485 926 5553 βοείη
949 5502 1001 5543 v.
1035 5487 1465 5554 Συνείᾶακτος.

233 5555 300 5627 (ε)
336 5554 550 5627 Momm,
575 5558 774 5611 Auecd.
804 5558 925 5627 (In,
959 5572 1078 5627 pag.
1105 5558 1233 5612 218.

234 5622 310 5690 (ά)
346 5622 548 5691 θυμω,
584 5628 826 5689 Ulmum,
851 5626 917 5688 ll,
949 5622 1039 5682 29.

233 5692 298 5759 (ε)
333 5690 597 5757 Gothofr.,
632 5697 724 5751 lib.
749 5713 835 5749 art
865 5694 996 5749 Cod.
1032 5695 1248 5761 Tlieod.,
1283 5696 1364 5751 tit.
1401 5712 1461 5766 ιι,
1486 5707 1613 5753 toni.
1642 5697 1727 5766 Vl,

398 5784 440 5824 υ
483 5805 667 5848 τιιοι..
715 5788 834 5847 (in.
884 5787 1096 5851 XXX.

1838 5146 2034 5207 tribus,
2056 5144 2359 5209 sororibus,
2401 5145 2618 5199 amitis:
2647 5145 2743 5198 has
2800 5145 2944 5199 enim
2982 5144 3224 5198 conicedit
3249 5157 3420 5196 canon

1839 5235 2034 5289 tertius
2065 5235 2283 5290 concilii
2322 5234 2548 5303 Nicwni,
2573 5234 2701 5305 quia
2747 5245 2875 5290 sunt
2909 5231 3214 5288 ἀνύποπτοι
3238 5249 3252 5263 ·
3283 5233 3422 5288 alias

1835 5358 1975 5420 part.
2000 5354 2050 5420 i‘,_
2071 5363 2197 5419 pag.
2216 5347 2317 5420 _96.

1910 5420 2022 5497 (Af_)_
2037 5417 2172 5488 Lup.
2209 5418 2416 5486 Schol.,
2447 5419 2515 5476 ad
2534 5434 2660 5476 can.
2682 5420 2716 5474 5
2750 5434 2907 5476 conc.
2960 5420 3106 5487 Nic.,
3136 5417 3276 5497 Opp.
3307 5428 3347 5477 t.
3378 5418 3419 5489 l,

1835 5489 2259 5630 pifgjﬂéyicer”
2293 5557 2627 5630 Thes..eccl..
2657 5569 2790 5615 tom.
2826 5559 2888 5623 ll,
2921 5575 3044 5630 pag.
3081 5559 3242 5615 1155.

1907 5632 2006 5753 (lina
2027 5627 2258 5696 Marem,
2311 5630 2377 5683 ad
2422 5630 2557 5700 Opp.
2603 5629 2794 5698 Basil.,
2827 5627 2960 5685 toni.
2995 5627 3111 5701 villi,
3144 5648 3264 5701 pag.
3294 5627 3423 5696 “9,

1838 5712 1908 5754 no
1937 5736 1951 5751 ο
2013 5736 2028 5752 .

3043 5793 3123 5852 ξὶῦ
