3802 6216
333 332 431 392 διι

1285 320 1628 381 APPENDIX
1669 323 1949 381 Ol’EltL’M
1998 323 2036 377 S
2094 320 2335 377 BASlLll
2378 318 2612 376 MAGNL

3478 310 3595 370 852

328 470 457 512 vero
493 453 876 515 συνεισάκτους
910 463 1015 504 non
1039 446 1188 513 item,
1219 462 1353 518 quas
1391 456 1674 517 pmpterea
1712 446 1898 517 prohi-
1927 451 1976 507 Α
2003 455 2227 514 uterque
2261 442 2582 499 scholiastes
2633 438 2956 509 Gregorium
2984 478 2999 503 ,
3035 452 3142 491 non
3182 433 3539 505 Paregoriurn
3566 473 3587 499 ,

328 549 420 603 bet
447 546 682 599 omnino.

400 636 489 692 ιιι.
520 635 626 691 Sed
661 643 719 688 ut
745 634 799 687 in
837 631 979 687 viam
1006 627 1545 701 regrediamur,cum
1596 625 1779 684 Basilii
1807 626 1902 683 de-

331 741 479 786 creto
500 728 757 784 adversus
775 735 1050 780 extraneas
1076 722 1330 776 mulieres
1377 720 1658 791 presbyter
1683 720 1902 788 quidam

333 819 795 891 septuagenarius,
847 814 1177 885 Paregorius
1233 811 1474 876 nomine,
1527 810 1750 864 minime
1805 824 1904 880 pa-

333 917 550 972 ruisset,
582 911 793 964 litteras
819 907 951 962 satis
978 918 1173 976 graves
1218 903 1284 956 ad
1314 903 1487 972 ipsum
1519 901 1665 955 dedit
1687 909 1906 956 sanctus

331 1001 512 1065 Pater,
535 1001 587 1055 in
624 998 818 1069 quibus
856 996 957 1050 ista
991 1009 1097 1065 pra:
1127 992 1340 1047 caeteris
1378 991 1542 1046 habet
1570 989 1646 1060 (a)
1684 1007 1698 1043 :
1739 1007 1760 1041 ι
1798 988 1908 1044 Nec

331 1093 491 1167 primi
547 1105 648 1146 nec
690 1088 810 1150 soli,
852 1086 1131 1155 Paregori,
1183 1084 1535 1143 sancivimus,
1572 1092 1632 1135 ut
1678 1095 1748 1135 ne
1799 1094 1905 1133 una

331 1200 452 1243 cum
482 1183 614 1237 viris
659 1180 970 1235 habitarent
1020 1176 1298 1230 mulieres.
1337 1174 1443 1229 Sed
1482 1173 1600 1243 lege
1644 1183 1906 1230 canonem

330 1292 360 1328 ιι
390 1272 592 1328 sanctis
626 1269 826 1324 nostris
844 1266 1094 1321 Patribus
1114 1265 1317 1318 editum
1351 1263 1404 1317 in
1434 1261 1637 1332 synodo
1666 1258 1903 1322 Nicaena,

333 1366 421 1436 qui
458 1362 743 1418 manifeste
779 1358 1011 1415 sancivit
1036 1367 1313 1411 extraneas
1346 1354 1598 1407 mulieres
1630 1365 1735 1404 non
1765 1364 1905 1415 esse,

333 1456 389 1521 ὃς
431 1453 680 1525 φανερῶς
720 1448 1087 1523 ἀπηγόρευσε¹
1117 1446 1502 1507 συνεισὰκτους
1539 1442 1613 1515 μὴ
1652 1438 1809 1497 εἶναι.
1839 1470 1911 1481 -

333 1546 509 1613 Quare
558 1542 932 1613 praecepimus,
976 1548 1284 1595 sanctorum
1344 1536 1566 1590 Patrum
1632 1533 1908 1588 decretum

334 1646 645 1707 sequentes,
671 1645 731 1690 ut
758 1652 788 1689 a
823 1628 1138 1687 muliercula
1167 1628 1458 1698 separeris.
1486 1625 1694 1679 Τούτου
1720 1624 1908 1677 ἕνεκεν

337 1726 759 1799 προσετάξαμεν,
790 1727 1045 1797 ἑπόμενοι
1072 1727 1137 1793 τῇ
1178 1723 1405 1795 διαταγῇ
1439 1719 1547 1773 τῶν
1590 1718 1759 1787 ἁγίων
1791 1717 1908 1769 Πα-

2008 551 2192 593 senem
2234 535 2382 589 illum
2412 533 2786 604 presbyterum
2819 529 3094 599 appellant
3121 545 3134 581 :
3165 536 3221 580 at
3248 542 3317 581 ex
3355 527 3594 582 vetustis

2007 627 2284 683 codicibus
2317 640 2446 679 mss.
2462 622 2800 692 vulgatisque
2824 619 3153 674 novissimus
3176 616 3580 672 Basilianorum

2007 720 2182 775 editor
2216 717 2571 786 posteriorem
2605 714 2894 767 lectionem
2928 709 3163 764 retinuit.

2078 806 2164 862 ιν.
2205 806 2333 872 Qua:
2362 819 2481 859 cum
2520 804 2591 857 ita
2634 816 2693 856 se
2720 800 2988 863 habeant;
3016 814 3163 859 cum,
3194 796 3436 865 inquam,
3468 810 3595 849 ma-

2009 913 2147 969 gnus
2178 895 2407 951 Basilius
2436 896 2518 951 sui
2550 895 2899 964 episcopatus
2940 891 3095 969 initio
3124 889 3461 944 sanctionem
3489 886 3593 940 ad-

2008 1005 2196 1046 versus
2249 989 2502 1043 mulieres
2561 984 2947 1046 συνεισάκτους
3003 981 3254 1044 ediderit,
3298 994 3361 1033 ac
3398 992 3589 1033 senem

2008 1084 2377 1154 presbyterum
2400 1095 2520 1134 eam
2554 1080 2624 1133 ob
2651 1092 2868 1132 causam
2897 1076 3097 1131 acriter
3120 1070 3458 1141 objurgarit;
3491 1071 3594 1124 de-

2010 1176 2330 1246 positionem
2392 1182 2657 1243 praeterea
2706 1173 2946 1225 minatus
2995 1176 3161 1237 atque
3203 1166 3375 1235 ipsam
3418 1162 3593 1218 etiam

2008 1265 2629 1322 excommunicatiouem
2663 1272 2776 1315 tum
2813 1261 2921 1330 ipsi
2968 1268 3079 1314 tum
3113 1272 3235 1315 eum
3273 1252 3596 1323 recipienti-

2008 1362 2129 1425 bus,
2158 1360 2204 1413 si
2226 1356 2531 1413 sacerdotio
2563 1354 2709 1423 fungi
2750 1353 2887 1407 citra
2931 1348 3363 1405 emendationem
3392 1342 3598 1398 fuisset

2008 1465 2172 1504 ausus
2206 1467 2219 1503 :
2249 1446 2435 1518 quidni
2470 1460 2568 1515 pro
2599 1444 2863 1520 concione
2894 1443 2998 1497 hoc
3028 1440 3147 1509 ipso
3177 1444 3243 1492 de
3269 1444 3598 1506 argumento

2008 1544 2174 1598 verba
2227 1540 2418 1596 fecerit
2458 1550 2681 1593 sanctus
2726 1534 2912 1601 Pater,
2964 1548 3186 1602 pravam
3226 1530 3372 1584 illam
3424 1537 3599 1596 atque

2009 1637 2317 1689 indecoram
2365 1630 2812 1687 consuetudinem
2844 1626 3195 1680 vehementer
3235 1621 3540 1676 insectatus
3577 1629 3595 1682 ;

2010 1733 2065 1780 et
2106 1724 2323 1794 quidem
2374 1736 2437 1775 ea
2474 1720 2708 1775 maxime
2738 1724 3081 1786 tempestate,
3115 1727 3223 1783 qua
3275 1707 3598 1765 iStiusmodi

339 1795 525 1895 εέρων,
571 1795 907 1892 χοιρισθῆναί
948 1835 1009 1871 σε
1047 1815 1142 1870 τοῦ
1191 1813 1437 1883 γυναίου.
1474 1841 1540 1854 -
1572 1810 1719 1877 Ejice
1743 1808 1906 1879 igitur

2042 1831 2125 1871 aes
2168 1824 2334 1869 totum
2370 1828 2507 1885 pene
2554 1811 2831 1868 Orientem
2869 1816 3201 1880 pervaserat,
3226 1816 3286 1861 ut
3320 1819 3383 1859 ex
3419 1803 3600 1857 variis

334 1913 478 1967 mam
507 1928 539 1969 θ
573 1912 679 1967 “li-9
705 1911 931 1975 adibus.
960 1918 1016 1964 θι
1045 1909 1099 1962 in
1143 1902 1480 1961 ωοιιεὶεῑθνίο
1509 1900 1807 1956 consulim-
1836 1926 1909 1938 —
2007 1906 2331 1975 scriptorum
2388 1904 2882 1960 ecclesiasticorum
2926 1898 3289 1955 monumentis
3315 1895 3599 1965 comperi-

333 2005 388 2059 Si
419 2017 582 2058 ausus
614 2001 782 2057 fueris
803 2000 940 2056 citra
967 1997 1396 2053 emendationem
1424 1991 1785 2048 sacerdotium
1812 1990 1907 2044 tibi

332 2096 642 2160 vindicare,
677 2092 966 2146 anathema
1002 2090 1111 2144 eris
1156 2088 1302 2143 omni
1359 2084 1595 2156 populo;
1628 2092 1685 2137 et
1714 2081 1805 2151 qui
1857 2090 1910 2135 te

332 2184 667 2255 receperint,
701 2178 1155 2238 excommunicati
1207 2191 1303 2247 per
1344 2189 1559 2230 omnem
1611 2172 1909 2227 Ecclesiam

330 2283 508 2328 erunt.
549 2292 570 2326 ι
612 2272 888 2327 Hactenus
949 2279 1173 2324 sanctus
1232 2267 1448 2321 Doctor.
1506 2262 1675 2330 Hujus
1723 2269 1905 2314 autem

331 2364 575 2432 epistolae
615 2362 906 2419 Basiliante
951 2359 1252 2414 meminere
1281 2360 1349 2411 ad
1385 2367 1647 2410 canonem
1688 2349 1905 2404 tertium

332 2455 549 2509 concilii
599 2452 804 2508 Niczeni
846 2451 1088 2507 Zonaras
1130 2457 1186 2503 et
1219 2446 1532 2509 Balsamon,
1560 2450 1622 2496 ut
1649 2455 1719 2496 ex
1746 2439 1916 2494 Beve—

335 2547 467 2616 regii
495 2543 782 2599 Pandectis
805 2558 1068 2598 canonum
1093 2538 1441 2606 intelligimus
1468 2532 1545 2607 (b)
1570 2549 1586 2587 :
1610 2532 1701 2588 ubi
1734 2539 1914 2586 tamen

2008 2012 2132 2052 mus
2160 1997 2184 2051 ?
2214 1995 2432 2058 Verum.
2456 2005 2517 2049 ut
2547 1996 2619 2050 ita
2645 1995 2742 2058 sit,
2765 1993 2898 2048 viris
2949 2001 3128 2046 tamen
3159 1990 3334 2043 doctis
3359 2002 3423 2041 ac
3456 2000 3601 2039 eru-

2011 2091 2144 2146 ditis
2171 2105 2283 2144 rem
2310 2088 2669 2144 deliniendam
2703 2084 3086 2157 permittimus.
3113 2081 3268 2147 Quod
3315 2086 3599 2148 superest,

2016 2184 2068 2239 in
2100 2180 2412 2253 huiusmodi
2478 2191 2727 2234 sermone
2766 2174 3040 2231 Basiliano
3079 2171 3338 2227 vertendo
3365 2182 3600 2236 operam

2011 2289 2163 2329 suam
2196 2273 2375 2342 posuit
2395 2264 2630 2326 Joannes
2654 2268 2891 2338 Baptista
2924 2264 3254 2322 Galliciolius
3277 2261 3342 2316 V.
3376 2260 3464 2324 (1.,
3494 2258 3601 2327 qui

2014 2380 2210 2421 novam
2267 2363 2779 2431 accnratioremque
2827 2358 3004 2430 Magni
3062 2352 3311 2424 Gregorii
3364 2365 3602 2423 Operum

2014 2459 2305 2513 editionem
2340 2456 2497 2511 nobis
2516 2467 2836 2524 comparare
2873 2452 2929 2506 in
2966 2450 3080 2506 dies
3107 2447 3284 2519 pergit

403 2654 482 2724 (a)
520 2655 711 2724 Basil.,
763 2654 923 2724 epist.
978 2652 1086 2724 755,
1141 2650 1213 2704 al.
1260 2647 1364 2703 198
1391 2686 1407 2712 ,
1442 2645 1579 2724 Opp.
1635 2638 1917 2724 tomzulll,
1955 2652 2078 2710 pag.
2111 2635 2235 2691 M9.

406 2709 482 2798 (ὁ)
516 2709 811 2794 Βενοιὸεη¹
832 2709 1089 2777 Pandeth
1117 2736 1332 2783 cauom,
1361 2709 1505 2772 tum:
1525 2709 1565 2780 l,
1601 2728 1728 2783 pag.
1765 2709 1854 2766 62.

339 2837 3581 2895 __________________________.____._.__——————-—-

1419 3022 1557 3075 ΤΟΥ
1595 3020 1685 3073 EN
1723 3013 1949 3070 ΑῙῚΟῙΣ
1984 3010 2258 3065 ΠΑΤΡΟΣ
2293 3003 2487 3062 ΗΜΩΝ

834 3183 1718 3367 ΒΑΣΙΛΕΙοΥ
1822 3174 2169 3308 ΤΟΥ
2280 3162 3093 3306 ΜΕΓΑΑΟΥ

1088 3427 1454 3518 ΛΟΓΟΣ
1490 3425 1750 3513 ΠΕΡΙ
1784 3422 2013 3509 ΤΩΝ
2050 3410 2855 3507 ΣΥΝΕΙΣΑΚΤΩΝ.

1711 3756 1807 3845 S.
1884 3758 1991 3844 P.
2070 3754 2189 3843 N.

1379 3971 1959 4107 BASILII
2018 3964 2528 4093 MAGNI

1010 4226 1415 4324 SERMO
1488 4226 1635 4312 DE
1711 4211 2921 4311 CONTUBERNALIBUS.

421 4566 586 4641 683
617 4564 667 4619 1.
695 4558 1086 4633 Aggrediamur
1108 4564 1163 4612 et
1183 4570 1300 4621 nos,
1336 4551 1586 4624 precibus
1611 4556 1911 4606 sanctorum

2094 4544 2143 4598 1.
2192 4542 2508 4617 ’Λρξώμεθα
2536 4543 2629 4595 καὶ
2670 4541 2833 4613 ἡμεῖς
2859 4535 3111 4607 λαλῆσαι,
3139 4532 3259 4594 ταῖς
3282 4528 3392 4583 τῶν
3428 4529 3611 4599 ἁγίων

353 4638 558 4716 Christi
605 4666 885 4712 servorum
920 4663 1017 4718 per
1048 4646 1312 4717 Spiritum
1349 4649 1598 4698 sanctum
1642 4640 1711 4694 ab
1736 4638 1924 4708 unige-

355 4753 470 4806 nito
499 4748 595 4805 Dei
638 4744 780 4800 Filio
828 4740 1045 4797 Christo
1068 4737 1299 4792 Domino
1339 4743 1528 4789 nostro
1563 4729 1821 4793 roborati,
1858 4728 1924 4782 de

360 4841 563 4911 pietate
587 4845 643 4892 et
674 4832 940 4890 modestia
975 4829 1178 4884 habere
1207 4825 1530 4881 orationem.
1565 4816 1639 4875 De
1670 4819 1842 4890 gratia
1870 4827 1926 4872 et

356 4909 587 4987 veritate
616 4925 782 4980 verba
830 4922 1118 4984 faciamus,
1152 4930 1349 4986 magna
1392 4911 1696 4969 conﬁrmati
1730 4909 1925 4979 gratia.

356 5023 414 5079 lu
442 5021 660 5078 Christo
687 5031 749 5073 os
777 5017 1103 5084 aperientes,
1128 5020 1440 5079 premamus
1481 5003 1791 5057 thesaurum
1837 4997 1933 5052 ali-

356 5130 516 5186 quem
541 5126 765 5185 parvum
814 5108 867 5163 in
908 5105 1073 5160 corde
1099 5112 1284 5156 nostro
1321 5096 1616 5168 repositum
1647 5112 1660 5147 :
1696 5103 1924 5161 parvum

357 5209 599 5277 quidem,
627 5204 873 5273 inquam,
903 5194 1091 5252 sensili
1140 5190 1469 5254 substantia,
1529 5187 1623 5243 sed
1675 5196 1930 5254 magnum

360 5273 629 5369 cognobili
675 5304 890 5348 natura.
934 5287 1240 5343 Aﬂ‘eramns
1302 5281 1463 5335 etiam
1514 5276 1761 5334 deftecati
1815 5273 1933 5326 auri

361 5366 656 5448 stateram;
698 5394 755 5441 et
803 5384 948 5437 hunc
994 5376 1350 5447 expolientes,
1390 5370 1545 5441 quasi
1601 5369 1654 5422 in
1693 5366 1932 5429 fornace,

2030 4635 2266 4707 Χριστοῦ
2310 4636 2513 4687 δούλων
2567 4634 2753 4703 εὐχαῖς
2799 4631 2866 4684 δι’
2906 4628 3063 4698 ἁγίου
3134 4622 3453 4694 Πνεύματος
3503 4622 3613 4676 ὑπὸ

2032 4726 2124 4780 τοῦ
2169 4723 2491 4796 μονογενοῦς
2532 4722 2626 4776 τοῦ
2657 4719 2791 4774 Θεοῦ
2842 4718 2973 4772 Υἱοῦ
3007 4713 3242 4787 Χριστοῦ
3272 4712 3368 4766 τοῦ
3400 4713 3611 4785 Κυρίου

2034 4812 2190 4889 ἡμῶν
2221 4812 2701 4886 ὲνδυναμούμενοι,
2759 4814 2982 4884 ῥήματα
3035 4805 3316 4868 εὐσεϐείας
3356 4805 3453 4857 καὶ
3505 4820 3614 4856 σω-

2032 4907 2324 4980 φροσύνης.
2401 4902 2898 4975 Ἀποφϐεγξώμεθα
2961 4900 3152 4969 λόγους
3221 4897 3446 4967 χάριτος
3513 4895 3614 4948 καὶ

2029 4998 2286 5070 ἀληθείας
2322 4998 2428 5052 ὑπὸ
2457 4999 2555 5068 τῆς
2595 4995 2836 5067 μεγάλης
2864 4989 3320 5060 ὲνδυναμούμενοι
3362 4986 3609 5057 χάριτος.

2043 5091 2375 5157 Ἀνοίξαντες
2426 5089 2488 5142 τὸ
2544 5089 2717 5159 στόμα
2784 5089 2843 5139 ὲν
2892 5082 3114 5155 Χριστῷ
3181 5079 3614 5149 προκομίσωμεν

2031 5183 2300 5256 θησαυρόν
2369 5198 2489 5235 τινα
2543 5179 2736 5251 μικρὸν
2797 5174 3216 5243 ὲναποκείμενον
3286 5171 3354 5239 τῇ
3413 5165 3615 5237 καρδία

2032 5250 2223 5339 ἡμῶν,
2242 5267 2436 5338 μικρὸν
2466 5250 2564 5337 μὲν
2594 5267 2659 5335 τῇ
2705 5261 2938 5332 αἱσθητῇ
2984 5257 3302 5317 ὑποστάσει,
3336 5253 3512 5325 μέγαν
3554 5250 3616 5304 δὲ

2031 5363 2098 5431 τῇ
2131 5361 2293 5429 νοητῇ
2326 5358 2516 5427 φύσει·
2554 5357 2650 5410 καὶ
2683 5353 3042 5427 προδάλωμεν
3096 5348 3322 5421 χρυσίου
3367 5342 3614 5413 καθαροῦ

360 5485 575 5536 sincero
604 5474 857 5532 videlicet
905 5485 1088 5534 sensu,
1122 5463 1573 5534 fulgentissimutn
1615 5459 1764 5513 illum
1817 5455 1911 5508 uni

2042 5451 2311 5520 στατῆρα,
2364 5448 2459 5499 καὶ
2496 5443 2893 5515 καθαρίσαντες
2932 5439 3143 5503 τοῦτον,
3189 5435 3379 5505 ὥσπερ
3418 5432 3477 5484 ὲν
3512 5445 3621 5500 xu»

361 5573 533 5626 versis
576 5569 731 5623 vobis
775 5563 1150 5620 ostendamus.
1190 5555 1446 5624 Prompta
1481 5553 1627 5606 enim
1675 5561 1849 5609 meus,
1883 5559 1911 5597 e

2042 5540 2325 5610 νευτηρίῳ,
2358 5536 2436 5607 τῷ
2478 5536 2763 5606 εἰλικρινεῖ
2793 5532 3135 5603 φρονήματι,
3174 5524 3619 5596 τηλαυγέστατον

355 5670 629 5732 promptus
677 5658 890 5725 spiritus
929 5664 1025 5718 est,
1077 5665 1201 5706 caro
1248 5642 1684 5719 autemﬂinﬁrma
1702 5640 1770 5694 δ’.
1822 5634 1911 5692 Uti

2042 5607 2356 5701 πᾶσιν-ὑμῖν
2389 5625 2766 5696 ἐπιδείξωμεν.
2795 5623 3084 5697 Πρόθυμος
3121 5617 3233 5691 γὰρ
3271 5618 3301 5671 ὁ
3338 5612 3486 5678 νοῦς,
3519 5607 3619 5666 καὶ

434 5754 478 5784 δ’
506 5750 694 5806 Matth.
731 5759 874 5811 XXVI,
915 5743 1004 5798 41.
