3802 6216
199 314 294 372 825

1244 309 1473 367 SERMO
1511 311 1599 366 DE
1635 310 2326 371 CONTUBERNALIBUS.

3309 312 3412 374 8H

197 429 257 485 τὸ
316 428 542 497 πνεῦμα
602 428 911 497 πρόθυμον
928 466 945 493 ,
1012 425 1281 494 ἀσθενὴς
1337 425 1406 479 δὲ
1470 428 1510 496 ἡ
1566 428 1740 497 σάρξ.

1852 445 1975 486 nam
2012 431 2156 486 enim
2206 429 2322 485 ﬁeri
2366 435 2569 499 posset,
2597 436 2657 484 ut
2685 429 2739 482 in
2769 428 2996 485 summis
3044 430 3260 486 arcibus
3284 445 3414 487 cana

200 517 405 577 Ἧθὲλον
463 521 570 593 γὰρ
620 517 759 575 εἶναι
806 521 1028 575 δυνατὸν
1074 521 1216 592 ὑπὲρ
1264 521 1371 575 τῶν
1426 522 1744 592 ὑπερτάτων

194 614 528 684 ἀκρωτηρίων
560 613 857 666 ἐπιστάντα
901 611 1159 665 σαλπίσαι
1199 630 1266 682 με
1299 612 1488 684 ὥσπερ
1519 613 1607 666 διὰ
1649 614 1743 667 τοῦ

196 705 469 774 στόματος,
517 705 612 757 καὶ
663 704 894 775 βροντῆς
940 703 1095 774 δίκην
1128 704 1270 757 κατὰ
1316 705 1496 777 πάσης
1545 704 1743 770 ἐξαπο-

196 788 378 841 στεῖλαι
405 791 502 860 τῆς
536 791 860 861 οἰκουμένης
893 790 963 843 τά
993 791 1094 861 τῆς
1117 792 1470 865 σωφροσύνης
1501 794 1741 866 ῥήματα,

193 880 325 944 ὅπως
372 883 449 944 είς
497 883 802 953 μαρτυρίαν
844 882 1057 935 ἔσονται
1095 884 1229 935 πᾶσι
1277 887 1390 948 τοῖς
1437 885 1745 956 παραφθεί-

195 988 328 1042 ρουσι
355 973 452 1043 τὴν
476 974 750 1045 ἀλήθειαν.
792 975 930 1029 Ἀλλ’
959 975 1216 1030 ἀδύνατον
1253 976 1314 1029 τὸ
1342 977 1607 1047 πρᾶγμα·
1654 979 1744 1032 ἄνα

192 1062 388 1134 θρωπος
416 1066 525 1135 γάρ
580 1069 697 1136 είμι
743 1066 1042 1135 ὀλιγόὸιος,
1093 1069 1187 1121 καὶ
1219 1066 1444 1138 εὐτελὴς
1495 1070 1592 1140 μὲν
1643 1071 1743 1141 τὴν

191 1153 407 1224 ἠλικίαν,
444 1157 641 1227 μικρὸς
681 1156 738 1210 δὲ
783 1159 883 1228 τὴν
935 1161 1139 1230 φωνὴν,
1195 1162 1289 1214 καὶ
1338 1161 1510 1225 ἄλλως
1557 1161 1615 1215 δὲ
1647 1180 1743 1214 τα-

192 1244 356 1306 πεινὸς
394 1246 490 1316 τὴν
531 1247 729 1333 ψυχὴν,
771 1249 994 1312 πολλαῖς
1043 1251 1337 1320 ἁμαρτίαις
1385 1254 1743 1323 ἐμπεφυρμέ-

190 1352 287 1398 νος.
318 1336 472 1390 Ἀλλὰ.
515 1337 618 1391 κᾶν
651 1338 879 1411 βροντῆς
909 1340 1064 1412 δίκην
1092 1344 1174 1406 εἰς
1227 1343 1358 1413 ὕψος
1409 1345 1599 1415 ὲπάρω
1645 1345 1743 1415 τὴν

190 1428 374 1499 φωνὴν,
422 1430 518 1482 καὶ
588 1429 768 1502 βοήσω
839 1433 1086 1502 μεγάλα,
1154 1435 1255 1487 οὐκ
1308 1436 1740 1506 άκουσθήσομαι.

187 1517 400 1587 Χριστὸς
447 1520 558 1592 γάρ
595 1522 623 1573 ὁ
669 1523 963 1593 μονογενὴς
1007 1522 1101 1575 τοῦ
1129 1523 1265 1577 Θεοῦ
1310 1524 1457 1589 Υἱὸς,
1497 1526 1525 1576 ὁ
1569 1524 1745 1594 πήξας

186 1612 299 1674 τοὺς
321 1612 581 1682 οὐρανοὺς
607 1612 743 1665 ὡσεὶ
792 1615 1068 1685 καμάραν,
1115 1616 1210 1667 καὶ
1263 1601 1602 1687 θεμελιώσάς
1646 1616 1742 1686 τὴν

186 1703 279 1773 γῆν
307 1706 396 1757 ἐπὶ
423 1705 531 1758 τῶν
567 1706 794 1772 ὑδάτων,
839 1709 934 1760 καὶ
974 1708 1281 1779 περειῦσας
1308 1710 1404 1780 τὴν
1446 1708 1742 1763 θάλασσαν’

1847 522 2070 587 sistens,
2097 520 2402 590 clangerem
2443 519 2600 588 quasi
2647 530 2763 584 ore,
2802 529 2858 574 et
2901 520 3118 575 tonitrui
3143 521 3209 575 ad
3246 522 3416 578 instar

1846 612 1901 666 in
1933 610 2242 666 universam
2292 622 2495 665 terram
2541 609 2849 664 emitterem
2893 611 3171 666 modestia:
3215 615 3414 677 verba;

1846 718 1952 773 quo
1983 704 2036 757 in
2075 703 2441 758 testimonium
2488 712 2670 756 essent
2708 701 2979 766 omnibus,
3008 703 3101 771 qui
3131 703 3419 757 veritatem

1845 796 2171 851 adulterant.
2208 796 2279 850 At
2304 796 2448 850 enim
2490 794 2632 848 istud
2671 793 2786 848 ﬁeri
2818 796 3021 864 nequit.
3058 794 3228 849 llomo
3263 810 3419 848 nam«l

1847 899 1953 954 que
1983 901 2101 940 sum
2147 885 2298 941 brevi
2348 886 2603 959 victurus
2632 894 2891 954 tempore,
2924 896 2979 941 et
3016 897 3175 942 aetate
3198 889 3417 957 quidem

1841 976 2022 1044 exilis,
2057 977 2275 1047 gracilis
2306 987 2487 1032 autem
2529 990 2685 1043 voce,
2717 993 2782 1033 ac
2824 978 3154 1047 cmteroquin
3186 991 3421 1050 angusto

1846 1071 2051 1136 animo,
2085 1080 2140 1125 et
2171 1070 2354 1125 multis
2382 1072 2767 1138 coinquinatus
2814 1072 3154 1128 criminibus.
3192 1072 3420 1128 Verum—

1848 1168 2026 1212 tamen
2064 1161 2311 1228 quamvis
2338 1161 2559 1213 tonitrui
2585 1162 2650 1215 ad
2677 1162 2868 1228 instar,
2900 1176 3086 1217 vocem
3113 1163 3166 1216 in
3188 1163 3420 1221 sublime

1846 1248 2126 1312 tollerem,
2180 1250 2583 1319 clamaremque
2638 1252 3022 1318 vehementer,
3077 1269 3416 1325 nequaquam

1844 1342 2083 1395 audirer.
2118 1340 2367 1395 Christus
2395 1343 2594 1396 etenim
2628 1343 2940 1413 unigenitns
2972 1344 3064 1399 Dei
3098 1344 3286 1414 Filius,
3325 1350 3420 1419 qui

1844 1429 2014 1485 cmlos
2062 1440 2120 1485 ut
2171 1430 2434 1486 fornicem
2487 1436 2779 1503 compegit,
2811 1434 3164 1507 fundavitque
3215 1448 3420 1494 terram

1844 1535 2007 1589 super
2041 1521 2216 1590 aquis,
2246 1532 2301 1574 et
2350 1524 2586 1577 lirmavit
2633 1540 2784 1579 mare
2814 1527 2944 1595 :qui
2993 1529 3172 1596 ignem
3219 1540 3273 1584 et
3302 1530 3418 1584 εειΙά

1843 1611 1983 1681 phur
2005 1623 2060 1666 et
2093 1614 2414 1681 gehennam,
2449 1624 2503 1668 et
2529 1626 2727 1670 metum
2765 1618 3157 1691 honoremque
3187 1631 3421 1680 aeterno:

1849 1719 1965 1757 rum
2001 1704 2384 1774 suppliciorum
2419 1709 2741 1776 prarparavit
2783 1710 2849 1764 iis
2881 1711 2973 1780 qui
3000 1724 3269 1782 peccant:
3305 1716 3421 1785 ipse

184 1796 211 1846 ὁ
258 1795 379 1865 πῦρ,
435 1797 530 1850 καλ⁵
588 1797 754 1864 θεῖον,
801 1800 895 1852 καὶ
939 1789 1183 1868 γέενναν,
1238 1801 1332 1853 καὶ
1400 1801 1584 1868 φόϐον,
1642 1802 1737 1853 καὶ

1845 1811 1935 1865 per
1990 1796 2274 1868 Evangelia
2327 1800 2568 1854 clamans
2622 1810 2678 1855 et
2722 1802 2960 1872 jubens,
3030 1810 3415 1867 contemnitur.

183 1885 366 1957 τρόμον
410 1887 644 1941 αἰωνίων
675 1891 974 1963 κριτηρίων
1016 1890 1313 1959 ἑτοιμάσας
1340 1894 1452 1955 τοῖς
1496 1891 1743 1961 ἁμαρτά-

184 1996 366 2045 νουσιν,
391 1977 543 2046 οῦτος
574 1983 640 2037 δι’
670 1984 1017 2054 Εὑαγγελίων
1057 1986 1196 2056 βοῶν
1223 1987 1316 2039 καὶ
1348 1987 1741 2059 παραγγέλλων

185 2073 532 2142 παρακούεται
586 2074 720 2146 (85).
758 2077 1068 2131 Ἀπόστολοι
1121 2078 1166 2130 δ’
1213 2074 1279 2131 αὖ
1336 2078 1499 2131 πάλιν
1556 2079 1738 2146 ἅγιοι,

183 2163 358 2217 τέλειοι
386 2166 480 2219 τοῦ
518 2167 755 2237 Χριστοῦ
789 2167 1046 2239 μαθηταὶ,
1074 2170 1168 2221 καὶ
1218 2170 1323 2221 υἱοὶ
1356 2169 1584 2239 βροντῆς
1628 2170 1744 2223 ὀνο-

186 2254 493 2322 μασθέντες,
526 2255 593 2308 δι’
638 2257 934 2310 ἐπιστολῶν
987 2259 1290 2328 γράφοντες
1340 2259 1432 2311 καὶ
1485 2276 1739 2330 παρακαιι

183 2344 378 2411 nam;
417 2349 916 2419 καταφρονοῦνται·
954 2350 1069 2403 ἀλλ’
1113 2349 1238 2403 οὔτε
1275 2352 1550 2422 προφῆται
1597 2352 1741 2420 ἅγιοι

180 2437 264 2490 τοῦ
299 2438 449 2501 Θεοῦ,
496 2439 626 2492 οὔτε
655 2440 839 2511 νόμος,
884 2439 1004 2494 οὔτε
1051 2442 1326 2514 ἄνθρωποι
1364 2441 1741 2506 νουθετοῦντες

182 2528 514 2594 ὲντρέπουσιο
568 2531 662 2584 καὶ
692 2532 776 2595 τίς
816 2531 974 2596 ἄλλος
1013 2534 1297 2603 δυνήσεται
1337 2534 1443 2605 ἄρα
1489 2534 1551 2589 τὺ
1592 2533 1743 2604 τηλι·

179 2617 353 2672 κοῦτον
388 2621 598 2691 ἀπηνὲς
625 2621 1019 2694 διορθώσασθαι
1048 2626 1140 2678 καὶ
1171 2626 1444 2696 ἀνήμερον
1471 2627 1737 2696 πρᾶγμαῖ

183 2705 296 2761 Ὀτε
325 2710 508 2766 λοιπὸν
532 2712 754 2783 τραῦμα
786 2714 927 2766 κατὰ
967 2716 1147 2786 πάσης
1189 2716 1379 2784 γέγονε
1424 2716 1525 2785 τῆς
1559 2719 1740 2770 οἰκου-

183 2798 354 2873 μένης,
370 2804 462 2858 καί
480 2821 574 2875 μοι
589 2805 722 2874 (85⁶)
735 2804 880 2858 δοκεί
894 2806 1120 2869 πολλοὺς
1140 2806 1327 2875 λόγους
1350 2808 1636 2879 καυτήρων
1663 2808 1741 2860 δί-

182 2906 273 2961 κην
322 2894 658 2964 προσάπτειν
719 2894 797 2967 τῷ
850 2898 1035 2951 πάθει.
1099 2899 1447 2968 Ἐπικὲχυται
1500 2899 1609 2970 γὰρ
1679 2899 1740 2951 τὸ

181 2984 392 3056 νόσημα,
434 2986 532 3039 καὶ
584 2987 895 3057 κεκράτηκε
941 2987 1229 3049 πλείστων,
1281 2988 1368 3041 ἵνα
1404 2990 1479 3059 μὴ
1523 2991 1741 3043 πάντων

178 3075 328 3145 λέγω,
361 3079 456 3133 καί
505 3077 696 3149 ὥσπερ
741 3079 908 3149 ἀχλὺς
958 3080 1336 3150 σκοτεινοτάτη
1387 3081 1583 3152 ἐπέσχε
1631 3082 1739 3135 τῶν

181 3167 371 3222 πολλῶν
419 3170 481 3222 τὸ
534 3169 820 3240 βλεπτικὸν
866 3170 964 3240 τῆς
1015 3170 1269 3235 διανοίας.
1326 3170 1466 3240 Ἐγὼ
1523 3172 1580 3226 δὲ
1629 3172 1741 3243 ὲρῶ

181 3258 304 3326 μετὰ
344 3261 679 3333 παρρησίας,
715 3259 971 3332 λαμπάδα
1014 3262 1296 3326 εὐσεϐείας
1339 3262 1426 3316 διὰ
1472 3262 1739 3334 στόματος

178 3350 400 3419 ῥήμασιν
432 3351 613 3420 ἁγίοις
644 3351 913 3416 ῖίοξξάπττιιιθν,
943 3353 1036 3405 καὶ
1076 3353 1252 3425 σεμνὰ
1279 3354 1495 3425 τρόπων
1535 3355 1738 3424 ἀρετῆς

177 3441 583 3513 παραδείγματα
612 3442 998 3514 διηγούμενος,
1045 3445 1120 3516 μὴ
1163 3445 1445 3516 ἄνθρωπον
1479 3445 1736 3499 εὐλαϐού-

179 3546 356 3599 μενος,
400 3536 539 3588 ἀλλὰ
591 3535 698 3605 πρὸ
747 3535 1037 3606 ὁσθαλμῶν
1086 3536 1224 3606 ἒχων
1271 3535 1360 3589 τὸν
1414 3537 1738 3606 ἀπροσωπο-

176 3619 377 3694 λήπτως
410 3626 666 3697 κρίνοντα
700 3626 907 3690 ζῶντας
941 3626 1035 3679 καὶ
1062 3629 1307 3699 νεκροὺς,
1337 3628 1430 3680 καὶ
1464 3628 1525 3680 οὐ
1561 3627 1743 3696 βουλό-

179 3731 322 3785 μενος
353 3718 611 3780 κοινωνὸς
661 3716 912 3785 γενέσθαι
961 3718 1074 3770 τῶν
1125 3720 1181 3771 ἐν
1225 3718 1305 3788 τῷ
1336 3718 1491 3789 κακῷ
1542 3719 1743 3789 δικτύῳ

176 3810 628 3879 σαγηνευθέντων,
670 3811 818 3872 ὅπως
848 3810 1005 3879 δίκην
1037 3809 1187 3881 ἡλίου
1218 3813 1247 3863 ὁ
1279 3810 1436 3879 λόγος
1462 3811 1562 3875 τὰς
1591 3813 1745 3865 ἀκτῖ-

1844 1886 2087 1953 Apostoli
2121 1888 2282 1942 etiam
2332 1890 2530 1955 sancti,
2567 1892 2791 1959 perfecti
2833 1894 3035 1949 Christi
3065 1898 3334 1968 discipuli,
3362 1911 3419 1954 et

1844 1977 1937 2031 ﬁlii
1982 1979 2204 2032 tonitrui
2263 1982 2537 2049 appellati,
2578 1998 2675 2053 per
2707 1984 2963 2052 epistolas
2991 1988 3292 2043 scribentes
3320 2005 3419 2045 ex-

1842 2070 2228 2140 hortantesque
2266 2084 2615 2142 spernuntur.
2640 2074 2778 2141 Quin
2814 2076 2922 2131 imo
2943 2093 3042 2131 uec
3068 2092 3288 2135 sanctos
3319 2080 3415 2137 Dei

1843 2161 2155 2229 prophetas,
2191 2158 2301 2219 nee’
2331 2164 2524 2235 legem,
2578 2181 2676 2221 nec
2718 2169 2966 2223 homines
3006 2183 3415 2229 commonentes

1844 2261 2159 2306 reverentur
2189 2269 2203 2305 :
2237 2255 2420 2323 ecquis
2456 2256 2595 2310 alius
2638 2259 2837 2326 poterit
2871 2273 3001 2328 ergo
3030 2275 3144 2314 rem
3173 2271 3277 2315 tam
3310 2266 3413 2315 im-

1845 2357 2054 2396 manem
2107 2353 2161 2397 et
2208 2342 2485 2398 efferatam
2524 2346 2579 2399 in
2612 2361 2827 2416 :equum
2876 2359 3077 2404 statum
3120 2354 3416 2409 remeare?

1842 2430 2107 2487 Praeterea
2143 2433 2450 2502 hujusmodi
2488 2436 2683 2492 vulnus
2730 2439 3042 2495 universum
3072 2441 3257 2498 orbem
3290 2459 3415 2513 per-

1842 2525 2019 2580 vasit:
2049 2526 2290 2597 mihique
2321 2529 2513 2583 videor
2538 2532 2701 2586 verba
2725 2532 3065 2600 ingeminans
3093 2536 3246 2603 quasi
3281 2553 3414 2592 cau-

1842 2618 1978 2670 teria
2036 2618 2159 2672 huic
2212 2619 2366 2674 malae
2419 2618 2693 2677 aﬂ‘eetioni
2734 2624 3011 2679 adhibere.
3048 2624 3287 2682 Diﬁ‘usus
3330 2636 3415 2685 est

1842 2710 1986 2762 enim
2023 2711 2263 2777 morbus,
2302 2712 2673 2783 plurimosque
2710 2715 2968 2782 obtinuit,
3006 2728 3063 2772 ut
3118 2733 3188 2773 ne
3236 2721 3414 2776 dicam

1840 2816 2067 2869 omnes;
2099 2812 2154 2857 et
2183 2806 2347 2858 veluti
2379 2806 2553 2876 caligo
2594 2808 2838 2876 quaedam
2884 2811 3223 2866 tenebricosa
3272 2813 3409 2867 aciei

1842 2893 2041 2947 mentis
2088 2892 2443 2961 plurimorum
2489 2895 2659 2951 oti‘usa
2706 2906 2808 2952 est.
2845 2899 2959 2969 Ego
2985 2910 3161 2957 tamen
3190 2917 3312 2958 cum
3348 2904 3415 2958 li-

1842 2983 2055 3037 bertate
2097 2985 2308 3054 loquar,
2356 2987 2659 3056 lampadem
2708 2989 2925 3058 pietatis
2982 2993 3162 3048 verbis
3207 2995 3414 3051 sanctis

1846 3088 1941 3129 ore
1979 3078 2299 3141 accendens,
2331 3088 2383 3130 et
2414 3078 2719 3133 veneranda
2744 3093 2955 3134 morum
2979 3081 3198 3139 virtutis
3223 3098 3410 3138 exem-

1846 3167 1932 3237 pla
1970 3181 2270 3222 enarrans:
2302 3184 2409 3224 non
2458 3169 2705 3224 homines
2735 3169 2904 3242 684
2949 3174 3175 3240 veritus,
3219 3178 3314 3229 sed
3341 3179 3413 3233 ob

1844 3257 2030 3314 oculos
2054 3258 2258 3312 habens
2285 3270 2429 3323 eum,
2456 3260 2545 3325 qui
2576 3260 2693 3313 sine
2720 3275 3071 3329 personarum
3102 3261 3416 3322 discrimine

1836 3350 2046 3420 judicat
2074 3349 2227 3404 vivos
2274 3358 2329 3403 et
2374 3360 2647 3417 lliOl‘lUUS;
2683 3365 2747 3405 co
2776 3352 2919 3419 quod
2949 3352 3111 3406 nolim
3141 3354 3413 3427 particeps

1841 3447 1959 3501 ﬁeri
1999 3461 2210 3514 eorum,
2236 3446 2327 3515 qui
2375 3446 2516 3499 malo
2560 3446 2661 3500 hoc
2706 3446 2805 3500 reti
2836 3448 3211 3516 comprehensi
3244 3460 3411 3504 sunt:

1840 3547 1900 3593 ut
1941 3536 2073 3593 solis
2120 3538 2173 3591 in
2228 3537 2447 3592 modum
2493 3537 2673 3591 oratio
2715 3537 2897 3592 radios
2942 3540 3412 3606 circumfundens,

1841 3629 2076 3699 disjiciat
2119 3628 2369 3682 tenebras
2402 3628 2598 3682 mentis
2632 3640 2842 3692 eorum,
2879 3629 2973 3699 qui
2998 3642 3063 3683 ex
3090 3646 3224 3699 puro
3251 3635 3415 3689 corde

1841 3723 2088 3784 audiunt,
2117 3729 2171 3774 et
2197 3720 2485 3773 inﬁrmitas
2512 3719 2627 3774 lucc
2657 3719 3001 3775 convalescat
3031 3723 3185 3791 ipsis
3212 3725 3414 3779 oratio-

1844 3812 1927 3865 nis
1950 3810 2266 3879 l‘ulgorihus.
2778 3803 2782 3808 ’
3097 3823 3104 3829 '

176 3914 260 3962 νας
287 3901 614 3963 ἐκπετάσας,
667 3899 892 3972 διαλύσῃ
919 3900 979 3952 τὸ
1008 3900 1243 3968 ζοφῶδες
1272 3900 1371 3971 τῆς
1426 3901 1664 3965 διανοίας
1698 3901 1806 3956 τῶν
1843 3900 2233 3955 εἰσακουόντων
2279 3902 2343 3952 ἐκ
2380 3898 2627 3971 καθαρᾶς
2680 3885 2942 3971 καρδίας,
2988 3904 3082 3956 καὶ
3132 3904 3193 3957 τὸ
3244 3908 3417 3974 πάθος

175 3992 345 4065 παύσῃ
371 3997 492 4058 ταῖς
521 3992 683 4047 αὐτοῦ
715 3997 1122 4065 μαρμαρυγαῖς.

233 4089 286 4143 2.
328 4088 478 4149 Ῥίζα
515 4085 628 4157 γὰρ
679 4086 920 4140 πάντων
959 4085 1078 4141 τῶν
1114 4088 1315 4143 κακῶν
1355 4092 1393 4157 ἡ
1448 4094 1735 4158 φιλαργυά

168 4179 286 4249 pia,
319 4181 481 4251 φησὶν
525 4180 554 4231 ὁ
597 4178 738 4241 θεῖος
776 4177 1128 4240 Ἀπόστολος’
1172 4177 1389 4249 ἀληθῶς
1440 4178 1565 4251 ῥίζα
1605 4179 1735 4233 πολι

173 4268 285 4333 λοὺς
329 4272 557 4334 κλάδους
587 4270 851 4341 πονηρίας
895 4270 1223 4340 ἐκφέρουσα,
1250 4270 1315 4321 δι’
1350 4272 1416 4341 ἣν
1462 4271 1530 4323 τὰ
1561 4272 1737 4324 πάντα

173 4359 226 4411 ἐν
256 4360 330 4432 τῷ
378 4359 604 4431 πονηρῷ
661 4358 760 4429 βίῳ
812 4357 1160 4411 ἐπιτελεῖται.
1212 4356 1364 4421 Ῥίζα
1412 4358 1470 4410 δὲ
1518 4359 1735 4412 πάντων

1909 4087 1966 4141 2.
2004 4083 2176 4136 Radix
2207 4098 2425 4150 namque
2463 4083 2695 4134 omnium
2718 4083 2978 4137 malorum
3013 4095 3087 4139 est
3109 4090 3418 4157 avaritia",

1839 4180 1915 4231 ait
1951 4177 2161 4230 divinus
2188 4172 2512 4242 Apostolus:
2553 4174 2705 4225 radix
2756 4174 3002 4241 profecto
3034 4179 3172 4233 bene
3217 4183 3422 4239 multos

1839 4264 2119 4338 proferens
2147 4266 2401 4334 nequitiae
2434 4279 2635 4328 ramos,
2673 4281 2769 4335 per
2797 4282 2958 4335 quam
2990 4270 3170 4324 omnia
3209 4272 3265 4326 in
3304 4275 3418 4329 vita

1838 4374 2071 4428 nequam
2113 4355 2441 4410 ciliciuntur.
2473 4358 2732 4409 Attamen
2774 4359 2923 4411 radix
2971 4361 3212 4414 omnium
3246 4365 3422 4417 malo-

170 4451 272 4505 τῶν
299 4453 484 4507 κακῶν
513 4455 547 4523 ὴ
587 4451 890 4520 φιλογυνία,
924 4450 1019 4503 καὶ
1052 4447 1271 4520 ἡγεμὼν
1298 4449 1399 4519 τῆς
1438 4448 1734 4510 ἀπωλείας,

1845 4464 1958 4503 rum
1995 4447 2355 4502 nmlierositas
2394 4456 2498 4510 est,-
2550 4457 2606 4500 et
2639 4449 2743 4501 dux
2780 4448 3054 4513 interitus,
3104 4451 3255 4506 furor
3304 4455 3415 4520 ille,

172 4541 330 4611 ἡτῶν
370 4541 757 4613 ἀγαπητρίδων
788 4540 934 4609 λέγω
974 4540 1037 4610 δὴ
1071 4541 1259 4611 μανία,
1303 4539 1426 4611 ῥίζα
1458 4538 1736 4593 ἀπώλειαν

176 4631 554 4701 βλαστάνουσα,
587 4634 681 4686 καὶ
725 4631 1021 4696 ὲξανθοῦσα
1073 4632 1288 4701 μανίαν,
1326 4630 1587 4700 Ὶουδαῖκὴ
1627 4630 1735 4700 γὰρ

171 4730 416 4799 τυγχάνει
462 4733 528 4782 ὲκ
569 4727 817 4798 Σοδόμων
855 4724 1254 4797 μετενεχθεῐσα,
1284 4724 1471 4777 καθότι
1505 4723 1735 4776 ὕπουλον

174 4836 282 4873 τινα
313 4824 406 4875 καὶ
438 4818 816 4890 πεποιημένην
848 4817 949 4887 τῆς
981 4815 1178 4879 ἔξωθεν
1225 4815 1558 4869 ὲπιπλάστου
1599 4815 1737 4882 ἁγά-

173 4924 272 4983 πης
293 4913 391 4984 τὴν
421 4912 720 4982 φαντασίαν
755 4912 1039 4979 κέκτηται.
1070 4905 1179 4960 Καί
1211 4924 1298 4976 μοι
1329 4905 1504 4960 λαϐὼν
1543 4904 1735 4976 κόμιζε

173 4997 343 5055 λοιπὸν
385 5005 464 5066 είς
514 5004 677 5073 μέσον
708 5002 770 5054 τὸ
809 5000 905 5053 τοῦ
946 4998 1267 5053 Ἀποστόλου
1320 4997 1497 5065 λόγιον
1541 4998 1737 5060 ἐκεῖνο,

172 5091 229 5143 τὸ
282 5093 517 5161 φάσκον·
553 5092 648 5160 Μὴ
692 5093 804 5145 οὐκ
863 5090 1082 5160 ἔχομεν
1134 5086 1423 5152 ἐξουσίαν
1468 5083 1741 5153 ἀδελφὴν

174 5185 414 5250 γυναῖκα
456 5183 777 5254 περιάγειν,
811 5184 891 5249 ὡς
934 5180 1033 5235 καὶ
1067 5183 1120 5234 οἱ
1175 5177 1377 5233 λοιποὶ
1410 5178 1741 5231 ἀπόστολοι

176 5277 266 5328 καὶ
296 5277 536 5347 Κηφᾶς-ς
566 5271 611 5344 ᾧ
642 5275 1007 5347 ὲπερείδονται
1037 5273 1087 5325 οι
1116 5271 1192 5342 τῷ
1222 5270 1321 5340 τῆς
1367 5267 1740 5338 ταλαιπωρίας

175 5369 327 5422 πάθει
368 5369 775 5440 δεδουλωμένοι,
818 5368 879 5419 τὸ
908 5364 1088 5428 καλῶς
1121 5364 1255 5434 πρὸς
1282 5361 1552 5431 ὠφέλειαν
1600 5376 1740 5429 γρα-

176 5460 286 5527 φὲν,
324 5465 391 5533 τῇ
442 5462 651 5515 ἑαυτῶν
713 5457 1106 5531 ματαιοφρονία
1154 5456 1290 5527 πρὸς
1324 5452 1601 5507 ἀπώλειαν
1636 5452 1739 5520 ψυ-

236 5641 285 5677 ⁸⁶
310 5639 331 5694 l
358 5642 496 5697 Tim.
533 5642 722 5708 vr,10.
796 5642 839 5672 ⁸⁸
878 5640 896 5695 Ι
925 5640 1049 5694 Cor.
1084 5654 1160 5703 Ix,
1189 5636 1241 5690 5.

240 5766 350 5839 (S3)
391 5766 809 5835 Παρακούεται.
855 5759 1015 5822 Editi,
1052 5753 1474 5826 παρακούσεται.
1504 5749 1659 5805 Eutr.

1850 4543 2092 4609 inquam,
2138 4539 2635 4594 amasiuncularum
2681 4556 2695 4592 :
2738 4540 2895 4594 radix
2933 4543 3210 4598 interitum
3248 4547 3419 4613 pullu-

1844 4633 1984 4696 laus,
2018 4641 2073 4684 et
2113 4631 2347 4684 furorem
2374 4628 2701 4698 germinans.
2745 4626 2969 4683 Judaica
3033 4640 3116 4685 est
3161 4634 3304 4687 enim
3353 4635 3422 4687 de

1849 4723 2097 4778 Sodomis
2122 4722 2323 4787 delata,
2372 4722 2518 4791 quod
2549 4721 2910 4776 adulterinam
2937 4724 3230 4790 quamdam
3264 4733 3319 4777 ct
3357 4725 3422 4777 li-

1842 4814 2048 4869 ctitiam
2070 4812 2309 4867 exterius
2340 4811 2593 4866 sublestre
2617 4811 2905 4866 charitatis
2933 4813 3169 4881 speciem
3202 4813 3417 4867 habeat.

1844 4908 2131 4970 Caeterum,
2184 4904 2366 4973 profer
2403 4912 2459 4958 tu
2510 4903 2641 4957 mihi
2684 4903 2758 4959 sis
2805 4903 2859 4957 in
2908 4905 3138 4958 medium
3175 4906 3421 4959 testium-

1845 4999 1994 5052 nium
2023 4998 2152 5052 illud
2186 4997 2424 5065 Apostoli
2474 4998 2616 5063 quod
2648 4998 2723 5049 ait
2757 5015 2769 5050 :
2810 4994 3063 5066 Nunquid
3110 5012 3214 5049 non
3259 4996 3421 5051 habe-

1846 5105 1962 5141 mus
2009 5096 2317 5157 potestatem
2370 5087 2642 5140 mm‘ierem
2694 5102 2926 5140 sororem
2971 5087 3417 5153 circumducendi,

1842 5182 1978 5233 sicut
2003 5189 2055 5235 ct
2081 5180 2256 5233 ca'tert'
2280 5178 2504 5248 apostoli
2523 5187 2571 5231 et
2599 5175 2899 5247 Cephas“?
2925 5177 3023 5233 Cui
3056 5191 3247 5246 nempe
3277 5179 3421 5230 inni-

1846 5280 2035 5325 tuntur
2063 5271 2116 5324 hi
2159 5270 2249 5339 qui
2306 5268 2628 5322 miserandae
2660 5266 2787 5320 huic
2819 5280 2972 5320 noxa:
2999 5266 3338 5327 deserviunt,
3366 5265 3420 5320 id

1844 5363 1986 5431 quod
2019 5361 2224 5431 optime
2271 5361 2338 5414 ad
2387 5358 2674 5412 utilitatem
2742 5356 3002 5425 scriptum
3064 5366 3167 5419 εει,
3226 5355 3419 5410 insana

1846 5463 2027 5508 mente
2087 5466 2185 5508 sua
2242 5453 2308 5507 ad
2346 5451 2624 5505 interitum
2676 5448 2981 5501 animarum
3037 5455 3418 5513 assumcntes;

1917 5742 2048 5814 (83')
2076 5740 2181 5794 Καὶ
2204 5758 2322 5811 μοι.
2356 5737 2513 5808 Lege,
2546 5736 2638 5789 καὶ
2670 5733 2810 5805 ἐμοί.
2846 5731 2990 5786 Eat?
