3802 6216
264 391 385 450 815

1232 374 1574 433 ΔΡΡΕΝΟΙΧ
1613 369 1900 429 OPERUM
1945 371 2003 427 S.
2048 370 2296 428 BASILII
2340 369 2583 425 MAGNI.

3443 347 3559 425 sie

276 522 331 563 ct
365 503 706 563 conferamus
752 497 985 555 invicem
1024 508 1087 549 ea
1138 506 1260 564 qua:
1302 493 1370 547 ab
1414 490 1693 561 apostolis,
1731 501 1853 542 cum

1993 485 2068 539 ῶν
2136 483 2588 557 ἐκλαμϐάνοντες.
2648 481 2761 536 Καὶ
2813 478 3160 555 ἐξετάσωμεν
3231 480 3558 554 παράλληλα

278 601 347 656 iis
389 613 513 668 quae
552 608 695 651 nunc
732 608 764 646 a
790 586 1142 646 credentibus
1180 582 1298 639 ﬁeri
1332 585 1754 639 consueverunt.
1779 577 1859 633 Ac

279 695 515 764 primum
572 688 823 758 quisnam
884 680 1049 736 fuerit
1112 678 1345 748 scriptor
1399 675 1863 732 attendamuszet

280 798 460 839 utrum
486 796 582 851 per
609 778 898 849 epistolam
928 775 1117 829 beatus
1148 770 1438 842 Apostolus
1476 784 1589 826 rem
1626 767 1863 824 indulse-

281 878 372 938 rit.
429 875 512 928 vel
558 886 666 927 non
734 871 914 939 potius
962 880 1058 919 eos
1122 862 1450 925 coercuerit,
1515 870 1689 916 semet
1747 860 1862 929 ipse

280 963 559 1032 exemplar
584 958 850 1015 exhibens
880 955 1036 1011 nobis
1068 940 1357 1007 universis.
1401 949 1665 1005 Novimus
1697 948 1861 1003 nimi—

283 1070 403 1110 rum
442 1068 567 1108 cum
601 1064 724 1106 cum
758 1049 892 1103 viris
926 1044 1351 1118 religiosissimis
1385 1056 1481 1109 per
1514 1050 1684 1094 totum
1722 1049 1862 1094 tent-

283 1160 385 1216 pus
417 1143 584 1199 fuisse
608 1146 1015 1201 convcrsatum,
1051 1150 1151 1190 nec
1179 1150 1302 1189 cum
1359 1130 1691 1201 turpissimis
1747 1147 1865 1184 mu-

285 1234 512 1290 lieribus
545 1232 777 1302 degisse,
817 1244 884 1284 ne
919 1227 966 1283 si
999 1226 1143 1282 istud
1189 1224 1404 1292 quidem
1454 1221 1633 1275 dicere
1666 1218 1864 1273 erube-

285 1332 460 1380 scant.
491 1321 702 1377 Pudore
730 1317 1108 1375 snﬂnndantur
1136 1317 1225 1383 qui
1272 1330 1331 1368 se
1370 1315 1513 1381 ipsos
1543 1311 1700 1365 l’etro
1732 1326 1862 1381 apo-

285 1414 551 1472 stolorum
580 1410 835 1482 principi,
869 1418 923 1463 et
948 1406 1104 1476 regni
1132 1406 1392 1461 caelorum
1416 1403 1691 1470 clavigero
1716 1417 1866 1456 cu.n-

285 1512 501 1575 parant,
542 1510 600 1559 et
636 1500 823 1558 dicunt
854 1497 953 1553 :Si
988 1498 1083 1552 it’le
1127 1496 1315 1550 habuit
1368 1494 1639 1557 dilectam,
1679 1503 1727 1548 et
1770 1510 1864 1547 nos

287 1597 506 1665 uestigia
565 1594 681 1664 ejus
715 1604 996 1648 sectantur.
1054 1589 1202 1644 Belle
1254 1588 1398 1643 enim
1427 1602 1576 1641 vero.
1609 1584 1860 1640 Resusci-

287 1699 343 1743 ta
376 1694 435 1742 tu
463 1684 599 1741 mihi
652 1697 808 1755 ergo,
854 1679 1307 1752 quemadmodum
1336 1678 1427 1732 ille
1484 1675 1769 1731 Tahitbam
1799 1690 1864 1729 ex

287 1778 519 1834 mortuis
578 1790 677 1847 per
729 1776 890 1830 ﬁdem
940 1774 996 1828 in
1052 1771 1338 1827 Dominum
1386 1778 1629 1823 nostrum
1682 1766 1865 1822 Jesnm

1957 583 2072 644 τοῖς
2104 578 2442 637 ἀποστόλοις,
2478 575 2573 629 καὶ
2613 577 2727 639 τοῖς
2759 574 2855 628 νῦν
2899 573 3218 626 πιστεύουσι
3263 574 3332 628 τὰ
3380 592 3562 645 πρατ-

1957 673 2178 744 τόμενα.
2209 670 2305 732 Τίς
2349 664 2416 741 ἦν
2446 669 2474 721 6
2518 667 2746 739 γράφων
2781 667 2998 739 πρῶτον
3035 664 3318 735 μάθωμεν,
3366 668 3459 720 καὶ
3503 667 3559 719 εί

1959 766 2026 820 δι’
2068 764 2356 832 ἐπιπολῆς
2398 764 2426 815 6
2462 760 2728 833 μακάριος
2776 758 3100 821 Ἀπόστολος
3134 759 3424 828 ἐπέτρεψε,
3455 758 3559 811 καὶ

1961 857 2083 927 ούχὶ
2132 854 2332 927 μᾶλλον
2381 852 2654 907 ἐκώλυσεν
2701 850 2931 913 αὐτοὺς,
2971 850 3160 903 ἑαυτὸν
3192 849 3359 903 τύπον
3410 866 3561 920 παρ-

1961 950 2218 1021 εχόμενος
2270 948 2439 1000 πᾶσιν
2480 947 2648 1015 ἡμῖν’
2683 943 2904 1013 οἴδαμεν
2937 942 3047 1014 γὰρ
3085 942 3249 995 αὑτὸν
3283 942 3422 1013 μετὰ
3454 945 3560 996 ἀν-

1961 1041 2102 1113 δρῶν
2126 1036 2535 1093 εὐλαϐεστάτων
2564 1037 2743 1090 πάντα
2766 1034 2859 1088 τὸν
2894 1035 3083 1105 χρόνον
3112 1035 3556 1105 ἀναστραφέντα,

1963 1133 2058 1187 καὶ
2103 1131 2226 1203 οὐχὶ
2278 1130 2418 1202 μετὰ
2477 1127 2756 1198 γυναικῶν
2795 1128 3227 1198 ἀπρεπεστάτων
3269 1126 3557 1193 διάγοντα·

1961 1222 2086 1277 οὔτε
2123 1221 2225 1276 κᾶν
2262 1220 2537 1275 αἰδοῦνται
2585 1218 2744 1272 τοῦτο
2786 1218 3055 1287 λέγοντες.
3083 1217 3351 1287 Αἰσχύνην
3384 1236 3564 1271 κατα-

1963 1314 2271 1387 χεέσθωσαν
2304 1314 2355 1367 οί
2408 1311 2635 1375 ἑαυτοὺς
2688 1310 2880 1380 Πέτρῳ
2935 1309 3013 1378 τῷ
3039 1310 3396 1383 πρωτοστάτῃ
3443 1311 3562 1363 τῶν

1962 1407 2295 1472 ἀποστόλων,
2345 1406 2440 1459 καὶ
2484 1402 2780 1474 κλειδούχῳ
2825 1403 2923 1473 τῆς
2966 1401 3246 1471 βασιλείας
3294 1400 3403 1454 τῶν
3454 1402 3557 1454 οὺ-

1969 1499 2141 1572 ρανῶν
2196 1497 2612 1569 συγκρίνοντες,
2667 1496 2762 1549 καὶ
2815 1495 3144 1564 φάσκοντες
3196 1496 3267 1547 El
3320 1493 3562 1559 ἐκεῖνος

1964 1589 2128 1665 εἶχεν
2157 1590 2495 1663 ἀγαπητὴν,
2542 1589 2638 1642 καί
2676 1588 2844 1657 ἠμῖς
2876 1586 3000 1651 τοῖς
3030 1587 3268 1641 ἐκείνου
3312 1588 3561 1655 ἴχνεσιν

1965 1682 2514 1751 ἐπακολουθοῦμεν.
2551 1681 2661 1734 Καὶ
2695 1680 2837 1750 τάχα
2870 1679 3049 1742 καλῶς
3095 1678 3259 1749 ἔχεις.
3298 1679 3561 1750 Ἔγειρόν

1974 1791 2063 1845 μοι
2107 1773 2235 1842 γοῦν
2281 1772 2357 1835 ὼς
2396 1771 2556 1835 αὐτὸς
2593 1770 2693 1840 τὴν
2727 1769 2965 1823 Ταϐιθὰν
2997 1770 3062 1823 ἐκ
3094 1768 3304 1839 νεκρῶν
3333 1769 3422 1822 διὰ
3453 1770 3561 1840 τῆς

287 1871 563 1927 Christum
579 1837 657 1932 λ’,
692 1875 752 1922 ιιι
796 1865 1015 1921 credam
1058 1863 1173 1925 tibi,
1216 1863 1356 1932 quod
1386 1872 1437 1917 et
1468 1875 1522 1915 tu
1559 1860 1759 1930 Spiritu
1795 1859 1869 1914 sis

1991 1866 2209 1929 tristem;
2253 1864 2353 1934 τῆς
2384 1865 2464 1927 εἰς
2505 1865 2596 1916 τὸν
2625 1862 2830 1932 Κύριον
2861 1863 3018 1933 ἡμῶν
3056 1862 3264 1932 Ἰησοῦν
3294 1861 3559 1932 Χριστὸν,

286 1961 507 2033 plenus,
555 1957 797 2030 repletus
854 1955 1038 2011 divina
1097 1955 1318 2010 virtute.
1368 1951 1591 2021 Expelle
1639 1960 1692 2004 tu
1741 1950 1869 2004 mihi

289 2052 562 2107 tlteuiones
619 2062 757 2119 quos
802 2046 890 2101 ille
933 2044 1147 2115 expulit
1196 2053 1254 2100 et
1311 2044 1566 2107 morbos,
1624 2042 1871 2110 aliasque

284 2139 439 2196 eﬂce
466 2138 802 2202 curationes,
826 2144 958 2205 quot
1003 2132 1183 2189 eﬂ‘ecit
1213 2134 1303 2189 ille
1330 2132 1381 2187 in
1413 2131 1632 2187 nomine
1656 2129 1870 2185 Domini

289 2234 465 2289 nostri
491 2230 616 2287 Jesu
647 2228 853 2285 Christi
886 2242 899 2277 :
928 2226 1085 2281 mitto
1113 2225 1261 2280 enim
1317 2223 1552 2291 reliqua.
1602 2220 1714 2275 lluc
1746 2235 1868 2274 cum

291 2322 423 2379 mihi
453 2320 793 2386 ostenderis,
826 2329 953 2375 tunc
978 2319 1073 2373 tibi
1113 2316 1353 2379 credam,
1396 2313 1537 2383 quod
1587 2327 1691 2367 non
1722 2311 1873 2380 igne-

291 2430 472 2472 sceres
513 2415 580 2469 ad
626 2413 771 2468 hanc
809 2419 1130 2466 venenatam
1167 2406 1416 2462 bestiam.
1466 2404 1660 2459 Annon
1719 2402 1874 2458 audis

291 2507 422 2577 quid
480 2506 628 2562 dicat
690 2501 955 2559 Dominus
1008 2508 1195 2554 noster
1234 2497 1392 2552 .Iesus
1443 2495 1872 2559 Christuszuu'i

289 2601 525 2654 intuetur
554 2596 825 2651 audierant
857 2609 926 2648 ea:
976 2590 1417 2659 concupiscentia,
1437 2588 1553 2659 jam
1583 2588 1869 2641 moechatus

289 2703 366 2747 est
400 2708 515 2746 eam
544 2692 599 2743 in
623 2688 779 2743 corde
806 2685 1004 2741 suo"?
1030 2682 1307 2738 Fabulane
1340 2680 1589 2736 videntur
1629 2680 1723 2734 tibi
1760 2679 1874 2733 haec

289 2783 458 2838 verba
508 2778 834 2848 Evangelii?
892 2774 1082 2831 Viden’
1145 2788 1252 2844 quo
1313 2783 1471 2844 pacto
1547 2788 1651 2826 non
1714 2770 1873 2825 modo

291 2883 472 2927 actum
503 2870 867 2935 interdixerit,
892 2869 986 2923 sed
1019 2876 1072 2922 et
1101 2866 1368 2920 rationem
1402 2864 1629 2919 intuitus
1678 2863 1865 2933 prohi-

292 2964 491 3029 buerit,
544 2946 722 3018 sciens
760 2958 1020 3016 seandalo
1059 2972 1182 3013 esse
1236 2957 1429 3011 anima:
1471 2956 1709 3010 hominis
1753 2955 1873 3009 illas

294 3053 556 3110 insidias?
583 3055 651 3108 At
680 3053 775 3108 tibi
807 3052 1000 3106 morbo
1024 3048 1219 3104 allecto
1247 3048 1398 3104 lusus
1422 3062 1484 3103 ea
1516 3062 1603 3102 res
1632 3048 1868 3101 videtur.

1973 1959 2063 2013 ἵνα
2093 1955 2371 2011 πιστεύσω
2408 1971 2511 2016 σοι,
2539 1955 2620 2007 δτι
2648 1954 2741 2006 καὶ
2780 1954 2844 2006 σὺ
2885 1952 3331 2024 πνευματοφόρος
3360 1947 3429 2015 εἷ,
3460 1954 3560 2005 ὲκ-

1972 2048 2357 2121 πεπλησμένος
2405 2046 2555 2109 θείας
2589 2046 2895 2115 δυνάμεως.
2953 2044 3237 2109 Ἐξέλασόν
3279 2062 3370 2116 μοι
3422 2045 3558 2108 τοὺς

1972 2141 2249 2212 δαίμονας,
2277 2138 2371 2203 οὒς
2407 2139 2614 2200 ἐκεῖνος
2651 2136 2900 2208 ἐξήλασε,
2942 2136 3041 2200 τὰς
3073 2136 3283 2199 νόσους,
3316 2138 3409 2191 καὶ
3454 2138 3565 2201 τὰς

1973 2232 2166 2301 ἑτέρας
2207 2229 2435 2301 ἔργασαι
2470 2226 2786 2299 θεραπείας,
2814 2229 2945 2291 ὅσας
2987 2225 3304 2280 ἐπετέλεσεν
3349 2228 3562 2289 ἐκεῖνος

1972 2325 2031 2377 ὲν
2060 2323 2139 2394 τῷ
2185 2321 2407 2392 ὀνόματι
2464 2320 2559 2373 τοῦ
2613 2318 2816 2391 Κυρίου
2868 2318 3025 2389 ἡμῶν
3077 2316 3251 2389 Ἰησοῦ
3286 2317 3557 2388 Χριστοῦ*

1973 2413 2049 2467 ἐῶ
2080 2412 2188 2483 γάρ
2211 2412 2397 2467 τᾶλλα.
2442 2413 2609 2466 Ὅταν
2642 2427 2731 2481 μοι
2759 2409 2958 2480 δείξῃς.
2982 2407 3105 2461 τότε
3135 2424 3217 2461 σοι
3257 2407 3558 2470 πιστεύσω,

1971 2505 2054 2559 ὅτι
2106 2505 2167 2557 ού
2219 2502 2489 2575 π’δροῦσαι
2537 2503 2674 2573 πρὸς
2721 2501 2781 2555 τὸ
2829 2500 3037 2573 θηρίον.
3066 2502 3138 2553 Ἦ
3182 2499 3283 2553 ούκ
3339 2497 3564 2562 ἀκούεις

1971 2597 2026 2651 τί
2054 2596 2199 2666 λέγει
2226 2598 2255 2650 ὁ
2284 2597 2486 2665 Κύριος
2514 2593 2671 2665 ⁴ἡμῶν
2705 2590 2910 2662 Ἰησοῦς
2942 2590 3200 2663 Χριστὸς,
3239 2591 3320 2643 ὅτι
3364 2590 3419 2642 '0
3454 2590 3566 2659 ἐμ-

1973 2688 2203 2757 ϐλέψας
2252 2686 2486 2759 γυναικί
2536 2684 2687 2754 πρὸς
2718 2684 2785 2737 τὸ
2812 2682 3201 2751 ἐπιθυμῆσαι,
3231 2681 3348 2749 ἤδη
3391 2681 3528 2750 ἐμοί
3538 2708 3566 2722 ο

1972 2795 2198 2850 χευσεν
2233 2777 2428 2845 αὐτὴν
2461 2778 2530 2829 ἐν
2565 2774 2640 2843 τῇ
2673 2775 2888 2843 καρδίᾳ
2916 2773 3102 2827 αὐτοῦ
3121 2788 3141 2836 ;
3173 2773 3246 2825 ’Ἡ
3277 2771 3444 2843 μῦθός
3475 2788 3569 2825 σοι
3644 2792 3653 2799 ο

1974 2869 2368 2938 καταφαίνεται
2411 2868 2481 2922 τά
2522 2866 2616 2920 τοῦ
2667 2862 3002 2933 Εύαγγελίου
3050 2864 3304 2933 ῥήματα;
3361 2860 3569 2932 Ὁρᾷς,

1973 2962 2121 3023 ὅπως
2146 2961 2207 3015 οὐ
2256 2959 2413 3031 μόνον
2440 2958 2499 3012 τὸ
2544 2956 2804 3028 πράττειν
2837 2954 3131 3020 ἐκώλυσεν,
3162 2952 3297 3006 ἀλλὰ
3327 2953 3425 3006 καὶ
3468 2952 3571 3006 τὸν

1974 3053 2297 3126 χαρακτῆρα
2342 3052 2438 3123 τῆς
2484 3049 2659 3118 ὅψεως
2707 3049 2839 3118 ὁρᾷν
2895 3044 3221 3118 ἀπέτρεψεν,
3277 3043 3432 3107 εἰδὼς
3476 3043 3571 3098 ὅτι

293 3139 572 3199 Debetasti
608 3144 751 3198 enim
783 3142 1019 3196 animum
1060 3139 1410 3210 itnpudentia,
1455 3137 1617 3193 veluti
1667 3138 1869 3191 larvam

1991 3145 2270 3201 ncdean
2304 3146 2371 3213 τῇ
2417 3141 2509 3196 τοῦ
2558 3139 2752 3211 ἀνδρὸς
2804 3139 2950 3210 ψυχῇ
2999 3138 3064 3191 τὸ
3107 3136 3353 3209 ἒνεδρον;
3398 3134 3574 3189 Ἀλλά.

294 3232 451 3287 faciei
500 3232 784 3303 imponens
825 3242 949 3285 tuae.
978 3227 1202 3300 Ignoras
1237 3243 1471 3299 namque
1512 3227 1566 3282 in
1602 3236 1868 3297 quantum

298 3324 646 3393 naufragium
703 3322 980 3377 incideris.
1023 3320 1383 3376 Revertantur
1428 3320 1496 3375 ad
1559 3330 1872 3375 sanctorum

291 3418 679 3495 prophetarum
712 3416 977 3481 instituta,
1015 3429 1122 3484 quo
1156 3414 1313 3469 modo
1339 3428 1500 3469 omne
1550 3423 1760 3485 tempus
1788 3413 1875 3468 vi-

296 3517 366 3561 tat
408 3508 460 3561 in
506 3506 781 3562 montibus
806 3516 859 3558 et
885 3504 1136 3559 cavernis
1166 3512 1585 3575 transegerunt;
1616 3505 1813 3558 nedum
1843 3518 1875 3558 a

295 3598 553 3667 videnda,
587 3613 773 3653 verum
823 3598 985 3652 etiam
1034 3612 1067 3651 a
1123 3597 1408 3666 cogitanda
1455 3596 1684 3652 muliere
1721 3598 1774 3651 in
1806 3594 1875 3651 li-

291 3690 556 3745 bertatem
584 3687 797 3743 asserti.
826 3686 962 3741 Nunt
996 3697 1051 3742 et
1076 3688 1157 3741 ha:
1192 3687 1286 3741 tibi
1314 3702 1469 3758 nugae
1495 3687 1718 3743 omnino
1746 3702 1877 3743 cen-

292 3780 600 3837 sebuntur?
653 3780 844 3835 Sentio
897 3781 1040 3835 enim
1085 3790 1138 3834 te
1187 3780 1532 3848 opinionibus
1580 3781 1873 3834 multarum

296 3872 541 3930 inanium
572 3871 840 3927 rationum
888 3886 1130 3926 animum
1167 3872 1513 3928 delinientem
1561 3882 1731 3928 tuum.
1767 3871 1875 3927 Re-

294 3979 430 4020 voca
464 3964 517 4019 in
557 3962 877 4020 memoriam
920 3964 1237 4033 ejectionem
1264 3980 1295 4020 e
1321 3966 1597 4035 paradiso,
1631 3967 1872 4022 ruinam-

296 4073 404 4129 que
451 4057 673 4125 diluvii,
718 4068 773 4113 et
818 4059 1176 4115 Sodomorum
1226 4064 1566 4115 tversionem
1602 4061 1761 4132 (quia
1805 4063 1875 4117 ob

299 4149 581 4205 mulierem
626 4148 769 4204 mala
813 4150 996 4204 omnia
1057 4151 1125 4204 ab
1181 4150 1333 4204 initio
1392 4150 1460 4204 ad
1501 4167 1671 4221 usque
1710 4152 1873 4207 ﬁnem

299 4242 664 4312 contingunt),
696 4240 978 4297 Samsonis
1001 4241 1132 4310 justi
1161 4243 1523 4312 proditiones,
1550 4256 1605 4301 et
1639 4254 1876 4301 structas

295 4334 558 4391 adversus
595 4330 796 4403 Joseph
847 4331 1169 4403 praeclarum
1217 4334 1368 4389 illum
1420 4334 1695 4391 hominem
1742 4335 1877 4390 insi-

296 4425 438 4482 diae.
470 4424 667 4481 Veniat
701 4425 797 4480 tibi
831 4425 885 4480 in
919 4432 1155 4480 mentem
1184 4425 1437 4482 interitus
1465 4428 1626 4482 electi
1659 4427 1875 4498 generis

1977 3252 2061 3288 σοι
2091 3234 2168 3306 τῷ
2201 3234 2465 3305 πάσχοντι
2500 3233 2748 3301 παίγνιον
2777 3229 3171 3299 καταφαίνεται
3202 3229 3263 3281 τὸ
3292 3229 3528 3300 πρᾶγμα
3546 3242 3566 3259 ·

1977 3328 2268 3398 ὲπὴρωσας
2324 3327 2432 3396 γάρ
2481 3341 2576 3378 σου
2631 3324 2693 3376 τὸ
2747 3322 3002 3394 φρόνημά
3052 3324 3119 3392 τῇ
3169 3320 3566 3392 ἀναισχυντίᾳ,

1977 3418 2322 3489 προσωπείου
2350 3417 2505 3487 δίκην
2533 3415 2611 3487 τῷ
2651 3414 2928 3487 προσώπῳ
2969 3429 3061 3465 σου
3092 3412 3566 3483 ὲμπεριθέμενοςο

1978 3510 2191 3579 ἀγνοεῖς
2224 3509 2334 3580 γὰρ
2369 3509 2555 3580 ἡλίκῳ.
2589 3507 2836 3577 ναυαγίῳ
2877 3505 3326 3577 περιπέπτωκας.
3373 3504 3573 3557 Ἐπαν-

1978 3602 2221 3674 έλθωμεν
2249 3604 2342 3656 ἐπὶ
2368 3602 2495 3666 τοὺς
2520 3600 2626 3654 τῶν
2660 3600 2828 3669 ἁγίων
2859 3596 3152 3670 προφητῶν
3181 3596 3569 3667 χαρακτῆρας,

1977 3695 2125 3757 ὅπως
2172 3693 2263 3746 τὸν
2319 3692 2535 3747 ἅπαντα
2586 3695 2776 3763 χρόνον
2829 3690 2931 3759 τῆς
2975 3688 3121 3757 ζωῆς
3165 3689 3221 3739 ὲν
3269 3687 3420 3756 ὄρεσι
3468 3686 3572 3739 καὶ

1980 3784 2263 3858 σπηλαίοις
2313 3784 2602 3855 διέτριϐον,
2655 3785 2714 3837 οὔ
2775 3783 2935 3854 μόνον
2987 3781 3081 3837 τοῦ
3132 3782 3262 3853 ὁρᾷν
3329 3783 3572 3849 γυναῖκα

1977 3878 2461 3948 ἀπαλλαττόμενοι,
2490 3875 2627 3930 ἀλλά
2657 3875 2767 3948 γάρ
2815 3876 2910 3929 καὶ
2952 3873 3042 3927 τοῦ
3094 3872 3466 3944 ἐνθυμεῖσθαι.
3492 3874 3572 3926 Ἦ

1978 3970 2075 4023 καὶ
2105 3969 2261 4023 τοῦτὸ
2290 3986 2371 4022 σοι
2405 3967 2622 4031 πάντως
2650 3967 2813 4039 λῆρος
2849 3967 3329 4037 καταφανήσεταις
3367 3964 3569 4017 Βλέπω

1978 4060 2086 4132 γάρ
2129 4076 2186 4112 σε
2219 4059 2313 4112 καὶ
2344 4057 2649 4113 ἀντιθέσεσι
2696 4057 2906 4111 πολλῶν
2943 4056 3116 4125 λόγων
3154 4054 3327 4109 κενῶν
3365 4053 3570 4107 σαυτὸν

1979 4150 2492 4223 παραμυθούμενον.
2528 4149 2812 4220 Μνήσθητι
2841 4149 2941 4220 τῆς
2987 4149 3052 4202 ἐκ
3089 4146 3183 4223 τοῦ
3227 4147 3569 4218 παραδείσου

1979 4242 2238 4311 ἐκϐολῆς,
2284 4242 2379 4296 καὶ
2427 4240 2522 4295 τοῦ
2580 4240 2803 4313 ὀλέθρου
2864 4241 2960 4294 τοῦ
3018 4239 3433 4310 κατακλυσμοῦ,
3468 4241 3570 4295 καὶ

1977 4332 2076 4403 τῆς
2126 4332 2236 4386 τῶν
2291 4330 2594 4402 Σοδομιτῶν
2640 4331 3048 4402 καταστροφῆς,
3090 4328 3296 4384 ὅτιδιά
3325 4333 3570 4399 γυναῖκα

1979 4426 2159 4480 πάντα
2188 4423 2257 4478 τά
2290 4424 2439 4477 κακὰ
2467 4422 2528 4488 ἐξ
2556 4423 2731 4495 ἀρχῆς
2772 4423 2936 4494 μέχρι
2973 4422 3160 4485 τέλους
3193 4421 3425 4489 γίνεται,
3462 4422 3569 4493 τῆς

291 4515 624 4575 Iudaeorum.
653 4516 722 4572 Et
753 4517 800 4573 si
829 4519 947 4573 haec
983 4518 1078 4573 tibi
1110 4533 1216 4572 non
1259 4520 1608 4589 persuadent,
1641 4534 1869 4591 persua-

1991 4514 2072 4569 τοῦ
2084 4514 2322 4587 Σαμψὼν
2337 4514 2430 4569 τοῦ
2447 4514 2653 4569 δικαίου
2686 4514 2994 4585 προδοσίας.
3020 4513 3226 4584 καὶτῆς
3255 4511 3349 4566 τοῦ
3367 4513 3566 4584 Ἰωσὴφ

293 4612 418 4667 deat
455 4611 671 4682 sapiens
714 4609 971 4667 Salomon
1014 4607 1068 4664 in
1113 4609 1255 4665 hanc
1289 4612 1615 4666 sententiam
1670 4610 1870 4667 alicubi

288 4704 559 4773 loquens:
596 4700 789 4759 Vinum
825 4713 872 4756 et
918 4701 1112 4756 mulier
1155 4702 1531 4757 abalienabunt
1573 4705 1735 4759 corda
1784 4719 1876 4757 sa-

291 4795 613 4865 pientum“.
659 4793 1003 4865 Sapientem,
1043 4795 1239 4865 inquit,
1284 4807 1353 4851 ne
1390 4804 1445 4850 et
1472 4794 1599 4851 huic
1626 4809 1871 4867 opponas

288 4889 590 4961 quidpiam,
632 4900 689 4944 et
733 4887 1001 4955 abiectum
1042 4885 1251 4957 aliquid
1306 4886 1513 4943 sentias
1560 4887 1628 4943 de
1676 4887 1866 4943 verbo.

290 4976 491 5035 Vinum
549 4977 696 5035 enim
752 4977 1023 5033 hominem
1086 4977 1426 5048 ingrediens.
1481 4985 1871 5048 stuporemque

288 5071 575 5126 ebrietatis
612 5069 667 5125 in
707 5068 801 5125 i'do
827 5066 1093 5134 eﬂiciens,
1135 5068 1302 5123 veluti
1333 5067 1530 5124 ﬂuvius
1558 5069 1868 5134 exundans,

290 5172 527 5218 tuentem
562 5175 779 5215 omnem
819 5160 1022 5228 impetu
1062 5174 1164 5215 suo
1200 5160 1421 5229 abripit,
1454 5171 1508 5215 et
1535 5161 1588 5214 in
1629 5160 1867 5215 furorem

291 5253 568 5308 hominem
617 5250 860 5321 impellit.
894 5252 1094 5307 Eadem
1138 5266 1260 5321 qua:
1285 5253 1494 5317 vinum,
1519 5252 1632 5320 agit
1668 5251 1868 5306 mulier

290 5345 347 5399 in
391 5343 685 5398 hominem.
718 5343 1081 5410 Quamobrem
1119 5342 1501 5412 partemiastes
1523 5345 1870 5413 comparavit

290 5437 475 5490 vinum
502 5452 624 5491 cum
651 5436 878 5491 muliere
907 5453 923 5490 ι
950 5445 1006 5490 et
1032 5449 1222 5490 omnes
1247 5435 1409 5489 etiam
1436 5436 1714 5505 prophetae
1741 5441 1867 5493 cum

290 5527 416 5581 aliis
444 5536 609 5597 atque
640 5528 762 5581 aliis
796 5527 975 5590 malis,
1003 5541 1058 5580 et
1087 5527 1371 5581 venenatis
1394 5528 1587 5582 belluis
1617 5529 1865 5584 contule-

291 5624 419 5672 runt
429 5632 600 5685 genus
611 5616 918 5684 mulierum,
933 5619 1171 5672 virorum
1185 5618 1467 5673 animabus
1479 5619 1865 5688 perniciosum.

364 5788 414 5825 ⁸⁸
439 5791 555 5847 ALL
593 5807 671 5860 ιχ,
711 5791 799 5850 40.
874 5792 921 5825 ⁸³
945 5790 1134 5848 Matth.
1165 5807 1215 5863 v,
1245 5791 1336 5851 28.
1414 5793 1460 5826 ⁸³
1485 5794 1649 5852 Ercli.
1688 5813 1803 5864 xix,
1840 5796 1894 5852 2.

1977 4609 2186 4663 ἐκείνου
2229 4606 2319 4661 τοῦ
2356 4604 2614 4678 ἐναρέτου
2662 4605 2978 4676 ἐπιϐουλῆς.
3020 4605 3414 4675 Μνημὼευσον
3460 4605 3568 4675 τῆς

1977 4701 2071 4755 τοῦ
2116 4701 2373 4755 ἐκλεκτοῦ
2405 4700 2595 4769 γένους
2634 4697 2742 4752 τῶν
2779 4698 3049 4752 Ἰουδαίων
3077 4697 3373 4761 ἀπωλείας.
3408 4699 3473 4752 Εἰ
3501 4698 3566 4751 δὲ

1977 4794 2151 4850 ταῦτά
2184 4812 2242 4849 σε
2277 4796 2336 4848 οὐ
2387 4794 2597 4857 πείθει,
2649 4793 2905 4864 Σολομὼν
2936 4798 2966 4847 6
3016 4794 3179 4863 σοφός
3208 4810 3267 4846 σε
3318 4793 3570 4848 πεισάτω

1977 4884 2078 4944 ὧδέ
2133 4908 2206 4961 πη
2266 4889 2439 4959 λέγων
2460 4906 2474 4920 ·
2529 4884 2703 4956 Οἷνος
2770 4889 2870 4942 καί
2927 4887 3080 4959 γυνὴ
3134 4887 3566 4955 ἀποστήσουσι

1978 4980 2225 5049 καρδίας
2263 4979 2490 5050 σοφῶν,
2533 4980 2744 5049 Σοφῶν,
2789 4976 2964 5043 εἶπεν,
2998 4979 3083 5034 ἵνα
3134 4979 3209 5050 μὴ
3253 4979 3345 5034 καὶ
3386 4980 3565 5052 τούτῳ

1979 5072 2253 5144 παρενθῇς
2281 5090 2353 5136 τι,
2384 5074 2477 5125 καὶ
2507 5070 2739 5134 εὐτελῶς
2765 5072 3041 5144 φρονήσῃς
3076 5071 3207 5143 περὶ
3240 5070 3335 5124 τοῦ
3367 5072 3561 5143 ῥητοῦ.

1991 5163 2049 5217 ’0
2082 5164 2190 5234 γὰρ
2220 5159 2358 5226 οἶνος
2408 5165 2487 5226 εἰς
2532 5163 2624 5215 τὸν
2655 5162 2941 5233 ἄνθρωπον
2987 5162 3268 5225 είσδύνων,
3316 5162 3412 5215 καὶ
3459 5163 3566 5217 κά-

1982 5272 2147 5327 ρωσιν
2180 5254 2351 5325 μέθης
2393 5255 2452 5306 ὲν
2483 5253 2632 5325 αύτῷ
2672 5255 3058 5325 ἐργαζόμενος,
3085 5253 3274 5324 ῶσπερ
3313 5256 3564 5325 ποταμὸς

1979 5346 2346 5417 πλημμυρῶν,
2387 5346 2507 5399 ὅλον
2533 5346 2596 5399 τὸ
2636 5346 2892 5416 φρόνημα
2922 5346 3000 5416 τῷ
3042 5345 3236 5398 ἑαυτοῦ
3269 5345 3563 5417 ῥοιζήματι

1980 5439 2305 5510 παρασύρει,
2336 5439 2430 5492 καὶ
2476 5441 2556 5502 είς
2606 5438 2802 5509 μανίαν
2844 5439 2967 5507 ἄγει
3004 5438 3097 5492 τὸν
3139 5438 3444 5508 ἄνθρωπον.
3477 5440 3561 5495 Τὰ

1978 5531 2116 5583 αὐτὰ
2144 5531 2238 5584 καὶ
2268 5535 2301 5602 ὴ
2336 5528 2471 5601 γυνὴ
2513 5530 2592 5602 τῷ
2643 5531 2773 5601 οἴνῳ
2825 5531 3215 5602 διαπράττεται
3269 5530 3414 5585 κατὰ.
3461 5531 3563 5588 τοῦ

1978 5622 2285 5694 ἀνθρίτλπον.
2312 5622 2493 5695 Διοδὴ
2526 5622 2618 5677 καὶ
2647 5625 2676 5676 6
2709 5622 3111 5695 παροιμιαστὴς
3141 5621 3561 5692 παρεπλησίασε
