3802 6216
200 308 319 387 ,ει-ι

1284 320 1519 379 SERMO
1557 323 1645 377 DE
1682 321 2381 381 CONTUBERNALIBUS.

3369 327 3486 385 διε

213 431 302 524 τον
344 427 491 488 οἶνον
541 436 608 508 τῇ
660 437 915 507 γυναικί·
970 440 1064 496 καὶ
1110 441 1311 508 πάντες
1343 443 1401 498 δὲ
1434 444 1485 498 οἱ
1518 443 1795 516 προφῆται
1830 443 2109 519 διαφόροις
2134 451 2326 511 κακοῖς
2383 448 2475 502 καὶ
2496 447 2708 519 Θηρίοις
2746 448 2971 513 ἰοδόλοις
3031 452 3487 524 παρεπλησίασαν-

212 521 273 578 τὸ
309 525 467 592 γένος
505 524 611 581 τῶν
642 530 941 597 γυναικῶν,
968 531 1030 585 τὸ
1060 532 1292 587 άπόλλον
1328 532 1429 598 τάς
1467 534 1645 606 ψυχάς
1685 534 1794 588 τῶν
1829 535 2154 610 ἀνθρώπων.

279 620 335 676 5.
381 621 525 675 Ἀλλ’
565 622 687 676 οὐδὲ
728 625 903 680 ταῦτά
947 643 1010 680 σε
1051 628 1260 682 πείθει’
1292 629 1544 699 παίγνιον
1583 630 1693 702 γὰρ
1722 629 1798 693 ὼς

1969 633 2027 690 5.
2065 637 2137 691 At
2182 652 2357 708 neque
2401 636 2505 694 ista
2549 637 2642 693 tibi
2696 639 3059 710 persuadent;
3101 637 3305 692 ludicra
3334 638 3477 693 enim

212 709 351 766 ιοικε
383 713 562 768 πάντα
609 731 692 768 σοι
747 718 1168 786 καταφαίνεται.
1199 719 1444 785 Ἔϐυσας
1492 720 1603 794 γὰρ
1653 719 1798 775 ὡσεὶ

211 804 473 872 ἀσπίδος
531 806 739 876 κωφῆς
784 807 852 863 τά
904 802 1019 864 ὦτά
1073 827 1190 874 σου,
1247 812 1323 883 μὴ
1356 812 1658 867 είσακούων
1691 811 1798 865 τῶν

212 895 368 951 θείων
398 896 654 970 Γραφῶν.
686 897 793 953 Καὶ
822 900 1008 955 λοιπὸν
1035 901 1092 956 δὲ
1129 904 1223 956 καὶ
1253 903 1415 967 αὐτὸς
1447 906 1528 968 εἰς
1555 903 1797 976 θηριώδη

209 987 405 1058 τρόπον
452 988 794 1059 μετήλλαξας
846 1006 943 1044 σου
995 991 1096 1063 τὴν
1129 991 1313 1062 φύσιν,
1363 994 1428 1064 τῇ
1477 993 1572 1046 τοῦ
1604 992 1796 1066 θηρίου

213 1079 455 1150 συνοικίᾳ.
516 1079 819 1152 ὁμότροπος
871 1083 1009 1153 αὐτῇ
1066 1082 1390 1153 γενόμενος·
1440 1080 1511 1155 ἦς
1562 1083 1633 1137 τά
1700 1085 1797 1156 μὲν

213 1172 433 1242 ῥήματα
464 1169 688 1236 εὕλαλα,
717 1173 868 1246 καλή
899 1174 1051 1245 φωνὴ
1075 1174 1252 1246 ἡδεῖα,
1282 1176 1315 1246 ή
1350 1174 1407 1228 δὲ
1432 1174 1579 1245 ψυχὴ
1607 1175 1795 1246 ἀγρία,

110 1266 115 1277 ’
211 1262 300 1315 καὶ
327 1260 389 1314 τὸ
415 1261 675 1333 φρόνημα
704 1263 1036 1333 δρακόντων,
1070 1266 1165 1319 καὶ
1200 1267 1233 1336 ἡ
1272 1264 1592 1336 προαίρεσις
1631 1267 1799 1337 ὲρπη·

213 1350 431 1413 στικῶν,
482 1350 578 1404 καὶ
618 1352 681 1404 τὸ
715 1352 932 1424 βλέμμα
984 1354 1307 1425 πυρίπνουν,
1355 1354 1451 1408 καὶ
1490 1354 1553 1407 τὸ
1586 1356 1799 1425 φίλημα

212 1441 450 1497 ίοῆόλονο
488 1443 583 1495 καὶ
618 1442 768 1510 ἀγὼν
804 1445 966 1514 αὐτῇ,
1007 1444 1155 1508 ὅπως
1187 1447 1255 1517 τῇ
1286 1444 1394 1498 τῶν
1427 1445 1600 1514 λόγων
1638 1446 1801 1499 κολα-

211 1534 364 1605 κείᾳ,
414 1534 515 1587 καὶ
558 1537 627 1606 τῇ
661 1535 764 1604 τῆς
819 1536 1140 1608 προσόψεως
1183 1537 1403 1609 ἀπάτῃ,
1452 1538 1547 1591 καὶ
1583 1540 1649 1609 τῇ
1701 1538 1798 1592 τοῦ

210 1624 516 1697 φιλήματος
565 1627 839 1698 προσϐολῇ
888 1627 1138 1700 ὲκπτύσῃ
1172 1629 1233 1683 τὸ
1267 1628 1453 1700 οηρίον
1483 1630 1574 1682 τὸν
1609 1632 1685 1683 ίὸν
1719 1632 1799 1696 είς

210 1718 298 1770 τὸν
323 1718 420 1771 τοῦ
448 1718 638 1772 ἀθλίου
665 1718 933 1790 λάρυγγα.
974 1719 1293 1792 Παρασύρει
1321 1720 1453 1789 γοῦν
1486 1721 1670 1774 λοιπὸν
1699 1722 1800 1793 τὴν

210 1808 467 1873 διάνοιαν,
511 1810 605 1863 καὶ
636 1814 797 1883 καροῖ
827 1813 890 1866 τὸ
937 1812 1223 1883 φρόνημα,
1259 1814 1354 1867 καὶ
1398 1814 1531 1868 αὐτὸ
1568 1815 1628 1868 τὸ
1674 1816 1803 1884 ἡγε-

216 1901 429 1970 μονικὸν
474 1902 902 1973 ἀκρωτηριάζει,
954 1906 1048 1956 καὶ
1101 1904 1347 1974 ἐξίστησι
1386 1906 1479 1956 τὸν
1513 1905 1668 1957 νοῦψ
1705 1903 1800 1957 καὶ

1902 730 2134 786 fortasse
2198 731 2387 787 omnia
2444 729 2540 784 tibi
2591 730 2866 785 videmur.
2918 728 3197 785 Obturasti
3242 743 3485 799 namque

1900 822 2348 894 quemadmodum
2379 821 2579 890 aspidis
2619 822 2797 876 surda:
2813 822 2862 856 ⁸³
2892 834 3055 877 aures
3084 830 3227 885 tuas,
3255 833 3362 877 non
3382 834 3483 875 ex-

1902 916 2135 971 audiens
2174 915 2391 971 divinas
2418 913 2772 985 Scripturas:
2801 927 2867 968 ac
2898 921 3162 983 praeterea
3207 920 3320 965 tute
3365 911 3481 980 ipse

1900 1004 2136 1060 ferinum
2181 1005 2236 1059 in
2283 1004 2503 1058 modum
2556 1011 2807 1057 naturam
2860 1002 3083 1056 mutasti
3135 1008 3304 1067 tuam,
3350 998 3480 1054 ferae

1897 1096 2265 1154 contubernio
2308 1095 2551 1151 moribus
2596 1095 2793 1151 similis
2833 1092 2975 1148 illius
3022 1092 3275 1159 effectus;
3326 1093 3483 1159 cujus

1898 1188 2118 1258 quidem
2164 1186 2331 1242 verba
2369 1185 2643 1256 elegantia
2670 1195 2818 1251 sunt,
2844 1193 2901 1239 et
2932 1199 3035 1238 vox
3069 1182 3334 1254 jucunda,
3362 1181 3480 1234 ani-

1900 1297 1991 1337 ma
2019 1294 2150 1335 vero
2184 1280 2438 1349 agrestis,
2472 1287 2529 1333 et
2574 1291 2732 1333 mens
2771 1276 3094 1343 draconum,
3139 1272 3477 1344 propositum

1903 1372 2299 1442 serpentinum,
2346 1371 2567 1427 obtutus
2611 1369 2791 1439 ignem
2840 1366 3086 1435 spirans,
3136 1373 3193 1419 et
3234 1361 3476 1418 osculum

1899 1480 2173 1522 venenum
2215 1462 2536 1530 ejaculaus:
2570 1460 2725 1531 cujus
2759 1458 2997 1513 studium
3039 1468 3202 1510 omne
3225 1461 3328 1517 est,
3370 1467 3483 1519 quo

1900 1557 2061 1612 modo
2104 1554 2223 1610 fera
2270 1555 2563 1608 verborum
2601 1548 3082 1611 assentationibus,
3106 1544 3296 1601 fraude
3321 1557 3479 1611 aspe—

1901 1655 2041 1710 ctus,
2072 1654 2129 1699 et
2159 1641 2332 1699 osculi
2370 1641 2732 1711 impressione
2761 1652 3032 1694 venenum
3059 1638 3113 1692 in
3142 1635 3327 1691 miseri
3358 1649 3481 1704 gut-

1900 1745 1991 1793 tur
2036 1734 2303 1790 infundat.
2357 1733 2571 1803 Abripit
2609 1746 2739 1803 ergo
2783 1738 3025 1786 actutum
3075 1725 3476 1799 cogitationem,

1902 1827 2234 1883 intellectum
2264 1825 2537 1889 obtundit,
2570 1823 2838 1879 rationem
2880 1823 3052 1891 ipsam
3094 1820 3403 1883 obtruncat,
3425 1824 3483 1872 et

1901 1928 2138 1973 mentem
2183 1915 2449 1986 percellit.
2482 1915 2549 1971 Et
2587 1914 2748 1969 veluti
2790 1911 3148 1968 medicamina
3181 1923 3303 1980 qum
3346 1910 3483 1963 dart-

211 1991 397 2061 ῶσπερ
444 1992 517 2046 τά
564 1995 831 2065 φάρμακα
884 1994 953 2049 τὰ
1004 1995 1257 2067 διδόμενα
1319 1995 1458 2067 πρὸς
1519 1996 1799 2067 ἀναίρεσιν

1919 2025 1994 2065 ιιι·
2026 2009 2334 2064 hominibus
2358 2018 2417 2061 ut
2439 2022 2472 2063 e
2502 2007 2685 2062 medio
2717 2005 2993 2068 tollantur,
3027 2001 3219 2057 veneni
3249 2000 3483 2056 acrimo-

210 2088 316 2148 τοῖς
346 2084 681 2157 ἀνθρώποις,
728 2089 911 2140 σκοτοῖ
973 2087 1072 2157 τὴν
1125 2086 1362 2149 σύνεσιν,
1396 2089 1489 2138 καὶ
1539 2087 1658 2139 ὅλον
1708 2085 1799 2138 τὸν

213 2175 500 2247 ἄνθρωπον
534 2177 616 2240 είς
647 2176 1004 2245 ἀναισθησίαν
1045 2176 1354 2248 παρασύρει
1398 2178 1465 2246 τῇ
1512 2174 1608 2228 τοῦ
1638 2175 1802 2247 δηλη-

212 2269 398 2339 τηρίου
432 2267 736 2339 ἀποτομία,
775 2266 853 2338 τῷ
885 2266 1031 2339 αὑτῷ
1052 2267 1196 2338 λόγῳ
1227 2267 1321 2321 καὶ
1354 2266 1548 2338 ήγυνὴ
1576 2266 1664 2319 διὰ
1706 2265 1798 2320 τοῦ

212 2361 519 2432 φιλήματος
551 2362 921 2416 καταδλάπτει
945 2362 1036 2415 τὸν
1065 2361 1284 2429 λογικὸν
1308 2361 1592 2432 ἄνθρωπον
1622 2359 1802 2432 ἀλόγῳ

212 2455 349 2525 ὁρμῇ
390 2451 740 2523 ὑπαχθέντα,
784 2453 880 2506 καὶ
924 2454 985 2507 τὸ
1024 2453 1116 2508 διά
1182 2453 1392 2507 πολλῶν
1453 2453 1662 2526 χορδῶν
1704 2456 1800 2508 καὶ

211 2546 418 2617 ἀρετῶν
478 2546 838 2615 συγκείμενον
892 2545 1170 2616 κινητικὸν
1230 2544 1485 2617 ὄργανον,
1537 2548 1599 2598 τὸ
1662 2546 1796 2599 αὐτ-

214 2636 472 2703 εξούσιον,
503 2637 563 2691 τὸ
593 2637 827 2701 θεοειδὲς
857 2637 955 2708 τῆς
987 2636 1186 2709 ψυχῆς,
1214 2636 1282 2689 δι’
1310 2635 1429 2700 ἑνὸς
1455 2636 1673 2708 δολεροῦ
1710 2637 1801 2708 ρή·

218 2746 409 2800 ματος,
444 2729 479 2799 ἢ
517 2727 740 2799 χειλέων
788 2727 1142 2799 συρίσματος,
1186 2726 1219 2799 ἦ
1259 2726 1556 2799 ὀφθαλμῶν
1598 2726 1804 2797 νεύμαο

213 2833 332 2883 τος,
375 2818 572 2891 ὥσπερ
623 2836 678 2871 τι
725 2818 933 2889 ἄψυχον
980 2818 1212 2891 ὄργανον
1246 2812 1348 2871 ὧδε
1404 2819 1631 2872 κάκεῖσε
1663 2818 1800 2871 ὅπου

217 2908 459 2981 βούλεται
525 2910 850 2981 περιφέρει,
907 2912 1003 2964 καὶ
1048 2909 1238 2981 ὥσπερ
1294 2908 1541 2964 θάλασσα
1595 2910 1799 2980 κυμαί-

215 3018 396 3067 νουσα,
437 3001 564 3055 ὅλον
594 3001 655 3054 τὸ
687 2999 848 3071 σῶμα
876 3003 996 3064 ταῖς
1029 3001 1202 3070 αὐτῆς
1238 3002 1436 3072 ὁρμαῖς
1472 3000 1799 3072 παρασύρει.

218 3093 325 3148 Καὶ
355 3094 510 3148 ἐστιν
545 3093 673 3146 ἰδεῖν
704 3092 891 3146 λοιπὸν
934 3092 1028 3146 τὸν
1067 3092 1273 3158 ἄθλιον,
1307 3091 1401 3147 τὸν
1430 3091 1680 3157 ἐλεεινὸν,
1711 3092 1803 3146 τὸν

217 3184 417 3248 παντὸς
456 3182 642 3237 οἴκτου
686 3181 855 3249 ἄξιον,
882 3183 971 3236 τὸν
1020 3183 1238 3237 συνετὸν
1275 3184 1336 3236 ὲν
1383 3184 1676 3255 φρονήσει,
1710 3182 1804 3237 τὸν

1902 2100 1991 2156 nia
2036 2099 2236 2155 rationi
2272 2099 2527 2153 tenebras
2557 2096 2867 2160 offundunt,
2904 2103 3182 2164 totumque
3205 2088 3481 2146 hominem
3512 2132 3525 2147 .

1901 2194 1955 2249 in
1990 2202 2262 2262 stuporem
2294 2199 2461 2262 agunt
2490 2210 2503 2245 :
2530 2189 2673 2244 haud
2709 2203 2868 2243 secus
2904 2186 3098 2240 mulier
3140 2197 3352 2254 quoque
3385 2193 3484 2249 per

1897 2284 2145 2341 osculum
2190 2281 2336 2338 male
2390 2280 2555 2335 allicit
2587 2278 2910 2335 rationalem
2943 2275 3218 2331 hominem
3257 2272 3478 2327 irratio-

1903 2377 2013 2433 nali
2068 2377 2269 2447 impetu
2326 2373 2589 2436 delatum,
2636 2371 2924 2442 ipsumque
2966 2367 3150 2423 multis
3186 2363 3486 2420 chordiset

1895 2466 2108 2531 ,viribus
2132 2471 2392 2520 constans
2421 2461 2620 2516 mobile
2643 2474 2930 2530 organum,
2959 2455 3246 2511 arbitrium
3282 2453 3481 2521 ipsum,

1899 2566 1955 2612 et
1992 2556 2227 2613 divinam
2268 2554 2464 2609 anima:
2521 2552 2811 2622 imaginem
2856 2548 3020 2604 unico
3067 2545 3255 2600 doloso
3294 2544 3481 2607 verbo,

1902 2658 1995 2705 aut
2020 2648 2287 2704 labiornm
2319 2646 2500 2713 sibilo,
2541 2644 2624 2699 vel
2652 2642 2934 2698 oculorum
2983 2638 3154 2705 nictu,
3180 2651 3278 2693 ceu
3312 2632 3487 2705 quod-

1900 2736 2025 2790 dam
2056 2733 2291 2789 inanime
2321 2746 2586 2804 organum
2622 2730 2727 2784 huc
2758 2728 2906 2794 illuc,
2942 2741 3050 2797 quo
3082 2724 3216 2787 vult,
3244 2722 3484 2776 circnm-

1902 2826 2034 2896 agit,
2067 2834 2123 2880 et
2168 2825 2335 2880 veluti
2367 2838 2521 2880 mare
2564 2829 2892 2885 exaestuans,
2926 2828 3099 2873 totum
3138 2828 3335 2885 corpus
3361 2827 3487 2881 pro-

1902 2921 2020 2989 prio
2054 2918 2256 2987 abripit
2297 2917 2523 2987 impetu.
2557 2914 2738 2982 Quare
2777 2912 2904 2968 licet
2935 2910 3119 2964 videre
3148 2909 3291 2961 hunc
3322 2912 3487 2958 caete-

1904 3010 2096 3081 roquin
2128 3010 2409 3072 miserum,
2436 3008 2583 3063 hunc
2620 3004 2892 3059 infelicem
2917 3000 3217 3061 hominem,
3244 3004 3297 3050 et
3334 2992 3486 3049 omni

1903 3102 2121 3169 dignum
2164 3097 2539 3155 misericordia
2561 3136 2578 3162 ,
2604 3097 2747 3151 hunc
2774 3094 3077 3163 sapientem
3109 3084 3484 3157 intelligentia,

1905 3192 2047 3247 hunc
2075 3206 2240 3262 quam
2275 3189 2512 3245 maxime
2537 3187 2889 3257 grammatica
2914 3184 3201 3255 pollentem
3233 3176 3483 3243 scientia,

218 3278 293 3341 είς
339 3276 514 3347 ἄκρον
569 3274 968 3350 γραμματικῆς
1015 3261 1329 3347 ἐπιστήμης
1378 3273 1665 3346 ἔμπειρον,
1707 3274 1803 3328 καὶ

1919 3294 1961 3341 3t
1991 3261 2307 3353 sophistica:
2336 3282 2656 3352 magistrum
2686 3278 3009 3348 disciplinas,
3031 3276 3176 3330 hunc
3204 3269 3490 3325 medicinas

218 3370 538 3440 σοφιστικῆς
570 3367 821 3438 τεχνίτην
865 3366 1230 3431 διδασκαλίας,
1261 3367 1353 3421 τὸν
1384 3367 1634 3438 ἰατρικῆς
1680 3382 1807 3437 μετ-

217 3457 405 3530 έχοντα
448 3459 765 3530 ἐπιστήμης
788 3498 804 3522 ,
846 3458 938 3512 τὸν
983 3459 1255 3513 παντοίων
1305 3458 1571 3530 ἔμπειρον
1619 3474 1810 3529 γραμ-

223 3550 425 3621 μάτων,
472 3549 508 3621 ἢ
544 3550 638 3604 καὶ
691 3549 802 3602 τῶν
834 3548 994 3603 θείων
1040 3550 1214 3618 λόγων
1258 3548 1564 3618 ἀναγνώσει
1615 3548 1808 3603 ἑαυτὸν

219 3640 603 3707 ὲπιδεδωκότα,
636 3639 732 3693 καὶ
771 3640 865 3695 τὸν
906 3642 1115 3712 μονήρη
1160 3640 1274 3710 βίον
1334 3639 1598 3702 πολλάκις
1642 3640 1809 3693 ἐπαν-

220 3732 494 3803 ελόμενον,
523 3732 618 3785 καὶ
656 3730 981 3801 Ἐκκλησίας
1014 3729 1341 3803 προῦχοντα,
1370 3730 1559 3801 ὥσπερ
1594 3747 1649 3783 τι
1670 3729 1808 3793 ζῶον

222 3824 435 3889 εὐτελὲς
470 3822 690 3895 σχοινίῳ
714 3822 1018 3894 δεδεμένον,
1046 3823 1139 3876 καὶ
1176 3816 1279 3876 ὦδε
1325 3823 1487 3876 κάκεῖ
1529 3822 1812 3894 ῥιπιζόμε-

225 3931 343 3968 νον*
382 3915 545 3983 ἔδησε
591 3912 695 3984 γάρ
726 3912 813 3967 διὰ
844 3916 944 3984 τῆς
976 3912 1310 3967 ὲπιπλάστου
1339 3913 1577 3984 ἀγάπης,
1610 3911 1809 3982 μᾶλλον

222 4005 299 4073 δὲ,
329 4008 378 4060 εί
409 4006 496 4060 δεῖ
526 4005 758 4076 τάληθὲς
795 4005 997 4073 λέγειν,
1035 4005 1132 4076 τῆς
1179 4007 1424 4077 αἰσχρᾶς.
1455 4005 1567 4059 Καὶ
1598 4004 1809 4073 γίνεται

223 4093 405 4148 λοιπὸν
446 4094 738 4164 ἐπιταφίου
774 4094 970 4167 θρήνου
1012 4096 1041 4148 ὁ
1071 4094 1310 4158 τοιοῦτος
1340 4095 1519 4160 ἄξιος,
1561 4095 1655 4149 καὶ
1700 4093 1810 4159 ζῶν

223 4183 582 4256 κλαιόμενος,
631 4184 727 4238 καὶ
782 4183 1070 4239 ἀποθανὼν
1119 4184 1500 4256 πενθούμενος.
1555 4184 1665 4237 Καὶ
1702 4184 1811 4257 γὰρ

227 4275 332 4342 ζῶν
385 4277 694 4340 ἀπέθανεν,
747 4276 936 4349 ὥσπερ
982 4280 1040 4330 ὲν
1085 4277 1241 4348 τάφῳ
1292 4277 1371 4349 τῷ
1431 4277 1545 4347 ίδίῳ
1596 4275 1811 4347 σώματι

226 4368 526 4423 κατοικῶν
568 4367 664 4423 xei.
713 4368 1020 4435 ἀποθανὼν,
1066 4368 1262 4433 δισσῶς
1312 4368 1578 4432 ἀπέοανε,
1632 4368 1811 4440 κρίσει

225 4461 448 4533 γεέννης
480 4461 650 4531 πυρὸς
681 4462 902 4515 αἰωνίου
932 4460 1319 4532 κολαζόμενος.

293 4550 347 4606 4.
388 4551 455 4605 Τί
481 4551 575 4604 νῦν
604 4551 805 4620 λέγεις,
832 4546 878 4606 ὦ
906 4552 1016 4607 τῶν
1050 4552 1254 4606 ἀθλίων
1288 4552 1608 4626 άθλιώτερε,
1635 4547 1681 4607 ὦ
1706 4554 1807 4625 τῆς

1907 3378 2100 3449 peritia
2140 3375 2452 3443 callentem,
2480 3376 2627 3430 hunc
2672 3372 2839 3427 variis
2890 3370 3156 3425 imbutum
3187 3363 3404 3426 litteris,
3430 3366 3489 3417 et

1907 3469 2000 3541 qui
2028 3484 2089 3526 se
2117 3469 2202 3525 Vel
2235 3467 2547 3524 divinorum
2577 3479 2891 3522 sermonum
2924 3458 3146 3516 lectioni
3189 3455 3483 3522 dediderit,

1906 3574 1974 3617 ac
2011 3560 2368 3617 monasticam
2411 3559 2580 3614 vitam
2615 3556 2814 3626 saepius
2843 3553 3010 3609 fuerit
3045 3550 3343 3621 professus,
3380 3545 3487 3600 Ec-

1908 3653 2088 3711 clesiae
2117 3653 2246 3708 item
2271 3651 2564 3724 pra-fuerit,
2593 3665 2693 3704 ceu
2736 3646 2841 3701 vile
2886 3643 3156 3720 quoddam
3182 3640 3489 3709 iumentum

1911 3754 2058 3802 reste
2085 3746 2421 3810 devinctum,
2456 3750 2513 3798 et
2534 3741 2640 3797 huc
2683 3740 2919 3808 illucque
2945 3734 3303 3806 exagitatam.
3333 3729 3488 3784 Illum

1908 3841 2055 3897 enim
2104 3838 2396 3895 devincivit
2450 3833 2752 3891 adulterina
2794 3831 3083 3894 charitate,
3147 3835 3309 3896 atque
3352 3823 3495 3879 adeo

1910 3931 2079 3998 turpi,
2109 3931 2153 3986 si
2186 3929 2314 3983 licet
2356 3926 2500 3997 quod
2546 3938 2734 3979 verum
2766 3931 2852 3977 est
2893 3920 3092 3974 dicere.
3119 3912 3490 3982 Quamobrem

1911 4021 1973 4076 fit
2024 4021 2127 4075 iste
2172 4017 2388 4073 funebri
2430 4014 2817 4070 lamentatione
2864 4011 3092 4079 dignus;
3128 4015 3187 4061 ut
3234 4014 3289 4060 et
3334 4005 3493 4059 vivus

1911 4112 2203 4177 deﬂeatur,
2243 4120 2300 4165 et
2345 4117 2594 4165 mortuus
2644 4107 2913 4176 lugeatur.
2956 4101 3122 4155 Vivus
3163 4099 3306 4155 enim
3343 4112 3494 4152 mor-

1914 4212 2040 4260 tuus
2070 4212 2212 4267 erat,
2249 4202 2529 4273 proprium
2561 4214 2760 4269 corpus
2797 4195 2952 4267 quasi
2995 4193 3298 4263 sepulcrum
3337 4191 3493 4244 inha-

1910 4294 2093 4352 bitans
2130 4311 2144 4348 :
2178 4296 2287 4349 vita
2317 4309 2449 4349 vero
2479 4292 2766 4348 defunctus
2800 4288 3088 4360 dupliciter
3112 4295 3359 4343 mortuus
3384 4294 3493 4347 est,

1912 4401 2074 4460 ptena
2101 4387 2356 4457 gehennae
2384 4384 2521 4455 ignis
2542 4383 2732 4439 aeterni
2764 4383 3070 4437 damnatus.

1987 4570 2043 4613 4.
2073 4560 2211 4625 Quid
2259 4569 2406 4612 nunc
2458 4570 2563 4622 as,
2595 4570 2630 4610 ο
2685 4553 2985 4609 infelicium
3035 4552 3313 4606 hominum
3356 4549 3497 4604 infe-

229 4642 426 4705 κακίας
469 4645 682 4711 γείτον;
715 4642 827 4696 Ποῦ
860 4660 957 4697 σου
985 4644 1056 4698 τά
1099 4643 1275 4715 σεμνὰ
1323 4643 1662 4716 βαδίσματα;
1704 4644 1811 4701 ποῦ

1919 4652 2208 4717 licissime,
2246 4665 2282 4706 ο
2316 4648 2542 4705 sceleris
2583 4647 2965 4703 contermina?
2995 4643 3097 4700 Ubi
3127 4654 3255 4699 sunt
3305 4642 3380 4697 tui
3418 4643 3494 4697 illi

231 4746 320 4784 σου
355 4733 470 4803 (84)
505 4736 584 4797 είς
640 4733 810 4805 ἄκρον
858 4735 1114 4801 παιδεία;
1166 4736 1272 4789 ποῦ
1316 4737 1374 4789 δὲ
1416 4739 1444 4789 ὁ
1475 4737 1576 4806 τῆς
1616 4738 1809 4807 σοφίας

231 4824 505 4893 κάματος;
538 4824 642 4877 ποῦ
683 4841 777 4878 σου
808 4825 873 4878 τὸ
914 4826 1113 4896 σεμνὸν
1145 4826 1254 4879 τῶν
1299 4826 1562 4899 τρόπων;
1601 4826 1705 4880 ποῦ
1747 4826 1810 4881 τὸ

232 4913 526 4982 εὖτακτονς
577 4916 681 4970 ποῦ
727 4919 785 4972 αί
846 4917 1164 4981 πλειστάκις
1225 4918 1656 4972 ἐπιτελεσθεῖσαι
1703 4918 1810 4972 ὑπὸ

235 5008 329 5061 σοῦ
356 5011 650 5081 χαμευνίαι
680 5011 780 5082 τῆς
803 5012 1123 5082 φιλοσοφίας
1152 5012 1342 5083 χάριν;
1373 5012 1476 5066 ποῦ
1506 5015 1539 5082 ή
1564 5012 1807 5078 σύνεσις;

232 5099 335 5153 ποῦ
374 5102 437 5155 τὸ
483 5102 759 5171 φιλόθεον;
812 5103 917 5157 ποῦ
971 5105 1032 5159 τὸ
1083 5105 1427 5177 φιλόχριστόν
1476 5123 1613 5171 dou;
1655 5106 1814 5160 Ἀ).λά

232 5189 434 5244 τούτων
464 5193 679 5264 μακράν
706 5194 892 5262 ἐγένου
916 5195 1071 5265 κακῷ
1098 5195 1276 5267 θηρίῳ
1305 5196 1651 5267 συνοικήσας,
1686 5197 1816 5266 μᾶλ-

234 5277 322 5369 λον
349 5281 407 5334 δὲ
436 5285 633 5369 ἑαυτὸν
657 5285 739 5348 είς
769 5285 864 5338 τὸν
898 5284 1001 5356 τῆς
1034 5286 1311 5351 ἀπωλείας
1357 5287 1630 5360 τάρταρον
1661 5288 1813 5359 ἐνέρ-

239 5367 415 5437 pta“.
448 5367 553 5435 ’Τίς
590 5372 698 5443 γάρ
751 5389 811 5426 σε
858 5375 1171 5443 ἠνάγκασεν
1210 5378 1291 5440 είς
1327 5375 1389 5429 τὸ
1431 5377 1530 5446 τῆς
1576 5393 1815 5449 παρανο-

241 5459 364 5526 μίας
401 5464 761 5535 ἐργαστήριον
787 5466 1045 5533 είσιέναι;
1078 5467 1175 5532 Τίς
1203 5467 1261 5521 δέ
1287 5484 1349 5521 σε
1387 5469 1701 5538 ὴνάγκλσεν
1736 5471 1817 5533 είς

237 5546 326 5604 τὸν
368 5553 537 5625 αὐτῆς
583 5554 806 5619 κόλπον,
853 5556 1041 5630 ὥσπερ
1082 5560 1161 5623 είς
1214 5558 1377 5630 βυθὸν
1425 5561 1817 5633 ἀγριαινούσης

317 5664 365 5696 ⁸⁸
387 5665 529 5722 Psal.
555 5682 684 5734 Lvlt,
710 5667 763 5721 5.

316 5754 424 5826 (85)
457 5757 800 5816 Desiderantur
834 5759 1086 5818 articulus
1123 5762 1175 5823 ἡ.
1211 5760 1389 5826 Ευιτη

1916 4754 2113 4810 graves
2150 4737 2439 4793 incessus?
2461 4737 2551 4792 ubi
2592 4745 2680 4790 tua
2706 4735 2798 4790 illa
2841 4748 3052 4790 summa
3085 4733 3367 4789 eruditio?
3405 4732 3496 4787 ubi

1914 4832 1969 4886 in
1996 4829 2319 4899 sapientiam
2361 4829 2640 4898 impensus
2680 4826 2872 4883 labor?
2906 4826 2995 4881 ubi
3048 4825 3342 4880 venerandi
3388 4839 3500 4877 mo—

1914 4923 2045 4978 res?
2075 4921 2167 4977 uhi
2218 4920 2536 4976 modestia?
2569 4920 2680 4985 ubi,
2723 4933 2863 4989 quas
2905 4930 3279 4987 saepenumero
3318 4914 3497 4971 fecisti

1919 5017 2068 5071 humi
2110 5013 2428 5069 cubationes
2478 5020 2701 5082 propter
2734 5009 3172 5079 philosotdnam?
3201 5006 3292 5061 ubi
3338 5005 3499 5060 intel-

1917 5105 2178 5177 ligentia?
2223 5094 2314 5160 ubi
2355 5104 2531 5175 pietas
2580 5103 2634 5157 in
2675 5101 2886 5157 Deum?
2926 5100 3020 5154 ubi
3066 5113 3219 5154 amor
3249 5097 3302 5152 in
3342 5096 3501 5152 Chri-

1919 5196 2104 5251 stum?
2131 5198 2200 5250 At
2220 5195 2362 5250 enim
2386 5195 2453 5249 ab
2485 5194 2638 5249 hisce
2663 5192 2829 5248 rebus
2851 5192 3010 5261 longe
3040 5188 3317 5245 recessisti
3346 5189 3502 5243 Inulae

1918 5287 2050 5344 fera:
2078 5303 2208 5343 usus
2240 5288 2624 5353 contubernio,
2657 5297 2820 5354 atque
2865 5284 3001 5339 adeo
3034 5291 3089 5337 te
3132 5281 3247 5351 ipsc
3283 5281 3335 5334 in
3384 5294 3504 5348 per-

1922 5379 2152 5435 ditionis
2210 5389 2476 5435 tartarum
2530 5377 2866 5448 praecipitem
2924 5375 3108 5445 egisti.
3163 5373 3298 5441 Quis
3352 5374 3499 5427 enim

1919 5473 2099 5543 coegit
2149 5481 2222 5539 te,
2287 5472 2363 5526 uti
2392 5470 2859 5541 praevaricationis
2909 5468 3147 5523 intrares
3196 5463 3504 5519 oﬂiciuam‘!

1924 5563 2120 5635 Ecquis
2155 5578 2286 5619 vero
2323 5562 2536 5631 impulit
2569 5570 2643 5627 te,
2690 5568 2751 5614 ut
2786 5559 2962 5615 sinum
2998 5558 3141 5612 illius
3174 5554 3327 5627 quasi
3370 5566 3499 5626 pro»
