3802 6216
265 279 375 335 819

1214 281 1556 338 ΑΡΡΕΝΒΙΧ
1596 283 1879 339 OPERUM
1918 284 1977 340 S.
2019 285 2259 342 BASILII
2299 287 2535 347 MAGNI.

3422 290 3544 349 820

270 402 495 458 fundum
528 400 712 456 furiosi
755 400 921 454 maris
957 400 1209 455 subires?
1240 400 1405 472 635
1457 400 1726 457 Numnam
1778 402 1844 455 li-

1983 401 2227 473 αλάσσης
2261 402 2533 470 εἰσδῦναι;
2564 404 2656 477 Μὴ
2683 404 2793 478 γὰρ
2836 407 2935 461 οὒκ
2963 404 3108 480 ἦσθα
3146 408 3534 479 αὐτεξούσιοςς

270 496 500 551 bertatis
529 494 754 550 carebas
782 494 1050 549 arbitrio?
1080 491 1197 548 Tuo
1236 501 1292 548 te
1339 495 1519 563 gladio
1559 494 1838 565 jugulasti.

184 592 197 607 ‘
269 588 538 655 Quoniam
581 587 820 651 noluisti,
856 594 1145 655 antequam
1199 587 1420 642 morbus
1468 587 1612 642 vires
1657 589 1844 658 acqui-

271 687 439 740 reret.
473 679 801 733 dimitterea
827 684 882 732 te
910 677 1050 732 hanc
1092 691 1325 741 noxam;
1366 678 1571 732 veritus
1621 680 1843 732 omnino

267 786 352 839 es,
385 786 454 826 ne
482 778 691 826 secreta
717 779 805 824 tua
834 770 921 823 illa
949 769 1001 823 in
1027 769 1357 838 triumphum
1382 776 1566 840 ageret
1594 771 1841 840 expulsa.

267 862 338 915 At
372 861 628 928 quianam
660 859 736 912 illi
783 859 1160 914 committebas
1187 869 1416 922 secreta,
1450 875 1572 928 qum
1623 862 1762 929 apud
1794 871 1845 915 te

268 951 474 1018 optime
511 950 744 1019 reposita
796 949 992 1003 erant?
1041 948 1294 1017 Nunquid
1342 951 1626 1003 arctabant
1683 959 1733 1002 te
1787 950 1841 1003 in

269 1042 544 1098 thesauris
601 1041 882 1112 sapientiae
941 1048 1045 1094 tua:
1106 1040 1667 1107 reconditaiDeinde,
1719 1056 1842 1095 eum

268 1136 361 1202 qui
394 1135 462 1189 ah
486 1133 648 1188 oculo
680 1133 905 1187 dextero
932 1146 1030 1185 suo
1060 1132 1372 1185 scandalum
1402 1134 1662 1200 patiatur,
1693 1133 1847 1203 jubet

271 1228 582 1296 Sospitator
610 1240 675 1279 ac
700 1224 962 1279 Dominus
990 1231 1176 1279 noster
1200 1222 1359 1279 Jesus
1387 1219 1637 1281 Chris’tus
1669 1228 1847 1296 unige-

268 1319 416 1372 nitus
448 1319 542 1372 Dei
576 1316 769 1379 Filius,
800 1323 858 1369 nt
893 1331 988 1385 per
1021 1332 1079 1372 se
1107 1317 1219 1386 ipse
1245 1316 1524 1372 abscindat
1547 1319 1845 1374 membrum

268 1410 413 1479 quod
460 1408 774 1463 scandalum
822 1409 1000 1478 parit;
1036 1417 1091 1463 et
1135 1418 1187 1463 tu
1220 1425 1333 1464 rem
1368 1410 1618 1464 infestant
1666 1422 1720 1466 et
1747 1414 1850 1467 ini-

267 1501 490 1564 micam,
535 1514 655 1568 quae
698 1515 804 1554 non
855 1500 1015 1555 modo
1055 1501 1367 1555 scandalum
1405 1502 1500 1557 sed
1527 1511 1582 1557 et
1617 1515 1845 1558 mortem

269 1592 434 1646 infert
466 1593 684 1658 animae,
723 1606 829 1648 non
861 1592 1018 1662 ejicis
1043 1593 1141 1648 abs
1172 1594 1266 1647 te?
1300 1593 1505 1649 Dilecta
1539 1598 1684 1650 enim
1729 1605 1848 1652 esto

271 1697 368 1749 per
415 1682 693 1740 Christum
748 1683 1073 1740 salutatione
1124 1687 1494 1755 tenuszquod
1540 1687 1584 1741 si
1652 1688 1846 1742 anima:

271 1775 440 1838 obsit,
469 1789 537 1830 ne
571 1776 844 1831 salutetur
868 1792 931 1830 ea
959 1778 1201 1847 quidem.
1230 1776 1455 1843 lnvisat,
1493 1779 1640 1846 licet,
1672 1795 1845 1850 aegro-

272 1873 418 1929 tum;
447 1879 546 1920 nec
601 1873 782 1919 tamen
825 1866 967 1921 bene
1006 1865 1206 1922 valenti
1252 1866 1575 1924 oﬂendiculo
1616 1871 1706 1935 sit,
1753 1884 1847 1925 seu

271 1964 517 2025 tempore
567 1958 834 2027 angustim
878 1964 934 2013 et
976 1959 1405 2027 persecutionis,
1436 1961 1553 2016 sive
1583 1962 1750 2016 etiam
1793 1964 1846 2017 in

273 2047 526 2103 ecclesia.
560 2048 827 2115 Quoniam
865 2064 1056 2105 omnes
1096 2066 1237 2105 unus
1267 2066 1455 2106 sumus
1506 2053 1565 2107 in
1608 2052 1845 2119 Christo,

275 2140 372 2197 sed
397 2156 539 2197 nunc
575 2156 679 2196 non
709 2157 916 2197 sumus.
942 2141 1014 2198 Ut
1041 2143 1215 2213 quid?
1245 2145 1500 2213 quoniam
1533 2160 1630 2201 nos
1664 2148 1851 2201 renui-

274 2246 420 2297 mus,
448 2230 801 2299 praeferentes
833 2232 1090 2287 fraternae
1119 2234 1394 2290 dilectioni
1420 2236 1605 2290 odium
1656 2235 1851 2292 frater—

273 2339 426 2384 num.
461 2323 541 2379 Ne
568 2324 880 2379 scandalum
902 2324 1127 2394 pariatis
1166 2326 1387 2389 mundo,
1423 2342 1457 2381 ο
1490 2342 1587 2382 vos
1614 2330 1703 2396 qui
1733 2344 1852 2382 mu-

273 2415 441 2479 lieres
477 2415 535 2470 in
575 2415 933 2472 contubernio
968 2418 1205 2473 habetis.
1271 2418 1523 2488 Nunquid
1575 2420 1718 2475 enim
1749 2421 1852 2479 tibi

275 2521 505 2562 uxorem
533 2508 729 2562 ducere
763 2506 1045 2579 Scriptura
1082 2525 1189 2564 non
1231 2509 1490 2566 indulsit?
1524 2511 1671 2567 Facti
1719 2515 1851 2569 estis

275 2607 332 2657 et
355 2595 553 2653 Judaeis
583 2609 637 2652 ct
656 2599 946 2669 gentilibus
973 2611 1026 2654 et
1045 2599 1300 2656 Ecclesiae
1322 2599 1414 2656 Dei
1440 2602 1848 2660 oﬂ'endiculum.

277 2686 473 2747 Utrum
505 2688 780 2745 adversari
812 2689 1010 2746 divinis
1032 2691 1269 2745 mtimini
1310 2692 1626 2763 Scripturis,
1658 2710 1721 2750 ac
1749 2696 1852 2751 Do-

279 2780 484 2837 minum
521 2780 929 2838 exstimulatis?
950 2782 1032 2836 An
1058 2782 1312 2839 fortiores
1335 2786 1470 2839 estis
1497 2785 1628 2841 illo?
1654 2786 1851 2858 Respi-

279 2873 388 2935 cite
434 2870 805 2925 infirmitatem
839 2879 1103 2935 vestram,
1137 2873 1443 2929 erubescite
1474 2877 1723 2930 morbum
1761 2893 1853 2931 ve-

277 2970 474 3031 strum,
494 2972 682 3018 curate
709 2979 802 3018 vos
830 2971 1074 3033 tempore
1101 2974 1427 3035 opportuno,
1450 2975 1735 3037 antequam
1762 2984 1852 3024 re-

1947 493 2420 565 Λύτοκατάκριτον
2486 497 2679 551 σαυτὸν
2751 498 3078 570 πεποίηκας.
3139 501 3356 571 Ἐπειδὴ
3424 505 3539 558 οὐκ

1947 585 2258 657 ἠϐουλήθης
2320 588 2425 657 πρὸ
2468 588 2570 659 τῆς
2621 589 2714 642 τοῦ
2766 590 2972 655 πάθους
3025 593 3211 663 ἀκμῆς
3257 595 3537 651 ἀπολῦσαι

1949 676 2059 731 ἀπὸ
2098 678 2192 731 σοῦ
2248 680 2307 732 τὸ
2349 680 2634 752 ἀργαλέον,
2684 682 2901 745 πάντως
2945 699 3046 736 που
3097 685 3413 757 ηὑλαϐήθης
3448 690 3533 759 μή

1947 786 2040 821 σου
2091 769 2159 823 τὰ
2230 773 2504 843 μυστήρια
2557 772 2897 846 θριαμϐεύσῃ
2962 775 3307 847 ἐκϐληθεῖσα.
3359 777 3423 831 Τί
3472 780 3537 833 δὲ

1947 861 2083 932 αὐτῇ
2125 862 2217 915 καὶ
2247 863 2493 917 ἀνετίθου
2526 868 2798 937 μυστήρια
2825 867 2892 920 τὰ
2937 869 2994 929 ἐν
3035 868 3119 920 σοὶ
3163 868 3341 932 καλῶς
3378 871 3538 923 ἀπο-

1948 952 2210 1024 κείμενα;
2258 956 2349 1025 Μὴ
2391 956 2500 1028 γὰρ
2539 958 2897 1030 στενοχωρίαν
2937 961 3166 1031 παρεῖχέ
3214 977 3295 1014 σοι
3335 964 3393 1016 ἐν
3425 962 3534 1032 θη·-

1951 1049 2169 1117 σαυροῖς
2196 1047 2390 1115 σοφίας
2419 1065 2511 1101 σου
2556 1049 2961 1121 φυλαττόμενα;
2994 1050 3127 1104 Εἶτα
3167 1053 3257 1106 τὸν
3292 1053 3390 1124 μὲν
3421 1054 3536 1107 ὑπὸ

1946 1135 2040 1188 τοῦ
2085 1136 2215 1189 ἰδίου
2261 1136 2434 1202 δεξιοῦ
2474 1139 2749 1210 ὀφθαλμοῦ
2793 1140 3296 1212 σκανδαλιζόμενον,
3347 1160 3535 1214 παρα.-

1948 1228 2224 1282 κελεύεται
2255 1230 2284 1281 ὁ
2329 1231 2518 1303 Σωτὴρ
2554 1233 2646 1285 καὶ
2690 1233 2894 1304 Κύριος
2938 1235 3093 1305 ἡμῶν
3137 1235 3343 1306 Ἰησοῦς
3390 1238 3537 1308 Χρι-

1949 1318 2075 1382 στὸς
2116 1321 2144 1372 ὁ
2191 1322 2484 1391 μονογενὴς
2526 1322 2654 1386 Υἱὸς
2696 1323 2790 1376 τοῦ
2838 1323 2994 1387 Θεοῦ,
3038 1326 3199 1378 αὐτὸν
3233 1326 3300 1378 δι’
3330 1327 3534 1380 ἑαυτοῦ

1950 1411 2238 1465 ἐκκόπτειν
2280 1412 2339 1465 τὸ
2377 1414 2725 1480 σκανδαλίζον
2772 1416 2950 1487 μέλος.
2988 1418 3060 1470 Σὺ
3100 1418 3157 1471 δέ
3196 1418 3387 1491 ἐχθρὸν
3429 1420 3536 1473 καὶ

1948 1502 2189 1555 ἐναντίον
2222 1506 2486 1575 πρᾶγμα,
2541 1506 2603 1559 τὸ
2644 1508 2719 1578 μὴ
2768 1509 2927 1579 μόνον
2977 1510 3347 1575 σκανδαλίζον,
3390 1511 3538 1565 ἀλλὰ

1948 1594 2044 1646 καὶ
2090 1593 2353 1648 θανατοῦν
2393 1596 2491 1667 τὴν
2535 1597 2733 1669 ψυχὴν,
2762 1600 2862 1652 οὐκ
2914 1599 3195 1664 ἐκϐάλλεις
3243 1602 3351 1654 ἀπὸ
3394 1601 3534 1668 σοῦ;

1962 1685 2246 1758 Ἀγαπητὴ
2300 1687 2409 1759 γὰρ
2452 1689 2564 1759 ἤτω
2598 1688 2685 1742 διὰ
2729 1691 2961 1761 Χριστὸν
2997 1692 3100 1753 ἓως
3142 1692 3236 1744 τοῦ
3280 1692 3531 1767 χαίρειν·

1949 1777 2044 1831 ἐὰν
2077 1778 2133 1830 δὲ
2165 1778 2380 1851 βλάπτῃ
2409 1779 2606 1849 ψυχίτν,
2641 1781 2775 1852 μηδὲ
2818 1783 2877 1836 τὸ
2916 1785 3128 1854 χαίρειν
3157 1785 3324 1857 αὐτῇ·
3367 1786 3539 1856 μόνον

1950 1870 2349 1939 ἐπισκέψασθαι
2393 1873 2750 1936 ἀσθενοῦντα,
2803 1876 2898 1928 καὶ
2953 1876 3028 1947 μὴ
3080 1876 3171 1928 τὸν
3216 1878 3540 1945 ὑγιαίνοντα

1953 1961 2328 2026 σκανδαλίσαι,
2381 1963 2414 2034 ἢ
2461 1966 2519 2016 ἐν
2570 1964 2748 2036 καιρῷ
2802 1966 3053 2036 θλίψεως,
3103 1967 3366 2039 διωγμοῦ,
3402 1968 3434 2039 ἦ
3468 1971 3538 2021 ἐν

1951 2052 2250 2130 ἐκκλησία·
2302 2055 2491 2125 ἐπειδὴ
2570 2057 2773 2120 πάντες
2827 2052 2909 2120 εἷς
2954 2058 3119 2128 ἐσμεν
3170 2060 3228 2110 ἐν
3281 2060 3536 2130 Χριστῷ,ι

1949 2144 2085 2198 ἀλλά
2116 2124 2343 2199 νῦνόὑκ
2393 2124 2580 2218 ἐσμέν.
2631 2150 2728 2203 Διά
2747 2150 2831 2214 τίς
2883 2124 3069 2222 ἐπειδὴ
3106 2153 3264 2221 ἡμεῖς
3292 2124 3351 2204 οῦ
3406 2124 3538 2222 βουέ

1950 2233 2175 2305 λόμεθα,
2217 2238 2658 2307 προτιμήσαντες
2708 2238 2807 2309 τὴν
2855 2238 3211 2308 μισαδελφίαν
3263 2240 3367 2310 τῆς
3411 2240 3540 2309 gat)...

1951 2326 2227 2396 αδελφίας.
2275 2329 2365 2401 Μὴ
2410 2330 2788 2394 σκανδαλίζετε
2821 2331 2910 2384 τὸν
2933 2332 3155 2403 κόσμον,
3183 2333 3235 2384 οἱ
3265 2331 3363 2395 τὰς
3407 2349 3539 2386 συνο

1951 2416 2236 2479 εισάκτους
2276 2415 2511 2486 ἔχοντες.
2562 2420 2651 2490 Μὴ
2684 2419 2791 2491 γὰρ
2824 2421 2996 2491 γῆμαί
3028 2439 3086 2483 σε
3130 2423 3163 2493 ὴ
3192 2422 3380 2493 Γραφῇ
3428 2423 3537 2477 οὐκ

1952 2505 2259 2577 ἐπέτρεψε;
2309 2508 2572 2574 Γεγόνατε
2626 2511 2722 2563 καὶ
2774 2511 3083 2575 Ἰουδαίοις,
3128 2514 3224 2566 καὶ
3266 2513 3536 2584 Ἕλλησι,

1952 2597 2047 2650 καὶ¹
2081 2600 2148 2668 τῇ
2193 2597 2490 2677 Ἐκκλησία
2530 2599 2625 2653 τοῦ
2656 2600 2790 2655 Θεοῦ
2832 2603 3183 2673 πρόσκομμα.
3214 2605 3286 2656 Ἦ
3315 2606 3536 2658 ἀντιπί-

1953 2705 2106 2741 πτειν
2133 2692 2253 2752 ταῖς
2291 2691 2471 2757 ἁγίαις
2498 2692 2537 2743 Γ
2544 2695 2740 2762 ραφαῖς
2769 2694 3115 2764 ἐπιχειρεῖτε,
3153 2697 3246 2748 καὶ
3279 2695 3538 2767 παραζη-

1953 2776 2107 2831 λοῦτε
2151 2778 2244 2832 τὸν
2288 2779 2529 2851 Κύριον;
2586 2783 2677 2853 Μὴ
2748 2784 3085 2855 ἰσχυρότεροι
3149 2786 3311 2839 αὑτοῦ
3364 2787 3537 2851 ἐστε;

1966 2869 2303 2941 Ἐμϐλέψατε
2350 2874 2430 2935 είς
2468 2872 2566 2943 τὴν
2596 2874 2804 2926 ἑαυτῶν
2848 2876 3150 2938 ἀσθένειαν,
3204 2878 3537 2949 αἰσχύνθητε

1952 2959 2014 3013 τὸ
2070 2961 2278 3015 ἑαυτῶν
2312 2962 2513 3027 πάθος,
2562 2963 2934 3036 θεραπεύσατε
2994 2968 3219 3031 ἐαυτοὺς
3248 2969 3306 3021 ἐν
3354 2969 3539 3040 καιρῷ

276 3060 443 3129 pente
490 3053 644 3122 quasi
695 3052 874 3123 fulgur
902 3054 1245 3124 ingeminans
1270 3056 1553 3127 contingat
1580 3060 1848 3115 adventus

1985 3051 2171 3123 ὐθέτῳ.
2210 3053 2397 3124 πρὶνῆ
2436 3053 2667 3121 ἐξάπινα
2714 3055 2790 3119 ὡς
2820 3058 3071 3128 ἀστραπὴ
3120 3056 3293 3127 ἀθρόα
3329 3058 3449 3129 ἥξει
3493 3062 3539 3137 ἡ

277 3143 424 3212 ejus;
461 3154 586 3199 ante
632 3142 902 3199 tlanunam
944 3144 1104 3213 ignis,
1152 3155 1279 3201 ante
1314 3148 1564 3202 tenebras
1602 3150 1847 3204 exterio—

278 3249 391 3300 res,
424 3243 550 3289 ante
590 3235 1145 3302 consummationem,
1175 3247 1301 3290 ante
1342 3251 1582 3292 vermem
1611 3242 1701 3308 qui
1743 3257 1847 3295 non

276 3328 530 3388 moritur.
573 3327 893 3383 Trementes
934 3329 1197 3394 dicimus;
1230 3344 1352 3383 cum
1401 3331 1596 3384 timore
1647 3332 1848 3399 audite,

283 3434 384 3483 nec
416 3434 519 3490 pro
558 3419 857 3474 deridiculo
886 3434 976 3475 res
1003 3421 1270 3475 habeatur
1298 3437 1314 3475 :
1342 3420 1434 3474 filii
1476 3422 1567 3475 Dei
1612 3428 1852 3477 tartaro-

277 3525 400 3576 rum
433 3510 665 3565 vinculis
689 3512 980 3565 traduntur
1012 3520 1232 3580 propter
1253 3511 1554 3566 mulierem.

350 3598 404 3655 5.
445 3600 516 3656 At
553 3600 700 3655 enim
743 3600 891 3655 dices
931 3617 946 3655 :
984 3600 1117 3654 Cum
1148 3601 1251 3654 hac
1282 3600 1555 3667 habitans,
1581 3617 1687 3658 non
1719 3605 1853 3660 mihi

279 3693 609 3749 detrimento
632 3701 735 3747 est.
776 3689 836 3745 Si
874 3692 1096 3746 draconi
1132 3706 1256 3747 cum
1287 3694 1474 3763 aspide
1502 3696 1716 3766 degenti
1762 3699 1858 3752 de.

282 3785 598 3841 trimentum
630 3783 834 3841 nullum
868 3790 972 3847 est,
1000 3784 1224 3839 onmiuo
1253 3800 1355 3840 nec
1404 3786 1495 3841 tibi
1528 3789 1652 3842 erit.
1684 3788 1858 3846 Draco

280 3877 426 3931 enim
465 3878 555 3947 qui
591 3891 713 3931 cum
746 3877 994 3931 draczena
1031 3877 1194 3932 simul
1242 3876 1406 3948 degit,
1443 3891 1669 3936 mortem
1715 3884 1859 3937 acci-é

280 3968 364 4039 pit
390 3967 475 4022 sui
515 3968 816 4022 mercedem
863 3968 1186 4022 convictus:
1222 3968 1525 4039 hujusmodi
1577 3981 1660 4026 est
1712 3974 1857 4027 enim

272 4059 428 4112 illius
455 4055 584 4112 lem
628 4058 840 4111 femina:
868 4064 1082 4111 natura.
1124 4054 1258 4110 Vide
1297 4070 1445 4124 ergo.
1499 4072 1566 4112 ne
1616 4059 1744 4128 quid
1786 4060 1863 4113 si.

282 4149 414 4203 mile
444 4148 641 4203 habeat
682 4156 737 4201 et
774 4147 1016 4202 mulieris
1058 4149 1358 4217 negotium.
1409 4147 1759 4204 Proferamus
1806 4159 1862 4206 et

284 4239 560 4308 specimen
587 4238 880 4307 quoddam,
918 4236 1295 4292 utrationales
1346 4237 1595 4295 homines
1637 4241 1862 4294 convin-

284 4346 474 4391 camus
508 4349 521 4385 :
561 4330 805 4385 Tametsi
847 4329 987 4398 ignis
1022 4328 1273 4398 stipulam
1329 4342 1435 4383 non
1481 4331 1746 4394 accendit,
1777 4341 1862 4385 at-

1953 3141 2117 3194 αὑτοῦ
2151 3144 2445 3214 παρουσία,
2495 3145 2624 3215 πρὶν
2660 3144 2693 3214 ἢ
2729 3146 3028 3217 πυρφόρος,
3069 3147 3198 3217 πρὶν
3242 3147 3431 3210 σκότος
3471 3148 3540 3201 τὸ

1953 3232 2235 3305 ἐξώτερον,
2284 3235 2413 3306 πρὶν
2462 3235 2745 3289 συντέλεια
2794 3238 2890 3289 καὶ
2941 3236 3155 3308 σκώληξ
3212 3239 3537 3308 ἀκοίμητος.

1954 3324 2264 3395 Τρέμοντες
2299 3324 2563 3396 λέγομεν’
2616 3325 2755 3395 μετὰ
2801 3326 2968 3395 φόϐου
3019 3328 3269 3392 ἀκούετε,
3307 3329 3430 3398 μηδ’
3475 3329 3541 3392 ἐν

1954 3416 2148 3487 γελοίῳ
2180 3419 2546 3488 καταφανήτω
2580 3418 2641 3471 τὸ
2670 3420 2932 3489 πράγμαο
2968 3419 3075 3471 υἱοὶ
3114 3418 3280 3485 Θεοῦ,
3328 3422 3543 3490 σειραῖς

1954 3510 2223 3580 ταρτάρου
2255 3510 2634 3581 παραδίδονται
2666 3510 2753 3563 διὰ
2782 3512 3031 3578 γυναῖκα.

2026 3599 2080 3653 5.
2125 3599 2262 3651 Ἀλλ’
2296 3601 2442 3669 ἐρεῖς
2474 3616 2582 3668 μοι,
2618 3600 2700 3652 ὅτι
2727 3598 2996 3650 Συνοικῶν
3015 3597 3182 3668 ταύτῃ
3211 3597 3272 3649 οὐ
3306 3595 3544 3666 βλάπτο-

1962 3708 2079 3761 μαι.
2117 3690 2178 3745 Ei
2218 3694 2246 3744 ὁ
2278 3690 2494 3762 δράκων
2551 3688 2814 3741 συνοικῶν
2864 3691 2929 3760 τῇ
2974 3689 3161 3741 ἀσπίδι
3209 3689 3270 3741 οὐ
3307 3686 3544 3757 βλάτπε-

1956 3801 2067 3848 ται,
2093 3783 2309 3845 πάντως
2338 3783 2431 3835 καὶ
2477 3784 2539 3836 σὺ
2577 3782 2638 3835 οὐ
2685 3780 2930 3854 βλαϐήσῃ
2951 3799 2963 3811 ·
3009 3785 3037 3835 ὁ
3079 3780 3186 3850 γὰρ
3218 3780 3438 3850 δράκων
3469 3782 3543 3852 τῇ

1958 3874 2222 3946 δρακαίνῃ
2256 3873 2661 3944 συγγινόμενος,
2695 3872 2919 3925 θάνατον
2939 3872 3203 3943 λαμϐάνει
3228 3872 3317 3924 τὸν
3347 3870 3544 3942 μισθὸν

1959 3966 2059 4035 τῆς
2094 3950 2469 4036 συμϐιώσεως,
2504 3965 2755 4034 τοιαύτης
2798 3964 3012 4033 φύσεως
3056 3965 3415 4035 τυγχάνοντος
3445 3963 3543 4027 τοῦ

1962 4056 2150 4128 θήλεος
2177 4056 2385 4128 θηρίου.
2421 4058 2563 4129 Ὅρα
2592 4056 2743 4125 γοῦν,
2779 4058 2984 4127 μήποτε
3008 4058 3189 4126 ὅμοιόν
3219 4058 3335 4109 ἐστι
3358 4057 3455 4110 καὶ
3478 4055 3545 4110 τὸ

1960 4147 2062 4217 τῆς
2103 4147 2362 4215 γυναικὸς
2408 4149 2658 4221 πρᾶγμα.
2702 4145 3082 4217 Παραθῶμεθα
3107 4146 3163 4199 δέ
3211 4145 3542 4210 ἀποδείξεις,

1964 4236 2277 4305 ἐλέγχοντες
2311 4235 2438 4300 τοὺς
2466 4235 2713 4303 λογικοὺς
2737 4234 3053 4306 ἀνθρώπους
3074 4253 3088 4267 ·
3114 4236 3176 4288 Εἰ
3214 4234 3275 4287 τὸ
3303 4235 3416 4307 πῦρ
3444 4236 3545 4307 τὴν

1966 4328 2218 4398 καλάμην
2249 4329 2347 4380 οὐκ
2381 4327 2628 4389 ἀνάπτει,
2675 4325 2809 4379 ἀλλά
2848 4327 2940 4379 καὶ
2978 4326 3068 4379 τὸν
3102 4326 3277 4400 ἄρρην
3314 4326 3462 4380 λίθον
3494 4328 3545 4381 εί

284 4434 466 4481 tamen
498 4422 541 4478 si
581 4422 668 4476 vel
696 4437 897 4476 marem
926 4419 1157 4490 lapidem
1192 4421 1407 4475 feminae
1432 4422 1753 4490 asperseris,
1777 4423 1849 4476 in-

1982 4421 2208 4483 τπείσεις
2252 4422 2315 4490 τῇ
2352 4418 2563 4499 θηλείᾳ,
2599 4418 2841 4491 πυρκαϊὰ
2892 4419 3122 4487 γίνεται.
3188 4417 3327 4471 Ἀλλ’
3355 4418 3546 4490 ἐπειδὴ

285 4515 539 4570 cendium
600 4515 678 4570 iit.
731 4515 836 4569 Sed
900 4513 1154 4583 quoniam
1214 4512 1414 4575 dicitis,
1471 4521 1528 4567 et
1582 4513 1858 4569 mulierem

284 4624 446 4680 posse
473 4608 717 4663 modeste
754 4621 946 4677 agerc;
997 4607 1101 4662 hoc
1126 4605 1325 4675 liquido
1359 4606 1482 4659 novi
1523 4624 1537 4661 ι
1577 4615 1634 4660 et
1660 4607 1743 4660 vir
1773 4623 1862 4662 so—

286 4698 374 4753 lus
418 4697 619 4766 degens
680 4696 907 4751 honeste
972 4709 1136 4765 agere
1197 4704 1406 4763 potest;
1468 4694 1612 4749 istud
1662 4696 1866 4764 optime

287 4797 626 4859 compertum
651 4788 843 4842 habeo.
880 4786 973 4841 Vir
1002 4795 1181 4842 autem
1206 4802 1328 4841 cum
1359 4786 1606 4855 muliere,
1635 4788 1860 4852 malum;

287 4893 345 4935 ct
376 4881 570 4935 mulier
606 4896 728 4935 cum
775 4881 913 4944 viro,
952 4880 1326 4935 vehementius
1368 4880 1592 4938 malum.
1644 4880 1865 4948 Quodsi

288 4986 482 5026 rursus
513 4971 729 5037 mulier,
759 4971 1182 5038 consanguineis
1222 4971 1337 5027 suis
1370 4972 1593 5039 relictis,
1623 4987 1745 5027 cum
1778 4987 1870 5026 ex-

286 5071 447 5118 terno
486 5062 706 5117 homine
743 5063 947 5117 habere
1007 5062 1420 5117 contubernium
1450 5063 1579 5118 velit
1614 5063 1868 5118 sublesta;

288 5155 578 5211 cbaritatis
628 5168 830 5219 causa;
869 5154 1008 5208 istud
1052 5154 1193 5207 enim
1222 5168 1352 5208 vero
1379 5154 1559 5209 mistio
1596 5163 1679 5209 est
1712 5154 1869 5209 illici-

292 5257 360 5299 ta:
388 5246 596 5316 copula:
615 5246 924 5301 incendium
955 5246 1262 5301 excitantis.
1292 5244 1536 5300 Labente
1557 5246 1700 5300 enim
1734 5255 1870 5300 tem-

288 5352 443 5409 pore,
476 5353 544 5394 ex
597 5338 688 5393 illo
721 5336 1095 5392 contubernali
1136 5336 1385 5390 convictu
1423 5344 1680 5405 concepta
1717 5333 1871 5388 ﬂam-

289 5447 402 5496 tua,
439 5433 722 5486 materiem
757 5430 1070 5495 incendunt,
1117 5437 1173 5482 et
1214 5427 1580 5483 habitaculum
1612 5434 1866 5489 exurunt;

292 5535 456 5592 atque
480 5524 615 5577 adeo
663 5522 881 5591 propria
928 5524 1257 5577 comburunt
1277 5536 1503 5593 corpora
1533 5520 1585 5574 in
1617 5519 1867 5590 gehenna

292 5622 665 5695 perpetuoque
704 5610 985 5681 supplicio.

280 5760 290 5775 ,
366 5705 422 5774 6,
494 5702 589 5770 Dic
627 5703 783 5779 mihi,
837 5700 1128 5767 vafer-rima
1188 5713 1452 5769 venenata
1507 5702 1714 5772 bestia,
1752 5715 1870 5780 quae

1965 4513 2149 4581 λέγετε
2177 4513 2269 4566 καὶ
2290 4514 2521 4580 γυναῖκα
2550 4514 2846 4583 σωφρονεῖν
2865 4510 3151 4564 δύνασθαι*
3179 4510 3337 4564 τοῦτο
3360 4511 3545 4581 σαφῶς

1966 4605 2282 4674 ἐπίσταμαι.
2319 4603 2427 4656 Καὶ
2459 4602 2597 4673 ἀνὴρ
2625 4602 2800 4674 μένων
2830 4602 2952 4655 καθ’
2977 4601 3165 4656 ἐαυτὸν
3188 4602 3547 4672 εὐσχημονεῖν

1965 4693 2188 4748 δύναται
2212 4708 2226 4723 ο
2272 4691 2431 4745 τοῦτο
2471 4690 2714 4762 ἀκριϐῶς
2758 4692 3076 4761 ἐπίσταμαι.
3129 4690 3293 4763 Ἀνὴρ
3318 4691 3376 4744 δὲ
3409 4690 3546 4762 μετά

1966 4785 2239 4855 γυναικὸς,
2283 4784 2483 4839 κακόν·
2515 4784 2608 4838 καὶ
2649 4784 2784 4856 γυνή
2823 4784 2959 4854 μετά
2990 4783 3200 4855 ἀνδρὸς,
3248 4784 3546 4856 δεινότερον

1968 4879 2155 4933 κακόν.
2187 4878 2283 4930 ’Ἀν
2330 4877 2491 4931 πάλιν
2537 4876 2672 4948 γυνὴ
2708 4877 2816 4929 τῶν
2848 4876 2992 4929 ίδίων
3031 4877 3315 4940 ἀποστᾶσα
3344 4891 3544 4943 συγγε-

1968 4971 2096 5034 νῶν,
2145 4970 2280 5041 ξένῳ
2305 4968 2456 5043 ἀνδρὶ
2485 4971 2750 5022 συνοικεῖν
2786 4969 3037 5037 ἐπιχειρῇ
3080 4970 3178 5037 τῆς
3210 4966 3544 5030 ὲπιπλάστου

1968 5063 2187 5133 ἀγάπης
2207 5061 2410 5124 ἐνεκεν,
2435 5060 2593 5113 τοῦτο
2620 5059 2763 5125 μίξις
2790 5058 2974 5112 λοιπὸν
3006 5058 3265 5126 συζυγίας
3286 5058 3545 5127 ἀθεμίτου

1972 5151 2242 5225 πυρκαϊὰν
2293 5148 2686 5223 ἐργαζομένης.
2748 5149 2838 5218 Τῷ
2906 5147 3082 5218 χρόνῳ
3140 5147 3256 5218 γὰρ
3310 5146 3545 5217 ἀναθερ-

1975 5246 2287 5317 μαινόμενοι
2330 5245 2395 5312 τῇ
2438 5242 2723 5312 ὁμοσκήνῳ
2764 5237 3082 5311 συμϐιώσει,
3115 5237 3412 5299 ἀνάπτουσι
3447 5236 3547 5307 τὴν

1973 5337 2125 5407 ὓλην,
2174 5336 2267 5388 καὶ
2317 5331 2672 5404 ἐμπυρίζουσι
2735 5330 2833 5402 τὴν
2890 5329 3086 5391 οἰκίαν,
3141 5328 3339 5398 μᾶλλον
3378 5327 3437 5380 δὲ
3476 5328 3549 5381 τά

1972 5426 2179 5481 ἐαυτῶν
2213 5423 2437 5496 σώματα
2461 5423 2706 5477 καίουσιν
2739 5422 2818 5484 εἰς
2842 5420 3065 5489 γέενναν
3091 5420 3184 5485 καὶ
3208 5418 3431 5472 αἰωνίαν
3455 5416 3551 5469 κό-

1972 5519 2145 5573 λασιν.
2745 5520 2750 5524 ”

2048 5696 2099 5754 6.
2134 5695 2269 5771 Λέγε
2302 5712 2411 5775 μοι,
2441 5687 2484 5749 ᾧ
2518 5691 2894 5772 πολυμήχανον
2924 5688 3128 5771 θηρίον,
3153 5688 3186 5766 ἡ
3208 5685 3267 5740 τὸ
3294 5681 3383 5747 τοῦ
3420 5697 3555 5764 προ..
