3802 6216
239 305 352 375 821

1318 317 1549 375 SERMO
1586 316 1675 372 DE
1712 311 2407 372 CONTUBERNALIBCS.

3418 309 3528 370 8S2

236 430 420 484 ϐάτου
462 428 665 501 ἔνδυμα
695 429 914 502 ἔχουσα,
961 434 1057 486 καὶ
1090 433 1150 487 τὸ
1180 433 1280 504 τῆς
1319 434 1543 498 ἀσπίδος
1592 434 1845 504 φρόνημα

1966 430 2334 486 vestimentum
2365 432 2483 487 ovis
2509 430 2695 496 habes,
2731 439 2787 487 et
2817 432 3024 502 aspidis
3070 440 3306 489 mentem
3338 433 3390 487 in
3431 449 3526 501 pe-

238 525 676 596 ὲνστερνισμένη
696 543 708 555 ·
744 526 799 579 τί
840 526 1167 598 περιχρίεις,
1197 528 1249 581 τί
1277 529 1556 599 ὑποχρίεις
1584 528 1844 596 σεαυτήν;

239 617 300 668 τί
322 616 628 690 χρώμασιν
656 615 961 688 ἀλλοτρίοις
989 616 1218 688 ἀψύχοις
1242 619 1682 690 προσλαμϐάνεις
1714 634 1846 688 μορ-

245 707 360 776 φὴν
402 707 725 778 είδωλικὴνς
786 708 838 760 τί
895 706 1206 777 βασανίζεις
1254 726 1346 762 σου
1390 709 1490 772 τὰς
1542 709 1766 780 τρίχας;
1795 707 1849 760 τί

245 797 591 867 προσθέτους
622 797 956 868 πλοκάμους,
989 798 1085 852 καὶ
1119 799 1459 870 κορύϐαντας
1485 799 1577 852 ἐπὶ
1606 796 1850 868 κεφαλῆς

237 891 555 961 ἀλλοτρίων
617 890 1014 961 προσθεμάτων
1068 892 1163 944 καὶ
1221 893 1431 962 νεκρῶν
1485 894 1580 946 καὶ
1638 894 1849 963 ἀλόγων

248 981 412 1047 ζώων
441 982 687 1051 ἀνιστᾷς,
714 980 802 1034 διὰ
839 981 935 1052 τῆς
958 981 1221 1052 κεφαλῆς,
1265 983 1360 1036 καὶ
1404 983 1600 1052 ὅψεως,
1637 985 1732 1037 καὶ
1762 984 1851 1037 διὰ

246 1078 354 1145 τῆς
377 1073 488 1127 τῶν
516 1073 810 1145 ἀλλοτρίων
839 1074 1068 1144 ἱματίων
1100 1075 1374 1139 ποικιλίας
1402 1074 1730 1141 ἐξαπατῶσα
1754 1077 1850 1131 καὶ

249 1166 680 1235 ἐκμαλάσσουσα
722 1167 818 1221 καὶ
851 1166 1264 1239 έλλεὸορίζουσα
1291 1167 1389 1232 τὰς
1416 1168 1593 1238 ψυχὰς
1624 1169 1733 1222 τῶν
1757 1171 1851 1234 ἀν-

250 1256 533 1328 θρώπων;
576 1259 639 1311 Ἠ
660 1257 765 1330 γάρ
787 1258 1015 1321 ἄπιστος
1040 1257 1180 1329 γυνὴ
1208 1259 1578 1331 πολυτρόπους
1612 1260 1851 1331 ἀψύχους

252 1347 395 1412 ὕλας
425 1349 754 1416 συνάγουσα,
810 1349 904 1402 καὶ
935 1349 1244 1420 χρωμάτων
1283 1352 1555 1416 ποικιλίας
1585 1352 1674 1406 διὰ
1717 1369 1854 1406 παν-

248 1440 508 1494 τοδαπῶν
550 1441 858 1512 χρωμάτων
901 1442 995 1495 καὶ
1029 1442 1266 1514 ἀσϐόλης
1306 1445 1402 1498 καὶ
1440 1445 1705 1499 ἀσϐέστου
1757 1448 1853 1500 καὶ

259 1528 523 1600 βοτανῶν,
543 1528 580 1583 ἂ
604 1529 682 1600 τῷ
719 1529 833 1600 ἰδίῳ
867 1529 1079 1600 σώματι
1119 1529 1318 1595 ἔξωθέν
1351 1534 1491 1596 ἐστι,
1513 1535 1852 1608 προσκολλήσο

266 1637 434 1682 σασα,
464 1620 815 1692 πολύμορφον.
836 1621 1026 1695 ὥσπερ
1050 1640 1105 1677 τι
1135 1623 1345 1696 θηρίον,
1368 1626 1564 1698 ἑαυτὴν
1582 1628 1853 1701 ἀπειργά-

258 1729 415 1773 σατο.
462 1713 528 1765 Ἥ
561 1712 616 1766 δὲ
641 1713 808 1785 πιστὴ
829 1714 987 1786 γυνὴ,
1014 1715 1218 1769 τούτων
1254 1715 1459 1787 ὀφείλει
1495 1717 1618 1791 ξένη
1645 1720 1853 1791 τυγχάε

252 1820 395 1867 νειν,
421 1801 519 1854 καὶ
542 1800 780 1873 μάλιστα
812 1805 845 1874 ἡ
880 1802 1328 1875 ἐπαγγελλομένη
1358 1801 1494 1863 εἶναι
1526 1786 1849 1879 Χριστιανή.
1884 1786 1929 1842 Β

258 1895 334 1947 Ἢ
366 1892 796 1961 καταγινώσκεις
819 1892 914 1947 τοῦ
939 1893 1096 1960 Θεοῦ,
1123 1889 1168 1949 ὦ
1196 1895 1376 1965 γύναι,
1400 1898 1482 1950 ὅτι
1504 1897 1762 1970 τοιαύτην
1791 1917 1850 1953 σε

258 1986 532 2051 ἐπλασενς
566 1987 735 2054 ’Ἄφες
763 1985 837 2049 ὡς
868 1986 1145 2059 ὲπλάσθης
1178 1985 1316 2042 εἶναι
1337 2005 1350 2018 °
1390 1989 1558 2060 μηδὲν
1588 1989 1751 2061 ἑαυτῇ
1783 1991 1849 2044 δι’

257 2076 599 2147 εὐμηχανίας
631 2076 908 2149 προσθῇςο
948 2077 1022 2149 μὴ
1072 2079 1182 2149 γὰρ
1234 2079 1604 2151 ὲμπειροτέρα
1659 2076 1711 2133 εἷ
1755 2081 1849 2136 τοῦ

256 2168 770 2239 δημιουργήσαντος
798 2186 876 2222 σε.
910 2170 1030 2224 Τίνι
1075 2171 1131 2224 δὲ
1185 2172 1279 2225 καὶ
1324 2171 1518 2244 ἀρέσαι
1554 2172 1850 2247 βουλομένη

255 2260 439 2315 ταῦτα
489 2263 700 2324 ποιεῖς;
753 2261 844 2332 Τῷ
881 2262 1070 2334 ἀνδρί;
1121 2263 1220 2317 οὐκ
1261 2264 1405 2335 ἔχεις
1446 2264 1634 2336 ἄνδρα,
1682 2265 1758 2331 ὥς
1790 2285 1854 2337 γε

259 2350 419 2421 ἔφης,
456 2343 501 2403 ὦ
534 2349 769 2421 παρθένε
794 2368 809 2382 ’
850 2352 899 2404 εί
927 2351 983 2405 δὲ
1022 2352 1117 2406 καὶ
1155 2352 1317 2423 ἔχεις,
1349 2350 1455 2407 οἶδὲ
1495 2372 1590 2408 σου
1627 2355 1726 2426 τὴν
1759 2374 1856 2410 πο-

257 2439 577 2511 λυμήχανον
617 2438 888 2496 σύνθεσιν.
921 2440 987 2494 Τί
1014 2442 1342 2513 δελεάσμασι
1375 2443 1736 2516 πολυτρόποις
1765 2446 1856 2516 ἐρ-

259 2528 559 2599 γανώσασα
582 2528 643 2582 τὸ
678 2529 856 2601 σῶμα,
894 2529 1147 2601 θηρεύεις
1171 2532 1270 2596 τὰς
1300 2534 1479 2604 ψυχὰς
1509 2534 1615 2586 τῶν
1643 2533 1854 2606 ἀνθρώ-

263 2638 388 2677 πων
412 2622 549 2693 πρὸς
573 2621 884 2687 ἀπώλειαν;
922 2624 1016 2676 καί¹
1053 2623 1169 2687 πῶς
1195 2624 1285 2677 τὸν
1316 2624 1551 2696 Χριστὸν
1582 2625 1857 2679 ἐπικαλεῖ-

265 2711 395 2769 σθαι
414 2712 637 2785 τολμᾷς,
663 2714 696 2784 ἦ
728 2713 1026 2785 ἐκκλησίας
1057 2714 1214 2768 οὐδὸν
1242 2718 1458 2781 πατεῖν,
1495 2714 1699 2781 ξοάνων
1727 2733 1858 2787 μορ-

266 2805 377 2874 φὰς
429 2805 652 2876 ἀψύχων
699 2807 757 2859 ὲν
806 2805 912 2876 ὅλῳ
956 2804 1034 2876 τῷ
1087 2805 1302 2877 σώματι
1352 2807 1441 2861 διὰ
1497 2808 1702 2880 χρυσοῦ
1762 2806 1856 2863 τοῦ

264 2896 643 2969 ἀπολλυμένου
696 2895 960 2968 φέρουσα,
1005 2896 1206 2967 μᾶλλον
1250 2897 1306 2950 δὲ
1342 2899 1729 2971 πομπευομένη
1765 2901 1858 2954 ὑπ’

265 2987 473 3054 αὐτῶν,
520 2988 615 3041 καὶ
670 2988 871 3058 πολλὴν
913 2989 1220 3060 συστροφὴν
1280 2991 1594 3047 ἀκολάστων
1650 2991 1859 3064 ἀνδρῶν

269 3079 411 3152 πρὸς
438 3080 537 3148 τὴν
565 3078 766 3149 ἑαυτῆς
806 3077 1072 3148 ἔκθεσμον
1102 3079 1229 3134 θέαν
1254 3080 1592 3152 ἐφελκομένη
1616 3098 1631 3147 ;

344 3171 399 3226 7.
448 3170 608 3225 Ἀλλά
627 3171 731 3224 τίνι
758 3169 931 3225 ταῦτα
957 3170 1225 3242 λαλοῦμεν
1249 3187 1264 3234 ;
1292 3172 1511 3244 Λογικῷ
1541 3172 1665 3244 ςὼῳ
1692 3175 1861 3247 ὲρπη-

270 3263 476 3318 στικῶν
497 3262 804 3333 δρακόντων
833 3261 1148 3333 προαίρεσιν
1171 3260 1367 3332 ἔχοντι.
1397 3262 1535 3317 Οὔτε
1562 3281 1621 3317 σε
1649 3265 1705 3319 αἱ
1726 3266 1861 3337 Γρα-

268 3354 376 3425 qui.
407 3353 706 3413 πείθουσιν,
739 3351 864 3406 οὔτε
902 3355 936 3425 ὴ
979 3354 1172 3422 γέεννα
1204 3355 1378 3424 φοϐεῖ,
1416 3354 1538 3408 οὗτε
1566 3356 1599 3427 ἡ
1625 3356 1734 3409 τῶν
1763 3357 1858 3409 ἀνν

270 3444 512 3518 θρώπων
540 3443 791 3499 νουθεσία
823 3443 1184 3512 κατανύσσει;
1214 3444 1332 3499 Κᾶν
1356 3444 1453 3516 τὴν
1476 3445 1677 3515 ἑαυτῆς
1698 3445 1860 3515 φύσιν

271 3538 573 3609 αἰδέσθητι,
628 3535 898 3608 μετάϐαλέ
956 3554 1047 3597 σου
1094 3536 1192 3604 τὴν
1232 3538 1376 3608 ὄψιν,
1433 3538 1508 3609 μὴ
1545 3538 1860 3611 ἀπεργάζου

272 3629 482 3701 ταύτην
511 3628 784 3682 εἰδωλικὸν
809 3629 1149 3700 χαρακτῆρα,
1179 3628 1252 3700 μὴ
1273 3628 1441 3700 μιμοῦ
1472 3628 1571 3693 τὰς
1597 3629 1694 3700 τὴν
1715 3631 1862 3683 ἑται-

273 3719 438 3792 ρικὴν
459 3719 552 3772 καὶ
592 3718 867 3789 μοιχιαίαν
898 3716 1158 3791 αἰσχύνην
1182 3718 1579 3790 ὑπερχομένας.
1625 3721 1861 3774 Ἐκεῖναι

274 3797 387 3886 γὰρ
408 3812 507 3882 τῆς
536 3810 764 3881 ἀνομίας
795 3810 1087 3881 θυγατέρες
1114 3810 1498 3880 τυγχάνουσαι,
1532 3809 1652 3873 ἔθος
1683 3810 1861 3863 τοιοῦ-

274 3923 371 3960 τον
395 3904 653 3974 πράττειν
689 3902 888 3973 ἔχουσι.
928 3902 1018 3954 Σοὶ
1051 3900 1107 3953 δὲ
1147 3901 1229 3965 τίς
1257 3901 1512 3972 τοιαύτην
1560 3902 1863 3956 ἐνετείλατο

274 3996 378 4065 τὴν
409 3991 951 4064 παραγγελίαν;ἇρα
995 3993 1146 4044 ποῖαι
1185 3992 1402 4063 Γραφαὶ
1436 3992 1794 4063 προφητικαὶ,
1826 3991 1860 4059 ἢ

275 4088 411 4148 ποῖα
433 4083 759 4153 Εύαγγέλια,
792 4085 939 4135 ποῖαι
982 4082 1039 4135 δὲ
1078 4081 1429 4136 ἀποστολικαὶ
1462 4081 1859 4153 παραγγελίαις

292 4175 437 4245 Ἐγὼ
474 4171 612 4240 οἶδα,
657 4176 741 4228 ὅτι
801 4176 858 4228 αἱ
906 4175 1047 4237 θεῖαι
1097 4172 1310 4241 Γραφαὶ
1364 4171 1583 4235 καὶτὰς
1614 4172 1673 4238 ἐξ
1710 4171 1864 4235 ἔθους

276 4268 511 4340 ἐχούσας
576 4265 731 4320 τοῦτο
795 4264 1055 4337 πράττειν
1122 4264 1446 4335 ἀπείργουσι
1507 4261 1603 4315 τοῦ
1668 4262 1863 4333 μηκέτι

277 4361 551 4417 ἐπιτελεῖν
598 4359 698 4423 τὰς
753 4358 1184 4430 εἰδωλομόρφους
1226 4354 1596 4427 ἐξομοιώσεις.
1634 4355 1863 4425 Εἴρηται

1950 532 2100 576 ctorc
2125 520 2276 578 foves
2303 541 2316 577 :
2345 524 2475 593 quid
2510 531 2562 578 te
2603 525 2981 581 circumlinis?
3039 526 3168 595 quid
3221 534 3275 582 te
3310 526 3527 596 pingis?

1949 613 2079 682 quid
2123 613 2316 669 alienis
2363 614 2634 671 coloribus
2662 615 2917 672 inanimis
2947 616 3184 686 speciem
3223 625 3409 684 captas
3454 616 3523 670 si.

1952 704 2224 762 mulacri?
2272 706 2402 775 quid
2459 716 2678 777 torques
2710 707 2892 761 crines
2944 708 3108 763 tuos?
3144 708 3272 778 quid
3321 708 3527 763 cincine

1960 809 2058 849 nos
2089 795 2413 863 adscititios,
2440 796 2723 866 cirrosque
2749 797 2917 867 capiti
2949 797 3181 869 imponis
3225 799 3528 854 alienorum

1951 896 2439 953 ornamentorum,
2494 889 2854 944 animantium
2901 900 3238 944 mortuorum
3282 900 3336 945 et
3387 892 3530 945 irra-

1954 981 2271 1048 tionalium;
2310 982 2511 1052 capite,
2548 982 2762 1049 obtutu,
2803 990 2968 1052 atque
2996 983 3330 1037 cxoticorum
3371 983 3530 1038 indu-

1953 1081 2265 1127 mentorum
2293 1072 2559 1127 varietate
2586 1072 2879 1142 decipiens,
2905 1072 3150 1128 mulcens
3174 1081 3230 1127 et
3259 1072 3531 1129 fasciuans

1954 1165 2168 1221 animos
2230 1166 2546 1220 hominum?
2606 1164 2840 1220 lnfidelis
2884 1166 3085 1220 etenim
3135 1165 3347 1231 mulier,
3395 1167 3531 1221 alias

1955 1264 2119 1325 atque
2166 1255 2302 1310 alias
2339 1255 2609 1310 inanimes
2665 1255 2920 1310 materias
2950 1255 3230 1325 colligens,
3277 1266 3334 1311 et
3379 1257 3530 1312 fuco-

1961 1363 2081 1402 rum
2126 1348 2400 1403 aseiscens
2434 1346 2750 1413 varietates,
2795 1361 2894 1416 per
2936 1347 3256 1417 omnigeuos
3320 1348 3530 1404 colores

1954 1449 2012 1496 et
2068 1438 2346 1509 fuliginem
2374 1445 2431 1492 et
2460 1436 2662 1494 calcem
2694 1447 2749 1492 et
2774 1437 2973 1492 herbas
2998 1436 3139 1510 (quae
3161 1438 3229 1494 ab
3260 1438 3377 1509 ejus
3406 1455 3530 1494 cor-

1954 1548 2086 1605 pore
2123 1542 2385 1588 extranea
2420 1533 2569 1601 sunt)
2597 1531 2761 1587 veluti
2812 1532 3041 1586 bestiam
3068 1533 3365 1600 quamdam
3396 1532 3532 1587 mul-

1955 1623 2227 1681 tiformem
2263 1640 2322 1680 se
2349 1624 2464 1693 ipsa
2498 1623 2684 1682 efﬁcit.
2726 1624 2799 1679 At
2825 1639 2948 1695 qum
2976 1624 3148 1680 fidelis
3190 1633 3276 1680 est
3315 1624 3530 1685 mulier,

1958 1714 2029 1770 ab
2054 1714 2142 1771 his
2170 1713 2359 1784 procul
2393 1728 2519 1769 esse
2547 1715 2728 1779 debet,
2756 1723 2810 1768 et
2841 1715 3078 1769 maxime
3119 1729 3240 1784 qua:
3279 1729 3339 1770 se
3378 1715 3534 1770 Chri-

1957 1806 2192 1862 stianam
2221 1820 2345 1862 esse
2382 1806 2836 1875 proﬁteaturuAn
2873 1806 3040 1861 Deum
3077 1806 3315 1870 incusas,
3347 1822 3380 1861 ο
3417 1823 3534 1861 ωη-

1952 1899 2080 1964 lier,
2113 1900 2257 1969 quod
2293 1907 2345 1953 te
2399 1897 2662 1968 ejusmodi
2717 1896 2945 1952 fecerit?
2986 1896 3198 1955 Patere.
3248 1897 3326 1952 sis
3355 1898 3536 1966 qualis

1953 1997 2137 2044 creata
2192 1986 2364 2057 fuisti.
2396 1984 2542 2041 Nihil
2603 1987 2700 2041 tibi
2750 1987 3201 2042 machinamentis
3245 1987 3531 2044 asciscas:

1954 2088 2131 2144 neque
2154 2072 2298 2129 enim
2325 2072 2627 2144 sapientior
2673 2087 2735 2130 es
2765 2074 3044 2130 conditore
3064 2086 3178 2130 tuo.
3222 2074 3319 2131 Cui
3352 2084 3532 2131 autem

1954 2164 2171 2236 placere
2221 2173 2474 2235 satagens
2525 2165 2716 2221 isthtec
2751 2163 2954 2221 efﬁcis?
2987 2164 3156 2221 Viro?
3188 2174 3245 2219 at
3292 2181 3400 2222 non
3436 2168 3537 2222 ha—

1954 2260 2074 2325 bes,
2101 2267 2161 2313 ut
2199 2259 2418 2328 quidem
2465 2259 2568 2325 ais,
2600 2259 2773 2329 virgo.
2813 2259 2968 2327 Quod
3023 2260 3068 2314 si
3114 2261 3281 2316 etiam
3342 2261 3532 2328 babes,

1955 2353 2231 2421 perpende
2264 2361 2538 2406 versutam
2562 2360 2734 2407 artem
2766 2361 2934 2406 tuam.
2958 2351 3101 2420 Quid
3133 2352 3408 2412 fomitibus
3440 2370 3536 2411 va-

1958 2444 2057 2498 riis
2082 2457 2282 2513 corpus
2321 2443 2625 2507 instruens,
2652 2443 2870 2499 venaris
2906 2445 3118 2500 animas
3148 2446 3424 2502 hominum
3480 2449 3537 2503 in

1956 2535 2363 2605 perditionem?
2400 2534 2507 2589 Aut
2531 2552 2636 2606 qua
2693 2537 2910 2593 ratione
2961 2537 3236 2593 Christum
3284 2538 3539 2595 invocare

1957 2628 2146 2691 audes,
2175 2625 2260 2679 vel
2292 2625 2539 2681 ecclesiae
2566 2626 2737 2682 solum
2764 2627 2976 2683 calcare
3008 2638 3087 2693 tu,
3118 2644 3237 2699 quae
3269 2630 3539 2685 inanima-

1959 2732 2083 2772 rum
2113 2726 2291 2772 statua
2303 2732 2426 2771 rum
2446 2716 2653 2774 formas
2689 2726 2801 2774 toto
2827 2733 3057 2790 corpore
3081 2720 3254 2775 refers
3278 2735 3376 2790 per
3411 2737 3538 2778 cor-

1959 2808 2217 2878 ruptibile
2247 2823 2476 2876 aurum;
2529 2818 2695 2879 atque
2741 2811 2879 2866 adeo
2915 2812 2985 2867 ab
3041 2810 3149 2867 illis
3181 2812 3234 2866 in
3285 2828 3536 2884 pompam

1961 2900 2264 2966 deduceris,
2317 2911 2373 2956 et
2434 2900 2791 2972 plurimorum
2847 2902 3322 2974 iutemperautium
3364 2908 3542 2962 homi-

1962 3006 2092 3047 num
2126 2992 2356 3049 intuitus
2387 2994 2455 3049 ad
2497 3002 2551 3050 te
2605 2995 2836 3066 turpiter
2866 2996 3304 3067 conspiciendam
3345 3013 3541 3070 provo-

1961 3083 2090 3138 cas?

2027 3175 2085 3230 7.
2151 3177 2222 3232 At
2266 3178 2356 3234 cui
2414 3178 2605 3235 isthtec
2660 3179 2970 3250 loquimur?
3040 3182 3278 3237 Animali
3344 3197 3539 3251 nempe

1963 3270 2170 3326 ratione
2201 3270 2396 3337 utenti,
2434 3273 2581 3341 quod
2612 3275 2936 3342 reptantium
2966 3275 3261 3330 draconum
3322 3276 3540 3331 institu-

1962 3369 2074 3415 tum
2111 3378 2224 3431 prae
2251 3378 2313 3419 se
2357 3363 2485 3423 fert.
2527 3364 2638 3421 Nec
2695 3366 2788 3421 tibi
2849 3366 3146 3434 Scriptura:
3190 3369 3538 3435 persuadent,

1962 3467 2138 3522 neque
2185 3455 2429 3525 gehenna
2475 3457 2740 3526 percellit,
2791 3472 2966 3527 neque
3009 3459 3285 3513 hominum
3334 3459 3537 3513 monita

1962 3546 2374 3614 compungunt?
2406 3544 2610 3601 Saltem
2643 3557 2889 3601 naturam
2921 3558 3065 3602 tuam
3092 3563 3361 3604 reverere.
3394 3549 3538 3603 Muta

1966 3643 2247 3703 aspectum
2283 3646 2431 3690 tuum
2465 3650 2482 3690 :
2521 3652 2625 3691 neu
2659 3637 2821 3692 istum
2849 3637 3048 3694 feceris
3078 3639 3205 3693 idoli
3237 3639 3495 3696 indicium
3520 3660 3539 3696 :

1963 3739 2067 3779 neu
2098 3725 2330 3781 imiteris
2353 3742 2472 3795 eas,
2514 3744 2635 3796 qua:
2664 3731 3024 3785 meretriciam
3053 3730 3168 3786 sive
3193 3722 3542 3786 fornicariam

1974 3811 2364 3879 turpitudinem
2399 3815 2743 3883 proﬁtentur.
2782 3816 2886 3872 Illae
2915 3820 3060 3873 enim
3092 3820 3393 3889 iniquitatis
3420 3820 3544 3876 filiae

1965 3916 2087 3956 cum
2120 3902 2255 3969 sint,
2276 3904 2420 3959 ismd
2446 3907 2627 3961 facere
2658 3908 2709 3961 in
2742 3909 2982 3966 moribus
3007 3910 3208 3965 habent
3239 3931 3251 3966 :
3290 3912 3387 3967 tibi
3413 3928 3545 3968 vero

1973 3996 2225 4064 quisnam
2261 3997 2567 4064 hujusmodi
2596 3999 2860 4053 ambitum
2883 4000 3111 4056 detulit?
3153 4003 3282 4069 Quae
3311 4013 3439 4059 sunt
3465 4019 3549 4058 en-

1964 4102 2034 4158 go
2062 4088 2398 4158 prophetica
2424 4087 2742 4160 Scriptura,
2777 4100 2869 4145 aut
2915 4109 3036 4163 qua:
3064 4094 3378 4167 Evangelia,
3427 4112 3548 4166 qua:

1965 4180 2183 4235 demum
2227 4181 2541 4251 apostolicae
2572 4182 3008 4240 obtestationes?
3040 4185 3165 4241 Scio
3190 4203 3311 4257 ego,
3338 4189 3548 4246 divinas

1968 4269 2305 4340 Scripturas,
2367 4270 2487 4325 illas
2520 4271 2684 4325 etiam
2725 4271 2982 4327 mulieres
3037 4287 3159 4343 quze
3211 4275 3314 4330 hoc
3365 4274 3548 4329 facere

1966 4369 2390 4425 consueverunt,
2420 4361 2718 4425 deterrere,
2762 4363 3053 4432 quominus
3078 4365 3254 4420 adhuc
3284 4365 3548 4421 idolorum

282 4454 426 4531 μετά
452 4453 782 4526 παρρησίας,
810 4452 923 4505 ἀλλ’
961 4450 1115 4504 οὐδὲν
1144 4451 1265 4503 κατ’
1299 4450 1453 4512 ἀξίαν
1491 4447 1597 4502 τῶν
1632 4464 1864 4519 πραττο-

1971 4451 2024 4507 ἰη
2067 4451 2537 4507 sesimilitudines
2580 4453 2908 4522 exprimant.
2943 4455 3154 4509 Dictum
3210 4470 3334 4510 cum
3382 4456 3547 4511 liber-

282 4547 484 4629 μένων.

352 4729 407 4784 8.
461 4727 600 4791 Ἀλλ’
625 4727 745 4799 ἐρεῖ
777 4740 893 4788 τις·
939 4722 1218 4791 Σκληρός
1248 4724 1281 4775 ό
1314 4722 1499 4791 ,λόγος
1522 4717 1731 4788 οὗτος’
1774 4724 1868 4789 τίς

277 4823 534 4877 δύναται
574 4817 762 4873 αὑτοῦ
804 4816 1084 4879 ἀκούειν;
1117 4816 1227 4867 Καὶ
1265 4814 1328 4867 τὸ
1370 4814 1720 4884 ὑποκριτικὸν
1771 4817 1867 4869 καὶ

278 4912 684 4983 ἀπεχθέστατον
713 4908 869 4977 γένος
898 4906 1056 4960 τοῦτο
1080 4905 1268 4976 εἴρηκέ
1299 4922 1428 4958 ποτε
1466 4905 1601 4976 πρὸς
1626 4905 1718 4958 τὸν
1748 4908 1862 4960 Σωε

279 5005 429 5077 τῆρα
446 5020 459 5033 ⁸
485 5002 600 5056 ἀλλ’
623 5001 738 5053 ἴστε
773 4998 1029 5061 ἅπαντες,
1066 4997 1186 5050 τίνα
1212 4997 1394 5062 αὐτοῖς
1416 4998 1705 5069 ἀπόκρισιν
1735 4998 1865 5052 ἔδω-

280 5111 399 5148 κεν.
416 5091 602 5154 Οὕτως
630 5090 725 5144 καὶ
751 5087 1004 5143 ἐνταῦθα·
1026 5089 1055 5140 ὁ
1077 5086 1398 5158 βουλόμενος
1424 5087 1861 5142 κατανυσσέσθω.

280 5189 463 5257 Λόγοι
474 5185 585 5256 γὰρ
601 5180 831 5252 σοφῶν,
846 5182 927 5246 ὡς
942 5180 1015 5234 τὰ
1025 5180 1384 5246 βούκεντρα,
1400 5179 1499 5232 καί
1513 5179 1593 5244 ὠς
1608 5174 1744 5249 ἧλοι
1761 5195 1863 5233 πε-

281 5276 644 5348 πυρωμένοι,
671 5274 833 5345 φησὶν
854 5274 887 5344 ἡ
910 5272 1121 5342 Γραφή.
1148 5270 1373 5340 Νομίζω
1387 5269 1672 5335 ἀξιόπιστα
1692 5269 1862 5323 ταῦτα

283 5368 599 5439 τυγχάνειν,
630 5367 680 5418 εί
706 5364 799 5418 καὶ
830 5363 1027 5434 μέτρια
1051 5360 1129 5431 τῷ
1156 5360 1320 5431 λόγῳ,
1341 5359 1478 5430 πρὸς
1506 5361 1605 5429 τὴν
1632 5360 1741 5414 τῶν
1766 5363 1866 5425 τὰς

287 5458 675 5519 συνεισάκτους
702 5454 933 5525 ἐχόντων
970 5454 1184 5524 μανίαν.
1230 5453 1602 5513 Ἀνακοπτέτω
1634 5452 1810 5507 τοίνυν
1838 5457 1866 5508 ὁ

280 5552 445 5621 λόγος
465 5550 555 5603 τὸν
585 5546 951 5630 χρεμετισμὸν
995 5545 1214 5615 χαλινοῦ
1260 5544 1435 5614 δίκην,
1479 5545 1572 5603 καὶ
1605 5546 1684 5631 εἰς
1711 5544 1865 5613 τάξιν

361 5751 410 5788 ⁸⁸
434 5750 590 5812 Ιοιιη.
621 5765 696 5814 vr,
725 5749 814 5804 6i.
892 5747 936 5779 "
973 5744 1153 5802 Ecclc.
1189 5760 1286 5813 xu,
1315 5744 1398 5801 ll.

1972 4553 2083 4598 tate
2141 4552 2263 4610 est;
2334 4544 2471 4599 nihil
2531 4555 2711 4599 tamen
2775 4562 2874 4617 pro
2927 4548 3123 4603 merito
3170 4562 3359 4603 eorum
3428 4566 3550 4620 qua

1970 4635 2125 4693 fiunt.

2038 4728 2095 4781 8.
2133 4726 2204 4781 At
2278 4727 2422 4784 dicet
2480 4729 2747 4799 quispiam
2799 4748 2813 4784 :
2865 4729 3048 4785 Durus
3092 4741 3169 4786 est
3215 4730 3298 4785 hic
3355 4747 3546 4799 sermo,

1968 4818 2086 4888 quis
2109 4826 2274 4885 potest
2305 4835 2423 4872 eum
2455 4821 2643 4874 audire
2676 4820 2763 4872 5°?
2816 4818 2993 4874 Etiam
3044 4820 3275 4890 populus
3318 4821 3408 4877 ille
3453 4823 3550 4891 hy-

1972 4910 2177 4979 pocrita
2217 4911 2725 4984 infensissimusque
2766 4912 2908 4968 istud
2937 4911 3230 4982 aliquando
3259 4911 3396 4967 dixit
3424 4912 3548 4967 Sal-

1971 5002 2175 5057 vatori.
2206 5003 2312 5057 Sed
2340 5004 2514 5059 nostis
2543 5018 2733 5059 omnes
2765 5002 3067 5072 cuiusmodi
3119 5017 3436 5067 responsum
3488 5006 3552 5063 ilo

1970 5093 2039 5149 lis
2068 5093 2302 5148 dederit.
2332 5093 2484 5149 Haud
2533 5094 2691 5150 aliter
2745 5103 2801 5151 et
2837 5095 2956 5162 hic;
3006 5094 3099 5165 qui
3144 5093 3258 5148 vult
3286 5109 3551 5163 compun-

1970 5193 2146 5253 gatur.
2185 5184 2460 5239 Sermones
2513 5187 2651 5239 enim
2710 5186 3005 5256 sapientum
3054 5196 3305 5255 tanquam
3350 5187 3551 5241 stimuli

1974 5275 2149 5340 boum,
2183 5286 2232 5329 et
2270 5286 2519 5342 tanquam
2577 5276 2712 5331 clavi
2748 5276 3028 5330 candentes
3064 5277 3130 5343 ⁸⁷,
3172 5277 3347 5345 inquit
3402 5277 3552 5332 Scri-

1972 5374 2150 5433 ptura.
2212 5363 2464 5419 Arbitror
2521 5366 2657 5420 satis
2711 5366 2825 5419 haec
2864 5364 3047 5422 valere
3082 5380 3260 5435 posse,
3305 5367 3555 5436 quamvis

1976 5454 2233 5509 mediocri
2286 5468 2539 5510 sermone
2596 5457 3011 5526 comprehensa,
3053 5458 3316 5512 adversus
3362 5472 3552 5511 eorum

1972 5545 2282 5616 stultitiam,
2338 5547 2429 5617 qui
2488 5546 2740 5604 mulieres
2810 5548 2867 5604 iu
2920 5548 3277 5607 contubernio
3330 5548 3550 5606 habent.
