3802 6216
281 253 382 317 βὲἔ

1239 256 1581 313 APPENDlX
1618 258 1901 316 OPERUM
1931 259 1990 315 S.
2032 258 2279 314 BASllJI
2311 257 2547 314 MAGNI.

3434 261 3547 319 εει

279 370 525 433 Inhibeat
559 367 724 431 igitur
764 368 940 422 oratio
980 367 1253 422 hinnitum
1302 369 1447 422 hunc
1496 368 1635 424 freni
1682 369 1748 424 ad
1783 368 1865 423 in-

2046 370 2143 422 ἐτω
2175 368 2273 440 τὴν
2295 367 2489 436 ἄλογον
2522 365 2698 439 ὁρμὴν
2727 366 2840 440 (85)
2879 366 2971 421 τοῦ
2993 368 3303 436 γυναικείου
3335 371 3551 443 ῥεύμα-

280 472 424 529 star,
458 470 512 517 et
549 477 603 515 ιιι
630 459 878 516 ordinem
916 468 1073 528 cogat
1102 458 1422 513 iufrunitum
1463 460 1721 529 impetum
1767 475 1860 515 eo-

281 568 426 621 rum,
455 554 548 623 qui
576 569 607 608 a
640 551 893 608 muliebri
925 560 1060 607 testu
1122 550 1336 620 longius
1371 552 1733 621 abripiuntur.
1767 551 1862 606 Ti-

284 660 405 699 mor
437 646 749 715 propositus
780 654 866 700 est
889 653 945 699 et
988 654 1212 706 tremor,
1243 652 1298 699 et
1328 643 1468 715 ignis
1508 643 1720 698 stridet.
1765 644 1864 699 Ne-

282 749 373 792 mo
408 744 721 791 contemnat
754 754 772 791 :
818 736 1031 793 tametsi
1083 736 1227 791 enim
1285 737 1408 806 quis
1460 736 1609 791 ferus
1647 738 1737 803 sit,
1793 739 1861 793 ab

282 826 410 895 igne
446 829 777 893 domabitur,
813 828 1029 883 tametsi
1065 838 1301 883 mentem
1341 829 1464 905 quis
1489 830 1740 886 draconis
1768 828 1862 888 ba-

279 922 430 984 beat,
469 929 706 975 tartarus
738 931 1074 990 praeparatus
1124 928 1255 974 est:
1304 921 1519 973 tametsi
1570 920 1862 976 Sodomiti-

280 1027 403 1066 cum
431 1024 526 1064 cor
569 1021 743 1079 gerat,
795 1010 934 1079 ignis
968 1008 1186 1064 coalitus
1219 1008 1376 1077 pluit.
1407 1006 1543 1066 Coeli
1566 1007 1712 1063 enim
1743 1007 1863 1060 uni-

281 1103 425 1156 versi
463 1103 616 1171 quasi
668 1103 793 1171 igne
828 1100 1137 1170 locupletati
1177 1109 1323 1155 sunt.
1379 1098 1546 1154 Nemo
1587 1097 1862 1167 loquentis

282 1194 762 1249 vocetuobaudiro
794 1194 1083 1255 detrectet,
1121 1192 1215 1245 sed
1243 1190 1373 1260 quid
1404 1189 1631 1245 terroris
1665 1189 1864 1244 habeat

278 1286 364 1340 vis
402 1299 711 1340 sermonum
746 1284 1069 1350 consideret,
1133 1283 1338 1350 Deique
1371 1281 1632 1351 judicium
1661 1279 1765 1334 sibi
1793 1281 1863 1335 ob

278 1377 469 1429 oculos
500 1385 664 1445 ponat
691 1393 707 1428 :
741 1375 1015 1431 Iudicium
1045 1376 1233 1444 quippe
1262 1374 1375 1431 sine
1407 1374 1790 1439 misericordia,
1814 1373 1863 1431 ei

281 1468 371 1535 qui
411 1483 514 1520 non
547 1466 667 1535 fecit
718 1465 1132 1520 misericordiam
1166 1465 1233 1529 ⁸³,

353 1560 408 1613 9.
446 1558 600 1612 Nunc
665 1566 881 1628 tempus
929 1567 1016 1613 est
1058 1557 1216 1618 mihi,
1267 1564 1330 1610 ut
1381 1565 1438 1611 et
1484 1554 1746 1611 nonnulla
1796 1553 1863 1609 ad

285 1661 383 1699 vos
414 1648 578 1701 verba
610 1644 827 1704 faciam.
860 1661 895 1701 ο
935 1648 1061 1710 viri,
1090 1647 1180 1715 qui
1209 1645 1437 1700 fratrum
1474 1645 1678 1699 inimici
1708 1644 1860 1709 estis,

1959 476 2051 523 τος
2101 458 2592 529 παρασυρομένων.
2641 456 2808 521 Φόϐος
2858 457 3146 528 πρόκειται
3188 457 3283 511 καὶ
3320 460 3547 530 τρόμος,

1961 548 2057 609 καὶ
2088 548 2147 602 rb
2182 548 2292 630 πῦρ
2325 550 2544 619 ἀπηχεί.
2585 548 2792 618 Μηδεὶς
2825 548 3253 620 καταφρονείτω.
3281 551 3404 604 Κᾶν
3434 552 3549 624 γάρ

1959 659 2045 704 τις
2097 640 2368 714 θηριώδης
2419 640 2684 712 τυγχάνῃ,
2736 640 2841 694 ὑπὸ
2894 641 3066 711 πυρὸς
3102 641 3546 714 δαμασθήσεται·

1962 734 2066 789 κᾶν
2103 735 2212 805 γάρ
2239 751 2324 797 τις
2347 732 2723 811 δρακοντώδης
2768 733 2867 804 τὴν
2905 732 3241 805 προαίρεσιν,
3274 734 3550 805 τάρταρος

1962 825 2317 897 ἡτοίμασται·
2354 825 2457 878 κᾶν
2478 824 2828 894 Σοδομιτικὴν
2859 824 3088 895 καρδίαν
3117 826 3411 899 περιφέρῃ,
3433 826 3550 898 πῦρ

1962 918 2055 970 ἀπ’
2075 917 2305 987 ούρανοῦ
2346 915 2557 989 βρέχει·
2588 916 2698 968 ὅλοι
2724 914 2835 987 γὰρ
2873 917 2921 969 οἱ
2950 917 3168 988 οὐρανοὶ
3223 918 3356 988 πυρὶ
3384 916 3551 987 τεθηο

1964 1008 2337 1079 σαυρισμένοι.
2381 1007 2586 1077 Μηδεὶς
2629 1007 2728 1077 τῆς
2767 1006 2862 1060 τοῦ
2896 1007 3145 1075 λέγοντος
3175 1008 3363 1077 φωνῆς
3402 1024 3552 1080 παρ-

1963 1099 2226 1162 ακουὲτω,
2254 1098 2390 1161 ἀλλά
2418 1100 2519 1170 τῆς
2542 1098 2652 1153 τῶν
2679 1098 2855 1168 λόγων
2888 1099 3171 1169 δυνάμεως
3196 1080 3466 1153 σκοπείτω
3484 1098 3554 1152 rb

1964 1190 2216 1261 φοϐερὸν,
2257 1193 2352 1244 καὶ
2397 1189 2495 1260 τὴν
2548 1190 2640 1243 τοῦ
2695 1190 2831 1243 Θεοῦ
2878 1190 3059 1262 κρίσιν
3096 1189 3202 1260 πρὸ
3250 1189 3551 1261 ὀφθαλμῶν

1962 1281 2171 1352 ἐχέτω·
2213 1282 2309 1348 Ὡς
2339 1282 2588 1347 ἀνέλεος
2633 1282 2671 1351 ἠ
2720 1281 2920 1361 κρίσις
2967 1279 3048 1351 τῷ
3085 1279 3173 1353 μὴ
3224 1282 3553 1349 ποιήσαντι

1961 1371 2159 1429 ἔλεον.

2033 1571 2089 1626 9.
2129 1568 2329 1623 Λοιπὸν
2360 1569 2416 1623 δέ
2443 1586 2533 1641 μοι
2566 1569 2757 1639 καιρὸς
2782 1570 2876 1623 καὶ
2910 1568 3047 1641 πρὸς
3068 1568 3212 1639 ὑμᾶς
3249 1568 3447 1639 μέτρια
3475 1568 3556 1622 εί-

1966 1662 2110 1719 πεῖν.
2149 1655 2193 1712 ὦ
2224 1659 2523 1731 ἄνθρωποι,
2565 1662 2613 1714 οἱ
2652 1660 2760 1713 τῶν
2791 1659 3035 1729 ἀδελφῶν
3073 1654 3281 1730 ἐχθροὶ,
3315 1659 3410 1712 καὶ
3441 1659 3555 1710 τῶν

283 1748 340 1797 at
368 1739 653 1793 mulierum
692 1739 890 1805 amici;
935 1740 1026 1810 qui
1071 1739 1125 1793 in
1177 1737 1506 1793 feculentum
1538 1737 1863 1793 feminarum

2046 1753 2239 1806 ναικῶν
2265 1752 2427 1822 φίλοι,
2464 1754 2514 1804 οἱ
2538 1753 2618 1814 εἰς
2640 1751 2739 1822 τὴν
2762 1751 2871 1805 τῶν
2904 1750 3176 1820 γυναικῶν
3205 1749 3435 1820 θολεράν
3464 1766 3557 1818 cpt-

284 1845 525 1886 amorem
541 1831 958 1895 excandescitis,
985 1839 1041 1886 et
1063 1832 1116 1886 in
1142 1845 1330 1901 puram
1357 1827 1584 1883 fratrum
1611 1829 1855 1883 charita—

286 1932 393 1982 tem
445 1923 662 1990 penitus
721 1921 1036 1994 refrixistis.
1097 1922 1167 1977 At
1215 1923 1403 1985 dices,
1450 1924 1594 1990 quod
1643 1930 1863 1990 propter

283 2014 562 2068 Christum
613 2016 716 2069 hoc
763 2014 958 2078 facias,
995 2028 1182 2068 curam
1222 2027 1414 2084 gerens
1466 2012 1664 2066 inﬁrmi
1693 2013 1859 2073 vasis,

283 2104 380 2160 Nm
417 2107 556 2159 istud
575 2105 721 2160 novi.
752 2105 865 2160 Cur
899 2118 1031 2175 ergo
1063 2102 1217 2157 fratri
1252 2112 1345 2157 tuo
1383 2103 1607 2173 pauperi
1645 2110 1865 2172 propter

283 2196 560 2259 Christum
595 2197 735 2251 idem
787 2211 894 2250 non
942 2203 1201 2265 pastas;
1226 2194 1354 2262 quin
1387 2194 1494 2255 imo
1516 2192 1728 2247 fratres
1763 2205 1863 2247 ceu

284 2290 474 2352 hostes
526 2288 752 2342 insidias
789 2295 1064 2345 struentes
1121 2284 1371 2356 respicis,
1403 2293 1460 2338 et
1512 2298 1633 2353 quae
1677 2296 1863 2337 revera

285 2382 514 2447 insidias
544 2390 783 2443 struunt,
807 2388 1067 2449 tanquam
1093 2377 1350 2432 sorores?
1385 2374 1490 2430 Sed
1514 2375 1661 2429 dices
1681 2374 1811 2428 mihi
1847 2390 1861 2427 :

287 2473 393 2543 Qui
446 2487 669 2542 possum
697 2472 917 2524 fratrem
944 2483 1153 2523 mecum
1185 2465 1505 2521 assumere?
1542 2464 1630 2518 illa
1679 2478 1766 2519 me
1793 2462 1867 2519 fo-

285 2566 482 2629 vebat;
518 2563 607 2617 illa
635 2561 768 2616 mihi
819 2560 1229 2623 blandiebatur;
1280 2557 1367 2610 illa
1406 2555 1541 2611 mihi
1569 2564 1749 2610 vestes
1773 2569 1867 2608 va-

286 2658 398 2724 rius
428 2657 611 2729 686v
627 2653 999 2725 praeparabat;
1031 2650 1329 2720 placentas,
1353 2649 1650 2714 scriblitas,
1676 2646 1866 2703 oll‘ulas

289 2750 568 2813 faciebat:
626 2747 770 2800 illius
806 2759 910 2799 vox
960 2743 1222 2812 jucunda,
1277 2752 1335 2798 et
1385 2741 1614 2796 intuitus
1666 2737 1863 2794 mollis.

290 2838 479 2903 Nescis
509 2836 639 2906 quid
677 2837 903 2906 cegites.
951 2833 1341 2889 lnsanientium
1374 2833 1493 2886 btec
1529 2838 1656 2885 sunt
1677 2829 1862 2884 verba.

289 2928 437 2996 Illius
468 2928 644 2984 dulcia
674 2926 838 2981 verba
873 2939 999 2988 mox
1030 2924 1157 2980 felle
1210 2923 1481 2978 amariora
1518 2920 1867 2977 invenientur

291 3023 429 3090 tibi;
475 3021 619 3075 illius
668 3020 843 3073 mollis
897 3029 1149 3089 aspectus
1223 3016 1275 3071 iu
1326 3015 1514 3072 tartari
1551 3014 1788 3068 claustra
1816 3022 1869 3068 te

1966 1842 2085 1897 λίαν
2138 1843 2371 1907 ζέοντες,
2404 1844 2496 1897 καὶ
2560 1844 2642 1906 είς
2687 1842 2787 1913 τὴν
2852 1841 3098 1912 καθαρὰν
3149 1839 3257 1893 τῶν
3292 1839 3556 1909 ,ἀδελφῶν

1969 1934 2190 2004 ἀγάπην
2242 1933 2592 2003 ψυχρότατοι.
2659 1932 2801 1986 Ἀλλ’
2850 1934 3018 2004 ἐρεῖς,
3063 1933 3146 1985 ὅτι
3188 1930 3278 1985 διὰ
3316 1931 3557 2003 Χριστὸν

1968 2023 2099 2081 αὐτὸ
2125 2023 2386 2094 πράττεις
2428 2024 2826 2095 προνοούμενος
2877 2023 2973 2076 τοῦ
3011 2021 3270 2086 ἀσθενοῦς
3298 2024 3554 2087 σκεύους,

1966 2108 2074 2169 Ναὶ
2100 2106 2236 2163 οἴδα.
2285 2109 2383 2163 Διά
2412 2109 2467 2163 τί
2504 2110 2682 2164 τοίνυν
2712 2113 2809 2164 καὶ
2839 2110 2918 2181 τῷ
2955 2111 3168 2181 ἀδελφῷ
3200 2128 3294 2164 σου
3341 2112 3420 2183 τῷ
3464 2112 3557 2173 διὰ

1966 2201 2200 2272 Χριστὸν
2223 2202 2503 2273 πενομένῳ
2528 2202 2585 2255 τὸ
2613 2202 2744 2256 αὐτὸ
2776 2203 2835 2256 οὐ
2867 2206 3062 2267 ποιεῖς,
3090 2203 3228 2257 ἀλλά
3254 2205 3381 2268 τοὺς
3400 2204 3560 2258 ἀδελ-κ

1970 2296 2101 2364 φοὺς
2144 2293 2220 2358 ὡς
2262 2294 2581 2359 ἐπιϐούλους
2634 2296 2785 2366 ὁρᾷς,
2831 2294 2933 2359 τὰς
2978 2294 3034 2347 δὲ
3073 2294 3415 2363 ἐπιϐούλους,
3477 2295 3557 2360 ὡς

1969 2386 2232 2455 ἀδελφάς;
2275 2386 2414 2440 Ἀλλ’
2447 2389 2592 2458 ἐρεῖς
2627 2404 2716 2456 μοι
2739 2407 2752 2420 ο
2787 2387 2911 2449 Πῶς
2940 2385 3173 2456 δύναμαι
3203 2387 3294 2440 τὸν
3325 2387 3559 2456 ἀδελφὺν

1972 2480 2087 2547 μετ’
2136 2477 2372 2548 ἐμαυτοῦ
2430 2477 2864 2549 προσλαϐέσθαι;
2908 2478 3092 2549 ἐκείνη
3156 2495 3222 2548 με
3282 2477 3552 2532 ἐθαλπεν·

1972 2567 2151 2639 ἐκείνη
2201 2584 2266 2638 με
2310 2567 2674 2621 ἐκολάκευεν·
2725 2567 2907 2640 ἐκείνη
2961 2585 3049 2639 μοι
3105 2568 3297 2639 ἱμάτια
3332 2569 3558 2634 ποικίλα

1970 2658 2361 2725 κατεσκεύαζε,
2407 2659 2623 2729 θρυπτὰ
2670 2661 2764 2714 καὶ
2820 2661 3121 2731 στρεπτοὺς
3174 2661 3270 2713 καὶ
3316 2660 3559 2732 νεήλατα

1970 2748 2171 2802 ἐποίει·
2198 2750 2413 2821 ἐκείνης
2449 2753 2482 2821 ἡ
2510 2752 2661 2821 φωνὴ
2695 2751 2868 2821 ἡδεῖα,
2898 2751 3071 2804 καὶτὸ
3106 2750 3324 2822 βλέμμα
3351 2769 3559 2824 τρυφε-

1973 2839 2085 2911 ρόν.
2118 2839 2233 2891 Οὐκ
2263 2834 2411 2903 οἶδας
2437 2839 2490 2892 τί
2530 2842 2765 2910 φρονεῖς.
2792 2838 2975 2892 Ταῦτα
3006 2837 3461 2903 ἐνθουσιαζόντων
3486 2838 3560 2901 τὰ

1974 2931 2214 3001 ῥήματα.
2245 2930 2489 2999 Ἐκείνης
2519 2932 2588 2984 τὰ
2614 2931 2850 3003 γλυκερά
2880 2933 3101 3004 ῥήματα
3124 2930 3350 3002 ὕστερον
3372 2930 3566 3001 πικρό-

1970 3036 2108 3091 τερα
2148 3020 2309 3092 χολῆς
2344 3020 2702 3092 εύρεθήσεταί
2755 3038 2870 3075 σοι·
2917 3024 3134 3093 ἐκείνης
3179 3022 3240 3075 rb
3281 3023 3565 3093 τρυφερὸν

289 3114 596 3181 curitrudit;
651 3120 708 3164 at
745 3111 967 3164 fratrum
1002 3123 1157 3165 amor
1186 3121 1409 3176 regnum
1464 3105 1558 3160 tibi
1594 3113 1870 3173 comparat

2046 3113 2195 3183 ἐμμα
2233 3115 2313 3176 εἰς
2361 3113 2632 3184 ταρτάρου
2676 3131 2733 3166 σε
2765 3114 2993 3186 κλεῖθρα
3024 3115 3279 3184 κατάγει·
3313 3115 3346 3186 ἡ
3376 3115 3434 3167 δὲ
3461 3114 3566 3177 τοῦ

289 3207 570 3269 prelorum.
598 3206 734 3271 Quid
761 3205 1016 3275 clypeate
1066 3201 1349 3257 testudinis
1381 3199 1660 3255 subdolam
1692 3197 1875 3253 chari,

294 3308 459 3363 tatem
483 3297 718 3354 antefers
770 3297 954 3350 fratris
972 3295 1219 3365 genuina:
1238 3293 1525 3349 charitati?
1543 3290 1704 3358 Quid,
1731 3290 1874 3360 quod

295 3392 497 3465 perdit,
526 3389 779 3451 sectaris,
811 3388 954 3457 quod
990 3386 1219 3440 salutem
1248 3382 1425 3446 aﬂ'ert,
1490 3382 1775 3450 rejiciens?
1816 3380 1873 3435 Si

293 3484 438 3547 enim
490 3483 591 3535 viri
655 3480 910 3535 Ninivitm
965 3477 1057 3546 qui
1103 3476 1165 3530 ad
1221 3476 1496 3545 prophetae
1538 3472 1876 3543 pmdicatio-

298 3591 421 3631 nem
453 3574 824 3632 crediderunt.
864 3578 1149 3640 surgentes
1187 3570 1240 3621 in
1287 3565 1493 3634 judicio
1540 3564 1875 3619 condemna-

297 3667 432 3727 bunt
464 3681 579 3725 eos.
611 3666 702 3736 qui
734 3663 915 3719 verbis
959 3660 1170 3717 Domini
1204 3660 1373 3713 nostri
1404 3656 1529 3714 Jesu
1564 3656 1767 3712 Christi
1797 3655 1879 3711 di-

292 3765 386 3815 cto
434 3757 716 3811 audientes
757 3768 880 3809 esse
923 3751 1230 3815 noluerunt,
1270 3748 1494 3804 omnino
1533 3747 1703 3803 etiam
1746 3759 1869 3815 gen-

296 3850 430 3904 tium
470 3848 766 3918 sapientes,
796 3846 888 3917 qui
921 3842 1274 3912 philosophiae
1323 3846 1594 3892 navarunt
1630 3851 1873 3907 operam,

296 3950 353 3994 et
384 3939 834 3995 mulierositatem
866 3934 1096 3991 aversati
1128 3939 1273 3994 sunt,
1308 3930 1747 3985 condemnabunt
1783 3940 1878 3982 eos

292 4034 396 4101 qui
430 4033 482 4086 in
516 4046 642 4086 vera
683 4027 1022 4100 philosophia
1051 4034 1362 4087 versantur,
1401 4030 1458 4077 et
1506 4035 1628 4076 eum
1682 4020 1880 4075 intent-

304 4122 620 4194 perantibus
663 4118 995 4175 mulierculis
1030 4118 1237 4186 seipsos
1290 4112 1589 4183 implicant,
1620 4111 1877 4182 quoniam

299 4214 376 4269 illi
407 4226 506 4281 per
529 4208 942 4282 grammaticam
987 4208 1269 4262 scientiam
1316 4212 1372 4258 et
1419 4203 1743 4257 rhetoricam
1798 4199 1879 4252 fa-

298 4298 557 4355 tultalem
592 4300 735 4365 (qua
765 4294 993 4350 stultitia
1042 4302 1125 4350 est
1169 4292 1310 4361 apud
1359 4291 1549 4360 Deum)
1598 4290 1877 4344 continen-

300 4390 429 4446 tiam
467 4388 659 4444 sectati
690 4396 837 4451 sunt,
860 4385 1073 4440 tametsi
1105 4382 1357 4438 inanibus
1405 4378 1562 4436 idolis
1587 4380 1873 4437 servirent.

303 4482 411 4541 Sed
439 4489 495 4535 et
515 4480 590 4536 illi
629 4479 721 4548 qui
758 4479 810 4532 in
862 4475 1105 4531 stultitiae
1133 4475 1311 4529 stadio
1338 4480 1588 4535 currunt,
1615 4486 1643 4524 a
1688 4485 1750 4524 re
1776 4470 1877 4524 hu-

298 4573 533 4652 jusmodi
566 4576 888 4641 temperant,
926 4584 996 4624 ne
1037 4568 1396 4638 respicientes
1433 4565 1651 4634 quidem
1684 4564 1877 4618 mulie-

302 4682 441 4727 rem,
484 4663 852 4732 corruptibilis
906 4660 1110 4731 prwmii
1159 4659 1356 4730 gratia.
1416 4657 1528 4712 Vos
1567 4664 1746 4711 autem
1788 4654 1879 4724 qui

302 4757 558 4826 mysteria
589 4770 769 4810 rerum
788 4752 1090 4809 etnlestium
1113 4751 1416 4814 noscitatis,
1438 4758 1493 4804 et
1518 4747 1679 4803 futuri
1698 4746 1879 4804 saeculi

304 4849 586 4911 horribilia
614 4847 874 4917 supplicia
898 4844 1262 4917 prmudistis,
1305 4845 1648 4898 honestatem
1684 4854 1887 4910 nequa.

272 4966 279 4973 -
304 4959 466 5010 quam
485 4943 763 5006 servastis,
786 4956 890 4996 nec
921 4937 1310 4996 continentiam
1346 4935 1682 4998 custodistis,
1720 4932 1882 4988 stulta

308 5035 515 5091 ratione
546 5033 777 5101 abrepti,
800 5029 1263 5087 contubernalium
1288 5026 1544 5082 videlicet
1569 5025 1881 5081 sodalitate.

378 5125 465 5179 10.
498 5124 565 5178 Ει
600 5138 832 5194 quonam
854 5131 1015 5193 pacto
1045 5120 1245 5193 poterit
1274 5121 1401 5190 quis
1432 5133 1497 5173 ex
1527 5119 1674 5177 vobis
1703 5116 1888 5172 Eccle-

309 5217 406 5275 sia-
467 5216 884 5270 sollicitudinem
938 5227 1149 5284 gerem,
1204 5222 1260 5268 et
1292 5210 1597 5266 imbuendis
1643 5209 1886 5263 doctrina

310 5305 589 5373 religionis
652 5305 963 5360 hominibus
1034 5313 1220 5374 aptum
1292 5302 1347 5357 in
1399 5301 1630 5357 ecclesia
1691 5298 1891 5354 habere

308 5412 637 5462 sermonem,
669 5412 790 5451 cum
827 5396 941 5465 ipse
987 5395 1044 5449 in
1081 5403 1420 5449 antecessum
1454 5391 1729 5462 propriam
1779 5404 1887 5444 non

305 5490 623 5558 espnrgarit
661 5486 1092 5567 conscientiam?
1129 5485 1212 5542 Ad
1259 5497 1420 5554 quem
1462 5482 1661 5538 merito
1690 5481 1893 5537 dixerit

376 5601 425 5636 ⁸⁸
449 5599 561 5654 Jac.
588 5616 647 5663 tt,
676 5603 763 5655 l3.

377 5719 491 5787 ωδ)
534 5720 730 5779 Dccsse
761 5719 971 5781 videtur
1001 5721 1110 5781 τῶν
1142 5718 1267 5781 ὑπό.
1301 5718 1453 5784 Εοιτ,

1976 3203 2205 3273 ἀδελφοῦ
2251 3205 2437 3276 ἀγάπη
2483 3205 2759 3275 βασιλείαν
2790 3206 3034 3277 οὐρανῶν
3066 3224 3148 3260 σοι
3184 3205 3453 3278 προξενεῖ.
3494 3205 3564 3269 Τί

1973 3291 2073 3363 τὴν
2114 3294 2215 3364 τῆς
2258 3295 2694 3367 ἀσπιδοχελώνης
2747 3294 2981 3350 ὕπουλον
3028 3297 3247 3367 ἀγάπην
3285 3298 3566 3368 προτιμᾷς

1975 3384 2074 3454 τῆς
2105 3386 2196 3438 τοῦ
2217 3387 2447 3454 ἀδελφοῦ
2465 3388 2694 3457 γνησίας
2723 3388 2975 3459 ἀγάπης;
3000 3390 3055 3441 τί
3086 3388 3147 3441 rb
3174 3388 3405 3442 ἀπόλλον
3438 3389 3569 3443 διώ-ν

1976 3493 2115 3541 κεις,
2155 3477 2216 3530 rb
2266 3478 2436 3541 σῶζον
2467 3479 2887 3552 ἀπωθούμενος;
2922 3482 2981 3533 Εἰ
3004 3480 3112 3552 γὰρ
3138 3480 3330 3553 ἄνδρες
3348 3480 3571 3535 Νινευῗτ

1974 3582 2065 3621 ται
2095 3571 2144 3622 ei
2184 3569 2277 3622 ἐπὶ
2308 3570 2383 3640 τῷ
2414 3571 2508 3624 τοῦ
2552 3572 2835 3642 προφήτου
2874 3573 3187 3644 κηρύγματι
3237 3573 3573 3627 πιστεύσαντ

1975 3660 2451 3727 τες,’ἀναστάντες
2477 3664 2534 3715 ἐν
2562 3665 2628 3734 τῇ
2659 3664 2835 3733 κρίσει
2854 3665 3240 3736 κατακρινοῦσι
3262 3667 3385 3730 τοὺς
3422 3684 3573 3737 παρ-ι

1977 3755 2318 3819 ακούσαντας
2355 3754 2464 3807 τῶν
2497 3754 2592 3808 τοῦ
2625 3757 2833 3827 Κυρίου
2880 3756 3037 3828 ἡμῶν
3107 3755 3280 3828 Ἰησοῦ
3322 3759 3569 3830 Χριστοῦ

1980 3844 2262 3917 ῥημάτων,
2314 3846 2534 3910 πάντως
2564 3864 2667 3899 που
2707 3847 2800 3901 καὶ
2840 3849 2889 3901 οἱ
2932 3848 3041 3901 τῶν
3085 3848 3350 3920 Ἑλλήνων
3381 3849 3566 3917 σοφοὶ,

1975 3938 2024 3988 οἱ
2067 3937 2165 4006 τὴν
2205 3936 2523 4007 φιλοσοφίαν
2556 3939 2913 4010 ἀσκήσαντες,
2950 3939 3044 3993 καὶ
3089 3939 3186 4010 τὴν
3244 3940 3569 4011 μισογυνίαν

1978 4023 2244 4097 ἑλόμενοι,
2273 4027 2659 4099 κατακρινοῦσι
2694 4029 2819 4092 τοὺς
2849 4031 2906 4082 ἐν
2931 4033 2995 4100 τῇ
3027 4028 3253 4100 ἀληθινῇ
3296 4030 3459 4101 σοφίᾳ
3482 4031 3571 4083 δνῆ

1976 4133 2095 4180 τας,
2142 4118 2237 4172 καὶ
2284 4119 2807 4190 συαπεπλεγμένους
2868 4120 3241 4193 γυναικαρίοις
3287 4120 3565 4185 ἀσώτοις·

1976 4208 2058 4262 ὅτι
2082 4210 2276 4263 ἐκεῖνοι
2302 4209 2390 4268 διὰ
2416 4211 2808 4284 γραμματικὴν
2831 4212 3122 4283 ἐμπειρίαν
3146 4212 3240 4266 καὶ
3267 4212 3571 4284 ῥητορικὴν

1976 4301 2277 4370 δεινότητα,
2304 4303 2423 4373 ἥτις
2457 4304 2635 4373 μωρία
2683 4303 2834 4374 παρὰ
2875 4303 2953 4374 τῷ
2996 4302 3114 4373 Θεῷ
3156 4304 3324 4367 ἐστιν,
3357 4303 3570 4373 ἐγκρά-

1980 4408 2128 4445 τειαν
2160 4393 2429 4463 ἤσκησαν,
2470 4394 2671 4463 καίπερ
2723 4392 2962 4457 εἰδώλοις
3001 4393 3231 4465 ἀψύχοις
3277 4392 3571 4464 λατρεύονιι

1982 4499 2089 4547 τες.
2137 4482 2296 4535 Ἀλλά
2325 4484 2419 4539 καὶ
2447 4485 2494 4537 οἱ
2513 4486 2570 4539 ἐν
2597 4484 2671 4559 τῷ
2693 4485 2791 4554 τῆς
2820 4484 3015 4555 μανίας
3042 4484 3237 4554 σταδίῳ
3256 4484 3566 4555 τρέχοντες,

1986 4573 2388 4645 καταφρονοῦσι
2425 4575 2516 4633 τοῦ
2558 4576 2904 4651 πράγματος,
2957 4575 3093 4645 μηδὲ
3124 4574 3184 4627 rb
3223 4574 3439 4628 σύνολον
3481 4576 3569 4638 είς

1985 4665 2216 4730 γυναῖκα
2248 4662 2630 4734 ἐμϐλέποντες,
2667 4664 2760 4727 τοῦ
2798 4664 3038 4736 φθαρτοῦ
3084 4663 3336 4735 βραϐείου
3366 4664 3563 4734 χάριν·

1984 4753 2143 4824 ὑμεῖς
2185 4753 2244 4807 δὲ
2290 4754 2361 4812 τὰ
2406 4757 2677 4826 μυστήρια
2717 4755 2825 4808 τῶν
2864 4756 3199 4828 ἐπουρανίων
3222 4755 3569 4827 πραγμάτων

1984 4844 2316 4913 ἐπιγνόντες,
2351 4846 2445 4898 καὶ
2476 4845 2544 4899 τὰ
2569 4846 2660 4899 τοῦ
2693 4845 2976 4917 μέλλοντος
3008 4846 3202 4909 αἰῶνος
3226 4844 3427 4915 φοϐερὰ
3450 4861 3571 4914 κρι-

1985 4936 2149 5005 τήρια
2174 4939 2629 5006 προακούσαντες,
2655 4939 2753 5009 τὴν
2787 4937 3138 5010 σωφροσύνην
3172 4938 3271 4990 οὐκ
3304 4935 3570 5008 ἐτηρήσαο

1985 5044 2070 5090 τε,
2095 5027 2215 5081 οὐδὲ
2245 5029 2340 5099 τήν
2367 5030 2691 5099 ἐγκράτειαν
2722 5029 3048 5100 ἐφυλάξατε,
3086 5027 3298 5099 ματαίῳ
3319 5027 3569 5099 λογισμῷ

1991 5119 2321 5190 ὑπαχθέντες
2350 5124 2416 5191 τῇ
2440 5122 2549 5175 τῶν
2579 5124 2900 5194 ὁμοσκήνων
2925 5120 3193 5192 ἑταιρείᾳ.

2059 5210 2146 5265 10.
2182 5212 2293 5264 Καὶ
2341 5212 2455 5276 πῶς
2489 5229 2573 5276 τις
2610 5212 2670 5276 ἐξ
2711 5213 2865 5283 ὑμῶν
2904 5211 3191 5282 δυνήσεται
3241 5207 3569 5278 Ἑκκλησίας

1989 5302 2412 5373 προνοήσασθαι,
2473 5305 2567 5358 καὶ
2617 5304 2709 5357 τὸν
2764 5305 2893 5375 περὶ
2925 5303 3282 5373 κατηχήσεως
3319 5299 3475 5367 λόγον
3505 5300 3567 5352 ἐν

1990 5390 2255 5463 ἐκκλησίᾳ
2281 5393 2535 5464 λαλῆσαι,
2564 5393 2730 5456 αὐτὸς
2771 5393 2845 5464 μὴ
2872 5390 3285 5462 προκαθαρίσας
3307 5387 3404 5441 τὴν
3434 5387 3568 5440 ἐαυ-

1988 5490 2083 5538 τυο
2150 5482 2486 5563 συνείδησινς
2552 5483 2694 5566 Πρὸς
2741 5483 2800 5541 ὃν
2856 5482 2922 5543 ἄν
2971 5498 3055 5553 τις
3103 5480 3341 5557 εὐλόγως
3386 5478 3568 5543 εἴτ’ἐκ*
