  <div class='ocr_page' id='page_1' title='image "/cluster/home/n/w/nwhite01/storage/ocr_20150623/30/nnc1.0046978810/434.png"; bbox 0 0 3802 6216; ppageno 0'>
   <div class='ocr_carea' id='block_1_1' title="bbox 130 274 237 334">
    <p class='ocr_par' dir='ltr' id='par_1_1' title="bbox 130 274 237 334">
     <span class='ocr_line' id='line_1_1' title="bbox 130 274 237 334; baseline -0.047 0"><span class='ocrx_word' id='word_1_1' title='bbox 130 274 237 334; x_wconf 74' lang='lat'><strong>825</strong></span> 
     </span>
    </p>
   </div>
   <div class='ocr_carea' id='block_1_2' title="bbox 1224 277 2307 339">
    <p class='ocr_par' dir='ltr' id='par_1_2' title="bbox 1224 277 2307 339">
     <span class='ocr_line' id='line_1_2' title="bbox 1224 277 2307 339; baseline 0.004 -4"><span class='ocrx_word' id='word_1_2' title='bbox 1224 280 1457 338; x_wconf 70' lang='lat' dir='ltr'><strong>SERMO</strong></span> <span class='ocrx_word' id='word_1_3' title='bbox 1496 279 1583 336; x_wconf 86' lang='lat' dir='ltr'><strong>DE</strong></span> <span class='ocrx_word' id='word_1_4' title='bbox 1614 277 2307 339; x_wconf 73' lang='lat' dir='ltr'><strong>CONTUBERNALIBUS.</strong></span> 
     </span>
    </p>
   </div>
   <div class='ocr_carea' id='block_1_3' title="bbox 3296 289 3404 348">
    <p class='ocr_par' dir='ltr' id='par_1_3' title="bbox 3296 289 3404 348">
     <span class='ocr_line' id='line_1_3' title="bbox 3296 289 3404 348; baseline 0.019 -2"><span class='ocrx_word' id='word_1_5' title='bbox 3296 289 3404 348; x_wconf 73' lang='lat'><strong>828</strong></span> 
     </span>
    </p>
   </div>
   <div class='ocr_carea' id='block_1_4' title="bbox 142 391 1733 468">
    <p class='ocr_par' dir='ltr' id='par_1_4' title="bbox 142 391 1733 463">
     <span class='ocr_line' id='line_1_4' title="bbox 142 391 1733 463; baseline 0.005 -18"><span class='ocrx_word' id='word_1_6' title='bbox 142 391 475 458; x_wconf 66' lang='grc' dir='ltr'>Ὑποκριτὰ,</span> <span class='ocrx_word' id='word_1_7' title='bbox 539 391 767 448; x_wconf 69' lang='grc' dir='ltr'>ἔκϐαλε</span> <span class='ocrx_word' id='word_1_8' title='bbox 813 393 1049 463; x_wconf 71' lang='grc' dir='ltr'>πρῶτον</span> <span class='ocrx_word' id='word_1_9' title='bbox 1103 396 1214 463; x_wconf 64' lang='grc' dir='ltr'>τὴν</span> <span class='ocrx_word' id='word_1_10' title='bbox 1262 395 1446 452; x_wconf 79' lang='grc' dir='ltr'>δοκὸν</span> <span class='ocrx_word' id='word_1_11' title='bbox 1498 398 1568 451; x_wconf 84' lang='grc' dir='ltr'>ἐκ</span> <span class='ocrx_word' id='word_1_12' title='bbox 1632 397 1733 453; x_wconf 75' lang='grc' dir='ltr'><strong>τοῦ</strong></span> 
     </span>
    </p>
   </div>
   <div class='ocr_carea' id='block_1_5' title="bbox 1836 391 3406 468">
    <p class='ocr_par' dir='ltr' id='par_1_5' title="bbox 1843 396 3406 468">
     <span class='ocr_line' id='line_1_5' title="bbox 1843 396 3406 468; baseline 0.004 -17"><span class='ocrx_word' id='word_1_13' title='bbox 1843 412 2117 453; x_wconf 84' lang='lat' dir='ltr'><strong>nonnemo</strong></span> <span class='ocrx_word' id='word_1_14' title='bbox 2147 414 2166 451; x_wconf 89' lang='lat'><strong>:</strong></span> <span class='ocrx_word' id='word_1_15' title='bbox 2207 396 2520 468; x_wconf 78' lang='lat' dir='ltr'><strong>Hypocrita,</strong></span> <span class='ocrx_word' id='word_1_16' title='bbox 2550 397 2677 463; x_wconf 82' lang='lat' dir='ltr'><strong>ejice</strong></span> <span class='ocrx_word' id='word_1_17' title='bbox 2704 398 2929 465; x_wconf 79' lang='lat' dir='ltr'><strong>primum</strong></span> <span class='ocrx_word' id='word_1_18' title='bbox 2963 401 3161 454; x_wconf 77' lang='lat' dir='ltr'><strong>trabem</strong></span> <span class='ocrx_word' id='word_1_19' title='bbox 3187 417 3253 456; x_wconf 76' lang='lat' dir='ltr'><strong>ex</strong></span> <span class='ocrx_word' id='word_1_20' title='bbox 3289 420 3406 457; x_wconf 79' lang='lat' dir='ltr'><strong>acu-</strong></span> 
     </span>
    </p>
   </div>
   <div class='ocr_carea' id='block_1_6' title="bbox 129 483 1733 557">
    <p class='ocr_par' dir='ltr' id='par_1_6' title="bbox 129 483 1733 557">
     <span class='ocr_line' id='line_1_6' title="bbox 129 483 1733 557; baseline 0.006 -21"><span class='ocrx_word' id='word_1_21' title='bbox 129 483 443 553; x_wconf 66' lang='grc' dir='ltr'>δφθαλμοῦ</span> <span class='ocrx_word' id='word_1_22' title='bbox 494 498 649 549; x_wconf 85' lang='grc' dir='ltr'>σου.</span> <span class='ocrx_word' id='word_1_23' title='bbox 707 486 808 540; x_wconf 76' lang='grc' dir='ltr'><strong>καί</strong></span> <span class='ocrx_word' id='word_1_24' title='bbox 860 487 998 542; x_wconf 80' lang='grc' dir='ltr'>τότε</span> <span class='ocrx_word' id='word_1_25' title='bbox 1051 487 1292 557; x_wconf 78' lang='grc' dir='ltr'><strong>δυνήσῃ</strong></span> <span class='ocrx_word' id='word_1_26' title='bbox 1351 490 1631 544; x_wconf 73' lang='grc' dir='ltr'>ἐκϐαλεῖν</span> <span class='ocrx_word' id='word_1_27' title='bbox 1663 491 1733 546; x_wconf 84' lang='grc' dir='ltr'>τὸ</span> 
     </span>
    </p>
   </div>
   <div class='ocr_carea' id='block_1_7' title="bbox 129 573 1734 650">
    <p class='ocr_par' dir='ltr' id='par_1_7' title="bbox 129 573 1734 650">
     <span class='ocr_line' id='line_1_7' title="bbox 129 573 1734 650; baseline 0.005 -23"><span class='ocrx_word' id='word_1_28' title='bbox 129 573 354 644; x_wconf 64' lang='grc' dir='ltr'>κάρφος</span> <span class='ocrx_word' id='word_1_29' title='bbox 378 574 451 628; x_wconf 84' lang='grc' dir='ltr'>τὸ</span> <span class='ocrx_word' id='word_1_30' title='bbox 478 575 557 629; x_wconf 78' lang='grc' dir='ltr'><strong>ἐν</strong></span> <span class='ocrx_word' id='word_1_31' title='bbox 579 575 664 642; x_wconf 79' lang='grc' dir='ltr'>τῷ</span> <span class='ocrx_word' id='word_1_32' title='bbox 691 576 979 648; x_wconf 73' lang='grc' dir='ltr'>ὀφθαλμῷ</span> <span class='ocrx_word' id='word_1_33' title='bbox 1006 579 1115 634; x_wconf 77' lang='grc' dir='ltr'><strong>τοῦ</strong></span> <span class='ocrx_word' id='word_1_34' title='bbox 1143 579 1413 650; x_wconf 71' lang='grc' dir='ltr'>ἀδελφοῦ</span> <span class='ocrx_word' id='word_1_35' title='bbox 1438 598 1572 637; x_wconf 87' lang='grc' dir='ltr'>σου.</span> <span class='ocrx_word' id='word_1_36' title='bbox 1606 582 1734 647; x_wconf 80' lang='grc' dir='ltr'><strong>Πῶς</strong></span> 
     </span>
    </p>
   </div>
   <div class='ocr_carea' id='block_1_8' title="bbox 128 666 1734 743">
    <p class='ocr_par' dir='ltr' id='par_1_8' title="bbox 128 666 1734 743">
     <span class='ocr_line' id='line_1_8' title="bbox 128 666 1734 743; baseline 0.007 -26"><span class='ocrx_word' id='word_1_37' title='bbox 128 668 185 728; x_wconf 68' lang='grc' dir='ltr'>δὲ</span> <span class='ocrx_word' id='word_1_38' title='bbox 222 666 319 722; x_wconf 76' lang='grc' dir='ltr'>καὶ</span> <span class='ocrx_word' id='word_1_39' title='bbox 365 668 505 738; x_wconf 77' lang='grc' dir='ltr'>περὶ</span> <span class='ocrx_word' id='word_1_40' title='bbox 543 668 905 740; x_wconf 80' lang='grc' dir='ltr'><strong>σωφροσύνης</strong></span> <span class='ocrx_word' id='word_1_41' title='bbox 948 669 1241 742; x_wconf 80' lang='grc' dir='ltr'>τολμήσεις</span> <span class='ocrx_word' id='word_1_42' title='bbox 1279 671 1532 743; x_wconf 82' lang='grc' dir='ltr'>λαλῆσαι,</span> <span class='ocrx_word' id='word_1_43' title='bbox 1572 674 1734 737; x_wconf 81' lang='grc' dir='ltr'>αὐτὸς</span> 
     </span>
    </p>
   </div>
   <div class='ocr_carea' id='block_1_9' title="bbox 144 756 1733 833">
    <p class='ocr_par' dir='ltr' id='par_1_9' title="bbox 144 756 1733 833">
     <span class='ocr_line' id='line_1_9' title="bbox 144 756 1733 833; baseline 0.006 -26"><span class='ocrx_word' id='word_1_44' title='bbox 144 756 539 828; x_wconf 74' lang='grc' dir='ltr'>ιυναικομανίᾳ</span> <span class='ocrx_word' id='word_1_45' title='bbox 565 756 1001 829; x_wconf 74' lang='grc' dir='ltr'>δεδουλωμένοςς</span> <span class='ocrx_word' id='word_1_46' title='bbox 1034 759 1067 831; x_wconf 82' lang='grc' dir='ltr'>ἢ</span> <span class='ocrx_word' id='word_1_47' title='bbox 1105 760 1225 825; x_wconf 85' lang='grc' dir='ltr'><strong>πῶς</strong></span> <span class='ocrx_word' id='word_1_48' title='bbox 1248 761 1320 815; x_wconf 88' lang='grc' dir='ltr'><strong>τά</strong></span> <span class='ocrx_word' id='word_1_49' title='bbox 1352 762 1480 833; x_wconf 76' lang='grc' dir='ltr'>περὶ</span> <span class='ocrx_word' id='word_1_50' title='bbox 1524 762 1733 817; x_wconf 89' lang='grc' dir='ltr'>δικαιο-</span> 
     </span>
    </p>
   </div>
   <div class='ocr_carea' id='block_1_10' title="bbox 134 846 1729 925">
    <p class='ocr_par' dir='ltr' id='par_1_10' title="bbox 134 846 1729 925">
     <span class='ocr_line' id='line_1_10' title="bbox 134 846 1729 925; baseline 0.004 -25"><span class='ocrx_word' id='word_1_51' title='bbox 134 846 292 916; x_wconf 74' lang='grc' dir='ltr'>σύνης</span> <span class='ocrx_word' id='word_1_52' title='bbox 322 847 569 913; x_wconf 79' lang='grc' dir='ltr'><strong>διδάξαι,</strong></span> <span class='ocrx_word' id='word_1_53' title='bbox 610 849 773 914; x_wconf 81' lang='grc' dir='ltr'>αὐτὸς</span> <span class='ocrx_word' id='word_1_54' title='bbox 808 850 914 903; x_wconf 83' lang='grc' dir='ltr'><strong>ὑπὸ</strong></span> <span class='ocrx_word' id='word_1_55' title='bbox 940 851 1042 921; x_wconf 81' lang='grc' dir='ltr'>τῆς</span> <span class='ocrx_word' id='word_1_56' title='bbox 1066 851 1288 915; x_wconf 77' lang='grc' dir='ltr'><strong>ἀδικίας</strong></span> <span class='ocrx_word' id='word_1_57' title='bbox 1325 853 1729 925; x_wconf 85' lang='grc' dir='ltr'>κρατούμενος;</span> 
     </span>
    </p>
   </div>
   <div class='ocr_carea' id='block_1_11' title="bbox 131 935 1731 1015">
    <p class='ocr_par' dir='ltr' id='par_1_11' title="bbox 131 935 1731 1015">
     <span class='ocr_line' id='line_1_11' title="bbox 131 935 1731 1015; baseline 0.003 -26"><span class='ocrx_word' id='word_1_58' title='bbox 131 935 492 1007; x_wconf 56' lang='grc' dir='ltr'>Θεραπευὲτω</span> <span class='ocrx_word' id='word_1_59' title='bbox 522 937 713 991; x_wconf 80' lang='grc' dir='ltr'>τοίνυν</span> <span class='ocrx_word' id='word_1_60' title='bbox 743 939 961 1010; x_wconf 84' lang='grc' dir='ltr'>πρῶτον</span> <span class='ocrx_word' id='word_1_61' title='bbox 992 940 1055 993; x_wconf 84' lang='grc' dir='ltr'>τὸ</span> <span class='ocrx_word' id='word_1_62' title='bbox 1082 942 1278 996; x_wconf 82' lang='grc' dir='ltr'>ἑαυτοῦ</span> <span class='ocrx_word' id='word_1_63' title='bbox 1307 943 1531 1015; x_wconf 89' lang='grc' dir='ltr'>τραῦμα</span> <span class='ocrx_word' id='word_1_64' title='bbox 1561 946 1590 997; x_wconf 84' lang='grc' dir='ltr'><strong>ὁ</strong></span> <span class='ocrx_word' id='word_1_65' title='bbox 1618 961 1731 998; x_wconf 66' lang='grc' dir='ltr'>τοι.</span> 
     </span>
    </p>
   </div>
   <div class='ocr_carea' id='block_1_12' title="bbox 132 1026 1732 1106">
    <p class='ocr_par' dir='ltr' id='par_1_12' title="bbox 132 1026 1732 1106">
     <span class='ocr_line' id='line_1_12' title="bbox 132 1026 1732 1106; baseline 0.006 -27"><span class='ocrx_word' id='word_1_66' title='bbox 132 1026 298 1091; x_wconf 78' lang='grc' dir='ltr'>οὗτος,</span> <span class='ocrx_word' id='word_1_67' title='bbox 332 1028 434 1082; x_wconf 74' lang='grc' dir='ltr'><strong>καὶ</strong></span> <span class='ocrx_word' id='word_1_68' title='bbox 472 1028 610 1081; x_wconf 84' lang='grc' dir='ltr'>τότε</span> <span class='ocrx_word' id='word_1_69' title='bbox 639 1028 927 1100; x_wconf 85' lang='grc' dir='ltr'>δυνήσεται</span> <span class='ocrx_word' id='word_1_70' title='bbox 958 1030 1053 1085; x_wconf 78' lang='grc' dir='ltr'>τὸν</span> <span class='ocrx_word' id='word_1_71' title='bbox 1084 1032 1179 1086; x_wconf 88' lang='grc' dir='ltr'><strong>τοῦ</strong></span> <span class='ocrx_word' id='word_1_72' title='bbox 1208 1033 1439 1103; x_wconf 80' lang='grc' dir='ltr'>ἀδελφοῦ</span> <span class='ocrx_word' id='word_1_73' title='bbox 1489 1034 1732 1106; x_wconf 83' lang='grc' dir='ltr'><strong>μώλωπα</strong></span> 
     </span>
    </p>
   </div>
   <div class='ocr_carea' id='block_1_13' title="bbox 136 1118 1726 1199">
    <p class='ocr_par' dir='ltr' id='par_1_13' title="bbox 136 1118 1726 1199">
     <span class='ocr_line' id='line_1_13' title="bbox 136 1118 1726 1199; baseline 0.006 -29"><span class='ocrx_word' id='word_1_74' title='bbox 136 1118 405 1184; x_wconf 76' lang='grc' dir='ltr'>ἰάσασθαι,</span> <span class='ocrx_word' id='word_1_75' title='bbox 435 1120 632 1188; x_wconf 84' lang='grc' dir='ltr'>λόγοις</span> <span class='ocrx_word' id='word_1_76' title='bbox 669 1121 836 1184; x_wconf 87' lang='grc' dir='ltr'>θείοις</span> <span class='ocrx_word' id='word_1_77' title='bbox 862 1123 962 1195; x_wconf 77' lang='grc' dir='ltr'>τὴν</span> <span class='ocrx_word' id='word_1_78' title='bbox 983 1122 1161 1195; x_wconf 76' lang='grc' dir='ltr'>ψυχὴν</span> <span class='ocrx_word' id='word_1_79' title='bbox 1193 1124 1360 1179; x_wconf 85' lang='grc' dir='ltr'>αὐτοῦ</span> <span class='ocrx_word' id='word_1_80' title='bbox 1388 1126 1726 1199; x_wconf 73' lang='grc' dir='ltr'>ὲπιρῤιῦσαςο</span> 
     </span>
    </p>
   </div>
   <div class='ocr_carea' id='block_1_14' title="bbox 131 1211 1732 1290">
    <p class='ocr_par' dir='ltr' id='par_1_14' title="bbox 131 1211 1732 1290">
     <span class='ocr_line' id='line_1_14' title="bbox 131 1211 1732 1290; baseline 0.006 -26"><span class='ocrx_word' id='word_1_81' title='bbox 131 1211 187 1264; x_wconf 76' lang='grc' dir='ltr'>τὸ</span> <span class='ocrx_word' id='word_1_82' title='bbox 208 1211 317 1282; x_wconf 83' lang='grc' dir='ltr'>γὰρ</span> <span class='ocrx_word' id='word_1_83' title='bbox 356 1213 464 1283; x_wconf 82' lang='grc' dir='ltr'>τῆς</span> <span class='ocrx_word' id='word_1_84' title='bbox 494 1212 686 1285; x_wconf 84' lang='grc' dir='ltr'>ψυχῆς</span> <span class='ocrx_word' id='word_1_85' title='bbox 715 1214 940 1286; x_wconf 81' lang='grc' dir='ltr'>τραῦμα</span> <span class='ocrx_word' id='word_1_86' title='bbox 971 1218 1086 1279; x_wconf 82' lang='grc' dir='ltr'>τοῖς</span> <span class='ocrx_word' id='word_1_87' title='bbox 1118 1216 1295 1286; x_wconf 80' lang='grc' dir='ltr'>ἁγίοις</span> <span class='ocrx_word' id='word_1_88' title='bbox 1324 1216 1504 1287; x_wconf 82' lang='grc' dir='ltr'>λόγοις</span> <span class='ocrx_word' id='word_1_89' title='bbox 1547 1236 1732 1290; x_wconf 90' lang='grc' dir='ltr'>παρα-</span> 
     </span>
    </p>
   </div>
   <div class='ocr_carea' id='block_1_15' title="bbox 134 1301 1732 1379">
    <p class='ocr_par' dir='ltr' id='par_1_15' title="bbox 134 1301 1732 1379">
     <span class='ocr_line' id='line_1_15' title="bbox 134 1301 1732 1379; baseline 0.006 -24"><span class='ocrx_word' id='word_1_90' title='bbox 134 1301 470 1373; x_wconf 52' lang='grc' dir='ltr'>μυθούμενον</span> <span class='ocrx_word' id='word_1_91' title='bbox 507 1306 856 1375; x_wconf 81' lang='grc' dir='ltr'><strong>κουφίζεται.</strong></span> <span class='ocrx_word' id='word_1_92' title='bbox 921 1308 1239 1379; x_wconf 81' lang='grc' dir='ltr'>Παρακάλει</span> <span class='ocrx_word' id='word_1_93' title='bbox 1295 1311 1476 1370; x_wconf 82' lang='grc' dir='ltr'>τοίνυν</span> <span class='ocrx_word' id='word_1_94' title='bbox 1522 1312 1732 1376; x_wconf 85' lang='grc' dir='ltr'>πάντας</span> 
     </span>
    </p>
   </div>
   <div class='ocr_carea' id='block_1_16' title="bbox 122 1394 1730 1474">
    <p class='ocr_par' dir='ltr' id='par_1_16' title="bbox 122 1394 1730 1474">
     <span class='ocr_line' id='line_1_16' title="bbox 122 1394 1730 1474; baseline 0.007 -27"><span class='ocrx_word' id='word_1_95' title='bbox 122 1394 249 1459; x_wconf 62' lang='grc' dir='ltr'>τοὺς</span> <span class='ocrx_word' id='word_1_96' title='bbox 269 1395 634 1468; x_wconf 79' lang='grc' dir='ltr'>ἀνθρώπους,</span> <span class='ocrx_word' id='word_1_97' title='bbox 675 1399 804 1464; x_wconf 78' lang='grc' dir='ltr'>τοὺς</span> <span class='ocrx_word' id='word_1_98' title='bbox 831 1400 933 1471; x_wconf 80' lang='grc' dir='ltr'>μὲν</span> <span class='ocrx_word' id='word_1_99' title='bbox 972 1402 1368 1474; x_wconf 83' lang='grc' dir='ltr'>πυρουμένους,</span> <span class='ocrx_word' id='word_1_100' title='bbox 1399 1405 1449 1458; x_wconf 85' lang='grc' dir='ltr'><strong>εί</strong></span> <span class='ocrx_word' id='word_1_101' title='bbox 1485 1403 1730 1474; x_wconf 82' lang='grc' dir='ltr'>βούλοιν-</span> 
     </span>
    </p>
   </div>
   <div class='ocr_carea' id='block_1_17' title="bbox 132 1490 1730 1565">
    <p class='ocr_par' dir='ltr' id='par_1_17' title="bbox 132 1490 1730 1565">
     <span class='ocr_line' id='line_1_17' title="bbox 132 1490 1730 1565; baseline 0.007 -28"><span class='ocrx_word' id='word_1_102' title='bbox 132 1500 206 1546; x_wconf 85' lang='grc' dir='ltr'><strong>το,</strong></span> <span class='ocrx_word' id='word_1_103' title='bbox 248 1491 454 1557; x_wconf 84' lang='grc' dir='ltr'>γαμεῖν</span> <span class='ocrx_word' id='word_1_104' title='bbox 482 1491 549 1543; x_wconf 83' lang='grc' dir='ltr'>ὲν</span> <span class='ocrx_word' id='word_1_105' title='bbox 574 1490 800 1562; x_wconf 80' lang='grc' dir='ltr'>Χριστῷ</span> <span class='ocrx_word' id='word_1_106' title='bbox 831 1490 1220 1559; x_wconf 79' lang='grc' dir='ltr'>(γινώσκοντας</span> <span class='ocrx_word' id='word_1_107' title='bbox 1265 1492 1468 1564; x_wconf 85' lang='grc' dir='ltr'>μέντοι,</span> <span class='ocrx_word' id='word_1_108' title='bbox 1521 1494 1597 1558; x_wconf 85' lang='grc' dir='ltr'><strong>ὡς</strong></span> <span class='ocrx_word' id='word_1_109' title='bbox 1632 1495 1730 1565; x_wconf 85' lang='grc' dir='ltr'>μία</span> 
     </span>
    </p>
   </div>
   <div class='ocr_carea' id='block_1_18' title="bbox 135 1575 1731 1653">
    <p class='ocr_par' dir='ltr' id='par_1_18' title="bbox 135 1575 1731 1653">
     <span class='ocr_line' id='line_1_18' title="bbox 135 1575 1731 1653; baseline 0.009 -27"><span class='ocrx_word' id='word_1_110' title='bbox 135 1575 207 1627; x_wconf 75' lang='grc' dir='ltr'><strong>ἑνὶ</strong></span> <span class='ocrx_word' id='word_1_111' title='bbox 233 1576 507 1651; x_wconf 67' lang='grc' dir='ltr'>ἐπλάσθη,</span> <span class='ocrx_word' id='word_1_112' title='bbox 535 1579 759 1651; x_wconf 82' lang='grc' dir='ltr'>πρῶτος</span> <span class='ocrx_word' id='word_1_113' title='bbox 789 1581 847 1634; x_wconf 86' lang='grc' dir='ltr'>δὲ</span> <span class='ocrx_word' id='word_1_114' title='bbox 866 1582 1058 1653; x_wconf 81' lang='grc' dir='ltr'><strong>Λάμεχ</strong></span> <span class='ocrx_word' id='word_1_115' title='bbox 1085 1582 1160 1636; x_wconf 84' lang='grc' dir='ltr'>ὢν</span> <span class='ocrx_word' id='word_1_116' title='bbox 1190 1587 1255 1637; x_wconf 83' lang='grc' dir='ltr'>ὲκ</span> <span class='ocrx_word' id='word_1_117' title='bbox 1275 1583 1370 1637; x_wconf 89' lang='grc' dir='ltr'><strong>τοῦ</strong></span> <span class='ocrx_word' id='word_1_118' title='bbox 1405 1585 1565 1651; x_wconf 84' lang='grc' dir='ltr'>Κάῖν,</span> <span class='ocrx_word' id='word_1_119' title='bbox 1597 1586 1731 1640; x_wconf 74' lang='grc' dir='ltr'>ἕλα-</span> 
     </span>
    </p>
   </div>
   <div class='ocr_carea' id='block_1_19' title="bbox 134 1668 1729 1744">
    <p class='ocr_par' dir='ltr' id='par_1_19' title="bbox 134 1668 1729 1744">
     <span class='ocr_line' id='line_1_19' title="bbox 134 1668 1729 1744; baseline 0.006 -24"><span class='ocrx_word' id='word_1_120' title='bbox 134 1668 229 1721; x_wconf 72' lang='grc' dir='ltr'><strong>6ςν</strong></span> <span class='ocrx_word' id='word_1_121' title='bbox 249 1668 447 1734; x_wconf 80' lang='grc' dir='ltr'>ἑαυτῷ</span> <span class='ocrx_word' id='word_1_122' title='bbox 475 1669 596 1724; x_wconf 83' lang='grc' dir='ltr'>δύο</span> <span class='ocrx_word' id='word_1_123' title='bbox 629 1671 944 1742; x_wconf 76' lang='grc' dir='ltr'>γυναῖκας’</span> <span class='ocrx_word' id='word_1_124' title='bbox 977 1672 1039 1726; x_wconf 82' lang='grc' dir='ltr'>τὸ</span> <span class='ocrx_word' id='word_1_125' title='bbox 1073 1673 1130 1727; x_wconf 85' lang='grc' dir='ltr'>δὲ</span> <span class='ocrx_word' id='word_1_126' title='bbox 1159 1673 1338 1744; x_wconf 80' lang='grc' dir='ltr'>ἑαυτῷ</span> <span class='ocrx_word' id='word_1_127' title='bbox 1370 1674 1552 1729; x_wconf 80' lang='grc' dir='ltr'>λαϐεῖν</span> <span class='ocrx_word' id='word_1_128' title='bbox 1610 1677 1729 1730; x_wconf 81' lang='grc' dir='ltr'>ἐστι</span> 
     </span>
    </p>
   </div>
   <div class='ocr_carea' id='block_1_20' title="bbox 137 1740 1802 1837">
    <p class='ocr_par' dir='ltr' id='par_1_20' title="bbox 137 1740 1802 1837">
     <span class='ocr_line' id='line_1_20' title="bbox 137 1740 1802 1837; baseline 0.007 -26"><span class='ocrx_word' id='word_1_129' title='bbox 137 1763 192 1812; x_wconf 73' lang='grc' dir='ltr'>τὸ</span> <span class='ocrx_word' id='word_1_130' title='bbox 217 1759 289 1829; x_wconf 78' lang='grc' dir='ltr'>μὴ</span> <span class='ocrx_word' id='word_1_131' title='bbox 319 1760 468 1814; x_wconf 82' lang='grc' dir='ltr'><strong>κατά</strong></span> <span class='ocrx_word' id='word_1_132' title='bbox 496 1740 719 1834; x_wconf 86' lang='grc' dir='ltr'>θέλημα</span> <span class='ocrx_word' id='word_1_133' title='bbox 748 1763 906 1818; x_wconf 89' lang='grc' dir='ltr'>Θεοῦ.</span> <span class='ocrx_word' id='word_1_134' title='bbox 950 1765 1016 1817; x_wconf 86' lang='grc' dir='ltr'><strong><em>Ἦ</em></strong></span> <span class='ocrx_word' id='word_1_135' title='bbox 1043 1764 1152 1837; x_wconf 81' lang='grc' dir='ltr'><strong>γὰρ</strong></span> <span class='ocrx_word' id='word_1_136' title='bbox 1179 1740 1512 1837; x_wconf 76' lang='grc' dir='ltr'>πολυγαμία,</span> <span class='ocrx_word' id='word_1_137' title='bbox 1547 1767 1727 1837; x_wconf 84' lang='grc' dir='ltr'>γάμου</span> <span class='ocrx_word' id='word_1_138' title='bbox 1762 1740 1802 1795; x_wconf 75' lang='grc' dir='ltr'><strong>Β</strong></span> 
     </span>
    </p>
   </div>
   <div class='ocr_carea' id='block_1_21' title="bbox 140 1850 1725 1930">
    <p class='ocr_par' dir='ltr' id='par_1_21' title="bbox 140 1850 1725 1930">
     <span class='ocr_line' id='line_1_21' title="bbox 140 1850 1725 1930; baseline 0.007 -28"><span class='ocrx_word' id='word_1_139' title='bbox 140 1850 228 1920; x_wconf 87' lang='grc' dir='ltr'>μὲν</span> <span class='ocrx_word' id='word_1_140' title='bbox 263 1851 377 1920; x_wconf 80' lang='grc' dir='ltr'>ἔχει</span> <span class='ocrx_word' id='word_1_141' title='bbox 406 1852 474 1905; x_wconf 86' lang='grc' dir='ltr'><strong>τδ</strong></span> <span class='ocrx_word' id='word_1_142' title='bbox 505 1853 706 1926; x_wconf 75' lang='grc' dir='ltr'>ὄνομα,</span> <span class='ocrx_word' id='word_1_143' title='bbox 732 1854 848 1908; x_wconf 78' lang='grc' dir='ltr'>ἐστι</span> <span class='ocrx_word' id='word_1_144' title='bbox 875 1856 935 1908; x_wconf 88' lang='grc' dir='ltr'>δὲ</span> <span class='ocrx_word' id='word_1_145' title='bbox 969 1856 1419 1929; x_wconf 84' lang='grc' dir='ltr'>φιλευπρόσωπος</span> <span class='ocrx_word' id='word_1_146' title='bbox 1445 1858 1689 1930; x_wconf 87' lang='grc' dir='ltr'>πορνεία)</span> <span class='ocrx_word' id='word_1_147' title='bbox 1709 1875 1725 1891; x_wconf 87' lang='grc'><strong>·</strong></span> 
     </span>
    </p>
   </div>
   <div class='ocr_carea' id='block_1_22' title="bbox 138 1940 1728 2018">
    <p class='ocr_par' dir='ltr' id='par_1_22' title="bbox 138 1940 1728 2018">
     <span class='ocr_line' id='line_1_22' title="bbox 138 1940 1728 2018; baseline 0.006 -27"><span class='ocrx_word' id='word_1_148' title='bbox 138 1940 250 2003; x_wconf 71' lang='grc' dir='ltr'>τοὺς</span> <span class='ocrx_word' id='word_1_149' title='bbox 278 1940 335 1995; x_wconf 80' lang='grc' dir='ltr'>δὲ</span> <span class='ocrx_word' id='word_1_150' title='bbox 364 1942 903 2015; x_wconf 82' lang='grc' dir='ltr'>ὲγκρατευομένους,</span> <span class='ocrx_word' id='word_1_151' title='bbox 937 1945 1160 2010; x_wconf 75' lang='grc' dir='ltr'>τελείως</span> <span class='ocrx_word' id='word_1_152' title='bbox 1195 1948 1253 1999; x_wconf 82' lang='grc' dir='ltr'>ἐν</span> <span class='ocrx_word' id='word_1_153' title='bbox 1276 1947 1499 2018; x_wconf 86' lang='grc' dir='ltr'>Χριστῷ</span> <span class='ocrx_word' id='word_1_154' title='bbox 1518 1949 1728 2012; x_wconf 85' lang='grc' dir='ltr'><strong>ἀσκεῖν,</strong></span> 
     </span>
    </p>
   </div>
   <div class='ocr_carea' id='block_1_23' title="bbox 140 2031 1730 2109">
    <p class='ocr_par' dir='ltr' id='par_1_23' title="bbox 140 2031 1730 2109">
     <span class='ocr_line' id='line_1_23' title="bbox 140 2031 1730 2109; baseline 0.006 -27"><span class='ocrx_word' id='word_1_155' title='bbox 140 2031 224 2089; x_wconf 75' lang='grc' dir='ltr'><strong>καὶ</strong></span> <span class='ocrx_word' id='word_1_156' title='bbox 256 2031 329 2102; x_wconf 81' lang='grc' dir='ltr'>μὴ</span> <span class='ocrx_word' id='word_1_157' title='bbox 352 2032 432 2102; x_wconf 81' lang='grc' dir='ltr'>τῷ</span> <span class='ocrx_word' id='word_1_158' title='bbox 466 2034 575 2103; x_wconf 86' lang='grc' dir='ltr'>μὲν</span> <span class='ocrx_word' id='word_1_159' title='bbox 604 2033 829 2105; x_wconf 82' lang='grc' dir='ltr'>ὀνόματι</span> <span class='ocrx_word' id='word_1_160' title='bbox 865 2035 1194 2106; x_wconf 82' lang='grc' dir='ltr'>φιλοσοφεῖν,</span> <span class='ocrx_word' id='word_1_161' title='bbox 1224 2037 1285 2091; x_wconf 86' lang='grc' dir='ltr'>τὸ</span> <span class='ocrx_word' id='word_1_162' title='bbox 1315 2038 1373 2091; x_wconf 81' lang='grc' dir='ltr'>δὲ</span> <span class='ocrx_word' id='word_1_163' title='bbox 1417 2038 1576 2109; x_wconf 78' lang='grc' dir='ltr'>ἔργον</span> <span class='ocrx_word' id='word_1_164' title='bbox 1609 2040 1730 2092; x_wconf 80' lang='grc' dir='ltr'>ἐπι-</span> 
     </span>
    </p>
   </div>
   <div class='ocr_carea' id='block_1_24' title="bbox 142 2121 1729 2200">
    <p class='ocr_par' dir='ltr' id='par_1_24' title="bbox 142 2121 1729 2200">
     <span class='ocr_line' id='line_1_24' title="bbox 142 2121 1729 2200; baseline 0.006 -27"><span class='ocrx_word' id='word_1_165' title='bbox 142 2121 572 2194; x_wconf 72' lang='grc' dir='ltr'>κεκαλυμμένως</span> <span class='ocrx_word' id='word_1_166' title='bbox 620 2127 904 2198; x_wconf 87' lang='grc' dir='ltr'>πράττειν.</span> <span class='ocrx_word' id='word_1_167' title='bbox 949 2128 1102 2200; x_wconf 80' lang='grc' dir='ltr'>Μηδὲ</span> <span class='ocrx_word' id='word_1_168' title='bbox 1152 2128 1316 2184; x_wconf 87' lang='grc' dir='ltr'>πάλιν</span> <span class='ocrx_word' id='word_1_169' title='bbox 1348 2132 1459 2193; x_wconf 84' lang='grc' dir='ltr'>τοῖς</span> <span class='ocrx_word' id='word_1_170' title='bbox 1489 2129 1596 2183; x_wconf 83' lang='grc' dir='ltr'><strong>τῶν</strong></span> <span class='ocrx_word' id='word_1_171' title='bbox 1630 2131 1729 2183; x_wconf 85' lang='grc' dir='ltr'>ἀν-</span> 
     </span>
    </p>
   </div>
   <div class='ocr_carea' id='block_1_25' title="bbox 144 2208 1729 2291">
    <p class='ocr_par' dir='ltr' id='par_1_25' title="bbox 144 2208 1729 2291">
     <span class='ocr_line' id='line_1_25' title="bbox 144 2208 1729 2291; baseline 0.01 -32"><span class='ocrx_word' id='word_1_172' title='bbox 144 2208 362 2280; x_wconf 84' lang='grc' dir='ltr'>θρώπων</span> <span class='ocrx_word' id='word_1_173' title='bbox 384 2214 699 2286; x_wconf 79' lang='grc' dir='ltr'>ὀφθαλμοῖς</span> <span class='ocrx_word' id='word_1_174' title='bbox 720 2218 1042 2289; x_wconf 82' lang='grc' dir='ltr'>προσέχετε,</span> <span class='ocrx_word' id='word_1_175' title='bbox 1068 2220 1150 2273; x_wconf 83' lang='grc' dir='ltr'>ὅτι</span> <span class='ocrx_word' id='word_1_176' title='bbox 1170 2220 1269 2289; x_wconf 81' lang='grc' dir='ltr'>οὐχ</span> <span class='ocrx_word' id='word_1_177' title='bbox 1288 2220 1509 2291; x_wconf 80' lang='grc' dir='ltr'>ὁρᾶσθε,</span> <span class='ocrx_word' id='word_1_178' title='bbox 1532 2220 1729 2291; x_wconf 81' lang='grc' dir='ltr'>τοίχων</span> 
     </span>
    </p>
   </div>
   <div class='ocr_carea' id='block_1_26' title="bbox 143 2298 1728 2384">
    <p class='ocr_par' dir='ltr' id='par_1_26' title="bbox 143 2298 1728 2384">
     <span class='ocr_line' id='line_1_26' title="bbox 143 2298 1728 2384; baseline 0.008 -31"><span class='ocrx_word' id='word_1_179' title='bbox 143 2298 276 2379; x_wconf 73' lang='grc' dir='ltr'>ὑμᾶς</span> <span class='ocrx_word' id='word_1_180' title='bbox 308 2307 662 2377; x_wconf 78' lang='grc' dir='ltr'>πανταχόθεν</span> <span class='ocrx_word' id='word_1_181' title='bbox 695 2308 1135 2379; x_wconf 86' lang='grc' dir='ltr'>περικλειόντων·</span> <span class='ocrx_word' id='word_1_182' title='bbox 1164 2312 1299 2365; x_wconf 89' lang='grc' dir='ltr'><strong>ἀλλά</strong></span> <span class='ocrx_word' id='word_1_183' title='bbox 1335 2312 1434 2384; x_wconf 79' lang='grc' dir='ltr'>τὴν</span> <span class='ocrx_word' id='word_1_184' title='bbox 1466 2312 1558 2366; x_wconf 90' lang='grc' dir='ltr'><strong>τοῦ</strong></span> <span class='ocrx_word' id='word_1_185' title='bbox 1592 2313 1728 2367; x_wconf 89' lang='grc' dir='ltr'>Θεοῦ</span> 
     </span>
    </p>
   </div>
   <div class='ocr_carea' id='block_1_27' title="bbox 146 2392 1731 2475">
    <p class='ocr_par' dir='ltr' id='par_1_27' title="bbox 146 2392 1731 2475">
     <span class='ocr_line' id='line_1_27' title="bbox 146 2392 1731 2475; baseline 0.008 -27"><span class='ocrx_word' id='word_1_186' title='bbox 146 2392 361 2466; x_wconf 76' lang='grc' dir='ltr'>ἀπειλὴν</span> <span class='ocrx_word' id='word_1_187' title='bbox 395 2397 700 2469; x_wconf 79' lang='grc' dir='ltr'>φοϐήθητε,</span> <span class='ocrx_word' id='word_1_188' title='bbox 734 2400 815 2452; x_wconf 83' lang='grc' dir='ltr'>ὅτι</span> <span class='ocrx_word' id='word_1_189' title='bbox 844 2399 1285 2473; x_wconf 73' lang='grc' dir='ltr'>πάνταγυμνὰ,</span> <span class='ocrx_word' id='word_1_190' title='bbox 1324 2404 1422 2458; x_wconf 80' lang='grc' dir='ltr'>καὶ</span> <span class='ocrx_word' id='word_1_191' title='bbox 1450 2420 1731 2475; x_wconf 74' lang='grc' dir='ltr'>τετραχησ-</span> 
     </span>
    </p>
   </div>
   <div class='ocr_carea' id='block_1_28' title="bbox 146 2484 1729 2569">
    <p class='ocr_par' dir='ltr' id='par_1_28' title="bbox 146 2484 1729 2569">
     <span class='ocr_line' id='line_1_28' title="bbox 146 2484 1729 2569; baseline 0.008 -30"><span class='ocrx_word' id='word_1_192' title='bbox 146 2484 391 2552; x_wconf 69' lang='grc' dir='ltr'>λισμένα</span> <span class='ocrx_word' id='word_1_193' title='bbox 406 2490 676 2544; x_wconf 78' lang='grc' dir='ltr'>ἐνώπιον</span> <span class='ocrx_word' id='word_1_194' title='bbox 696 2491 884 2546; x_wconf 84' lang='grc' dir='ltr'>αὐτοῦ</span> <span class='ocrx_word' id='word_1_195' title='bbox 911 2495 1050 2559; x_wconf 83' lang='grc' dir='ltr'>εισι,</span> <span class='ocrx_word' id='word_1_196' title='bbox 1078 2494 1147 2549; x_wconf 88' lang='grc' dir='ltr'><strong>τά</strong></span> <span class='ocrx_word' id='word_1_197' title='bbox 1172 2495 1231 2549; x_wconf 79' lang='grc' dir='ltr'>ὲν</span> <span class='ocrx_word' id='word_1_198' title='bbox 1256 2496 1410 2550; x_wconf 72' lang='grc' dir='ltr'>νυκτὶ</span> <span class='ocrx_word' id='word_1_199' title='bbox 1430 2496 1524 2550; x_wconf 74' lang='grc' dir='ltr'>καὶ</span> <span class='ocrx_word' id='word_1_200' title='bbox 1544 2496 1729 2569; x_wconf 73' lang='grc' dir='ltr'>ἡμέρα</span> 
     </span>
    </p>
   </div>
   <div class='ocr_carea' id='block_1_29' title="bbox 151 2573 1121 2656">
    <p class='ocr_par' dir='ltr' id='par_1_29' title="bbox 151 2573 1121 2656">
     <span class='ocr_line' id='line_1_29' title="bbox 151 2573 1121 2656; baseline 0.014 -29"><span class='ocrx_word' id='word_1_201' title='bbox 151 2573 245 2636; x_wconf 75' lang='grc' dir='ltr'><strong>ὑπὸ</strong></span> <span class='ocrx_word' id='word_1_202' title='bbox 271 2577 380 2631; x_wconf 83' lang='grc' dir='ltr'><strong>τῶν</strong></span> <span class='ocrx_word' id='word_1_203' title='bbox 408 2580 723 2652; x_wconf 86' lang='grc' dir='ltr'>ἀνθρώπων</span> <span class='ocrx_word' id='word_1_204' title='bbox 749 2585 1121 2656; x_wconf 87' lang='grc' dir='ltr'>πραττόμενα.</span> 
     </span>
    </p>
   </div>
   <div class='ocr_carea' id='block_1_30' title="bbox 217 2754 1728 2836">
    <p class='ocr_par' dir='ltr' id='par_1_30' title="bbox 217 2754 1728 2836">
     <span class='ocr_line' id='line_1_30' title="bbox 217 2754 1728 2836; baseline 0.007 -28"><span class='ocrx_word' id='word_1_205' title='bbox 217 2754 297 2809; x_wconf 85' lang='lat' dir='ltr'><strong>ll.</strong></span> <span class='ocrx_word' id='word_1_206' title='bbox 336 2757 446 2812; x_wconf 78' lang='grc' dir='ltr'>Καί</span> <span class='ocrx_word' id='word_1_207' title='bbox 472 2776 570 2830; x_wconf 87' lang='grc' dir='ltr'><strong>μοι</strong></span> <span class='ocrx_word' id='word_1_208' title='bbox 607 2758 885 2833; x_wconf 80' lang='grc' dir='ltr'>θαυμάσαι</span> <span class='ocrx_word' id='word_1_209' title='bbox 913 2760 1036 2818; x_wconf 76' lang='grc' dir='ltr'>λίαν</span> <span class='ocrx_word' id='word_1_210' title='bbox 1062 2762 1268 2818; x_wconf 74' lang='grc' dir='ltr'>ἔπεισιν</span> <span class='ocrx_word' id='word_1_211' title='bbox 1301 2763 1728 2836; x_wconf 74' lang='grc' dir='ltr'>ὲκπληττομένῳ</span> 
     </span>
    </p>
   </div>
   <div class='ocr_carea' id='block_1_31' title="bbox 152 2846 1726 2928">
    <p class='ocr_par' dir='ltr' id='par_1_31' title="bbox 152 2846 1726 2928">
     <span class='ocr_line' id='line_1_31' title="bbox 152 2846 1726 2928; baseline 0.004 -25"><span class='ocrx_word' id='word_1_212' title='bbox 152 2846 241 2916; x_wconf 74' lang='grc' dir='ltr'>τὴν</span> <span class='ocrx_word' id='word_1_213' title='bbox 263 2850 625 2923; x_wconf 72' lang='grc' dir='ltr'>ἀναισθησίαν</span> <span class='ocrx_word' id='word_1_214' title='bbox 664 2853 774 2907; x_wconf 85' lang='grc' dir='ltr'><strong>τῶν</strong></span> <span class='ocrx_word' id='word_1_215' title='bbox 807 2855 1230 2925; x_wconf 80' lang='grc' dir='ltr'>μυωπαζόντων,</span> <span class='ocrx_word' id='word_1_216' title='bbox 1279 2857 1397 2921; x_wconf 85' lang='grc' dir='ltr'>πῶς</span> <span class='ocrx_word' id='word_1_217' title='bbox 1430 2859 1487 2910; x_wconf 86' lang='grc' dir='ltr'><strong>αί</strong></span> <span class='ocrx_word' id='word_1_218' title='bbox 1512 2856 1726 2928; x_wconf 83' lang='grc' dir='ltr'>θήλειαι</span> 
     </span>
    </p>
   </div>
   <div class='ocr_carea' id='block_1_32' title="bbox 156 2940 1725 3016">
    <p class='ocr_par' dir='ltr' id='par_1_32' title="bbox 156 2940 1725 3016">
     <span class='ocr_line' id='line_1_32' title="bbox 156 2940 1725 3016; baseline 0.007 -24"><span class='ocrx_word' id='word_1_219' title='bbox 156 2940 360 3013; x_wconf 67' lang='grc' dir='ltr'>ἑκουσίᾳ</span> <span class='ocrx_word' id='word_1_220' title='bbox 389 2943 595 3016; x_wconf 83' lang='grc' dir='ltr'>γνώμῃ</span> <span class='ocrx_word' id='word_1_221' title='bbox 626 2945 825 3010; x_wconf 78' lang='grc' dir='ltr'>ἑαυτὰς</span> <span class='ocrx_word' id='word_1_222' title='bbox 855 2949 937 3010; x_wconf 86' lang='grc' dir='ltr'><strong>είς</strong></span> <span class='ocrx_word' id='word_1_223' title='bbox 968 2947 1212 3001; x_wconf 85' lang='grc' dir='ltr'>δουλείαν</span> <span class='ocrx_word' id='word_1_224' title='bbox 1244 2946 1594 3012; x_wconf 83' lang='grc' dir='ltr'>ὲκδεδώκασι,</span> <span class='ocrx_word' id='word_1_225' title='bbox 1642 2965 1725 3003; x_wconf 81' lang='grc' dir='ltr'>τι·</span> 
     </span>
    </p>
   </div>
   <div class='ocr_carea' id='block_1_33' title="bbox 161 3034 1727 3115">
    <p class='ocr_par' dir='ltr' id='par_1_33' title="bbox 161 3034 1727 3115">
     <span class='ocr_line' id='line_1_33' title="bbox 161 3034 1727 3115; baseline 0.003 -25"><span class='ocrx_word' id='word_1_226' title='bbox 161 3034 256 3107; x_wconf 76' lang='grc' dir='ltr'>μῆς</span> <span class='ocrx_word' id='word_1_227' title='bbox 292 3036 395 3090; x_wconf 80' lang='grc' dir='ltr'><strong>ὑπὸ</strong></span> <span class='ocrx_word' id='word_1_228' title='bbox 444 3038 544 3092; x_wconf 92' lang='grc' dir='ltr'><strong>τοῦ</strong></span> <span class='ocrx_word' id='word_1_229' title='bbox 589 3040 946 3115; x_wconf 75' lang='grc' dir='ltr'>τετιμηκότος</span> <span class='ocrx_word' id='word_1_230' title='bbox 993 3039 1400 3111; x_wconf 87' lang='grc' dir='ltr'>ἀγορασθεῖσαι.</span> <span class='ocrx_word' id='word_1_231' title='bbox 1461 3040 1727 3105; x_wconf 83' lang='grc' dir='ltr'>Πολλάκις</span> 
     </span>
    </p>
   </div>
   <div class='ocr_carea' id='block_1_34' title="bbox 158 3123 1729 3203">
    <p class='ocr_par' dir='ltr' id='par_1_34' title="bbox 158 3123 1729 3203">
     <span class='ocr_line' id='line_1_34' title="bbox 158 3123 1729 3203; baseline 0.006 -26"><span class='ocrx_word' id='word_1_232' title='bbox 158 3123 255 3197; x_wconf 83' lang='grc' dir='ltr'><strong>γάρ</strong></span> <span class='ocrx_word' id='word_1_233' title='bbox 283 3144 362 3191; x_wconf 89' lang='grc' dir='ltr'><strong>τις</strong></span> <span class='ocrx_word' id='word_1_234' title='bbox 395 3129 536 3202; x_wconf 83' lang='grc' dir='ltr'>κόρη</span> <span class='ocrx_word' id='word_1_235' title='bbox 563 3133 677 3193; x_wconf 82' lang='grc' dir='ltr'>τοῖς</span> <span class='ocrx_word' id='word_1_236' title='bbox 709 3129 858 3195; x_wconf 78' lang='grc' dir='ltr'>ἰδίοις</span> <span class='ocrx_word' id='word_1_237' title='bbox 884 3131 1100 3200; x_wconf 84' lang='grc' dir='ltr'>γονεῦσι</span> <span class='ocrx_word' id='word_1_238' title='bbox 1137 3131 1211 3203; x_wconf 81' lang='grc' dir='ltr'>μὴ</span> <span class='ocrx_word' id='word_1_239' title='bbox 1249 3131 1729 3203; x_wconf 78' lang='grc' dir='ltr'>ὲξυπηρετησαμέ-</span> 
     </span>
    </p>
   </div>
   <div class='ocr_carea' id='block_1_35' title="bbox 159 3220 1731 3293">
    <p class='ocr_par' dir='ltr' id='par_1_35' title="bbox 159 3220 1731 3293">
     <span class='ocr_line' id='line_1_35' title="bbox 159 3220 1731 3293; baseline 0.002 -21"><span class='ocrx_word' id='word_1_240' title='bbox 159 3230 237 3285; x_wconf 83' lang='grc' dir='ltr'><strong>νη,</strong></span> <span class='ocrx_word' id='word_1_241' title='bbox 267 3220 358 3273; x_wconf 77' lang='grc' dir='ltr'><strong>καὶ</strong></span> <span class='ocrx_word' id='word_1_242' title='bbox 384 3221 626 3292; x_wconf 80' lang='grc' dir='ltr'>ἀμοιϐὰς</span> <span class='ocrx_word' id='word_1_243' title='bbox 651 3222 876 3275; x_wconf 88' lang='grc' dir='ltr'>δικαίων</span> <span class='ocrx_word' id='word_1_244' title='bbox 906 3223 1084 3276; x_wconf 88' lang='grc' dir='ltr'>πόνων</span> <span class='ocrx_word' id='word_1_245' title='bbox 1120 3222 1193 3293; x_wconf 81' lang='grc' dir='ltr'>μὴ</span> <span class='ocrx_word' id='word_1_246' title='bbox 1222 3223 1593 3277; x_wconf 87' lang='grc' dir='ltr'>ἀποδεδωκυῖα</span> <span class='ocrx_word' id='word_1_247' title='bbox 1619 3225 1731 3287; x_wconf 86' lang='grc' dir='ltr'>τοῖς</span> 
     </span>
    </p>
   </div>
   <div class='ocr_carea' id='block_1_36' title="bbox 161 3304 1729 3385">
    <p class='ocr_par' dir='ltr' id='par_1_36' title="bbox 161 3304 1729 3385">
     <span class='ocr_line' id='line_1_36' title="bbox 161 3304 1729 3385; baseline 0.001 -20"><span class='ocrx_word' id='word_1_248' title='bbox 161 3304 341 3378; x_wconf 67' lang='grc' dir='ltr'>ἑαυτῆς</span> <span class='ocrx_word' id='word_1_249' title='bbox 369 3314 743 3385; x_wconf 84' lang='grc' dir='ltr'>γεννήτορσιν,</span> <span class='ocrx_word' id='word_1_250' title='bbox 777 3311 916 3384; x_wconf 80' lang='grc' dir='ltr'>αῦτη</span> <span class='ocrx_word' id='word_1_251' title='bbox 946 3311 1207 3365; x_wconf 88' lang='grc' dir='ltr'>σπουδαία</span> <span class='ocrx_word' id='word_1_252' title='bbox 1230 3313 1311 3375; x_wconf 84' lang='grc' dir='ltr'><strong>είς</strong></span> <span class='ocrx_word' id='word_1_253' title='bbox 1334 3312 1424 3365; x_wconf 75' lang='grc' dir='ltr'><strong>τὸν</strong></span> <span class='ocrx_word' id='word_1_254' title='bbox 1446 3314 1729 3384; x_wconf 83' lang='grc' dir='ltr'>ἀγαπητὸν</span> 
     </span>
    </p>
   </div>
   <div class='ocr_carea' id='block_1_37' title="bbox 161 3395 1728 3475">
    <p class='ocr_par' dir='ltr' id='par_1_37' title="bbox 161 3395 1728 3475">
     <span class='ocr_line' id='line_1_37' title="bbox 161 3395 1728 3475; baseline 0.005 -27"><span class='ocrx_word' id='word_1_255' title='bbox 161 3395 362 3471; x_wconf 78' lang='grc' dir='ltr'>εΰρέθη,</span> <span class='ocrx_word' id='word_1_256' title='bbox 397 3404 493 3456; x_wconf 76' lang='grc' dir='ltr'><strong>καὶ</strong></span> <span class='ocrx_word' id='word_1_257' title='bbox 535 3404 713 3458; x_wconf 87' lang='grc' dir='ltr'>πάντα</span> <span class='ocrx_word' id='word_1_258' title='bbox 740 3403 940 3475; x_wconf 83' lang='grc' dir='ltr'>τρόπον</span> <span class='ocrx_word' id='word_1_259' title='bbox 966 3400 1290 3471; x_wconf 77' lang='grc' dir='ltr'>ἀγωνίζεται</span> <span class='ocrx_word' id='word_1_260' title='bbox 1325 3402 1476 3473; x_wconf 81' lang='grc' dir='ltr'>αὐτῷ</span> <span class='ocrx_word' id='word_1_261' title='bbox 1510 3405 1728 3474; x_wconf 79' lang='grc' dir='ltr'>ἀρέσαι,</span> 
     </span>
    </p>
   </div>
   <div class='ocr_carea' id='block_1_38' title="bbox 162 3486 1730 3567">
    <p class='ocr_par' dir='ltr' id='par_1_38' title="bbox 162 3486 1730 3567">
     <span class='ocr_line' id='line_1_38' title="bbox 162 3486 1730 3567; baseline -0.001 -18"><span class='ocrx_word' id='word_1_262' title='bbox 162 3486 248 3549; x_wconf 73' lang='grc' dir='ltr'>καὶ</span> <span class='ocrx_word' id='word_1_263' title='bbox 268 3490 384 3563; x_wconf 72' lang='grc' dir='ltr'>οὐχὶ</span> <span class='ocrx_word' id='word_1_264' title='bbox 409 3493 534 3566; x_wconf 81' lang='grc' dir='ltr'><strong>Θεῷ</strong></span> <span class='ocrx_word' id='word_1_265' title='bbox 556 3494 795 3559; x_wconf 82' lang='grc' dir='ltr'>εὐσεϐῶς</span> <span class='ocrx_word' id='word_1_266' title='bbox 824 3494 1125 3559; x_wconf 83' lang='grc' dir='ltr'>δουλεῦσαι,</span> <span class='ocrx_word' id='word_1_267' title='bbox 1152 3494 1368 3567; x_wconf 76' lang='grc' dir='ltr'>νύκτωρ</span> <span class='ocrx_word' id='word_1_268' title='bbox 1398 3511 1456 3547; x_wconf 86' lang='grc' dir='ltr'><strong>τε</strong></span> <span class='ocrx_word' id='word_1_269' title='bbox 1482 3495 1577 3548; x_wconf 76' lang='grc' dir='ltr'>καὶ</span> <span class='ocrx_word' id='word_1_270' title='bbox 1609 3494 1730 3565; x_wconf 80' lang='grc' dir='ltr'>μεθ’</span> 
     </span>
    </p>
   </div>
   <div class='ocr_carea' id='block_1_39' title="bbox 164 3578 1730 3657">
    <p class='ocr_par' dir='ltr' id='par_1_39' title="bbox 164 3578 1730 3657">
     <span class='ocr_line' id='line_1_39' title="bbox 164 3578 1730 3657; baseline 0.004 -24"><span class='ocrx_word' id='word_1_271' title='bbox 164 3578 357 3650; x_wconf 61' lang='grc' dir='ltr'>ἡμέραν</span> <span class='ocrx_word' id='word_1_272' title='bbox 381 3584 829 3657; x_wconf 85' lang='grc' dir='ltr'>ταλαιπωροῦσα,</span> <span class='ocrx_word' id='word_1_273' title='bbox 873 3585 970 3639; x_wconf 76' lang='grc' dir='ltr'>καὶ</span> <span class='ocrx_word' id='word_1_274' title='bbox 1003 3586 1193 3649; x_wconf 72' lang='grc' dir='ltr'>στολὰς</span> <span class='ocrx_word' id='word_1_275' title='bbox 1221 3585 1593 3650; x_wconf 82' lang='grc' dir='ltr'>ὲξαλάσσουσα</span> <span class='ocrx_word' id='word_1_276' title='bbox 1629 3587 1730 3640; x_wconf 84' lang='grc' dir='ltr'><strong>αὐ-</strong></span> 
     </span>
    </p>
   </div>
   <div class='ocr_carea' id='block_1_40' title="bbox 165 3669 1733 3748">
    <p class='ocr_par' dir='ltr' id='par_1_40' title="bbox 165 3669 1733 3748">
     <span class='ocr_line' id='line_1_40' title="bbox 165 3669 1733 3748; baseline 0.004 -23"><span class='ocrx_word' id='word_1_277' title='bbox 165 3669 233 3738; x_wconf 61' lang='grc' dir='ltr'>τῷ</span> <span class='ocrx_word' id='word_1_278' title='bbox 259 3674 348 3726; x_wconf 74' lang='grc' dir='ltr'>καὶ</span> <span class='ocrx_word' id='word_1_279' title='bbox 379 3677 865 3741; x_wconf 79' lang='grc' dir='ltr'>κατασκευάζουσα</span> <span class='ocrx_word' id='word_1_280' title='bbox 883 3693 897 3707; x_wconf 74' lang='grc'><strong><em>⁸</em></strong></span> <span class='ocrx_word' id='word_1_281' title='bbox 931 3679 1026 3731; x_wconf 75' lang='grc' dir='ltr'>καὶ</span> <span class='ocrx_word' id='word_1_282' title='bbox 1053 3677 1221 3731; x_wconf 76' lang='grc' dir='ltr'>πολλὰ</span> <span class='ocrx_word' id='word_1_283' title='bbox 1255 3676 1387 3739; x_wconf 81' lang='grc' dir='ltr'>ἄλλα</span> <span class='ocrx_word' id='word_1_284' title='bbox 1428 3678 1733 3748; x_wconf 88' lang='grc' dir='ltr'>πράγματά</span> 
     </span>
    </p>
   </div>
   <div class='ocr_carea' id='block_1_41' title="bbox 169 3758 1732 3841">
    <p class='ocr_par' dir='ltr' id='par_1_41' title="bbox 169 3758 1732 3841">
     <span class='ocr_line' id='line_1_41' title="bbox 169 3758 1732 3841; baseline 0.004 -28"><span class='ocrx_word' id='word_1_285' title='bbox 169 3758 316 3827; x_wconf 73' lang='grc' dir='ltr'>ἐστιν,</span> <span class='ocrx_word' id='word_1_286' title='bbox 346 3765 382 3820; x_wconf 78' lang='grc' dir='ltr'><strong>ὃ.</strong></span> <span class='ocrx_word' id='word_1_287' title='bbox 404 3768 507 3822; x_wconf 85' lang='grc' dir='ltr'>οὐκ</span> <span class='ocrx_word' id='word_1_288' title='bbox 539 3768 859 3839; x_wconf 82' lang='grc' dir='ltr'>ἀγνοοῦμεν,</span> <span class='ocrx_word' id='word_1_289' title='bbox 889 3768 1024 3822; x_wconf 86' lang='grc' dir='ltr'><strong>ἀλλά</strong></span> <span class='ocrx_word' id='word_1_290' title='bbox 1043 3768 1139 3821; x_wconf 85' lang='grc' dir='ltr'><strong>νῦν</strong></span> <span class='ocrx_word' id='word_1_291' title='bbox 1161 3769 1341 3839; x_wconf 81' lang='grc' dir='ltr'>λέγειν</span> <span class='ocrx_word' id='word_1_292' title='bbox 1374 3770 1437 3821; x_wconf 87' lang='grc' dir='ltr'>οὐ</span> <span class='ocrx_word' id='word_1_293' title='bbox 1472 3768 1732 3841; x_wconf 67' lang='grc' dir='ltr'>βουλόμεφ</span> 
     </span>
    </p>
   </div>
   <div class='ocr_carea' id='block_1_42' title="bbox 169 3846 1733 3931">
    <p class='ocr_par' dir='ltr' id='par_1_42' title="bbox 169 3846 1733 3931">
     <span class='ocr_line' id='line_1_42' title="bbox 169 3846 1733 3931; baseline 0.009 -32"><span class='ocrx_word' id='word_1_294' title='bbox 169 3846 258 3900; x_wconf 89' lang='grc' dir='ltr'>θα·</span> <span class='ocrx_word' id='word_1_295' title='bbox 286 3853 345 3905; x_wconf 80' lang='grc' dir='ltr'>οὐ</span> <span class='ocrx_word' id='word_1_296' title='bbox 379 3856 484 3928; x_wconf 85' lang='grc' dir='ltr'><strong>γὰρ</strong></span> <span class='ocrx_word' id='word_1_297' title='bbox 520 3857 678 3930; x_wconf 81' lang='grc' dir='ltr'>θέμις</span> <span class='ocrx_word' id='word_1_298' title='bbox 706 3857 776 3911; x_wconf 74' lang='grc' dir='ltr'><strong>τὰ</strong></span> <span class='ocrx_word' id='word_1_299' title='bbox 807 3859 992 3931; x_wconf 78' lang='grc' dir='ltr'>κρυφῆ</span> <span class='ocrx_word' id='word_1_300' title='bbox 1021 3860 1280 3931; x_wconf 89' lang='grc' dir='ltr'>γινόμενα</span> <span class='ocrx_word' id='word_1_301' title='bbox 1312 3860 1403 3915; x_wconf 80' lang='grc' dir='ltr'><strong>ὑπ’</strong></span> <span class='ocrx_word' id='word_1_302' title='bbox 1442 3861 1620 3914; x_wconf 82' lang='grc' dir='ltr'>αὐτῶν</span> <span class='ocrx_word' id='word_1_303' title='bbox 1652 3862 1733 3927; x_wconf 88' lang='grc' dir='ltr'><strong>είς</strong></span> 
     </span>
    </p>
   </div>
   <div class='ocr_carea' id='block_1_43' title="bbox 173 3939 1733 4024">
    <p class='ocr_par' dir='ltr' id='par_1_43' title="bbox 173 3939 1733 4024">
     <span class='ocr_line' id='line_1_43' title="bbox 173 3939 1733 4024; baseline -0.001 -18"><span class='ocrx_word' id='word_1_304' title='bbox 173 3939 318 4006; x_wconf 80' lang='grc' dir='ltr'>μέσον</span> <span class='ocrx_word' id='word_1_305' title='bbox 346 3945 520 4016; x_wconf 83' lang='grc' dir='ltr'>ἄγειν,</span> <span class='ocrx_word' id='word_1_306' title='bbox 547 3949 583 4003; x_wconf 79' lang='grc' dir='ltr'><strong>ἀ</strong></span> <span class='ocrx_word' id='word_1_307' title='bbox 603 3950 698 4004; x_wconf 77' lang='grc' dir='ltr'>καὶ</span> <span class='ocrx_word' id='word_1_308' title='bbox 721 3950 800 4021; x_wconf 83' lang='grc' dir='ltr'>τῷ</span> <span class='ocrx_word' id='word_1_309' title='bbox 829 3950 1008 4020; x_wconf 84' lang='grc' dir='ltr'>λέγειν</span> <span class='ocrx_word' id='word_1_310' title='bbox 1037 3952 1241 4024; x_wconf 87' lang='grc' dir='ltr'>αίσχρά</span> <span class='ocrx_word' id='word_1_311' title='bbox 1259 3951 1536 4022; x_wconf 85' lang='grc' dir='ltr'>τυγχάνει.</span> <span class='ocrx_word' id='word_1_312' title='bbox 1585 3951 1643 4004; x_wconf 85' lang='lat'><strong>&#39;0</strong></span> <span class='ocrx_word' id='word_1_313' title='bbox 1675 3952 1733 4005; x_wconf 85' lang='grc' dir='ltr'>δὲ</span> 
     </span>
    </p>
   </div>
   <div class='ocr_carea' id='block_1_44' title="bbox 172 4026 1732 4115">
    <p class='ocr_par' dir='ltr' id='par_1_44' title="bbox 172 4026 1732 4115">
     <span class='ocr_line' id='line_1_44' title="bbox 172 4026 1732 4115; baseline 0.003 -29"><span class='ocrx_word' id='word_1_314' title='bbox 172 4026 355 4099; x_wconf 76' lang='grc' dir='ltr'>λοιπὸν,</span> <span class='ocrx_word' id='word_1_315' title='bbox 402 4036 593 4112; x_wconf 81' lang='grc' dir='ltr'>ὥσπερ</span> <span class='ocrx_word' id='word_1_316' title='bbox 639 4056 723 4103; x_wconf 91' lang='grc' dir='ltr'><strong>τις</strong></span> <span class='ocrx_word' id='word_1_317' title='bbox 765 4040 916 4110; x_wconf 74' lang='grc' dir='ltr'>ἰχθὺς</span> <span class='ocrx_word' id='word_1_318' title='bbox 949 4039 1347 4110; x_wconf 80' lang='grc' dir='ltr'>ἀμφιϐλήστρῳ</span> <span class='ocrx_word' id='word_1_319' title='bbox 1380 4040 1536 4109; x_wconf 81' lang='grc' dir='ltr'>κακῷ</span> <span class='ocrx_word' id='word_1_320' title='bbox 1575 4054 1732 4115; x_wconf 87' lang='grc' dir='ltr'>περι-</span> 
     </span>
    </p>
   </div>
   <div class='ocr_carea' id='block_1_45' title="bbox 174 4120 1732 4203">
    <p class='ocr_par' dir='ltr' id='par_1_45' title="bbox 174 4120 1732 4203">
     <span class='ocr_line' id='line_1_45' title="bbox 174 4120 1732 4203; baseline 0.021 -32"><span class='ocrx_word' id='word_1_321' title='bbox 174 4120 389 4194; x_wconf 72' lang='grc' dir='ltr'>ϐληθεὶς,</span> <span class='ocrx_word' id='word_1_322' title='bbox 441 4131 531 4186; x_wconf 83' lang='grc' dir='ltr'><strong>διὰ</strong></span> <span class='ocrx_word' id='word_1_323' title='bbox 583 4131 692 4187; x_wconf 83' lang='grc' dir='ltr'>τῶν</span> <span class='ocrx_word' id='word_1_324' title='bbox 748 4131 979 4203; x_wconf 89' lang='grc' dir='ltr'>ίματίων</span> <span class='ocrx_word' id='word_1_325' title='bbox 1035 4133 1130 4185; x_wconf 74' lang='grc' dir='ltr'>καὶ</span> <span class='ocrx_word' id='word_1_326' title='bbox 1189 4132 1288 4202; x_wconf 80' lang='grc' dir='ltr'>τῆς</span> <span class='ocrx_word' id='word_1_327' title='bbox 1357 4130 1732 4201; x_wconf 81' lang='grc' dir='ltr'>θανατηφόρου</span> 
     </span>
    </p>
   </div>
   <div class='ocr_carea' id='block_1_46' title="bbox 175 4211 1732 4295">
    <p class='ocr_par' dir='ltr' id='par_1_46' title="bbox 175 4211 1732 4295">
     <span class='ocr_line' id='line_1_46' title="bbox 175 4211 1732 4295; baseline 0.004 -24"><span class='ocrx_word' id='word_1_328' title='bbox 175 4211 449 4287; x_wconf 77' lang='grc' dir='ltr'>ὑπηρεσίας</span> <span class='ocrx_word' id='word_1_329' title='bbox 511 4223 613 4295; x_wconf 77' lang='grc' dir='ltr'>τῆς</span> <span class='ocrx_word' id='word_1_330' title='bbox 665 4226 808 4279; x_wconf 85' lang='grc' dir='ltr'>κατὰ</span> <span class='ocrx_word' id='word_1_331' title='bbox 854 4223 1374 4295; x_wconf 86' lang='grc' dir='ltr'>ἀνθρωπαρέσκειαν</span> <span class='ocrx_word' id='word_1_332' title='bbox 1418 4223 1732 4294; x_wconf 78' lang='grc' dir='ltr'>γινομένης,</span> 
     </span>
    </p>
   </div>
   <div class='ocr_carea' id='block_1_47' title="bbox 178 4306 1730 4387">
    <p class='ocr_par' dir='ltr' id='par_1_47' title="bbox 178 4306 1730 4387">
     <span class='ocr_line' id='line_1_47' title="bbox 178 4306 1730 4387; baseline 0.012 -29"><span class='ocrx_word' id='word_1_333' title='bbox 178 4306 262 4359; x_wconf 76' lang='grc' dir='ltr'>καὶ</span> <span class='ocrx_word' id='word_1_334' title='bbox 308 4312 365 4364; x_wconf 83' lang='grc' dir='ltr'>οὐ</span> <span class='ocrx_word' id='word_1_335' title='bbox 418 4314 560 4369; x_wconf 86' lang='grc' dir='ltr'>κατὰ</span> <span class='ocrx_word' id='word_1_336' title='bbox 610 4314 939 4379; x_wconf 81' lang='grc' dir='ltr'>θεοσέϐειαν,</span> <span class='ocrx_word' id='word_1_337' title='bbox 988 4314 1309 4369; x_wconf 81' lang='grc' dir='ltr'>δεδούλωται</span> <span class='ocrx_word' id='word_1_338' title='bbox 1369 4314 1448 4385; x_wconf 82' lang='grc' dir='ltr'><strong>τῷ</strong></span> <span class='ocrx_word' id='word_1_339' title='bbox 1504 4314 1730 4387; x_wconf 69' lang='grc' dir='ltr'>γυναίῳ,</span> 
     </span>
    </p>
   </div>
   <div class='ocr_carea' id='block_1_48' title="bbox 181 4397 1733 4479">
    <p class='ocr_par' dir='ltr' id='par_1_48' title="bbox 181 4397 1733 4479">
     <span class='ocr_line' id='line_1_48' title="bbox 181 4397 1733 4479; baseline -0.003 -17"><span class='ocrx_word' id='word_1_340' title='bbox 181 4397 371 4462; x_wconf 77' lang='grc' dir='ltr'>μεθύων</span> <span class='ocrx_word' id='word_1_341' title='bbox 401 4408 460 4461; x_wconf 83' lang='grc' dir='ltr'>τὸ</span> <span class='ocrx_word' id='word_1_342' title='bbox 488 4407 765 4479; x_wconf 77' lang='grc' dir='ltr'>φρόνημα,</span> <span class='ocrx_word' id='word_1_343' title='bbox 799 4409 896 4460; x_wconf 75' lang='grc' dir='ltr'><strong>καὶ</strong></span> <span class='ocrx_word' id='word_1_344' title='bbox 924 4406 1350 4478; x_wconf 82' lang='grc' dir='ltr'>κραδαινόμενος</span> <span class='ocrx_word' id='word_1_345' title='bbox 1376 4406 1513 4469; x_wconf 87' lang='grc' dir='ltr'>ὅλως</span> <span class='ocrx_word' id='word_1_346' title='bbox 1541 4405 1733 4458; x_wconf 53' lang='grc' dir='ltr'>ἐκλύεθ</span> 
     </span>
    </p>
   </div>
   <div class='ocr_carea' id='block_1_49' title="bbox 179 4490 1731 4567">
    <p class='ocr_par' dir='ltr' id='par_1_49' title="bbox 179 4490 1731 4567">
     <span class='ocr_line' id='line_1_49' title="bbox 179 4490 1731 4567; baseline 0.005 -26"><span class='ocrx_word' id='word_1_347' title='bbox 179 4498 257 4538; x_wconf 73' lang='grc' dir='ltr'><strong>ται</strong></span> <span class='ocrx_word' id='word_1_348' title='bbox 287 4490 384 4545; x_wconf 77' lang='grc' dir='ltr'><strong>ὑπὸ</strong></span> <span class='ocrx_word' id='word_1_349' title='bbox 412 4496 521 4549; x_wconf 84' lang='grc' dir='ltr'>τῶν</span> <span class='ocrx_word' id='word_1_350' title='bbox 546 4495 871 4566; x_wconf 86' lang='grc' dir='ltr'>γυναικείων</span> <span class='ocrx_word' id='word_1_351' title='bbox 901 4496 1182 4567; x_wconf 73' lang='grc' dir='ltr'>ῥημάτων,</span> <span class='ocrx_word' id='word_1_352' title='bbox 1219 4496 1313 4548; x_wconf 79' lang='grc' dir='ltr'>καὶ</span> <span class='ocrx_word' id='word_1_353' title='bbox 1343 4493 1466 4548; x_wconf 76' lang='grc' dir='ltr'>οὔτε</span> <span class='ocrx_word' id='word_1_354' title='bbox 1497 4511 1731 4564; x_wconf 86' lang='grc' dir='ltr'>προσευ-</span> 
     </span>
    </p>
   </div>
   <div class='ocr_carea' id='block_1_50' title="bbox 180 4576 1796 4659">
    <p class='ocr_par' dir='ltr' id='par_1_50' title="bbox 180 4576 1796 4659">
     <span class='ocr_line' id='line_1_50' title="bbox 180 4576 1796 4659; baseline -0.002 -16"><span class='ocrx_word' id='word_1_355' title='bbox 180 4576 267 4648; x_wconf 76' lang='grc' dir='ltr'><strong>χῆς</strong></span> <span class='ocrx_word' id='word_1_356' title='bbox 307 4589 488 4657; x_wconf 81' lang='grc' dir='ltr'>καιρὸν</span> <span class='ocrx_word' id='word_1_357' title='bbox 528 4588 715 4642; x_wconf 78' lang='grc' dir='ltr'>λοιπὸν</span> <span class='ocrx_word' id='word_1_358' title='bbox 750 4586 1124 4657; x_wconf 74' lang='grc' dir='ltr'>ἐπιγινώσκει,</span> <span class='ocrx_word' id='word_1_359' title='bbox 1170 4586 1294 4639; x_wconf 76' lang='grc' dir='ltr'>οὔτε</span> <span class='ocrx_word' id='word_1_360' title='bbox 1331 4586 1426 4640; x_wconf 82' lang='grc' dir='ltr'><strong>ἐὰν</strong></span> <span class='ocrx_word' id='word_1_361' title='bbox 1459 4586 1608 4659; x_wconf 68' lang='grc' dir='ltr'>κύψῃ</span> <span class='ocrx_word' id='word_1_362' title='bbox 1636 4587 1732 4641; x_wconf 87' lang='grc' dir='ltr'><strong>τοῦ</strong></span> <span class='ocrx_word' id='word_1_363' title='bbox 1788 4649 1796 4658; x_wconf 31' lang='grc'><strong>⁸</strong></span> 
     </span>
    </p>
   </div>
   <div class='ocr_carea' id='block_1_51' title="bbox 183 4676 1734 4750">
    <p class='ocr_par' dir='ltr' id='par_1_51' title="bbox 183 4676 1734 4750">
     <span class='ocr_line' id='line_1_51' title="bbox 183 4676 1734 4750; baseline 0.003 -22"><span class='ocrx_word' id='word_1_364' title='bbox 183 4676 578 4748; x_wconf 79' lang='grc' dir='ltr'>προσεύξασθαι,</span> <span class='ocrx_word' id='word_1_365' title='bbox 620 4676 729 4735; x_wconf 83' lang='grc' dir='ltr'>οἶδε</span> <span class='ocrx_word' id='word_1_366' title='bbox 776 4680 831 4734; x_wconf 86' lang='grc' dir='ltr'><strong>τί</strong></span> <span class='ocrx_word' id='word_1_367' title='bbox 870 4680 1033 4743; x_wconf 84' lang='grc' dir='ltr'>ποιεῖ,</span> <span class='ocrx_word' id='word_1_368' title='bbox 1064 4677 1516 4750; x_wconf 78' lang='grc' dir='ltr'>ὲνοπτριζὸμενος</span> <span class='ocrx_word' id='word_1_369' title='bbox 1559 4695 1734 4750; x_wconf 87' lang='grc' dir='ltr'>χαρα-</span> 
     </span>
    </p>
   </div>
   <div class='ocr_carea' id='block_1_52' title="bbox 184 4762 1740 4844">
    <p class='ocr_par' dir='ltr' id='par_1_52' title="bbox 184 4762 1740 4844">
     <span class='ocr_line' id='line_1_52' title="bbox 184 4762 1740 4844; baseline 0.003 -26"><span class='ocrx_word' id='word_1_370' title='bbox 184 4762 340 4835; x_wconf 76' lang='grc' dir='ltr'>κτῆρα</span> <span class='ocrx_word' id='word_1_371' title='bbox 367 4770 647 4844; x_wconf 78' lang='grc' dir='ltr'>ἑταιρικῆς</span> <span class='ocrx_word' id='word_1_372' title='bbox 686 4771 1000 4835; x_wconf 83' lang='grc' dir='ltr'>διαθέσεως.</span> <span class='ocrx_word' id='word_1_373' title='bbox 1032 4769 1114 4823; x_wconf 88' lang='grc' dir='ltr'><strong>Τά</strong></span> <span class='ocrx_word' id='word_1_374' title='bbox 1142 4771 1304 4841; x_wconf 86' lang='grc' dir='ltr'>ὃμοια</span> <span class='ocrx_word' id='word_1_375' title='bbox 1334 4769 1391 4822; x_wconf 84' lang='grc' dir='ltr'>δὲ</span> <span class='ocrx_word' id='word_1_376' title='bbox 1434 4770 1614 4823; x_wconf 75' lang='grc' dir='ltr'>καὶτὸ</span> <span class='ocrx_word' id='word_1_377' title='bbox 1639 4769 1740 4838; x_wconf 85' lang='grc' dir='ltr'><strong>γύ-</strong></span> 
     </span>
    </p>
   </div>
   <div class='ocr_carea' id='block_1_53' title="bbox 184 4861 1745 4935">
    <p class='ocr_par' dir='ltr' id='par_1_53' title="bbox 184 4861 1745 4935">
     <span class='ocr_line' id='line_1_53' title="bbox 184 4861 1745 4935; baseline 0.012 -34"><span class='ocrx_word' id='word_1_378' title='bbox 184 4865 312 4909; x_wconf 84' lang='grc' dir='ltr'>ναιον</span> <span class='ocrx_word' id='word_1_379' title='bbox 340 4864 648 4935; x_wconf 79' lang='grc' dir='ltr'>συμπάσχει</span> <span class='ocrx_word' id='word_1_380' title='bbox 676 4862 755 4933; x_wconf 84' lang='grc' dir='ltr'>τῷ</span> <span class='ocrx_word' id='word_1_381' title='bbox 787 4863 1071 4932; x_wconf 82' lang='grc' dir='ltr'>πάσχοντι.</span> <span class='ocrx_word' id='word_1_382' title='bbox 1100 4862 1212 4915; x_wconf 78' lang='grc' dir='ltr'><strong>Καὶ</strong></span> <span class='ocrx_word' id='word_1_383' title='bbox 1237 4862 1275 4913; x_wconf 93' lang='grc' dir='ltr'><strong>Γ</strong></span> <span class='ocrx_word' id='word_1_384' title='bbox 1280 4862 1460 4933; x_wconf 86' lang='grc' dir='ltr'>ραφῆς</span> <span class='ocrx_word' id='word_1_385' title='bbox 1482 4861 1745 4928; x_wconf 80' lang='grc' dir='ltr'>ἀναγινω-</span> 
     </span>
    </p>
   </div>
   <div class='ocr_carea' id='block_1_54' title="bbox 188 4948 1743 5024">
    <p class='ocr_par' dir='ltr' id='par_1_54' title="bbox 188 4948 1743 5024">
     <span class='ocr_line' id='line_1_54' title="bbox 188 4948 1743 5024; baseline -0.001 -21"><span class='ocrx_word' id='word_1_386' title='bbox 188 4948 428 5021; x_wconf 80' lang='grc' dir='ltr'>σκομένης</span> <span class='ocrx_word' id='word_1_387' title='bbox 456 4951 782 5007; x_wconf 76' lang='grc' dir='ltr'>ἀϐλεπτοῦσι</span> <span class='ocrx_word' id='word_1_388' title='bbox 823 4951 925 5024; x_wconf 82' lang='grc' dir='ltr'>τὴν</span> <span class='ocrx_word' id='word_1_389' title='bbox 962 4950 1230 5004; x_wconf 70' lang='grc' dir='ltr'>διάνοιαν*</span> <span class='ocrx_word' id='word_1_390' title='bbox 1261 4950 1358 5004; x_wconf 80' lang='grc' dir='ltr'>καὶ</span> <span class='ocrx_word' id='word_1_391' title='bbox 1387 4951 1445 5003; x_wconf 80' lang='grc' dir='ltr'>ὲν</span> <span class='ocrx_word' id='word_1_392' title='bbox 1477 4948 1743 5019; x_wconf 71' lang='grc' dir='ltr'>ἐκκλησίᾳ</span> 
     </span>
    </p>
   </div>
   <div class='ocr_carea' id='block_1_55' title="bbox 189 5038 1743 5113">
    <p class='ocr_par' dir='ltr' id='par_1_55' title="bbox 189 5038 1743 5113">
     <span class='ocr_line' id='line_1_55' title="bbox 189 5038 1743 5113; baseline 0.001 -23"><span class='ocrx_word' id='word_1_393' title='bbox 189 5043 524 5109; x_wconf 60' lang='grc' dir='ltr'>προσομιλῶν</span> <span class='ocrx_word' id='word_1_394' title='bbox 549 5043 915 5113; x_wconf 79' lang='grc' dir='ltr'>λαλουμένων,</span> <span class='ocrx_word' id='word_1_395' title='bbox 947 5043 1051 5097; x_wconf 84' lang='grc' dir='ltr'>οὐκ</span> <span class='ocrx_word' id='word_1_396' title='bbox 1081 5042 1255 5096; x_wconf 85' lang='grc' dir='ltr'>οίδασι</span> <span class='ocrx_word' id='word_1_397' title='bbox 1279 5041 1333 5094; x_wconf 87' lang='grc' dir='ltr'><strong>τί</strong></span> <span class='ocrx_word' id='word_1_398' title='bbox 1359 5039 1634 5104; x_wconf 82' lang='grc' dir='ltr'>ἀκούουσι,</span> <span class='ocrx_word' id='word_1_399' title='bbox 1664 5038 1743 5111; x_wconf 79' lang='grc' dir='ltr'><strong>τῷ</strong></span> 
     </span>
    </p>
   </div>
   <div class='ocr_carea' id='block_1_56' title="bbox 190 5117 1740 5203">
    <p class='ocr_par' dir='ltr' id='par_1_56' title="bbox 190 5117 1740 5203">
     <span class='ocr_line' id='line_1_56' title="bbox 190 5117 1740 5203; baseline -0.001 -22"><span class='ocrx_word' id='word_1_400' title='bbox 190 5117 407 5194; x_wconf 80' lang='grc' dir='ltr'>ἀλλήλων</span> <span class='ocrx_word' id='word_1_401' title='bbox 426 5131 635 5203; x_wconf 76' lang='grc' dir='ltr'>αἰσχρῷ</span> <span class='ocrx_word' id='word_1_402' title='bbox 672 5130 835 5185; x_wconf 84' lang='grc' dir='ltr'>πάθει</span> <span class='ocrx_word' id='word_1_403' title='bbox 856 5129 1257 5201; x_wconf 84' lang='grc' dir='ltr'>δεδουλωμένοι·</span> <span class='ocrx_word' id='word_1_404' title='bbox 1281 5128 1454 5193; x_wconf 79' lang='grc' dir='ltr'>οὕτως</span> <span class='ocrx_word' id='word_1_405' title='bbox 1479 5126 1573 5181; x_wconf 84' lang='grc' dir='ltr'><strong>τοῦ</strong></span> <span class='ocrx_word' id='word_1_406' title='bbox 1606 5129 1740 5199; x_wconf 78' lang='grc' dir='ltr'>ἐρω-</span> 
     </span>
    </p>
   </div>
   <div class='ocr_carea' id='block_1_57' title="bbox 189 5216 1735 5296">
    <p class='ocr_par' dir='ltr' id='par_1_57' title="bbox 189 5216 1735 5296">
     <span class='ocr_line' id='line_1_57' title="bbox 189 5216 1735 5296; baseline 0.014 -33"><span class='ocrx_word' id='word_1_407' title='bbox 189 5216 319 5270; x_wconf 80' lang='grc' dir='ltr'>τικοῦ</span> <span class='ocrx_word' id='word_1_408' title='bbox 363 5226 454 5278; x_wconf 73' lang='grc' dir='ltr'>καὶ</span> <span class='ocrx_word' id='word_1_409' title='bbox 487 5222 786 5296; x_wconf 85' lang='grc' dir='ltr'>μανιώδους</span> <span class='ocrx_word' id='word_1_410' title='bbox 827 5222 1033 5287; x_wconf 87' lang='grc' dir='ltr'>πάθους</span> <span class='ocrx_word' id='word_1_411' title='bbox 1065 5221 1162 5293; x_wconf 82' lang='grc' dir='ltr'>τὴν</span> <span class='ocrx_word' id='word_1_412' title='bbox 1199 5220 1378 5293; x_wconf 78' lang='grc' dir='ltr'>ψυχὴν</span> <span class='ocrx_word' id='word_1_413' title='bbox 1412 5219 1735 5293; x_wconf 75' lang='grc' dir='ltr'>πηροῦντος,</span> 
     </span>
    </p>
   </div>
   <div class='ocr_carea' id='block_1_58' title="bbox 193 5299 1736 5384">
    <p class='ocr_par' dir='ltr' id='par_1_58' title="bbox 193 5299 1736 5384">
     <span class='ocr_line' id='line_1_58' title="bbox 193 5299 1736 5384; baseline 0 -18"><span class='ocrx_word' id='word_1_414' title='bbox 193 5299 274 5370; x_wconf 78' lang='grc' dir='ltr'><strong>ὡς,</strong></span> <span class='ocrx_word' id='word_1_415' title='bbox 300 5312 343 5364; x_wconf 81' lang='grc' dir='ltr'><strong>εί</strong></span> <span class='ocrx_word' id='word_1_416' title='bbox 365 5312 602 5383; x_wconf 81' lang='grc' dir='ltr'>δυνατὸν,</span> <span class='ocrx_word' id='word_1_417' title='bbox 639 5317 734 5370; x_wconf 57' lang='grc' dir='ltr'><strong>καὶ⁸</strong></span> <span class='ocrx_word' id='word_1_418' title='bbox 761 5314 871 5369; x_wconf 84' lang='grc' dir='ltr'><strong>τῶν</strong></span> <span class='ocrx_word' id='word_1_419' title='bbox 895 5315 1040 5369; x_wconf 84' lang='grc' dir='ltr'>ἰδίων</span> <span class='ocrx_word' id='word_1_420' title='bbox 1067 5314 1348 5384; x_wconf 86' lang='grc' dir='ltr'>ὀνομάτων</span> <span class='ocrx_word' id='word_1_421' title='bbox 1381 5310 1736 5367; x_wconf 77' lang='grc' dir='ltr'>ἐπιλανθάνε-</span> 
     </span>
    </p>
   </div>
   <div class='ocr_carea' id='block_1_59' title="bbox 196 5391 1739 5476">
    <p class='ocr_par' dir='ltr' id='par_1_59' title="bbox 196 5391 1739 5476">
     <span class='ocr_line' id='line_1_59' title="bbox 196 5391 1739 5476; baseline -0.001 -19"><span class='ocrx_word' id='word_1_422' title='bbox 196 5391 319 5452; x_wconf 75' lang='grc' dir='ltr'>σθαι.</span> <span class='ocrx_word' id='word_1_423' title='bbox 362 5404 619 5460; x_wconf 81' lang='grc' dir='ltr'>Τοσοῦτον</span> <span class='ocrx_word' id='word_1_424' title='bbox 663 5408 697 5474; x_wconf 83' lang='grc' dir='ltr'><strong>ή</strong></span> <span class='ocrx_word' id='word_1_425' title='bbox 730 5404 867 5476; x_wconf 84' lang='grc' dir='ltr'>γυνὴ</span> <span class='ocrx_word' id='word_1_426' title='bbox 909 5402 1232 5460; x_wconf 86' lang='grc' dir='ltr'>συνοικοῦσα</span> <span class='ocrx_word' id='word_1_427' title='bbox 1262 5402 1341 5473; x_wconf 88' lang='grc' dir='ltr'>τῷ</span> <span class='ocrx_word' id='word_1_428' title='bbox 1369 5402 1523 5474; x_wconf 71' lang='grc' dir='ltr'>ἀνδρὶ</span> <span class='ocrx_word' id='word_1_429' title='bbox 1547 5401 1739 5473; x_wconf 65' lang='grc' dir='ltr'>ἐκτρέο</span> 
     </span>
    </p>
   </div>
   <div class='ocr_carea' id='block_1_60' title="bbox 199 5488 1739 5570">
    <p class='ocr_par' dir='ltr' id='par_1_60' title="bbox 199 5488 1739 5570">
     <span class='ocr_line' id='line_1_60' title="bbox 199 5488 1739 5570; baseline 0.002 -27"><span class='ocrx_word' id='word_1_430' title='bbox 199 5494 277 5538; x_wconf 73' lang='grc' dir='ltr'>πει</span> <span class='ocrx_word' id='word_1_431' title='bbox 296 5490 376 5546; x_wconf 82' lang='grc' dir='ltr'>τὸν</span> <span class='ocrx_word' id='word_1_432' title='bbox 394 5488 633 5552; x_wconf 50' lang='grc' dir='ltr'>νοῦνἋοῦ</span> <span class='ocrx_word' id='word_1_433' title='bbox 659 5495 949 5570; x_wconf 85' lang='grc' dir='ltr'>ἀνθρώπου</span> <span class='ocrx_word' id='word_1_434' title='bbox 967 5512 985 5527; x_wconf 69' lang='grc' dir='ltr'><strong>ν</strong></span> <span class='ocrx_word' id='word_1_435' title='bbox 1013 5494 1267 5548; x_wconf 84' lang='grc' dir='ltr'>τοσοῦτον</span> <span class='ocrx_word' id='word_1_436' title='bbox 1297 5494 1327 5547; x_wconf 86' lang='grc' dir='ltr'>ὀ</span> <span class='ocrx_word' id='word_1_437' title='bbox 1354 5493 1493 5568; x_wconf 79' lang='grc' dir='ltr'>ἀνὴρ</span> <span class='ocrx_word' id='word_1_438' title='bbox 1517 5494 1739 5563; x_wconf 75' lang='grc' dir='ltr'>γυναικὶ</span> 
     </span>
    </p>
   </div>
   <div class='ocr_carea' id='block_1_61' title="bbox 1834 485 3406 559">
    <p class='ocr_par' dir='ltr' id='par_1_61' title="bbox 1834 485 3406 559">
     <span class='ocr_line' id='line_1_61' title="bbox 1834 485 3406 559; baseline 0.004 -19"><span class='ocrx_word' id='word_1_439' title='bbox 1834 485 1887 541; x_wconf 89' lang='lat' dir='ltr'><strong>lo</strong></span> <span class='ocrx_word' id='word_1_440' title='bbox 1915 499 2024 551; x_wconf 83' lang='lat' dir='ltr'><strong>tuo,</strong></span> <span class='ocrx_word' id='word_1_441' title='bbox 2058 498 2109 542; x_wconf 88' lang='lat' dir='ltr'><strong>et</strong></span> <span class='ocrx_word' id='word_1_442' title='bbox 2139 497 2264 542; x_wconf 77' lang='lat' dir='ltr'><strong>tum:</strong></span> <span class='ocrx_word' id='word_1_443' title='bbox 2306 488 2497 557; x_wconf 78' lang='lat' dir='ltr'><strong>poteris</strong></span> <span class='ocrx_word' id='word_1_444' title='bbox 2541 486 2732 557; x_wconf 84' lang='lat' dir='ltr'><strong>ejicere</strong></span> <span class='ocrx_word' id='word_1_445' title='bbox 2761 488 3037 557; x_wconf 69' lang='lat' dir='ltr'><strong>festucam,</strong></span> <span class='ocrx_word' id='word_1_446' title='bbox 3074 506 3194 559; x_wconf 68' lang='lat' dir='ltr'><strong>quae</strong></span> <span class='ocrx_word' id='word_1_447' title='bbox 3223 502 3298 547; x_wconf 77' lang='lat' dir='ltr'><strong>est</strong></span> <span class='ocrx_word' id='word_1_448' title='bbox 3344 494 3406 547; x_wconf 76' lang='lat' dir='ltr'><strong>in</strong></span> 
     </span>
    </p>
   </div>
   <div class='ocr_carea' id='block_1_62' title="bbox 1831 578 3406 648">
    <p class='ocr_par' dir='ltr' id='par_1_62' title="bbox 1831 578 3406 648">
     <span class='ocr_line' id='line_1_62' title="bbox 1831 578 3406 648; baseline 0.004 -15"><span class='ocrx_word' id='word_1_449' title='bbox 1831 578 1985 633; x_wconf 81' lang='lat' dir='ltr'><strong>oculo</strong></span> <span class='ocrx_word' id='word_1_450' title='bbox 2023 579 2209 648; x_wconf 77' lang='lat' dir='ltr'><strong>fratris</strong></span> <span class='ocrx_word' id='word_1_451' title='bbox 2253 578 2418 634; x_wconf 78' lang='lat' dir='ltr'><strong>uti&quot;.</strong></span> <span class='ocrx_word' id='word_1_452' title='bbox 2465 578 2745 645; x_wconf 85' lang='lat' dir='ltr'><strong>Quomodo</strong></span> <span class='ocrx_word' id='word_1_453' title='bbox 2770 594 2899 636; x_wconf 79' lang='lat' dir='ltr'><strong>vero</strong></span> <span class='ocrx_word' id='word_1_454' title='bbox 2926 591 2981 636; x_wconf 92' lang='lat' dir='ltr'><strong>et</strong></span> <span class='ocrx_word' id='word_1_455' title='bbox 3023 582 3091 636; x_wconf 92' lang='lat' dir='ltr'><strong>de</strong></span> <span class='ocrx_word' id='word_1_456' title='bbox 3122 582 3406 640; x_wconf 80' lang='lat' dir='ltr'><strong>honestate</strong></span> 
     </span>
    </p>
   </div>
   <div class='ocr_carea' id='block_1_63' title="bbox 1831 668 3402 739">
    <p class='ocr_par' dir='ltr' id='par_1_63' title="bbox 1831 668 3402 739">
     <span class='ocr_line' id='line_1_63' title="bbox 1831 668 3402 739; baseline 0.005 -16"><span class='ocrx_word' id='word_1_457' title='bbox 1831 669 1974 739; x_wconf 83' lang='lat' dir='ltr'><strong>loqui</strong></span> <span class='ocrx_word' id='word_1_458' title='bbox 2001 670 2245 734; x_wconf 82' lang='lat' dir='ltr'><strong>audebis,</strong></span> <span class='ocrx_word' id='word_1_459' title='bbox 2285 668 2400 735; x_wconf 85' lang='lat' dir='ltr'><strong>ipse</strong></span> <span class='ocrx_word' id='word_1_460' title='bbox 2428 670 2807 739; x_wconf 88' lang='lat' dir='ltr'><strong>intemperanti</strong></span> <span class='ocrx_word' id='word_1_461' title='bbox 2849 671 3133 727; x_wconf 87' lang='lat' dir='ltr'><strong>mulierum</strong></span> <span class='ocrx_word' id='word_1_462' title='bbox 3190 674 3402 731; x_wconf 77' lang='lat' dir='ltr'><strong>insania</strong></span> 
     </span>
    </p>
   </div>
   <div class='ocr_carea' id='block_1_64' title="bbox 1831 760 3399 833">
    <p class='ocr_par' dir='ltr' id='par_1_64' title="bbox 1831 760 3399 833">
     <span class='ocr_line' id='line_1_64' title="bbox 1831 760 3399 833; baseline 0.002 -16"><span class='ocrx_word' id='word_1_463' title='bbox 1831 760 2155 830; x_wconf 73' lang='lat' dir='ltr'><strong>correptus?</strong></span> <span class='ocrx_word' id='word_1_464' title='bbox 2193 760 2302 817; x_wconf 76' lang='lat' dir='ltr'><strong>Aut</strong></span> <span class='ocrx_word' id='word_1_465' title='bbox 2332 761 2603 831; x_wconf 88' lang='lat' dir='ltr'><strong>quomodo</strong></span> <span class='ocrx_word' id='word_1_466' title='bbox 2632 776 2696 817; x_wconf 87' lang='lat' dir='ltr'><strong>ea</strong></span> <span class='ocrx_word' id='word_1_467' title='bbox 2736 777 2856 831; x_wconf 61' lang='lat' dir='ltr'><strong>quae</strong></span> <span class='ocrx_word' id='word_1_468' title='bbox 2890 761 3157 830; x_wconf 73' lang='lat' dir='ltr'><strong>justitiam</strong></span> <span class='ocrx_word' id='word_1_469' title='bbox 3188 765 3399 833; x_wconf 86' lang='lat' dir='ltr'><strong>decent,</strong></span> 
     </span>
    </p>
   </div>
   <div class='ocr_carea' id='block_1_65' title="bbox 1829 851 3404 921">
    <p class='ocr_par' dir='ltr' id='par_1_65' title="bbox 1829 851 3404 921">
     <span class='ocr_line' id='line_1_65' title="bbox 1829 851 3404 921; baseline 0.002 -14"><span class='ocrx_word' id='word_1_470' title='bbox 1829 851 2081 916; x_wconf 76' lang='lat' dir='ltr'><strong>edocure,</strong></span> <span class='ocrx_word' id='word_1_471' title='bbox 2112 852 2229 921; x_wconf 89' lang='lat' dir='ltr'><strong>ipse</strong></span> <span class='ocrx_word' id='word_1_472' title='bbox 2257 852 2326 907; x_wconf 86' lang='lat' dir='ltr'><strong>ab</strong></span> <span class='ocrx_word' id='word_1_473' title='bbox 2366 851 2627 917; x_wconf 89' lang='lat' dir='ltr'><strong>injustitia</strong></span> <span class='ocrx_word' id='word_1_474' title='bbox 2660 852 2978 908; x_wconf 79' lang='lat' dir='ltr'><strong>devinctus?</strong></span> <span class='ocrx_word' id='word_1_475' title='bbox 3008 853 3288 909; x_wconf 82' lang='lat' dir='ltr'><strong>Medeatur</strong></span> <span class='ocrx_word' id='word_1_476' title='bbox 3308 856 3404 910; x_wconf 85' lang='lat' dir='ltr'><strong>ita-</strong></span> 
     </span>
    </p>
   </div>
   <div class='ocr_carea' id='block_1_66' title="bbox 1828 940 3403 1010">
    <p class='ocr_par' dir='ltr' id='par_1_66' title="bbox 1828 940 3403 1010">
     <span class='ocr_line' id='line_1_66' title="bbox 1828 940 3403 1010; baseline 0.004 -17"><span class='ocrx_word' id='word_1_477' title='bbox 1828 954 1935 1010; x_wconf 89' lang='lat' dir='ltr'><strong>que</strong></span> <span class='ocrx_word' id='word_1_478' title='bbox 1966 940 2196 1007; x_wconf 89' lang='lat' dir='ltr'><strong>primum</strong></span> <span class='ocrx_word' id='word_1_479' title='bbox 2235 940 2326 1009; x_wconf 90' lang='lat' dir='ltr'><strong>qul</strong></span> <span class='ocrx_word' id='word_1_480' title='bbox 2377 940 2683 1010; x_wconf 73' lang='lat' dir='ltr'><strong>huiusmodi</strong></span> <span class='ocrx_word' id='word_1_481' title='bbox 2739 949 2842 1005; x_wconf 90' lang='lat' dir='ltr'><strong>est,</strong></span> <span class='ocrx_word' id='word_1_482' title='bbox 2898 941 3023 997; x_wconf 83' lang='lat' dir='ltr'><strong>huic</strong></span> <span class='ocrx_word' id='word_1_483' title='bbox 3051 943 3289 1009; x_wconf 85' lang='lat' dir='ltr'><strong>vulneri;</strong></span> <span class='ocrx_word' id='word_1_484' title='bbox 3345 954 3403 1000; x_wconf 87' lang='lat' dir='ltr'><strong>et</strong></span> 
     </span>
    </p>
   </div>
   <div class='ocr_carea' id='block_1_67' title="bbox 1830 1032 3391 1104">
    <p class='ocr_par' dir='ltr' id='par_1_67' title="bbox 1830 1032 3391 1104">
     <span class='ocr_line' id='line_1_67' title="bbox 1830 1032 3391 1104; baseline 0.003 -19"><span class='ocrx_word' id='word_1_485' title='bbox 1830 1041 1958 1088; x_wconf 90' lang='lat' dir='ltr'><strong>tunc</strong></span> <span class='ocrx_word' id='word_1_486' title='bbox 2003 1032 2199 1104; x_wconf 89' lang='lat' dir='ltr'><strong>poterit</strong></span> <span class='ocrx_word' id='word_1_487' title='bbox 2244 1032 2499 1088; x_wconf 64' lang='lat' dir='ltr'><strong>fraternae</strong></span> <span class='ocrx_word' id='word_1_488' title='bbox 2539 1032 2699 1087; x_wconf 86' lang='lat' dir='ltr'><strong>vibici</strong></span> <span class='ocrx_word' id='word_1_489' title='bbox 2740 1033 3001 1089; x_wconf 84' lang='lat' dir='ltr'><strong>adhibere</strong></span> <span class='ocrx_word' id='word_1_490' title='bbox 3045 1034 3391 1103; x_wconf 77' lang='lat' dir='ltr'><strong>medicinam,</strong></span> 
     </span>
    </p>
   </div>
   <div class='ocr_carea' id='block_1_68' title="bbox 1828 1124 3403 1183">
    <p class='ocr_par' dir='ltr' id='par_1_68' title="bbox 1828 1124 3403 1183">
     <span class='ocr_line' id='line_1_68' title="bbox 1828 1124 3403 1183; baseline 0.003 -5"><span class='ocrx_word' id='word_1_491' title='bbox 1828 1124 2008 1180; x_wconf 83' lang='lat' dir='ltr'><strong>verbis</strong></span> <span class='ocrx_word' id='word_1_492' title='bbox 2032 1124 2229 1180; x_wconf 82' lang='lat' dir='ltr'><strong>divinis</strong></span> <span class='ocrx_word' id='word_1_493' title='bbox 2285 1124 2430 1180; x_wconf 89' lang='lat' dir='ltr'><strong>illius</strong></span> <span class='ocrx_word' id='word_1_494' title='bbox 2484 1124 2719 1179; x_wconf 89' lang='lat' dir='ltr'><strong>animam</strong></span> <span class='ocrx_word' id='word_1_495' title='bbox 2755 1126 3134 1181; x_wconf 82' lang='lat' dir='ltr'><strong>corroborans.</strong></span> <span class='ocrx_word' id='word_1_496' title='bbox 3193 1126 3403 1183; x_wconf 65' lang='lat' dir='ltr'><strong>Anima</strong></span> 
     </span>
    </p>
   </div>
   <div class='ocr_carea' id='block_1_69' title="bbox 1828 1215 3397 1283">
    <p class='ocr_par' dir='ltr' id='par_1_69' title="bbox 1828 1215 3397 1283">
     <span class='ocr_line' id='line_1_69' title="bbox 1828 1215 3397 1283; baseline 0.001 -13"><span class='ocrx_word' id='word_1_497' title='bbox 1828 1215 2031 1270; x_wconf 85' lang='lat' dir='ltr'><strong>etenim</strong></span> <span class='ocrx_word' id='word_1_498' title='bbox 2060 1215 2256 1271; x_wconf 91' lang='lat' dir='ltr'><strong>vulnus</strong></span> <span class='ocrx_word' id='word_1_499' title='bbox 2293 1215 2495 1270; x_wconf 87' lang='lat' dir='ltr'><strong>sanctis</strong></span> <span class='ocrx_word' id='word_1_500' title='bbox 2525 1216 2706 1271; x_wconf 81' lang='lat' dir='ltr'><strong>verbis</strong></span> <span class='ocrx_word' id='word_1_501' title='bbox 2763 1215 3068 1283; x_wconf 86' lang='lat' dir='ltr'><strong>delinitum,</strong></span> <span class='ocrx_word' id='word_1_502' title='bbox 3115 1216 3397 1272; x_wconf 87' lang='lat' dir='ltr'><strong>allevatur.</strong></span> 
     </span>
    </p>
   </div>
   <div class='ocr_carea' id='block_1_70' title="bbox 1837 1304 3401 1375">
    <p class='ocr_par' dir='ltr' id='par_1_70' title="bbox 1837 1304 3401 1375">
     <span class='ocr_line' id='line_1_70' title="bbox 1837 1304 3401 1375; baseline 0.003 -17"><span class='ocrx_word' id='word_1_503' title='bbox 1837 1304 2202 1371; x_wconf 84' lang='lat' dir='ltr'><strong>Quamobrem</strong></span> <span class='ocrx_word' id='word_1_504' title='bbox 2253 1305 2475 1360; x_wconf 85' lang='lat' dir='ltr'><strong>hortare</strong></span> <span class='ocrx_word' id='word_1_505' title='bbox 2497 1320 2687 1360; x_wconf 90' lang='lat' dir='ltr'><strong>omnes</strong></span> <span class='ocrx_word' id='word_1_506' title='bbox 2722 1306 2998 1371; x_wconf 87' lang='lat' dir='ltr'><strong>homines,</strong></span> <span class='ocrx_word' id='word_1_507' title='bbox 3051 1320 3147 1363; x_wconf 86' lang='lat' dir='ltr'><strong>eos</strong></span> <span class='ocrx_word' id='word_1_508' title='bbox 3183 1307 3401 1375; x_wconf 78' lang='lat' dir='ltr'><strong>quidem</strong></span> 
     </span>
    </p>
   </div>
   <div class='ocr_carea' id='block_1_71' title="bbox 1828 1396 3406 1465">
    <p class='ocr_par' dir='ltr' id='par_1_71' title="bbox 1828 1396 3406 1465">
     <span class='ocr_line' id='line_1_71' title="bbox 1828 1396 3406 1465; baseline 0.004 -16"><span class='ocrx_word' id='word_1_509' title='bbox 1828 1397 1921 1465; x_wconf 91' lang='lat' dir='ltr'><strong>qui</strong></span> <span class='ocrx_word' id='word_1_510' title='bbox 1954 1406 2307 1461; x_wconf 88' lang='lat' dir='ltr'><strong>uruntur,ut,</strong></span> <span class='ocrx_word' id='word_1_511' title='bbox 2337 1396 2381 1451; x_wconf 91' lang='lat' dir='ltr'><strong>si</strong></span> <span class='ocrx_word' id='word_1_512' title='bbox 2414 1396 2598 1463; x_wconf 79' lang='lat' dir='ltr'><strong>velint,</strong></span> <span class='ocrx_word' id='word_1_513' title='bbox 2633 1410 2856 1452; x_wconf 78' lang='lat' dir='ltr'><strong>uxorem</strong></span> <span class='ocrx_word' id='word_1_514' title='bbox 2887 1399 3152 1453; x_wconf 89' lang='lat' dir='ltr'><strong>ducantin</strong></span> <span class='ocrx_word' id='word_1_515' title='bbox 3184 1398 3406 1455; x_wconf 84' lang='lat' dir='ltr'><strong>Christo</strong></span> 
     </span>
    </p>
   </div>
   <div class='ocr_carea' id='block_1_72' title="bbox 1831 1486 3405 1556">
    <p class='ocr_par' dir='ltr' id='par_1_72' title="bbox 1831 1486 3405 1556">
     <span class='ocr_line' id='line_1_72' title="bbox 1831 1486 3405 1556; baseline 0.001 -15"><span class='ocrx_word' id='word_1_516' title='bbox 1831 1486 2087 1554; x_wconf 78' lang='lat' dir='ltr'><strong>(Scientes</strong></span> <span class='ocrx_word' id='word_1_517' title='bbox 2115 1496 2294 1539; x_wconf 88' lang='lat' dir='ltr'><strong>tamen</strong></span> <span class='ocrx_word' id='word_1_518' title='bbox 2335 1486 2480 1556; x_wconf 90' lang='lat' dir='ltr'><strong>quod</strong></span> <span class='ocrx_word' id='word_1_519' title='bbox 2525 1502 2630 1541; x_wconf 88' lang='lat' dir='ltr'><strong>una</strong></span> <span class='ocrx_word' id='word_1_520' title='bbox 2665 1488 2755 1541; x_wconf 87' lang='lat' dir='ltr'><strong>uni</strong></span> <span class='ocrx_word' id='word_1_521' title='bbox 2797 1486 3024 1542; x_wconf 81' lang='lat' dir='ltr'><strong>formata</strong></span> <span class='ocrx_word' id='word_1_522' title='bbox 3083 1488 3263 1555; x_wconf 82' lang='lat' dir='ltr'><strong>fuerit,</strong></span> <span class='ocrx_word' id='word_1_523' title='bbox 3299 1488 3405 1543; x_wconf 83' lang='lat' dir='ltr'><strong>La-</strong></span> 
     </span>
    </p>
   </div>
   <div class='ocr_carea' id='block_1_73' title="bbox 1830 1575 3407 1647">
    <p class='ocr_par' dir='ltr' id='par_1_73' title="bbox 1830 1575 3407 1647">
     <span class='ocr_line' id='line_1_73' title="bbox 1830 1575 3407 1647; baseline 0.003 -18"><span class='ocrx_word' id='word_1_524' title='bbox 1830 1575 1984 1630; x_wconf 86' lang='lat' dir='ltr'><strong>mecb</strong></span> <span class='ocrx_word' id='word_1_525' title='bbox 2012 1588 2139 1630; x_wconf 88' lang='lat' dir='ltr'><strong>vero</strong></span> <span class='ocrx_word' id='word_1_526' title='bbox 2167 1576 2391 1644; x_wconf 89' lang='lat' dir='ltr'><strong>primus,</strong></span> <span class='ocrx_word' id='word_1_527' title='bbox 2414 1575 2506 1645; x_wconf 89' lang='lat' dir='ltr'><strong>qui</strong></span> <span class='ocrx_word' id='word_1_528' title='bbox 2543 1592 2571 1628; x_wconf 88' lang='lat' dir='ltr'><strong>a</strong></span> <span class='ocrx_word' id='word_1_529' title='bbox 2602 1576 2735 1632; x_wconf 91' lang='lat' dir='ltr'><strong>Cain</strong></span> <span class='ocrx_word' id='word_1_530' title='bbox 2779 1591 2947 1647; x_wconf 75' lang='lat' dir='ltr'><strong>genus</strong></span> <span class='ocrx_word' id='word_1_531' title='bbox 2970 1578 3222 1644; x_wconf 87' lang='lat' dir='ltr'><strong>ducebat,</strong></span> <span class='ocrx_word' id='word_1_532' title='bbox 3256 1593 3407 1633; x_wconf 83' lang='lat' dir='ltr'><strong>acce-</strong></span> 
     </span>
    </p>
   </div>
   <div class='ocr_carea' id='block_1_74' title="bbox 1829 1671 3406 1743">
    <p class='ocr_par' dir='ltr' id='par_1_74' title="bbox 1829 1671 3406 1743">
     <span class='ocr_line' id='line_1_74' title="bbox 1829 1671 3406 1743; baseline 0.003 -19"><span class='ocrx_word' id='word_1_533' title='bbox 1829 1671 1905 1740; x_wconf 81' lang='lat' dir='ltr'><strong>pit</strong></span> <span class='ocrx_word' id='word_1_534' title='bbox 1952 1671 2053 1725; x_wconf 84' lang='lat' dir='ltr'><strong>sibi</strong></span> <span class='ocrx_word' id='word_1_535' title='bbox 2102 1673 2234 1726; x_wconf 77' lang='lat' dir='ltr'><strong>duas</strong></span> <span class='ocrx_word' id='word_1_536' title='bbox 2277 1687 2465 1726; x_wconf 74' lang='lat' dir='ltr'><strong>uxores</strong></span> <span class='ocrx_word' id='word_1_537' title='bbox 2498 1672 2564 1729; x_wconf 76' lang='grc'><strong>⁸⁸.</strong></span> <span class='ocrx_word' id='word_1_538' title='bbox 2629 1672 2745 1727; x_wconf 87' lang='lat' dir='ltr'><strong>Sibi</strong></span> <span class='ocrx_word' id='word_1_539' title='bbox 2799 1684 2979 1728; x_wconf 91' lang='lat' dir='ltr'><strong>autem</strong></span> <span class='ocrx_word' id='word_1_540' title='bbox 3014 1675 3282 1743; x_wconf 79' lang='lat' dir='ltr'><strong>accipere,</strong></span> <span class='ocrx_word' id='word_1_541' title='bbox 3320 1683 3406 1731; x_wconf 86' lang='lat' dir='ltr'><strong>est</strong></span> 
     </span>
    </p>
   </div>
   <div class='ocr_carea' id='block_1_75' title="bbox 1831 1760 3408 1833">
    <p class='ocr_par' dir='ltr' id='par_1_75' title="bbox 1831 1760 3408 1833">
     <span class='ocr_line' id='line_1_75' title="bbox 1831 1760 3408 1833; baseline 0.004 -20"><span class='ocrx_word' id='word_1_542' title='bbox 1831 1775 1938 1813; x_wconf 91' lang='lat' dir='ltr'><strong>non</strong></span> <span class='ocrx_word' id='word_1_543' title='bbox 1967 1761 2267 1815; x_wconf 86' lang='lat' dir='ltr'><strong>secundum</strong></span> <span class='ocrx_word' id='word_1_544' title='bbox 2318 1760 2412 1815; x_wconf 90' lang='lat' dir='ltr'><strong>Dei</strong></span> <span class='ocrx_word' id='word_1_545' title='bbox 2453 1760 2870 1830; x_wconf 87' lang='lat' dir='ltr'><strong>beueplacitum.</strong></span> <span class='ocrx_word' id='word_1_546' title='bbox 2903 1761 3213 1833; x_wconf 74' lang='lat' dir='ltr'><strong>Polygamia</strong></span> <span class='ocrx_word' id='word_1_547' title='bbox 3256 1778 3408 1819; x_wconf 87' lang='lat' dir='ltr'><strong>nam-</strong></span> 
     </span>
    </p>
   </div>
   <div class='ocr_carea' id='block_1_76' title="bbox 1828 1850 3404 1921">
    <p class='ocr_par' dir='ltr' id='par_1_76' title="bbox 1828 1850 3404 1921">
     <span class='ocr_line' id='line_1_76' title="bbox 1828 1850 3404 1921; baseline 0.005 -20"><span class='ocrx_word' id='word_1_548' title='bbox 1828 1858 1954 1919; x_wconf 75' lang='lat' dir='ltr'><strong>que,</strong></span> <span class='ocrx_word' id='word_1_549' title='bbox 2012 1850 2250 1921; x_wconf 80' lang='lat' dir='ltr'><strong>coniugii</strong></span> <span class='ocrx_word' id='word_1_550' title='bbox 2292 1851 2510 1921; x_wconf 86' lang='lat' dir='ltr'><strong>quidem</strong></span> <span class='ocrx_word' id='word_1_551' title='bbox 2547 1865 2741 1907; x_wconf 89' lang='lat' dir='ltr'><strong>nomen</strong></span> <span class='ocrx_word' id='word_1_552' title='bbox 2804 1852 2983 1920; x_wconf 83' lang='lat' dir='ltr'><strong>habet,</strong></span> <span class='ocrx_word' id='word_1_553' title='bbox 3030 1855 3126 1909; x_wconf 87' lang='lat' dir='ltr'><strong>sed</strong></span> <span class='ocrx_word' id='word_1_554' title='bbox 3178 1854 3404 1910; x_wconf 82' lang='lat' dir='ltr'><strong>honesta</strong></span> 
     </span>
    </p>
   </div>
   <div class='ocr_carea' id='block_1_77' title="bbox 1826 1940 3406 2015">
    <p class='ocr_par' dir='ltr' id='par_1_77' title="bbox 1826 1940 3406 2015">
     <span class='ocr_line' id='line_1_77' title="bbox 1826 1940 3406 2015; baseline 0.003 -19"><span class='ocrx_word' id='word_1_555' title='bbox 1826 1940 2112 1997; x_wconf 82' lang='lat' dir='ltr'><strong>fornicatio</strong></span> <span class='ocrx_word' id='word_1_556' title='bbox 2154 1942 2296 2012; x_wconf 88' lang='lat' dir='ltr'><strong>est),</strong></span> <span class='ocrx_word' id='word_1_557' title='bbox 2363 1958 2457 1999; x_wconf 86' lang='lat' dir='ltr'><strong>eos</strong></span> <span class='ocrx_word' id='word_1_558' title='bbox 2495 1958 2623 1998; x_wconf 87' lang='lat' dir='ltr'><strong>vero</strong></span> <span class='ocrx_word' id='word_1_559' title='bbox 2667 1944 2760 2015; x_wconf 90' lang='lat' dir='ltr'><strong>qui</strong></span> <span class='ocrx_word' id='word_1_560' title='bbox 2812 1944 3195 1999; x_wconf 90' lang='lat' dir='ltr'><strong>continentiam</strong></span> <span class='ocrx_word' id='word_1_561' title='bbox 3237 1945 3406 2014; x_wconf 81' lang='lat' dir='ltr'><strong>protl-</strong></span> 
     </span>
    </p>
   </div>
   <div class='ocr_carea' id='block_1_78' title="bbox 1825 2035 3405 2105">
    <p class='ocr_par' dir='ltr' id='par_1_78' title="bbox 1825 2035 3405 2105">
     <span class='ocr_line' id='line_1_78' title="bbox 1825 2035 3405 2105; baseline 0.004 -19"><span class='ocrx_word' id='word_1_562' title='bbox 1825 2039 2028 2101; x_wconf 88' lang='lat' dir='ltr'><strong>tentur,</strong></span> <span class='ocrx_word' id='word_1_563' title='bbox 2060 2044 2116 2088; x_wconf 91' lang='lat' dir='ltr'><strong>ut</strong></span> <span class='ocrx_word' id='word_1_564' title='bbox 2151 2035 2393 2103; x_wconf 80' lang='lat' dir='ltr'><strong>perfecte</strong></span> <span class='ocrx_word' id='word_1_565' title='bbox 2438 2036 2490 2090; x_wconf 94' lang='lat' dir='ltr'><strong>in</strong></span> <span class='ocrx_word' id='word_1_566' title='bbox 2524 2035 2739 2091; x_wconf 86' lang='lat' dir='ltr'><strong>Christo</strong></span> <span class='ocrx_word' id='word_1_567' title='bbox 2773 2045 3101 2105; x_wconf 80' lang='lat' dir='ltr'><strong>exerceant,</strong></span> <span class='ocrx_word' id='word_1_568' title='bbox 3152 2050 3252 2092; x_wconf 88' lang='lat' dir='ltr'><strong>nec</strong></span> <span class='ocrx_word' id='word_1_569' title='bbox 3279 2051 3405 2092; x_wconf 75' lang='lat' dir='ltr'><strong>ver-</strong></span> 
     </span>
    </p>
   </div>
   <div class='ocr_carea' id='block_1_79' title="bbox 1826 2124 3408 2196">
    <p class='ocr_par' dir='ltr' id='par_1_79' title="bbox 1826 2124 3408 2196">
     <span class='ocr_line' id='line_1_79' title="bbox 1826 2124 3408 2196; baseline 0 -16"><span class='ocrx_word' id='word_1_570' title='bbox 1826 2124 1896 2181; x_wconf 91' lang='lat' dir='ltr'><strong>bo</strong></span> <span class='ocrx_word' id='word_1_571' title='bbox 1925 2126 2140 2196; x_wconf 88' lang='lat' dir='ltr'><strong>quidem</strong></span> <span class='ocrx_word' id='word_1_572' title='bbox 2179 2127 2645 2196; x_wconf 85' lang='lat' dir='ltr'><strong>philosophentur,</strong></span> <span class='ocrx_word' id='word_1_573' title='bbox 2696 2142 2811 2181; x_wconf 93' lang='lat' dir='ltr'><strong>rem</strong></span> <span class='ocrx_word' id='word_1_574' title='bbox 2858 2135 3036 2182; x_wconf 84' lang='lat' dir='ltr'><strong>tamen</strong></span> <span class='ocrx_word' id='word_1_575' title='bbox 3072 2125 3408 2191; x_wconf 78' lang='lat' dir='ltr'><strong>clandestino</strong></span> 
     </span>
    </p>
   </div>
   <div class='ocr_carea' id='block_1_80' title="bbox 1830 2215 3406 2285">
    <p class='ocr_par' dir='ltr' id='par_1_80' title="bbox 1830 2215 3406 2285">
     <span class='ocr_line' id='line_1_80' title="bbox 1830 2215 3406 2285; baseline -0.001 -14"><span class='ocrx_word' id='word_1_576' title='bbox 1830 2223 2165 2285; x_wconf 86' lang='lat' dir='ltr'><strong>perpetrent.</strong></span> <span class='ocrx_word' id='word_1_577' title='bbox 2218 2215 2403 2285; x_wconf 82' lang='lat' dir='ltr'><strong>Neque</strong></span> <span class='ocrx_word' id='word_1_578' title='bbox 2438 2232 2622 2272; x_wconf 86' lang='lat' dir='ltr'><strong>rursus</strong></span> <span class='ocrx_word' id='word_1_579' title='bbox 2650 2217 2890 2272; x_wconf 86' lang='lat' dir='ltr'><strong>animum</strong></span> <span class='ocrx_word' id='word_1_580' title='bbox 2936 2217 3187 2272; x_wconf 83' lang='lat' dir='ltr'><strong>humanis</strong></span> <span class='ocrx_word' id='word_1_581' title='bbox 3231 2215 3406 2271; x_wconf 85' lang='lat' dir='ltr'><strong>oculis</strong></span> 
     </span>
    </p>
   </div>
   <div class='ocr_carea' id='block_1_81' title="bbox 1831 2306 3406 2377">
    <p class='ocr_par' dir='ltr' id='par_1_81' title="bbox 1831 2306 3406 2377">
     <span class='ocr_line' id='line_1_81' title="bbox 1831 2306 3406 2377; baseline 0.001 -16"><span class='ocrx_word' id='word_1_582' title='bbox 1831 2306 2120 2371; x_wconf 81' lang='lat' dir='ltr'><strong>advertite,</strong></span> <span class='ocrx_word' id='word_1_583' title='bbox 2148 2307 2291 2376; x_wconf 88' lang='lat' dir='ltr'><strong>quod</strong></span> <span class='ocrx_word' id='word_1_584' title='bbox 2336 2322 2530 2377; x_wconf 87' lang='lat' dir='ltr'><strong>nempe</strong></span> <span class='ocrx_word' id='word_1_585' title='bbox 2578 2323 2683 2363; x_wconf 90' lang='lat' dir='ltr'><strong>non</strong></span> <span class='ocrx_word' id='word_1_586' title='bbox 2736 2307 3048 2375; x_wconf 89' lang='lat' dir='ltr'><strong>videamini,</strong></span> <span class='ocrx_word' id='word_1_587' title='bbox 3103 2306 3406 2376; x_wconf 84' lang='lat' dir='ltr'><strong>parietibus</strong></span> 
     </span>
    </p>
   </div>
   <div class='ocr_carea' id='block_1_82' title="bbox 1826 2400 3407 2471">
    <p class='ocr_par' dir='ltr' id='par_1_82' title="bbox 1826 2400 3407 2471">
     <span class='ocr_line' id='line_1_82' title="bbox 1826 2400 3407 2471; baseline 0.001 -17"><span class='ocrx_word' id='word_1_588' title='bbox 1826 2415 1927 2455; x_wconf 81' lang='lat' dir='ltr'><strong>vos</strong></span> <span class='ocrx_word' id='word_1_589' title='bbox 1952 2400 2378 2471; x_wconf 89' lang='lat' dir='ltr'><strong>circumquaque</strong></span> <span class='ocrx_word' id='word_1_590' title='bbox 2402 2402 2847 2457; x_wconf 86' lang='lat' dir='ltr'><strong>concludentibus</strong></span> <span class='ocrx_word' id='word_1_591' title='bbox 2884 2420 2898 2457; x_wconf 93' lang='lat'>:</span> <span class='ocrx_word' id='word_1_592' title='bbox 2936 2400 3029 2455; x_wconf 87' lang='lat' dir='ltr'><strong>sed</strong></span> <span class='ocrx_word' id='word_1_593' title='bbox 3084 2400 3178 2456; x_wconf 90' lang='lat' dir='ltr'><strong>Dei</strong></span> <span class='ocrx_word' id='word_1_594' title='bbox 3231 2401 3407 2455; x_wconf 77' lang='lat' dir='ltr'><strong>minas</strong></span> 
     </span>
    </p>
   </div>
   <div class='ocr_carea' id='block_1_83' title="bbox 1832 2490 3407 2563">
    <p class='ocr_par' dir='ltr' id='par_1_83' title="bbox 1832 2490 3407 2563">
     <span class='ocr_line' id='line_1_83' title="bbox 1832 2490 3407 2563; baseline 0 -16"><span class='ocrx_word' id='word_1_595' title='bbox 1832 2493 2084 2555; x_wconf 85' lang='lat' dir='ltr'><strong>metttite,</strong></span> <span class='ocrx_word' id='word_1_596' title='bbox 2114 2495 2257 2563; x_wconf 88' lang='lat' dir='ltr'><strong>quod</strong></span> <span class='ocrx_word' id='word_1_597' title='bbox 2290 2495 2466 2548; x_wconf 82' lang='lat' dir='ltr'><strong>omnia</strong></span> <span class='ocrx_word' id='word_1_598' title='bbox 2509 2496 2653 2548; x_wconf 83' lang='lat' dir='ltr'><strong>nuda</strong></span> <span class='ocrx_word' id='word_1_599' title='bbox 2688 2502 2739 2548; x_wconf 86' lang='lat' dir='ltr'><strong>et</strong></span> <span class='ocrx_word' id='word_1_600' title='bbox 2786 2494 3087 2563; x_wconf 76' lang='lat' dir='ltr'><strong>resupinam</strong></span> <span class='ocrx_word' id='word_1_601' title='bbox 3118 2508 3294 2546; x_wconf 72' lang='lat' dir='ltr'><strong>eorum</strong></span> <span class='ocrx_word' id='word_1_602' title='bbox 3315 2490 3407 2547; x_wconf 78' lang='lat' dir='ltr'><strong>illo</strong></span> 
     </span>
    </p>
   </div>
   <div class='ocr_carea' id='block_1_84' title="bbox 1825 2582 3411 2656">
    <p class='ocr_par' dir='ltr' id='par_1_84' title="bbox 1825 2582 3411 2656">
     <span class='ocr_line' id='line_1_84' title="bbox 1825 2582 3411 2656; baseline 0.001 -19"><span class='ocrx_word' id='word_1_603' title='bbox 1825 2593 1949 2637; x_wconf 79' lang='lat' dir='ltr'><strong>sunt</strong></span> <span class='ocrx_word' id='word_1_604' title='bbox 1979 2583 2050 2651; x_wconf 76' lang='lat'><strong>“,</strong></span> <span class='ocrx_word' id='word_1_605' title='bbox 2109 2600 2231 2656; x_wconf 66' lang='lat' dir='ltr'><strong>quas</strong></span> <span class='ocrx_word' id='word_1_606' title='bbox 2288 2584 2526 2641; x_wconf 88' lang='lat' dir='ltr'><strong>interdiu</strong></span> <span class='ocrx_word' id='word_1_607' title='bbox 2603 2592 2659 2640; x_wconf 90' lang='lat' dir='ltr'><strong>et</strong></span> <span class='ocrx_word' id='word_1_608' title='bbox 2737 2594 2902 2640; x_wconf 90' lang='lat' dir='ltr'><strong>noctu</strong></span> <span class='ocrx_word' id='word_1_609' title='bbox 2963 2584 3032 2640; x_wconf 86' lang='lat' dir='ltr'><strong>ab</strong></span> <span class='ocrx_word' id='word_1_610' title='bbox 3105 2582 3411 2638; x_wconf 85' lang='lat' dir='ltr'><strong>hominibus</strong></span> 
     </span>
    </p>
   </div>
   <div class='ocr_carea' id='block_1_85' title="bbox 1829 2675 1983 2733">
    <p class='ocr_par' dir='ltr' id='par_1_85' title="bbox 1829 2675 1983 2733">
     <span class='ocr_line' id='line_1_85' title="bbox 1829 2675 1983 2733; baseline 0.019 -3"><span class='ocrx_word' id='word_1_611' title='bbox 1829 2675 1983 2733; x_wconf 70' lang='lat' dir='ltr'><strong>ﬁunt.</strong></span> 
     </span>
    </p>
   </div>
   <div class='ocr_carea' id='block_1_86' title="bbox 1900 2762 3406 2830">
    <p class='ocr_par' dir='ltr' id='par_1_86' title="bbox 1900 2762 3406 2830">
     <span class='ocr_line' id='line_1_86' title="bbox 1900 2762 3406 2830; baseline -0.003 -10"><span class='ocrx_word' id='word_1_612' title='bbox 1900 2767 1990 2820; x_wconf 77' lang='grc'><strong>11.</strong></span> <span class='ocrx_word' id='word_1_613' title='bbox 2027 2768 2106 2821; x_wconf 81' lang='lat' dir='ltr'><strong>Ac</strong></span> <span class='ocrx_word' id='word_1_614' title='bbox 2159 2766 2290 2821; x_wconf 90' lang='lat' dir='ltr'><strong>mihi</strong></span> <span class='ocrx_word' id='word_1_615' title='bbox 2342 2765 2600 2821; x_wconf 82' lang='lat' dir='ltr'><strong>admirart</strong></span> <span class='ocrx_word' id='word_1_616' title='bbox 2660 2764 3012 2820; x_wconf 85' lang='lat' dir='ltr'><strong>vehementer</strong></span> <span class='ocrx_word' id='word_1_617' title='bbox 3061 2764 3226 2830; x_wconf 81' lang='lat' dir='ltr'><strong>subit,</strong></span> <span class='ocrx_word' id='word_1_618' title='bbox 3281 2762 3406 2817; x_wconf 79' lang='lat' dir='ltr'><strong>dum</strong></span> 
     </span>
    </p>
   </div>
   <div class='ocr_carea' id='block_1_87' title="bbox 1832 2856 3408 2927">
    <p class='ocr_par' dir='ltr' id='par_1_87' title="bbox 1832 2856 3408 2927">
     <span class='ocr_line' id='line_1_87' title="bbox 1832 2856 3408 2927; baseline -0.004 -14"><span class='ocrx_word' id='word_1_619' title='bbox 1832 2860 2126 2913; x_wconf 80' lang='lat' dir='ltr'><strong>stoliditate</strong></span> <span class='ocrx_word' id='word_1_620' title='bbox 2185 2873 2373 2913; x_wconf 90' lang='lat' dir='ltr'><strong>eorum</strong></span> <span class='ocrx_word' id='word_1_621' title='bbox 2422 2856 2691 2927; x_wconf 89' lang='lat' dir='ltr'><strong>percellor</strong></span> <span class='ocrx_word' id='word_1_622' title='bbox 2737 2856 2831 2926; x_wconf 90' lang='lat' dir='ltr'><strong>qui</strong></span> <span class='ocrx_word' id='word_1_623' title='bbox 2891 2862 3173 2924; x_wconf 82' lang='lat' dir='ltr'><strong>tantopere</strong></span> <span class='ocrx_word' id='word_1_624' title='bbox 3229 2867 3408 2909; x_wconf 73' lang='lat' dir='ltr'><strong>caecu-</strong></span> 
     </span>
    </p>
   </div>
   <div class='ocr_carea' id='block_1_88' title="bbox 1832 2944 3408 3019">
    <p class='ocr_par' dir='ltr' id='par_1_88' title="bbox 1832 2944 3408 3019">
     <span class='ocr_line' id='line_1_88' title="bbox 1832 2944 3408 3019; baseline -0.002 -14"><span class='ocrx_word' id='word_1_625' title='bbox 1832 2950 1974 3005; x_wconf 86' lang='lat' dir='ltr'><strong>tiuut</strong></span> <span class='ocrx_word' id='word_1_626' title='bbox 2009 2967 2025 3004; x_wconf 92' lang='lat'><strong>:</strong></span> <span class='ocrx_word' id='word_1_627' title='bbox 2076 2963 2310 3019; x_wconf 86' lang='lat' dir='ltr'><strong>quanam</strong></span> <span class='ocrx_word' id='word_1_628' title='bbox 2346 2947 2599 3003; x_wconf 81' lang='lat' dir='ltr'><strong>videlicet</strong></span> <span class='ocrx_word' id='word_1_629' title='bbox 2652 2947 2863 3001; x_wconf 87' lang='lat' dir='ltr'><strong>ratione</strong></span> <span class='ocrx_word' id='word_1_630' title='bbox 2895 2944 3225 3001; x_wconf 60' lang='lat' dir='ltr'><strong>mulierculae</strong></span> <span class='ocrx_word' id='word_1_631' title='bbox 3266 2944 3408 3002; x_wconf 88' lang='lat' dir='ltr'><strong>ultro</strong></span> 
     </span>
    </p>
   </div>
   <div class='ocr_carea' id='block_1_89' title="bbox 1830 3036 3406 3110">
    <p class='ocr_par' dir='ltr' id='par_1_89' title="bbox 1830 3036 3406 3110">
     <span class='ocr_line' id='line_1_89' title="bbox 1830 3036 3406 3110; baseline -0.003 -14"><span class='ocrx_word' id='word_1_632' title='bbox 1830 3056 1893 3096; x_wconf 92' lang='lat' dir='ltr'><strong>se</strong></span> <span class='ocrx_word' id='word_1_633' title='bbox 1942 3042 2075 3110; x_wconf 59' lang='lat' dir='ltr'><strong>ipsa;</strong></span> <span class='ocrx_word' id='word_1_634' title='bbox 2128 3041 2183 3095; x_wconf 91' lang='lat' dir='ltr'><strong>in</strong></span> <span class='ocrx_word' id='word_1_635' title='bbox 2243 3038 2566 3094; x_wconf 87' lang='lat' dir='ltr'><strong>servitutem</strong></span> <span class='ocrx_word' id='word_1_636' title='bbox 2619 3037 2840 3101; x_wconf 85' lang='lat' dir='ltr'><strong>dedant,</strong></span> <span class='ocrx_word' id='word_1_637' title='bbox 2878 3037 3052 3107; x_wconf 89' lang='lat' dir='ltr'><strong>pretio</strong></span> <span class='ocrx_word' id='word_1_638' title='bbox 3096 3036 3165 3091; x_wconf 91' lang='lat' dir='ltr'><strong>ab</strong></span> <span class='ocrx_word' id='word_1_639' title='bbox 3210 3051 3275 3091; x_wconf 91' lang='lat' dir='ltr'><strong>eo</strong></span> <span class='ocrx_word' id='word_1_640' title='bbox 3315 3037 3406 3106; x_wconf 88' lang='lat' dir='ltr'><strong>qui</strong></span> 
     </span>
    </p>
   </div>
   <div class='ocr_carea' id='block_1_90' title="bbox 1830 3127 3409 3200">
    <p class='ocr_par' dir='ltr' id='par_1_90' title="bbox 1830 3127 3409 3200">
     <span class='ocr_line' id='line_1_90' title="bbox 1830 3127 3409 3200; baseline -0.004 -11"><span class='ocrx_word' id='word_1_641' title='bbox 1830 3132 2204 3196; x_wconf 69' lang='lat' dir='ltr'><strong>aestimaverit,</strong></span> <span class='ocrx_word' id='word_1_642' title='bbox 2258 3138 2544 3200; x_wconf 66' lang='lat' dir='ltr'><strong>coemptas.</strong></span> <span class='ocrx_word' id='word_1_643' title='bbox 2604 3128 2760 3197; x_wconf 71' lang='lat' dir='ltr'><strong>Stepe</strong></span> <span class='ocrx_word' id='word_1_644' title='bbox 2813 3129 2954 3184; x_wconf 91' lang='lat' dir='ltr'><strong>enim</strong></span> <span class='ocrx_word' id='word_1_645' title='bbox 3015 3127 3296 3199; x_wconf 77' lang='lat' dir='ltr'><strong>contingit,</strong></span> <span class='ocrx_word' id='word_1_646' title='bbox 3349 3137 3409 3184; x_wconf 89' lang='lat' dir='ltr'><strong>ut</strong></span> 
     </span>
    </p>
   </div>
   <div class='ocr_carea' id='block_1_91' title="bbox 1833 3218 3412 3293">
    <p class='ocr_par' dir='ltr' id='par_1_91' title="bbox 1833 3218 3412 3293">
     <span class='ocr_line' id='line_1_91' title="bbox 1833 3218 3412 3293; baseline -0.003 -15"><span class='ocrx_word' id='word_1_647' title='bbox 1833 3224 2009 3293; x_wconf 86' lang='lat' dir='ltr'><strong>puella</strong></span> <span class='ocrx_word' id='word_1_648' title='bbox 2050 3223 2315 3293; x_wconf 65' lang='lat' dir='ltr'><strong>quaepiam</strong></span> <span class='ocrx_word' id='word_1_649' title='bbox 2352 3224 2467 3277; x_wconf 87' lang='lat' dir='ltr'><strong>suis</strong></span> <span class='ocrx_word' id='word_1_650' title='bbox 2501 3219 2820 3290; x_wconf 86' lang='lat' dir='ltr'><strong>parentibus</strong></span> <span class='ocrx_word' id='word_1_651' title='bbox 2849 3234 3187 3289; x_wconf 89' lang='lat' dir='ltr'><strong>nequaquam</strong></span> <span class='ocrx_word' id='word_1_652' title='bbox 3234 3218 3412 3273; x_wconf 81' lang='lat' dir='ltr'><strong>famn-</strong></span> 
     </span>
    </p>
   </div>
   <div class='ocr_carea' id='block_1_92' title="bbox 1831 3310 3412 3383">
    <p class='ocr_par' dir='ltr' id='par_1_92' title="bbox 1831 3310 3412 3383">
     <span class='ocr_line' id='line_1_92' title="bbox 1831 3310 3412 3383; baseline -0.001 -16"><span class='ocrx_word' id='word_1_653' title='bbox 1831 3315 1957 3377; x_wconf 82' lang='lat' dir='ltr'><strong>lata,</strong></span> <span class='ocrx_word' id='word_1_654' title='bbox 1991 3329 2088 3369; x_wconf 91' lang='lat' dir='ltr'><strong>nec</strong></span> <span class='ocrx_word' id='word_1_655' title='bbox 2127 3322 2341 3368; x_wconf 78' lang='lat' dir='ltr'><strong>mutuas</strong></span> <span class='ocrx_word' id='word_1_656' title='bbox 2371 3313 2643 3383; x_wconf 84' lang='lat' dir='ltr'><strong>justorum</strong></span> <span class='ocrx_word' id='word_1_657' title='bbox 2696 3311 2940 3366; x_wconf 88' lang='lat' dir='ltr'><strong>laborum</strong></span> <span class='ocrx_word' id='word_1_658' title='bbox 2988 3311 3133 3365; x_wconf 88' lang='lat' dir='ltr'><strong>vices</strong></span> <span class='ocrx_word' id='word_1_659' title='bbox 3180 3310 3412 3380; x_wconf 83' lang='lat' dir='ltr'><strong>propriis</strong></span> 
     </span>
    </p>
   </div>
   <div class='ocr_carea' id='block_1_93' title="bbox 1830 3402 3414 3477">
    <p class='ocr_par' dir='ltr' id='par_1_93' title="bbox 1830 3402 3414 3477">
     <span class='ocr_line' id='line_1_93' title="bbox 1830 3402 3414 3477; baseline -0.003 -17"><span class='ocrx_word' id='word_1_660' title='bbox 1830 3406 2165 3477; x_wconf 75' lang='lat' dir='ltr'><strong>genitoribus</strong></span> <span class='ocrx_word' id='word_1_661' title='bbox 2198 3406 2452 3468; x_wconf 89' lang='lat' dir='ltr'><strong>reddens,</strong></span> <span class='ocrx_word' id='word_1_662' title='bbox 2498 3420 2562 3459; x_wconf 87' lang='lat' dir='ltr'><strong>ea</strong></span> <span class='ocrx_word' id='word_1_663' title='bbox 2596 3403 2836 3458; x_wconf 86' lang='lat' dir='ltr'><strong>studiosa</strong></span> <span class='ocrx_word' id='word_1_664' title='bbox 2893 3403 2946 3456; x_wconf 90' lang='lat' dir='ltr'><strong>in</strong></span> <span class='ocrx_word' id='word_1_665' title='bbox 2977 3402 3227 3456; x_wconf 90' lang='lat' dir='ltr'><strong>dilectum</strong></span> <span class='ocrx_word' id='word_1_666' title='bbox 3262 3402 3414 3456; x_wconf 81' lang='lat' dir='ltr'><strong>inve-</strong></span> 
     </span>
    </p>
   </div>
   <div class='ocr_carea' id='block_1_94' title="bbox 1831 3490 3409 3560">
    <p class='ocr_par' dir='ltr' id='par_1_94' title="bbox 1831 3490 3409 3560">
     <span class='ocr_line' id='line_1_94' title="bbox 1831 3490 3409 3560; baseline -0.003 -13"><span class='ocrx_word' id='word_1_667' title='bbox 1831 3496 2036 3557; x_wconf 84' lang='lat' dir='ltr'><strong>niatur,</strong></span> <span class='ocrx_word' id='word_1_668' title='bbox 2068 3503 2123 3548; x_wconf 91' lang='lat' dir='ltr'><strong>et</strong></span> <span class='ocrx_word' id='word_1_669' title='bbox 2146 3508 2336 3548; x_wconf 89' lang='lat' dir='ltr'><strong>omnes</strong></span> <span class='ocrx_word' id='word_1_670' title='bbox 2366 3507 2563 3548; x_wconf 86' lang='lat' dir='ltr'><strong>nervos</strong></span> <span class='ocrx_word' id='word_1_671' title='bbox 2597 3491 2841 3547; x_wconf 84' lang='lat' dir='ltr'><strong>intendat</strong></span> <span class='ocrx_word' id='word_1_672' title='bbox 2866 3500 2923 3544; x_wconf 91' lang='lat' dir='ltr'><strong>ut</strong></span> <span class='ocrx_word' id='word_1_673' title='bbox 2947 3490 2996 3546; x_wconf 91' lang='lat' dir='ltr'><strong>ei</strong></span> <span class='ocrx_word' id='word_1_674' title='bbox 3032 3490 3274 3560; x_wconf 81' lang='lat' dir='ltr'><strong>placeat;</strong></span> <span class='ocrx_word' id='word_1_675' title='bbox 3305 3504 3409 3544; x_wconf 89' lang='lat' dir='ltr'><strong>non</strong></span> 
     </span>
    </p>
   </div>
   <div class='ocr_carea' id='block_1_95' title="bbox 1842 3580 3415 3651">
    <p class='ocr_par' dir='ltr' id='par_1_95' title="bbox 1842 3580 3415 3651">
     <span class='ocr_line' id='line_1_95' title="bbox 1842 3580 3415 3651; baseline -0.003 -14"><span class='ocrx_word' id='word_1_676' title='bbox 1842 3593 2019 3637; x_wconf 84' lang='lat' dir='ltr'><strong>tamen</strong></span> <span class='ocrx_word' id='word_1_677' title='bbox 2053 3583 2163 3637; x_wconf 88' lang='lat' dir='ltr'><strong>Deo</strong></span> <span class='ocrx_word' id='word_1_678' title='bbox 2198 3583 2449 3651; x_wconf 80' lang='lat' dir='ltr'><strong>religiose</strong></span> <span class='ocrx_word' id='word_1_679' title='bbox 2492 3582 2793 3646; x_wconf 88' lang='lat' dir='ltr'><strong>deserviat;</strong></span> <span class='ocrx_word' id='word_1_680' title='bbox 2836 3581 2927 3636; x_wconf 89' lang='lat' dir='ltr'><strong>diu</strong></span> <span class='ocrx_word' id='word_1_681' title='bbox 2961 3590 3231 3651; x_wconf 87' lang='lat' dir='ltr'><strong>noctuque</strong></span> <span class='ocrx_word' id='word_1_682' title='bbox 3266 3580 3415 3636; x_wconf 63' lang='lat' dir='ltr'><strong>solli.</strong></span> 
     </span>
    </p>
   </div>
   <div class='ocr_carea' id='block_1_96' title="bbox 1831 3672 3412 3744">
    <p class='ocr_par' dir='ltr' id='par_1_96' title="bbox 1831 3672 3412 3744">
     <span class='ocr_line' id='line_1_96' title="bbox 1831 3672 3412 3744; baseline -0.001 -14"><span class='ocrx_word' id='word_1_683' title='bbox 1831 3676 1962 3740; x_wconf 92' lang='lat' dir='ltr'><strong>cita,</strong></span> <span class='ocrx_word' id='word_1_684' title='bbox 2001 3676 2161 3744; x_wconf 90' lang='lat' dir='ltr'><strong>eique</strong></span> <span class='ocrx_word' id='word_1_685' title='bbox 2203 3675 2517 3730; x_wconf 86' lang='lat' dir='ltr'><strong>indumenta</strong></span> <span class='ocrx_word' id='word_1_686' title='bbox 2550 3672 2780 3729; x_wconf 87' lang='lat' dir='ltr'><strong>subinde</strong></span> <span class='ocrx_word' id='word_1_687' title='bbox 2820 3680 3138 3742; x_wconf 84' lang='lat' dir='ltr'><strong>permutans</strong></span> <span class='ocrx_word' id='word_1_688' title='bbox 3178 3680 3234 3726; x_wconf 89' lang='lat' dir='ltr'><strong>et</strong></span> <span class='ocrx_word' id='word_1_689' title='bbox 3275 3685 3412 3740; x_wconf 71' lang='lat' dir='ltr'><strong>plte-</strong></span> 
     </span>
    </p>
   </div>
   <div class='ocr_carea' id='block_1_97' title="bbox 1831 3762 3414 3837">
    <p class='ocr_par' dir='ltr' id='par_1_97' title="bbox 1831 3762 3414 3837">
     <span class='ocr_line' id='line_1_97' title="bbox 1831 3762 3414 3837; baseline -0.002 -17"><span class='ocrx_word' id='word_1_690' title='bbox 1831 3781 2058 3837; x_wconf 82' lang='lat' dir='ltr'><strong>parans.</strong></span> <span class='ocrx_word' id='word_1_691' title='bbox 2093 3765 2248 3835; x_wconf 82' lang='lat' dir='ltr'><strong>(Aliae</strong></span> <span class='ocrx_word' id='word_1_692' title='bbox 2297 3774 2421 3819; x_wconf 88' lang='lat' dir='ltr'><strong>sunt</strong></span> <span class='ocrx_word' id='word_1_693' title='bbox 2450 3764 2579 3819; x_wconf 89' lang='lat' dir='ltr'><strong>item</strong></span> <span class='ocrx_word' id='word_1_694' title='bbox 2633 3778 2724 3820; x_wconf 87' lang='lat' dir='ltr'><strong>res</strong></span> <span class='ocrx_word' id='word_1_695' title='bbox 2765 3762 3093 3832; x_wconf 87' lang='lat' dir='ltr'><strong>complures,</strong></span> <span class='ocrx_word' id='word_1_696' title='bbox 3130 3774 3265 3831; x_wconf 87' lang='lat' dir='ltr'><strong>quas</strong></span> <span class='ocrx_word' id='word_1_697' title='bbox 3317 3777 3414 3817; x_wconf 84' lang='lat' dir='ltr'><strong>ne-</strong></span> 
     </span>
    </p>
   </div>
   <div class='ocr_carea' id='block_1_98' title="bbox 1834 3854 3414 3925">
    <p class='ocr_par' dir='ltr' id='par_1_98' title="bbox 1834 3854 3414 3925">
     <span class='ocr_line' id='line_1_98' title="bbox 1834 3854 3414 3925; baseline -0.003 -15"><span class='ocrx_word' id='word_1_698' title='bbox 1834 3872 2108 3925; x_wconf 86' lang='lat' dir='ltr'><strong>quaquam</strong></span> <span class='ocrx_word' id='word_1_699' title='bbox 2140 3856 2481 3920; x_wconf 70' lang='lat' dir='ltr'><strong>ignoramus,</strong></span> <span class='ocrx_word' id='word_1_700' title='bbox 2513 3855 2609 3910; x_wconf 86' lang='lat' dir='ltr'><strong>sed</strong></span> <span class='ocrx_word' id='word_1_701' title='bbox 2639 3868 2777 3924; x_wconf 85' lang='lat' dir='ltr'><strong>quas</strong></span> <span class='ocrx_word' id='word_1_702' title='bbox 2803 3854 2988 3909; x_wconf 87' lang='lat' dir='ltr'><strong>dicere</strong></span> <span class='ocrx_word' id='word_1_703' title='bbox 3018 3868 3162 3908; x_wconf 87' lang='lat' dir='ltr'><strong>nunc</strong></span> <span class='ocrx_word' id='word_1_704' title='bbox 3192 3854 3414 3907; x_wconf 86' lang='lat' dir='ltr'><strong>minimo</strong></span> 
     </span>
    </p>
   </div>
   <div class='ocr_carea' id='block_1_99' title="bbox 1833 3942 3413 4016">
    <p class='ocr_par' dir='ltr' id='par_1_99' title="bbox 1833 3942 3413 4016">
     <span class='ocr_line' id='line_1_99' title="bbox 1833 3942 3413 4016; baseline -0.003 -14"><span class='ocrx_word' id='word_1_705' title='bbox 1833 3948 2082 4003; x_wconf 88' lang='lat' dir='ltr'><strong>volumus</strong></span> <span class='ocrx_word' id='word_1_706' title='bbox 2130 3966 2143 4002; x_wconf 91' lang='lat'><strong>:</strong></span> <span class='ocrx_word' id='word_1_707' title='bbox 2186 3961 2360 4016; x_wconf 89' lang='lat' dir='ltr'><strong>neque</strong></span> <span class='ocrx_word' id='word_1_708' title='bbox 2398 3948 2544 4002; x_wconf 92' lang='lat' dir='ltr'><strong>enim</strong></span> <span class='ocrx_word' id='word_1_709' title='bbox 2592 3947 2674 4001; x_wconf 81' lang='lat' dir='ltr'><strong>fas</strong></span> <span class='ocrx_word' id='word_1_710' title='bbox 2704 3942 2812 4010; x_wconf 76' lang='lat' dir='ltr'><strong>est,</strong></span> <span class='ocrx_word' id='word_1_711' title='bbox 2840 3955 2901 3999; x_wconf 91' lang='lat' dir='ltr'><strong>ut</strong></span> <span class='ocrx_word' id='word_1_712' title='bbox 2951 3960 3073 4015; x_wconf 70' lang='lat' dir='ltr'><strong>quae</strong></span> <span class='ocrx_word' id='word_1_713' title='bbox 3107 3944 3294 3999; x_wconf 79' lang='lat' dir='ltr'><strong>furtim</strong></span> <span class='ocrx_word' id='word_1_714' title='bbox 3342 3945 3413 3999; x_wconf 88' lang='lat' dir='ltr'><strong>ab</strong></span> 
     </span>
    </p>
   </div>
   <div class='ocr_carea' id='block_1_100' title="bbox 1833 4035 3412 4103">
    <p class='ocr_par' dir='ltr' id='par_1_100' title="bbox 1833 4035 3412 4103">
     <span class='ocr_line' id='line_1_100' title="bbox 1833 4035 3412 4103; baseline -0.003 -10"><span class='ocrx_word' id='word_1_715' title='bbox 1833 4039 1942 4094; x_wconf 90' lang='lat' dir='ltr'><strong>illis</strong></span> <span class='ocrx_word' id='word_1_716' title='bbox 1967 4038 2126 4102; x_wconf 77' lang='lat' dir='ltr'><strong>bunt,</strong></span> <span class='ocrx_word' id='word_1_717' title='bbox 2154 4038 2208 4092; x_wconf 89' lang='lat' dir='ltr'><strong>in</strong></span> <span class='ocrx_word' id='word_1_718' title='bbox 2246 4038 2480 4092; x_wconf 85' lang='lat' dir='ltr'><strong>medium</strong></span> <span class='ocrx_word' id='word_1_719' title='bbox 2514 4038 2878 4103; x_wconf 78' lang='lat' dir='ltr'><strong>proferantur,</strong></span> <span class='ocrx_word' id='word_1_720' title='bbox 2908 4050 3031 4089; x_wconf 84' lang='lat' dir='ltr'><strong>cum</strong></span> <span class='ocrx_word' id='word_1_721' title='bbox 3065 4050 3129 4089; x_wconf 89' lang='lat' dir='ltr'><strong>ea</strong></span> <span class='ocrx_word' id='word_1_722' title='bbox 3154 4035 3238 4090; x_wconf 85' lang='lat' dir='ltr'><strong>vel</strong></span> <span class='ocrx_word' id='word_1_723' title='bbox 3265 4036 3412 4089; x_wconf 90' lang='lat' dir='ltr'><strong>dictu</strong></span> 
     </span>
    </p>
   </div>
   <div class='ocr_carea' id='block_1_101' title="bbox 1832 4125 3414 4198">
    <p class='ocr_par' dir='ltr' id='par_1_101' title="bbox 1832 4125 3414 4198">
     <span class='ocr_line' id='line_1_101' title="bbox 1832 4125 3414 4198; baseline -0.004 -14"><span class='ocrx_word' id='word_1_724' title='bbox 1832 4130 1942 4184; x_wconf 90' lang='lat' dir='ltr'><strong>sint</strong></span> <span class='ocrx_word' id='word_1_725' title='bbox 1968 4126 2195 4198; x_wconf 85' lang='lat' dir='ltr'><strong>turpia.)</strong></span> <span class='ocrx_word' id='word_1_726' title='bbox 2248 4126 2343 4182; x_wconf 90' lang='lat' dir='ltr'><strong>llle</strong></span> <span class='ocrx_word' id='word_1_727' title='bbox 2384 4141 2515 4181; x_wconf 89' lang='lat' dir='ltr'><strong>vero</strong></span> <span class='ocrx_word' id='word_1_728' title='bbox 2568 4127 2725 4196; x_wconf 89' lang='lat' dir='ltr'><strong>quasi</strong></span> <span class='ocrx_word' id='word_1_729' title='bbox 2768 4126 2984 4195; x_wconf 88' lang='lat' dir='ltr'><strong>quidam</strong></span> <span class='ocrx_word' id='word_1_730' title='bbox 3042 4126 3207 4193; x_wconf 90' lang='lat' dir='ltr'><strong>piscis</strong></span> <span class='ocrx_word' id='word_1_731' title='bbox 3258 4125 3414 4178; x_wconf 86' lang='lat' dir='ltr'><strong>malis</strong></span> 
     </span>
    </p>
   </div>
   <div class='ocr_carea' id='block_1_102' title="bbox 1836 4212 3414 4288">
    <p class='ocr_par' dir='ltr' id='par_1_102' title="bbox 1836 4212 3414 4288">
     <span class='ocr_line' id='line_1_102' title="bbox 1836 4212 3414 4288; baseline -0.004 -18"><span class='ocrx_word' id='word_1_732' title='bbox 1836 4218 2010 4288; x_wconf 73' lang='lat' dir='ltr'><strong>plagis</strong></span> <span class='ocrx_word' id='word_1_733' title='bbox 2046 4218 2314 4281; x_wconf 87' lang='lat' dir='ltr'><strong>irretitus,</strong></span> <span class='ocrx_word' id='word_1_734' title='bbox 2362 4230 2460 4285; x_wconf 91' lang='lat' dir='ltr'><strong>per</strong></span> <span class='ocrx_word' id='word_1_735' title='bbox 2500 4218 2819 4271; x_wconf 87' lang='lat' dir='ltr'><strong>vestimenta</strong></span> <span class='ocrx_word' id='word_1_736' title='bbox 2846 4226 2902 4270; x_wconf 88' lang='lat' dir='ltr'><strong>et.</strong></span> <span class='ocrx_word' id='word_1_737' title='bbox 2945 4213 3280 4268; x_wconf 80' lang='lat' dir='ltr'><strong>mortiferum</strong></span> <span class='ocrx_word' id='word_1_738' title='bbox 3331 4212 3414 4266; x_wconf 61' lang='lat' dir='ltr'><strong>lit-</strong></span> 
     </span>
    </p>
   </div>
   <div class='ocr_carea' id='block_1_103' title="bbox 1834 4303 3415 4377">
    <p class='ocr_par' dir='ltr' id='par_1_103' title="bbox 1834 4303 3415 4377">
     <span class='ocr_line' id='line_1_103' title="bbox 1834 4303 3415 4377; baseline -0.004 -15"><span class='ocrx_word' id='word_1_739' title='bbox 1834 4309 2122 4374; x_wconf 81' lang='lat' dir='ltr'><strong>ntulatum,</strong></span> <span class='ocrx_word' id='word_1_740' title='bbox 2152 4308 2246 4377; x_wconf 89' lang='lat' dir='ltr'><strong>qui</strong></span> <span class='ocrx_word' id='word_1_741' title='bbox 2307 4323 2370 4364; x_wconf 79' lang='lat' dir='ltr'><strong>ea</strong></span> <span class='ocrx_word' id='word_1_742' title='bbox 2436 4316 2618 4362; x_wconf 89' lang='lat' dir='ltr'><strong>mente</strong></span> <span class='ocrx_word' id='word_1_743' title='bbox 2674 4306 2961 4361; x_wconf 78' lang='lat' dir='ltr'><strong>exhibetur</strong></span> <span class='ocrx_word' id='word_1_744' title='bbox 3014 4314 3071 4359; x_wconf 88' lang='lat' dir='ltr'><strong>ttt</strong></span> <span class='ocrx_word' id='word_1_745' title='bbox 3108 4303 3415 4358; x_wconf 86' lang='lat' dir='ltr'><strong>hominibus</strong></span> 
     </span>
    </p>
   </div>
   <div class='ocr_carea' id='block_1_104' title="bbox 1765 4395 3411 4471">
    <p class='ocr_par' dir='ltr' id='par_1_104' title="bbox 1765 4395 3411 4471">
     <span class='ocr_line' id='line_1_104' title="bbox 1765 4395 3411 4471; baseline -0.006 -14"><span class='ocrx_word' id='word_1_746' title='bbox 1765 4413 1809 4469; x_wconf 78' lang='grc' dir='ltr'>ι)</span> <span class='ocrx_word' id='word_1_747' title='bbox 1837 4400 2135 4471; x_wconf 81' lang='lat' dir='ltr'><strong>placeatnr,</strong></span> <span class='ocrx_word' id='word_1_748' title='bbox 2169 4415 2276 4455; x_wconf 91' lang='lat' dir='ltr'><strong>non</strong></span> <span class='ocrx_word' id='word_1_749' title='bbox 2323 4414 2457 4456; x_wconf 85' lang='lat' dir='ltr'><strong>vero</strong></span> <span class='ocrx_word' id='word_1_750' title='bbox 2510 4399 2805 4455; x_wconf 83' lang='lat' dir='ltr'><strong>secundum</strong></span> <span class='ocrx_word' id='word_1_751' title='bbox 2844 4398 3148 4470; x_wconf 35' lang='lat' dir='ltr'><strong>pietatem,”</strong></span> <span class='ocrx_word' id='word_1_752' title='bbox 3174 4395 3411 4463; x_wconf 72' lang='lat' dir='ltr'><strong>captivus.</strong></span> 
     </span>
    </p>
   </div>
   <div class='ocr_carea' id='block_1_105' title="bbox 1840 4486 3406 4555">
    <p class='ocr_par' dir='ltr' id='par_1_105' title="bbox 1840 4486 3406 4555">
     <span class='ocr_line' id='line_1_105' title="bbox 1840 4486 3406 4555; baseline -0.005 -8"><span class='ocrx_word' id='word_1_753' title='bbox 1840 4493 1981 4547; x_wconf 88' lang='lat' dir='ltr'><strong>cedit</strong></span> <span class='ocrx_word' id='word_1_754' title='bbox 2013 4490 2258 4555; x_wconf 88' lang='lat' dir='ltr'><strong>mulieri;</strong></span> <span class='ocrx_word' id='word_1_755' title='bbox 2300 4499 2483 4544; x_wconf 83' lang='lat' dir='ltr'><strong>mente</strong></span> <span class='ocrx_word' id='word_1_756' title='bbox 2517 4490 2864 4553; x_wconf 86' lang='lat' dir='ltr'><strong>temulentus,</strong></span> <span class='ocrx_word' id='word_1_757' title='bbox 2895 4502 2960 4540; x_wconf 87' lang='lat' dir='ltr'><strong>ac</strong></span> <span class='ocrx_word' id='word_1_758' title='bbox 2987 4488 3205 4541; x_wconf 86' lang='lat' dir='ltr'><strong>omnino</strong></span> <span class='ocrx_word' id='word_1_759' title='bbox 3234 4486 3406 4553; x_wconf 71' lang='lat' dir='ltr'><strong>lapsa-</strong></span> 
     </span>
    </p>
   </div>
   <div class='ocr_carea' id='block_1_106' title="bbox 1838 4573 3410 4640">
    <p class='ocr_par' dir='ltr' id='par_1_106' title="bbox 1838 4573 3410 4640">
     <span class='ocr_line' id='line_1_106' title="bbox 1838 4573 3410 4640; baseline -0.004 -6"><span class='ocrx_word' id='word_1_760' title='bbox 1838 4580 2050 4635; x_wconf 81' lang='lat' dir='ltr'><strong>buntltts</strong></span> <span class='ocrx_word' id='word_1_761' title='bbox 2089 4587 2379 4634; x_wconf 89' lang='lat' dir='ltr'><strong>enervatur</strong></span> <span class='ocrx_word' id='word_1_762' title='bbox 2415 4593 2445 4632; x_wconf 90' lang='lat' dir='ltr'><strong>a</strong></span> <span class='ocrx_word' id='word_1_763' title='bbox 2495 4578 2745 4632; x_wconf 89' lang='lat' dir='ltr'><strong>muliebri</strong></span> <span class='ocrx_word' id='word_1_764' title='bbox 2778 4575 2994 4640; x_wconf 80' lang='lat' dir='ltr'><strong>aﬂectu,</strong></span> <span class='ocrx_word' id='word_1_765' title='bbox 3031 4585 3086 4630; x_wconf 92' lang='lat' dir='ltr'><strong>et</strong></span> <span class='ocrx_word' id='word_1_766' title='bbox 3117 4589 3217 4630; x_wconf 89' lang='lat' dir='ltr'><strong>nec</strong></span> <span class='ocrx_word' id='word_1_767' title='bbox 3262 4573 3410 4628; x_wconf 85' lang='lat' dir='ltr'><strong>dein-</strong></span> 
     </span>
    </p>
   </div>
   <div class='ocr_carea' id='block_1_107' title="bbox 1841 4666 3410 4740">
    <p class='ocr_par' dir='ltr' id='par_1_107' title="bbox 1841 4666 3410 4740">
     <span class='ocr_line' id='line_1_107' title="bbox 1841 4666 3410 4740; baseline -0.006 -14"><span class='ocrx_word' id='word_1_768' title='bbox 1841 4686 1971 4740; x_wconf 87' lang='lat' dir='ltr'><strong>ceps</strong></span> <span class='ocrx_word' id='word_1_769' title='bbox 2000 4670 2268 4726; x_wconf 90' lang='lat' dir='ltr'><strong>orationis</strong></span> <span class='ocrx_word' id='word_1_770' title='bbox 2303 4680 2515 4739; x_wconf 84' lang='lat' dir='ltr'><strong>tempus</strong></span> <span class='ocrx_word' id='word_1_771' title='bbox 2542 4669 2839 4739; x_wconf 80' lang='lat' dir='ltr'><strong>cognoscit,</strong></span> <span class='ocrx_word' id='word_1_772' title='bbox 2877 4683 3000 4731; x_wconf 89' lang='lat' dir='ltr'><strong>nec,</strong></span> <span class='ocrx_word' id='word_1_773' title='bbox 3029 4667 3072 4720; x_wconf 90' lang='lat' dir='ltr'><strong>si</strong></span> <span class='ocrx_word' id='word_1_774' title='bbox 3106 4667 3318 4736; x_wconf 86' lang='lat' dir='ltr'><strong>quidem</strong></span> <span class='ocrx_word' id='word_1_775' title='bbox 3347 4666 3410 4717; x_wconf 72' lang='lat' dir='ltr'><strong>ad</strong></span> 
     </span>
    </p>
   </div>
   <div class='ocr_carea' id='block_1_108' title="bbox 1838 4756 3409 4833">
    <p class='ocr_par' dir='ltr' id='par_1_108' title="bbox 1838 4756 3409 4833">
     <span class='ocr_line' id='line_1_108' title="bbox 1838 4756 3409 4833; baseline -0.008 -14"><span class='ocrx_word' id='word_1_776' title='bbox 1838 4764 2107 4819; x_wconf 85' lang='lat' dir='ltr'><strong>orandum</strong></span> <span class='ocrx_word' id='word_1_777' title='bbox 2141 4762 2488 4833; x_wconf 85' lang='lat' dir='ltr'><strong>procumbat,</strong></span> <span class='ocrx_word' id='word_1_778' title='bbox 2536 4761 2666 4830; x_wconf 89' lang='lat' dir='ltr'><strong>quid</strong></span> <span class='ocrx_word' id='word_1_779' title='bbox 2707 4759 2871 4813; x_wconf 79' lang='lat' dir='ltr'><strong>faciat</strong></span> <span class='ocrx_word' id='word_1_780' title='bbox 2920 4757 3190 4827; x_wconf 82' lang='lat' dir='ltr'><strong>intelligit,</strong></span> <span class='ocrx_word' id='word_1_781' title='bbox 3224 4756 3409 4826; x_wconf 68' lang='lat' dir='ltr'><strong>imagi-</strong></span> 
     </span>
    </p>
   </div>
   <div class='ocr_carea' id='block_1_109' title="bbox 1837 4849 3413 4915">
    <p class='ocr_par' dir='ltr' id='par_1_109' title="bbox 1837 4849 3413 4915">
     <span class='ocr_line' id='line_1_109' title="bbox 1837 4849 3413 4915; baseline -0.006 -2"><span class='ocrx_word' id='word_1_782' title='bbox 1837 4873 1960 4913; x_wconf 90' lang='lat' dir='ltr'><strong>nem</strong></span> <span class='ocrx_word' id='word_1_783' title='bbox 2023 4857 2208 4911; x_wconf 86' lang='lat' dir='ltr'><strong>animo</strong></span> <span class='ocrx_word' id='word_1_784' title='bbox 2255 4871 2482 4911; x_wconf 89' lang='lat' dir='ltr'><strong>versans</strong></span> <span class='ocrx_word' id='word_1_785' title='bbox 2534 4851 2938 4911; x_wconf 85' lang='lat' dir='ltr'><strong>contubernalis</strong></span> <span class='ocrx_word' id='word_1_786' title='bbox 2993 4851 3239 4907; x_wconf 84' lang='lat' dir='ltr'><strong>rationis.</strong></span> <span class='ocrx_word' id='word_1_787' title='bbox 3298 4849 3413 4915; x_wconf 88' lang='lat' dir='ltr'><strong>Quo</strong></span> 
     </span>
    </p>
   </div>
   <div class='ocr_carea' id='block_1_110' title="bbox 1838 4941 3415 5010">
    <p class='ocr_par' dir='ltr' id='par_1_110' title="bbox 1838 4941 3415 5010">
     <span class='ocr_line' id='line_1_110' title="bbox 1838 4941 3415 5010; baseline -0.007 -6"><span class='ocrx_word' id='word_1_788' title='bbox 1838 4948 2000 5004; x_wconf 88' lang='lat' dir='ltr'><strong>modo</strong></span> <span class='ocrx_word' id='word_1_789' title='bbox 2022 4948 2113 5003; x_wconf 90' lang='lat' dir='ltr'><strong>ille</strong></span> <span class='ocrx_word' id='word_1_790' title='bbox 2139 4946 2393 5010; x_wconf 86' lang='lat' dir='ltr'><strong>allicitur,</strong></span> <span class='ocrx_word' id='word_1_791' title='bbox 2427 4946 2574 5000; x_wconf 86' lang='lat' dir='ltr'><strong>haud</strong></span> <span class='ocrx_word' id='word_1_792' title='bbox 2630 4944 2790 4998; x_wconf 86' lang='lat' dir='ltr'><strong>aliter</strong></span> <span class='ocrx_word' id='word_1_793' title='bbox 2824 4951 2877 4998; x_wconf 92' lang='lat' dir='ltr'><strong>et</strong></span> <span class='ocrx_word' id='word_1_794' title='bbox 2918 4941 3248 4998; x_wconf 76' lang='lat' dir='ltr'><strong>muliercula:</strong></span> <span class='ocrx_word' id='word_1_795' title='bbox 3290 4955 3415 4993; x_wconf 82' lang='lat' dir='ltr'><strong>con-</strong></span> 
     </span>
    </p>
   </div>
   <div class='ocr_carea' id='block_1_111' title="bbox 1838 5032 3416 5109">
    <p class='ocr_par' dir='ltr' id='par_1_111' title="bbox 1838 5032 3416 5109">
     <span class='ocr_line' id='line_1_111' title="bbox 1838 5032 3416 5109; baseline -0.005 -16"><span class='ocrx_word' id='word_1_796' title='bbox 1838 5039 1997 5109; x_wconf 77' lang='lat' dir='ltr'><strong>tingit</strong></span> <span class='ocrx_word' id='word_1_797' title='bbox 2032 5056 2047 5092; x_wconf 86' lang='lat'><strong>:</strong></span> <span class='ocrx_word' id='word_1_798' title='bbox 2079 5047 2135 5093; x_wconf 87' lang='lat' dir='ltr'><strong>et</strong></span> <span class='ocrx_word' id='word_1_799' title='bbox 2161 5039 2288 5093; x_wconf 90' lang='lat' dir='ltr'><strong>dum</strong></span> <span class='ocrx_word' id='word_1_800' title='bbox 2322 5038 2605 5107; x_wconf 87' lang='lat' dir='ltr'><strong>Scriptura</strong></span> <span class='ocrx_word' id='word_1_801' title='bbox 2642 5036 2854 5105; x_wconf 75' lang='lat' dir='ltr'><strong>legitur,</strong></span> <span class='ocrx_word' id='word_1_802' title='bbox 2886 5033 3173 5088; x_wconf 69' lang='lat' dir='ltr'><strong>cmcutiunt</strong></span> <span class='ocrx_word' id='word_1_803' title='bbox 3213 5032 3416 5098; x_wconf 88' lang='lat' dir='ltr'><strong>animo;</strong></span> 
     </span>
    </p>
   </div>
   <div class='ocr_carea' id='block_1_112' title="bbox 1845 5124 3416 5201">
    <p class='ocr_par' dir='ltr' id='par_1_112' title="bbox 1845 5124 3416 5201">
     <span class='ocr_line' id='line_1_112' title="bbox 1845 5124 3416 5201; baseline -0.006 -15"><span class='ocrx_word' id='word_1_804' title='bbox 1845 5132 2079 5201; x_wconf 88' lang='lat' dir='ltr'><strong>dumque</strong></span> <span class='ocrx_word' id='word_1_805' title='bbox 2109 5131 2163 5186; x_wconf 91' lang='lat' dir='ltr'><strong>in</strong></span> <span class='ocrx_word' id='word_1_806' title='bbox 2202 5129 2432 5187; x_wconf 87' lang='lat' dir='ltr'><strong>ecclesia</strong></span> <span class='ocrx_word' id='word_1_807' title='bbox 2455 5128 2687 5183; x_wconf 71' lang='lat' dir='ltr'><strong>bomilim</strong></span> <span class='ocrx_word' id='word_1_808' title='bbox 2709 5127 2997 5188; x_wconf 87' lang='lat' dir='ltr'><strong>habentur,</strong></span> <span class='ocrx_word' id='word_1_809' title='bbox 3023 5124 3270 5178; x_wconf 88' lang='lat' dir='ltr'><strong>nesciunt</strong></span> <span class='ocrx_word' id='word_1_810' title='bbox 3290 5124 3416 5192; x_wconf 85' lang='lat' dir='ltr'><strong>quid</strong></span> 
     </span>
    </p>
   </div>
   <div class='ocr_carea' id='block_1_113' title="bbox 1845 5216 3420 5293">
    <p class='ocr_par' dir='ltr' id='par_1_113' title="bbox 1845 5216 3420 5293">
     <span class='ocr_line' id='line_1_113' title="bbox 1845 5216 3420 5293; baseline -0.006 -17"><span class='ocrx_word' id='word_1_811' title='bbox 1845 5223 2092 5289; x_wconf 83' lang='lat' dir='ltr'><strong>audiant,</strong></span> <span class='ocrx_word' id='word_1_812' title='bbox 2128 5223 2273 5293; x_wconf 90' lang='lat' dir='ltr'><strong>turpi</strong></span> <span class='ocrx_word' id='word_1_813' title='bbox 2302 5220 2590 5276; x_wconf 70' lang='lat' dir='ltr'><strong>affectione</strong></span> <span class='ocrx_word' id='word_1_814' title='bbox 2634 5219 2865 5273; x_wconf 85' lang='lat' dir='ltr'><strong>invicem</strong></span> <span class='ocrx_word' id='word_1_815' title='bbox 2895 5216 3113 5286; x_wconf 86' lang='lat' dir='ltr'><strong>captivi,</strong></span> <span class='ocrx_word' id='word_1_816' title='bbox 3144 5218 3224 5270; x_wconf 89' lang='lat' dir='ltr'><strong>sic</strong></span> <span class='ocrx_word' id='word_1_817' title='bbox 3267 5229 3420 5268; x_wconf 88' lang='lat' dir='ltr'><strong>amo-</strong></span> 
     </span>
    </p>
   </div>
   <div class='ocr_carea' id='block_1_114' title="bbox 1844 5304 3416 5383">
    <p class='ocr_par' dir='ltr' id='par_1_114' title="bbox 1844 5304 3416 5383">
     <span class='ocr_line' id='line_1_114' title="bbox 1844 5304 3416 5383; baseline -0.006 -17"><span class='ocrx_word' id='word_1_818' title='bbox 1844 5314 1921 5368; x_wconf 87' lang='lat' dir='ltr'><strong>ris</strong></span> <span class='ocrx_word' id='word_1_819' title='bbox 1946 5312 2256 5383; x_wconf 80' lang='lat' dir='ltr'><strong>furorisque</strong></span> <span class='ocrx_word' id='word_1_820' title='bbox 2275 5312 2464 5367; x_wconf 87' lang='lat' dir='ltr'><strong>morbo</strong></span> <span class='ocrx_word' id='word_1_821' title='bbox 2494 5310 2730 5364; x_wconf 81' lang='lat' dir='ltr'><strong>animam</strong></span> <span class='ocrx_word' id='word_1_822' title='bbox 2758 5308 3110 5368; x_wconf 86' lang='lat' dir='ltr'><strong>obtundente,</strong></span> <span class='ocrx_word' id='word_1_823' title='bbox 3140 5314 3197 5359; x_wconf 91' lang='lat' dir='ltr'><strong>ut</strong></span> <span class='ocrx_word' id='word_1_824' title='bbox 3220 5305 3264 5360; x_wconf 88' lang='lat' dir='ltr'><strong>si</strong></span> <span class='ocrx_word' id='word_1_825' title='bbox 3301 5304 3416 5358; x_wconf 81' lang='lat' dir='ltr'><strong>ﬁcri</strong></span> 
     </span>
    </p>
   </div>
   <div class='ocr_carea' id='block_1_115' title="bbox 1845 5395 3414 5473">
    <p class='ocr_par' dir='ltr' id='par_1_115' title="bbox 1845 5395 3414 5473">
     <span class='ocr_line' id='line_1_115' title="bbox 1845 5395 3414 5473; baseline -0.008 -16"><span class='ocrx_word' id='word_1_826' title='bbox 1845 5413 2049 5473; x_wconf 88' lang='lat' dir='ltr'><strong>posset,</strong></span> <span class='ocrx_word' id='word_1_827' title='bbox 2104 5418 2325 5459; x_wconf 88' lang='lat' dir='ltr'><strong>suorum</strong></span> <span class='ocrx_word' id='word_1_828' title='bbox 2383 5402 2547 5456; x_wconf 85' lang='lat' dir='ltr'><strong>etiam</strong></span> <span class='ocrx_word' id='word_1_829' title='bbox 2599 5398 2877 5454; x_wconf 88' lang='lat' dir='ltr'><strong>nominum</strong></span> <span class='ocrx_word' id='word_1_830' title='bbox 2947 5395 3414 5450; x_wconf 84' lang='lat' dir='ltr'><strong>obliviscerentur.</strong></span> 
     </span>
    </p>
   </div>
   <div class='ocr_carea' id='block_1_116' title="bbox 1846 5482 3419 5564">
    <p class='ocr_par' dir='ltr' id='par_1_116' title="bbox 1846 5482 3419 5564">
     <span class='ocr_line' id='line_1_116' title="bbox 1846 5482 3419 5564; baseline -0.003 -18"><span class='ocrx_word' id='word_1_831' title='bbox 1846 5493 2097 5564; x_wconf 88' lang='lat' dir='ltr'><strong>Eonsque</strong></span> <span class='ocrx_word' id='word_1_832' title='bbox 2158 5494 2354 5548; x_wconf 88' lang='lat' dir='ltr'><strong>mulier</strong></span> <span class='ocrx_word' id='word_1_833' title='bbox 2397 5507 2520 5547; x_wconf 90' lang='lat' dir='ltr'><strong>cum</strong></span> <span class='ocrx_word' id='word_1_834' title='bbox 2559 5488 2775 5545; x_wconf 85' lang='lat' dir='ltr'><strong>homine</strong></span> <span class='ocrx_word' id='word_1_835' title='bbox 2822 5485 3132 5552; x_wconf 82' lang='lat' dir='ltr'><strong>convivcns,</strong></span> <span class='ocrx_word' id='word_1_836' title='bbox 3183 5482 3419 5541; x_wconf 73' lang='lat' dir='ltr'><strong>hominis</strong></span> 
     </span>
    </p>
   </div>
   <div class='ocr_carea' id='block_1_117' title="bbox 260 5683 2429 5768">
    <p class='ocr_par' dir='ltr' id='par_1_117' title="bbox 260 5683 2429 5768">
     <span class='ocr_line' id='line_1_117' title="bbox 260 5683 2429 5768; baseline -0.005 -11"><span class='ocrx_word' id='word_1_837' title='bbox 260 5683 495 5757; x_wconf 71' lang='lat' dir='ltr'><strong>&quot;li&#39;tttb.</strong></span> <span class='ocrx_word' id='word_1_838' title='bbox 534 5713 628 5768; x_wconf 78' lang='lat' dir='ltr'><strong>vit,</strong></span> <span class='ocrx_word' id='word_1_839' title='bbox 665 5696 790 5764; x_wconf 78' lang='lat'><strong>3-5;</strong></span> <span class='ocrx_word' id='word_1_840' title='bbox 830 5696 959 5755; x_wconf 87' lang='lat' dir='ltr'><strong>Luc.</strong></span> <span class='ocrx_word' id='word_1_841' title='bbox 991 5713 1067 5767; x_wconf 82' lang='lat' dir='ltr'><strong>vt,</strong></span> <span class='ocrx_word' id='word_1_842' title='bbox 1115 5694 1202 5762; x_wconf 71' lang='lat' dir='ltr'><strong>ll,</strong></span> <span class='ocrx_word' id='word_1_843' title='bbox 1238 5694 1325 5754; x_wconf 73' lang='grc'><strong>42.</strong></span> <span class='ocrx_word' id='word_1_844' title='bbox 1402 5693 1444 5727; x_wconf 64' lang='grc' dir='ltr'><strong>⁸ο</strong></span> <span class='ocrx_word' id='word_1_845' title='bbox 1483 5693 1677 5755; x_wconf 77' lang='lat' dir='ltr'><strong>Cenes.</strong></span> <span class='ocrx_word' id='word_1_846' title='bbox 1701 5711 1770 5761; x_wconf 82' lang='lat' dir='ltr'><strong>tv,</strong></span> <span class='ocrx_word' id='word_1_847' title='bbox 1808 5693 1891 5751; x_wconf 84' lang='lat' dir='ltr'><strong>l9.</strong></span> <span class='ocrx_word' id='word_1_848' title='bbox 1970 5694 2009 5726; x_wconf 79' lang='lat'><strong>‘“</strong></span> <span class='ocrx_word' id='word_1_849' title='bbox 2041 5692 2202 5751; x_wconf 73' lang='lat' dir='ltr'><strong>Hebr.</strong></span> <span class='ocrx_word' id='word_1_850' title='bbox 2242 5705 2313 5757; x_wconf 74' lang='lat' dir='ltr'><strong>tv,</strong></span> <span class='ocrx_word' id='word_1_851' title='bbox 2348 5689 2429 5747; x_wconf 76' lang='lat'><strong>13.</strong></span> 
     </span>
    </p>
   </div>
  </div>
