3802 6216
359 239 464 300 827

1322 236 1664 295 APPENDIX
1709 233 1993 293 OPERUM
2032 232 2094 289 S.
2136 230 2378 289 BASlLll
2419 227 2654 286 MAGNT.

360 364 597 413 mentem
656 355 858 410 evertit
907 371 928 413 :
964 367 1208 425 eousque
1245 353 1331 408 vir
1375 367 1496 407 cum
1537 350 1735 407 femina
1781 349 1931 405 habi-

2101 344 2335 415 ισκηνῶν
2361 341 2498 414 πρὸς
2528 341 2726 412 μανίαν
2756 340 3054 413 ἐπιθυμίας
3079 343 3201 412 ἄγει
3228 342 3329 416 τὴν
3363 349 3655 414 γυναίκσ.’

361 456 504 512 tans,
538 447 589 499 in
633 445 902 500 insaniam
944 445 1398 513 concupiscentia:
1436 443 1717 498 mulierem
1755 441 1944 509 impel-

360 538 423 595 lit
469 558 484 593 :
527 553 766 607 eousque
797 546 973 607 potest
1005 537 1199 591 mulier
1236 551 1357 590 cum
1387 535 1506 588 viro
1527 534 1940 589 contubernium

362 628 588 688 babous,
620 627 703 679 vel
739 627 829 680 Dei
858 628 1026 693 ipsius
1056 626 1334 680 memoriae
1372 626 1695 680 oblivionem
1719 626 1942 679 induce-

361 732 439 771 re.
488 716 849 770 Facessamus
895 718 963 770 ab
1006 718 1272 786 gebenna,
1316 727 1372 771 et
1409 716 1534 785 igne
1577 714 1937 787 sempiterno!

362 807 431 863 Ut
458 808 584 872 quid
617 808 889 877 spirantes
924 809 1101 863 adhuc
1132 817 1343 862 vosmet
1381 809 1484 877 ipsi
1515 809 1566 862 in
1599 824 1785 863 orcum
1813 809 1943 862 bor-

365 900 686 969 rihilemque
736 906 1003 953 tartarum
1046 899 1333 953 deloditis?
1383 899 1484 965 Qui
1525 899 1942 955 contubernales

364 992 572 1044 habt-tis
612 1003 667 1045 et
704 1009 825 1046 cum
867 992 973 1045 illis
1027 991 1449 1056 conversamini,
1501 991 1761 1046 dediscite
1801 992 1942 1046 hanc

360 1084 559 1137 malam
608 1084 937 1149 doctrinam,
970 1100 1090 1151 qua:
1142 1084 1417 1137 interitum
1463 1085 1728 1153 propinat,
1763 1095 1820 1139 et
1848 1100 1940 1139 sa-

360 1173 526 1228 lutem
587 1177 788 1244 prodit.
834 1177 1113 1231 Imitemur
1154 1176 1459 1245 apostolos;
1510 1176 1780 1230 imitemur
1817 1190 1943 1245 pro-

359 1265 581 1335 phetas,
608 1277 662 1320 et
698 1282 795 1335 per
822 1268 1050 1337 vestigia
1083 1281 1271 1322 eorum
1328 1268 1665 1333 incedamus,
1695 1281 1794 1321 nec
1845 1281 1942 1322 nos

360 1358 593 1426 decipiat
628 1358 887 1414 feminina
927 1374 1075 1414 esca.
1109 1357 1219 1413 Nos
1246 1359 1347 1427 ipsi
1400 1373 1613 1423 rursus,
1649 1372 1717 1412 ne
1745 1357 1938 1412 mulie-

360 1464 475 1503 rem
516 1451 670 1519 quasi
702 1467 826 1506 esca
864 1453 916 1506 in
980 1452 1222 1506 lraudem
1260 1452 1575 1505 inducamus
1606 1451 1676 1505 ob
1725 1451 1940 1505 inanem

359 1538 612 1609 gloriam,
658 1549 713 1593 et
744 1540 1177 1609 superstitiosam
1232 1538 1613 1594 humilitatem.
1673 1535 1780 1591 Sed
1823 1551 1942 1590 om-

360 1630 450 1683 nia
483 1631 784 1685 sccundum
822 1647 1005 1686 veram
1055 1630 1391 1699 solidamque
1446 1627 1797 1682 humilitatem
1850 1641 1942 1682 so-

358 1719 475 1774 brie
515 1736 543 1773 a
576 1721 731 1775 nobis
766 1729 1091 1792 peragantur
1137 1720 1190 1775 in
1247 1695 1502 1781 Christo;
1554 1724 1614 1770 ut
1666 1715 1937 1783 possimus
1970 1695 2013 1754 Β

357 1810 579 1866 liberari
608 1829 635 1866 a
667 1813 922 1881 prmsenti
942 1823 1198 1882 -tempore
1230 1811 1391 1875 malo,
1417 1809 1566 1879 juxta
1606 1808 1934 1863 voluntatem

356 1900 555 1968 Patris,
594 1912 649 1956 et
679 1904 889 1958 Domini
916 1906 1086 1959 nostri
1116 1903 1243 1960 Jesu
1283 1903 1489 1960 Christi
1516 1903 1638 1957 Filii
1666 1901 1782 1969 ejus
1815 1901 1941 1955 uni-.

356 1992 567 2061 geniti:
620 2009 716 2063 per
748 2010 908 2063 quem
950 2004 1005 2049 et
1050 2010 1172 2049 cum
1219 2010 1327 2065 quo
1376 1995 1571 2067 gloria,
1627 1994 1936 2061 imperium,

355 2085 530 2140 honor
560 2086 816 2141 invisibili
847 2086 993 2141 Patri
1028 2102 1149 2141 cum
1192 2098 1385 2142 sancto
1412 2097 1470 2143 et
1503 2087 1778 2157 paracleto
1817 2085 1939 2152 Spi-

357 2175 491 2244 ritu,
521 2192 687 2244 nunc,
721 2186 777 2234 et
819 2177 874 2234 in
904 2178 1085 2233 omnia
1120 2179 1316 2235 sazcula
1357 2178 1699 2234 saeculorum.
1741 2176 1937 2238 Amen.

363 2328 2805 2359 ψ

1265 2503 1389 2618 S.
1477 2502 1999 2619 BASILII

2042 436 2296 491 τοσοῦτον
2333 434 2507 505 ἰσχύει
2538 434 2675 503 γυνὴ
2706 432 2862 508 ἀνδρὶ
2893 451 3234 501 συνοικουσα,
3267 438 3363 491 καὶ
3401 440 3505 509 τῆς
3534 435 3657 492 τοῦ

2041 526 2179 580 Θεοῦ
2230 527 2451 597 μνήμης
2494 524 2665 597 λήθην
2714 525 3030 596 ἐμποιῆσαι.
3081 526 3452 598 Ἐξελάσωμεν
3500 531 3660 582 ἑαυ-

2043 620 2170 682 τοὺς
2197 617 2307 673 ἀπὸ
2337 617 2563 686 γεέννης
2589 616 2682 669 καὶ
2710 616 2883 689 πυρὸς
2917 617 3155 671 αἰωνίου.
3186 618 3250 671 Τί
3275 617 3479 683 ζῶντες
3513 622 3659 673 ἑαυ-

2041 711 2167 773 τοὺς
2187 711 2267 772 εἰς
2294 708 2427 779 ᾅδην
2457 708 2552 762 καὶ
2578 706 2809 778 φοϐερὸν
2835 708 3103 779 τάρταρον
3128 708 3492 779 κατορύσσετε
3516 728 3531 774 ;
3568 711 3655 765 Οῑ

2041 801 2140 865 τὰς
2174 802 2559 864 συνεισάκτους
2594 799 2830 869 ἔχοντες,
2879 800 2975 853 καὶ
3009 802 3202 863 αὐταῖς
3231 803 3651 866 συνοικοῦντες,

2042 895 2354 967 ἀπομάθετε
2387 895 2449 949 τὸ
2476 894 2644 949 κακὸν
2688 893 2941 965 μάθημα,
2966 894 3029 947 τὸ
3065 897 3164 966 τῆς
3186 895 3463 959 ἀπωλείας
3496 896 3660 967 7196'—

2043 988 2214 1055 ξενον,
2246 988 2340 1042 καὶ⁵
2370 988 2547 1058 τὸτῆς
2580 987 2854 1059 σωτηρίας
2873 987 3208 1059 προδοτικόν.
3242 987 3659 1059 Μιμησὼμεοα

2039 1081 2167 1144 τοὺς
2199 1079 2549 1143 ἀποστόλους.
2600 1079 2968 1151 μιμησώμεθα
3012 1081 3140 1144 τοὺς
3182 1083 3486 1151 προφήτας,
3536 1082 3655 1135 καὶ

2042 1172 2162 1226 κατ’
2217 1172 2361 1243 ἴχνος
2392 1172 2572 1225 αὐτῶν
2608 1171 2904 1243 βαίνωμεν,
2947 1172 3042 1225 καὶ
3086 1171 3163 1243 μὴ
3192 1174 3340 1243 ἡμᾶς
3365 1174 3657 1227 ἀπατάτω

2040 1264 2102 1319 τὸ
2152 1265 2251 1334 τῆς
2289 1264 2547 1332 γυναικὸς
2578 1263 2771 1335 δέλεαρ
2790 1283 2805 1295 ·
2846 1263 2981 1335 μηδὲ
3009 1263 3171 1318 πάλιν
3199 1267 3435 1333 γυναῖκα
3467 1267 3660 1335 ἡμεῖς

2041 1357 2197 1416 αὐτοὶ
2216 1357 2559 1428 δελεάζωμεν
2585 1356 2673 1410 διὰ
2692 1358 2793 1428 τῆς
2821 1356 3144 1422 κενοδοξίας,
3177 1358 3272 1411 καὶ
3293 1358 3663 1411 ἑθελοταπει-

2040 1449 2376 1521 νοφροσύνης
2394 1466 2408 1479 °
2444 1448 2582 1503 ἀλλὰ
2616 1449 2795 1502 πάντα
2825 1448 2968 1502 κατὰ
2994 1449 3255 1521 ἀληθινὴν
3284 1451 3380 1504 καὶ
3408 1450 3660 1519 βεϐαίαν

2039 1540 2544 1613 ταπεινοφροσύνην
2595 1540 2889 1611 σωφρόνως
2952 1541 3042 1610 ὑφ’
3090 1540 3249 1612 ήμῶν
3305 1541 3671 1613 πραττέσθω

2042 1636 2101 1686 ὲν
2137 1632 2379 1703 Χριστῷ,
2414 1633 2503 1686 ἵνα
2535 1631 2853 1703 δυνηθῶμεν
2888 1633 3150 1704 ρυσθῆναι
3183 1635 3249 1686 ὲκ
3276 1634 3373 1686 τοῦ
3399 1633 3661 1686 ὲνεστῶη

2040 1742 2132 1788 τος
2182 1726 2377 1796 καιροῦ
2422 1725 2680 1796 πονηροῦ,
2725 1724 2865 1778 κατὰ
2914 1724 2975 1778 τὸ
3019 1724 3231 1796 θέλημα
3283 1725 3377 1779 τοῦ
3416 1727 3661 1797 Πατρὸς

2041 1818 2074 1888 ἡ
2084 1815 2219 1886 μῶν,
2251 1815 2347 1869 καὶ
2372 1816 2577 1888 Κυρίου
2601 1815 2779 1887 Ἰησοῦ
2807 1815 3043 1888 Χριστοῦ
3065 1815 3159 1869 τοῦ
3187 1817 3510 1886 μονογενοῦς
3540 1818 3662 1871 αὐτ

2040 1907 2133 1960 τοῦ
2162 1906 2316 1969 Υίοῦ,
2370 1907 2438 1960 δι’
2474 1900 2535 1960 οὗ
2577 1908 2673 1961 καὶ
2711 1908 2833 1979 μεθ’
2860 1898 2922 1960 οὗ
2956 1905 3103 1974 δόξα,
3140 1908 3365 1979 κράτος,
3394 1909 3529 1979 τιμὴ
3559 1908 3661 1979 τῷ

2047 1996 2267 2067 ἀοράτῳ
2298 1997 2477 2068 Πατρὶ
2515 1998 2611 2051 σὺν
2657 1998 2798 2069 ἁγίῳ
2837 1997 2933 2052 καὶ
2961 1998 3299 2069 παρακλήτῳ
3330 1998 3655 2069 Πνεύματι,

2044 2086 2141 2140 νῦν
2193 2089 2290 2141 καὶ
2332 2090 2413 2151 είς
2462 2089 2588 2153 τοὺς
2637 2088 2958 2155 σύμπαντας
3009 2089 3212 2152 αἰῶνας
3255 2089 3365 2143 τῶν
3400 2089 3663 2154 αἰώνων.

2059 2177 2251 2249 Ἀμήν.

2812 2332 2963 2344 ...α-

2455 2331 3384 2364 -Ἧ-νκ

3338 2350 3361 2360 -
3380 2353 3384 2360 ι

3338 2333 3619 2370 Tm.

2086 2502 2487 2618 MAGN
2507 2506 2549 2617 l
2587 2500 2759 2572 687

585 2745 1189 2840 RATIONES
1255 2744 2170 2839 SYLLOGISTICJE
2263 2742 2740 2838 CONTRA
2807 2746 3382 2872 ARIANOS,

1384 2940 1562 3016 Quod
1589 2939 1780 3003 Filius
1807 2940 1875 3002 in
1903 2939 2129 3004 divinis
2159 2941 2237 3004 sit
2261 2941 2425 3005 Deus
2457 2940 2575 3026 (86)

696 3106 1018 3183 (lnterprele
1045 3105 1339 3162 Francisco
1368 3098 1659 3172 Turri'ano,
1692 3104 1753 3160 S.
1781 3104 1831 3159 .l.
1863 3135 1933 3183 -τ
1954 3104 2035 3174 Ap

2044 3144 2057 3159 .
2090 3104 2303 3178 Ciuis“
2326 3105 2594 3162 Lectiones
2628 3108 2880 3178 antiqua,
2911 3108 2998 3164 ed.
3040 3107 3317 3178 Basnagii,

1739 3186 1873 3230 tom.
1914 3175 1968 3242 ι,
2011 3192 2063 3247 ρ.
2100 3176 2248 3247 I69.)

425 3464 468 3521 Ι.
507 3463 566 3521 Si
600 3462 768 3519 Filius
797 3470 881 3518 est
912 3470 1104 3517 natura
1134 3462 1296 3527 Deus,
1329 3470 1386 3516 et
1424 3459 1582 3516 Pater
1614 3470 1700 3515 est
1750 3469 1943 3516 natura
1972 3466 2014 3523 c
2048 3461 2211 3519 Pater
2236 3475 2399 3519 etiam
2424 3475 2507 3520 est
2536 3466 2868 3535 umgenitus,
2901 3465 3029 3538 quia
3055 3467 3495 3536 mcomparabilis
3525 3479 3640 3533 est,

353 3560 519 3624 Deus,
560 3573 669 3613 non
706 3566 790 3612 est
832 3556 969 3612 alius
1013 3555 1158 3611 Deus
1200 3554 1392 3621 Filius,
1435 3555 1574 3609 alius
1618 3569 1751 3609 vero
1795 3555 1939 3608 Deus

351 3650 535 3707 Pater.
573 3650 669 3705 Sin
700 3656 879 3703 autem
906 3663 1015 3702 non
1042 3657 1126 3701 est
1152 3656 1344 3701 natura
1377 3648 1516 3702 Deus
1544 3646 1714 3701 Filius
1750 3664 1763 3701 :
1796 3645 1938 3701 Deus

353 3742 573 3806 dicitur,
600 3742 848 3812 sicutqui
878 3741 1013 3796 l'also
1046 3741 1301 3795 dicuntur
1321 3739 1416 3804 dii,
1445 3748 1500 3794 et
1529 3754 1635 3793 non
1664 3749 1745 3793 est
1772 3739 1934 3794 Deus.

422 3834 487 3889 Il.
515 3833 574 3888 Si
618 3849 756 3889 unus
804 3834 1065 3888 Dominus
1099 3832 1268 3887 Filius
1309 3842 1524 3898 natura,
1550 3832 1813 3888 Dominus
1834 3849 1936 3887 au-

355 3933 461 3979 tem
505 3926 671 3981 etiam
719 3926 878 3980 Pater
912 3934 1129 3988 natura,
1160 3921 1507 3978 manifestum
1540 3931 1623 3976 est
1657 3926 1799 3992 quod
1829 3940 1934 3979 non

354 4016 457 4070 alia
496 4028 713 4073 natura.
753 4017 906 4085 Quod
945 4017 989 4072 si
1032 4031 1173 4070 unus
1210 4015 1350 4069 Deus
1382 4013 1565 4080 Pater,
1599 4014 1801 4069 dicitur
1839 4030 1937 4069 au-

355 4118 461 4163 tem
514 4109 657 4164 Deus
702 4110 867 4164 etiam
915 4108 1103 4173 Filius,
1134 4122 1240 4161 non
1273 4105 1378 4160 alia
1426 4115 1641 4171 natura,
1679 4106 1775 4160 sed
1803 4121 1932 4163 una.

433 4201 517 4259 ΙΙΙ.
557 4202 617 4257 Si
667 4218 806 4257 unus
852 4201 1111 4256 Dominus
1152 4207 1381 4263 natura,
1414 4213 1537 4253 cum
1572 4198 1723 4253 multi
1765 4197 1932 4262 θέσει,

352 4300 457 4355 hoc
485 4305 589 4359 est,
630 4295 896 4363 positione
943 4307 1038 4346 seu
1080 4289 1370 4360 adoptione
1405 4298 1668 4343 vocentur
1706 4290 1931 4358 domini,

351 4399 408 4444 et
450 4401 588 4443 unus
615 4384 787 4439 Filius
836 4391 1054 4447 natura,
1094 4395 1217 4433 cum
1252 4378 1404 4433 multi
1432 4381 1783 4435 nominentur
1810 4382 1931 4449 lilii,

351 4484 442 4552 qui
493 4492 717 4536 vocatur
759 4458 1030 4547 positione
1075 4472 1327 4527 dominus
1367 4471 1452 4526 vel
1488 4473 1629 4527 Illius
1656 4475 1721 4528 ad
1754 4474 1933 4528 imita-

354 4574 550 4626 tionem
582 4572 718 4638 ejus,
752 4569 843 4638 qui
889 4574 1103 4628 natura,
1154 4573 1382 4616 vocatur
1421 4581 1437 4617 :
1469 4564 1738 4632 positione
1787 4565 1929 4619 enim

352 4664 486 4717 nihil
522 4666 753 4726 dicetur,
783 4661 886 4715 nisi
914 4656 1216 4720 antecedat,
1250 4655 1395 4723 quod
1430 4665 1644 4710 natura.
1678 4654 1735 4710 Si
1769 4656 1934 4726 igitur

353 4770 452 4808 nos
483 4770 669 4809 sumus
700 4755 794 4807 lilii
823 4753 915 4806 Dei
951 4750 1121 4814 θέσει,
1152 4748 1204 4801 id
1232 4756 1340 4812 cst,
1372 4747 1682 4817 adoptione,
1702 4762 1929 4804 necesse

351 4856 437 4901 est
474 4849 623 4913 prius
654 4862 773 4901 esse
800 4854 988 4898 natura
1025 4843 1243 4899 Filium.

426 4939 515 4994 IV.
555 4940 684 5004 Quae
732 4951 858 4991 vere
884 4945 1011 4991 sunt
1057 4936 1275 4989 nomina
1321 4932 1657 4997 substantize,
1691 4946 1754 4986 ea
1790 4939 1934 4985 notae

351 5044 477 5087 sunt
510 5047 723 5096 eorum,
754 5045 983 5099 quorum
1039 5038 1165 5083 sunt
1204 5030 1444 5085 nomina.
1475 5026 1699 5095 Proprie
1741 5033 1921 5079 autem

351 5134 405 5180 et
433 5139 561 5178 vere
589 5122 752 5176 Pater
775 5132 858 5176 est
880 5121 1023 5175 Deus
1052 5130 1105 5174 et
1137 5118 1310 5175 Filius
1331 5132 1385 5175 et
1407 5118 1642 5188 Spiritus
1668 5125 1924 5171 sanctus:

347 5217 534 5273 eadem
560 5214 725 5286 igitur
749 5213 1052 5268 substantia
1093 5214 1239 5267 sicut
1265 5222 1319 5266 et
1347 5210 1587 5266 nomina.

421 5309 487 5362 ν.
523 5310 579 5362 Si
614 5322 719 5361 non
764 5318 849 5361 εει
883 5304 1250 5376 generationis
1276 5303 1633 5374 unigenitum,
1667 5301 1760 5357 sed
1801 5316 1925 5371 pro-

346 5410 469 5472 pter
519 5398 998 5470 incomparabilem
1051 5395 1429 5454 excellentiam
1473 5402 1558 5451 est
1598 5393 1924 5464 unigenitus,

2045 3564 2102 3609 et
2146 3556 2323 3610 omnis
2367 3566 2621 3611 creatura
2667 3574 2774 3613 non
2822 3558 3033 3624 similis,
3065 3559 3159 3614 sed
3206 3560 3490 3615 dissimilis
3532 3564 3644 3617 erit

2046 3648 2347 3719 unigenita,
2387 3651 2539 3704 multi
2575 3650 2740 3722 igitur
2778 3652 3043 3723 unigeniti
3086 3660 3248 3708 erunt
3285 3652 3431 3707 sicut
3461 3653 3642 3709 Filius

2044 3751 2129 3796 est
2158 3741 2248 3795 Dei
2280 3741 2610 3811 nnigenitus.

2123 3831 2212 3886 Vl.
2242 3831 2414 3887 Filius
2457 3848 2563 3887 non
2613 3833 2933 3903 simpliciter
2979 3843 3063 3890 est
3105 3835 3433 3905 unigenitus,
3465 3837 3564 3892 sed
3605 3853 3637 3892 a

2046 3923 2208 3978 Patre
2257 3925 2603 3994 unigenitus;
2649 3924 2817 3980 Filius
2863 3926 3029 3997 igitur
3065 3927 3375 3998 unigenitus
3425 3937 3537 3997 est,
3581 3939 3637 3984 et

2044 4029 2152 4069 non
2184 4024 2431 4070 creatura
2465 4017 2762 4085 unigenita.

2116 4105 2226 4161 VII.
2275 4108 2331 4164 Si
2374 4109 2518 4163 κατὰ
2553 4109 2887 4180 μετάϐασιν,
2919 4110 2973 4166 id
3005 4119 3100 4172 est
3132 4111 3505 4169 dimissionem
3528 4156 3546 4179 ,
3581 4124 3635 4168 et

2041 4201 2365 4268 permissum
2388 4200 2587 4269 Patris,
2631 4212 2817 4257 etnon
2858 4202 3151 4257 secundum
3197 4213 3445 4258 naturam
3474 4214 3636 4261 creat

2045 4291 2235 4357 Filius,
2275 4293 2410 4346 nihil
2459 4292 2601 4348 aliud
2637 4309 2799 4364 quam
2846 4294 3027 4347 minor
3072 4296 3338 4350 creaturis
3387 4296 3457 4349 ab
3510 4298 3632 4367 ipso

2041 4384 2222 4448 factis,
2248 4384 2412 4439 etiam
2463 4390 2754 4439 secundum
2786 4394 3039 4440 naturam
3064 4394 3185 4451 est;
3212 4400 3442 4455 quorum
3477 4389 3627 4441 enim

2041 4493 2146 4532 non
2169 4487 2254 4533 est
2273 4489 2489 4533 creator
2521 4479 2817 4533 secundum
2849 4466 3119 4543 naturam,
3148 4480 3419 4548 quomodo
3438 4491 3627 4534 creata

2039 4571 2335 4624 secundum
2369 4570 2658 4623 naturam?

2115 4658 2246 4714 VIII.
2280 4658 2340 4714 Si
2372 4660 2512 4714 Deus
2536 4669 2828 4728 operatur,
2862 4660 3003 4715 sicut
3035 4659 3214 4715 nullus
3248 4661 3407 4726 alius,
3437 4669 3492 4716 et
3524 4677 3622 4733 ge-

2038 4767 2259 4816 nerans,
2288 4752 2429 4807 sicut
2475 4750 2653 4805 nullus
2687 4750 2827 4804 alius
2858 4751 3170 4821 generabit;
3207 4752 3350 4806 Deus
3380 4753 3524 4806 enim
3567 4754 3617 4806 in

1961 4825 2011 4885 D
2036 4841 2290 4897 omnibus
2310 4880 2325 4905 ,
2357 4849 2413 4894 et
2443 4841 2510 4894 ad
2554 4840 2734 4895 omnia
2765 4850 2850 4896 est
2880 4842 3321 4912 incomparabilis
3357 4855 3415 4897 ut
3458 4844 3620 4899 Deus.

2109 4932 2201 4989 IX.
2240 4933 2389 4999 Quod
2415 4933 2494 4995 lit,
2517 4948 2620 4987 non
2639 4942 2810 4988 estex
2846 4934 3149 4988 substantia
3174 4933 3452 5001 facientis;
3476 4936 3619 5002 quod

2037 5034 2332 5097 generatur
2351 5037 2418 5077 ex
2443 5022 2745 5078 substantia
2770 5024 3083 5094 generantis
3116 5034 3233 5079 est:
3269 5041 3376 5079 non
3415 5036 3499 5080 est
3522 5026 3622 5097 igi-

2039 5127 2128 5172 tur
2160 5117 2300 5170 idem
2334 5115 2517 5169 facere
2540 5122 2596 5167 et
2624 5114 2863 5184 gignere.

2106 5205 2177 5261 X.
2209 5205 2266 5260 Si
2297 5205 2465 5259 Filius
2486 5215 2567 5258 est
2590 5220 2655 5259 ex
2682 5204 2812 5271 Deo,
2844 5222 2947 5261 non
2966 5216 3048 5262 est
3065 5215 3243 5260 autem
3273 5215 3525 5274 tanquam
3555 5223 3617 5262 ex

2036 5299 2220 5363 Patre,
2249 5298 2342 5353 sed
2376 5307 2633 5366 tanquam
2661 5313 2728 5352 ex
2751 5314 2934 5365 causa,
2959 5315 3123 5355 causa
3154 5308 3333 5367 autem
3366 5311 3423 5354 ut
3450 5302 3616 5355 simus

2038 5392 2201 5449 etiam
2238 5405 2359 5457 nos,
2389 5384 2529 5445 Deus
2555 5398 2660 5456 est,
2685 5405 2751 5446 ex
2788 5391 2906 5463 ipso
2934 5392 3081 5447 enim
3106 5400 3236 5447 sunt
3262 5393 3477 5460 omnia;
3510 5407 3613 5446 non

424 5580 536 5657 (86)
576 5582 664 5657 Illa
717 5588 1193 5655 argumenta‘non
1247 5578 1469 5652 digessit
1530 5579 1646 5656 ipse
1702 5577 1948 5645 Basilius,
2013 5579 2106 5636 sed
2160 5594 2226 5637 ex
2270 5580 2434 5657 ipsius
2479 5578 2732 5653 operibus
2794 5576 2950 5634 ducta
3006 5584 3132 5635 sunt
3176 5585 3231 5634 et
3276 5574 3328 5631 in
3373 5574 3611 5633 ordinem

348 5653 583 5715 redacta.
609 5653 699 5710 ΒΑε
717 5670 771 5711 a.
