3802 6216
106 348 198 405 89.9

1169 337 1602 396 ARGUMENTA
1641 332 1921 390 CONTRA
1955 333 2276 391 ARIANOS.

3240 333 3346 388 850

108 469 256 534 igitur
285 461 438 516 aliter
459 457 628 514 Pater
659 455 809 524 Filii,
842 465 897 512 et
946 455 1104 511 aliter
1127 466 1332 519 noster,
1370 455 1464 509 sed
1495 452 1673 521 potius
1701 455 1747 509 Λ
1779 451 1972 521 igitur,
1999 468 2122 508 cum
2157 451 2230 504 sit
2257 447 2515 519 splendor
2543 446 2741 512 Patris,
2775 459 2880 500 non
2909 444 3216 516 aliquando,
3253 449 3347 504 sed

108 555 374 619 similiter;
400 561 454 606 et
482 551 755 620 quomodo
788 563 894 602 non
931 558 1015 602 est
1044 547 1147 601 hoc
1190 545 1525 600 absurdum?

173 645 256 701 XI.
289 643 342 698 Si
374 643 514 698 nihil
551 650 635 697 est
666 639 842 695 simile
869 648 925 693 et
955 637 1161 707 aequale
1189 638 1298 691 Deo
1328 644 1524 704 praeter
1579 632 1668 687 Fi—

113 741 249 804 lium,
272 749 326 791 et
353 750 462 790 non
490 742 580 790 est
604 732 792 799 Filius,
826 744 1000 800 neque
1031 730 1162 794 Deo,
1187 741 1362 796 neque
1405 725 1670 780 creaturis

113 831 202 886 erit
223 827 428 882 similis.

175 919 278 972 XII.
301 916 456 982 Quod
477 922 567 969 est
590 914 640 967 in
675 913 848 967 forma
874 910 992 976 Dei,
1015 911 1070 964 in
1103 907 1406 963 substantia
1436 905 1529 960 Dei
1551 916 1670 971 est;

116 1027 206 1066 non
232 1010 370 1065 enim
403 1016 492 1062 est
531 1006 676 1060 aliud
705 1005 877 1059 forma
899 1044 915 1070 ,
947 1011 1003 1057 et
1037 1001 1182 1055 aliud
1217 999 1520 1054 substantia
1554 999 1670 1061 Dei,

119 1121 174 1157 ne
199 1100 523 1170 compositus
547 1100 638 1153 sit.
665 1098 830 1168 Igitur
863 1097 954 1164 qui
998 1105 1080 1150 est
1114 1093 1412 1147 secundum
1445 1091 1673 1146 formam

118 1192 336 1262 aequalis,
372 1198 430 1244 et
464 1189 766 1243 secundum
799 1185 1157 1240 substantiam
1183 1184 1308 1237 erit.

180 1283 304 1336 XIII.
336 1282 392 1335 Si
430 1281 651 1350 genitus
683 1279 860 1333 minor
889 1285 1084 1339 esteo,
1112 1276 1202 1344 qui
1233 1274 1438 1343 genuit,
1463 1287 1568 1326 non
1594 1282 1677 1325 est

121 1371 470 1433 accusandus,
509 1368 602 1437 qui
636 1367 854 1436 genitus
902 1375 1024 1431 est;
1062 1365 1351 1418 inﬁrmitas
1389 1373 1565 1416 autem
1599 1369 1682 1414 est

122 1462 390 1530 genitoris,
441 1470 540 1512 aut
589 1458 733 1512 enim
781 1457 1047 1519 invidens,
1083 1471 1188 1508 non
1225 1454 1355 1509 fecit
1387 1453 1677 1523 aequalem,

123 1554 337 1620 autquia
371 1567 478 1605 non
513 1550 712 1621 potuit,
747 1564 853 1602 non
882 1547 1071 1616 genuit
1105 1546 1363 1602 similem.

183 1642 308 1698 XIV.
345 1641 401 1695 Si
451 1641 618 1695 Pater
659 1648 783 1692 ante
830 1637 1024 1691 Filiqu
1075 1645 1211 1700 erat,
1256 1636 1476 1688 omnino
1522 1633 1685 1688 Pater

122 1731 322 1784 alterius
367 1739 488 1783 erat
515 1745 531 1794 ;
567 1728 686 1782 sine
731 1727 869 1781 Filio
897 1727 1041 1782 enim
1071 1741 1176 1779 non
1204 1726 1477 1778 diceretur
1502 1723 1679 1777 Pater.

1778 553 2083 600 coazternus
2116 553 2237 597 est:
2269 556 2390 595 cum
2422 540 2492 593 sit
2527 539 2670 594 Deus
2703 547 2758 592 et
2794 537 2954 592 Pater
2976 538 3180 603 lumen,
3209 540 3351 594 sicut
3398 597 3406 604 ,

1775 639 1851 691 ait
1882 637 2046 691 Da'vid
2083 652 2098 690 :
2135 634 2201 689 In
2226 635 2418 688 lumine
2447 643 2537 686 tuo
2569 631 2855 686 videbimus
2880 632 3053 684 lumen
3075 631 3150 698 '5;
3177 642 3230 685 et
3254 631 3352 686 Da-

1776 729 1920 783 niel:
1954 728 2020 780 Et
2063 727 2234 779 tanien
2279 725 2442 792 ipsius
2491 733 2565 776 est
2612 722 2689 789 “;
2732 731 2787 776 et
2832 721 3116 790 Apostolus
3176 740 3191 778 :
3244 722 3349 788 Qui

1780 837 1897 874 cum
1930 821 1995 873 sit
2025 819 2268 888 splendor
2297 817 2478 884 qloria:
2497 815 2563 878 ",
2595 823 2699 869 etc.

1855 910 2045 965 XXIV.
2071 911 2126 964 Si
2147 925 2366 979 germen
2392 909 2696 963 substantia
2719 915 2822 969 est,
2841 907 3078 974 ipsorum
3105 908 3355 977 opinione

1782 1004 1919 1058 sicut
1951 1004 2246 1072 ingenitum
2277 1019 2291 1067 ;
2323 1015 2541 1070 germen
2582 1008 2765 1053 autem
2799 999 2892 1054 Dei
2927 1011 3008 1054 est
3035 999 3237 1066 Filius;
3273 1011 3356 1056 est

1782 1096 1945 1166 igitur
1975 1095 2274 1148 substantia
2307 1095 2418 1148 Dei.

1864 1183 2034 1238 XXV.
2067 1184 2122 1237 Si
2172 1183 2465 1245 voluntate,
2497 1198 2601 1236 non
2639 1193 2832 1238 natura
2864 1183 3007 1237 Deus
3035 1183 3228 1237 Filium
3262 1199 3357 1254 ge-

1787 1277 1926 1338 nuit,
1966 1276 2050 1329 vel
2095 1290 2217 1329 cum
2276 1275 2440 1328 voluit
2497 1276 2698 1343 semel,
2731 1278 2982 1344 deinceps
3031 1292 3133 1330 nou
3189 1277 3362 1344 potuit

1786 1369 1944 1432 velle,
1970 1368 2053 1423 vel
2083 1369 2279 1422 iterum
2321 1368 2512 1434 voluit,
2544 1378 2597 1422 et
2628 1370 2819 1421 iterum
2861 1368 3064 1436 genuit.
3097 1367 3152 1420 Si
3183 1379 3360 1421 autem

1790 1475 1894 1514 non
1924 1468 2004 1514 est
2025 1475 2127 1513 una
2152 1458 2401 1513 voluntas
2431 1459 2568 1525 ejus,
2592 1459 2685 1512 sed
2712 1459 2944 1520 diversa,
2985 1474 3088 1512 non
3126 1470 3210 1512 est
3233 1459 3366 1512 sim-

1790 1551 1908 1620 plex
1936 1567 1950 1612 ;
1986 1566 2085 1605 nec
2116 1551 2274 1604 unius
2309 1558 2518 1616 auctor,
2544 1550 2659 1614 sed,
2687 1558 2747 1602 ut
2774 1551 2906 1612 vult,
2944 1547 3093 1602 facit.

1863 1640 2058 1696 XXVI.
2092 1640 2147 1695 Si
2200 1640 2341 1696 Deus
2370 1656 2473 1695 non
2502 1648 2748 1710 generat,
2780 1648 2871 1694 attt
2897 1642 3021 1708 quia
3056 1655 3159 1693 non
3192 1647 3369 1708 potest

1795 1736 2052 1800 omnino,
2077 1741 2167 1786 aut
2192 1733 2316 1801 quia
2355 1748 2459 1786 non
2491 1733 2632 1798 vult;
2659 1733 2751 1786 sed
2790 1733 2833 1786 si
2867 1731 3080 1801 quidem
3129 1749 3230 1785 nun
3273 1749 3370 1802 po-

186 1819 290 1874 XV.
321 1819 379 1872 Si
428 1818 525 1886 qui
575 1816 771 1872 Filium
815 1815 1064 1884 cognovit
1105 1815 1396 1869 secundum
1430 1815 1684 1868 substan-

1819 1835 1918 1883 est.
1953 1839 2056 1878 non
2088 1823 2260 1878 solum
2297 1839 2404 1877 non
2439 1834 2638 1893 potest,
2677 1824 2768 1877 sed
2797 1833 3020 1891 superat
3046 1840 3168 1878 eum
3205 1840 3372 1892 gene-

126 1915 258 1972 liam,
306 1911 567 1980 cognovit
600 1911 764 1964 etiam
816 1909 1062 1972 Patrem,
1089 1908 1151 1964 Si
1178 1924 1258 1963 me
1297 1908 1456 1968 enim,
1492 1905 1684 1974 inquit,

127 2003 504 2070 mgnasceretis,
529 2012 579 2056 et
605 1999 815 2054 Patrem
859 2017 1032 2054 meum
1059 1999 1436 2064 cognoscentis
1467 2001 1532 2050 θ’.
1583 1997 1688 2067 lgi-

129 2103 203 2146 tur
225 2093 511 2164 ὁμοούσιος
543 2102 626 2147 εει
658 2093 802 2146 Patri
838 2091 1042 2159 Filius;
1079 2090 1216 2146 nihil
1258 2091 1402 2145 enim
1441 2090 1690 2159 incorpo-

131 2202 259 2240 reum
291 2201 354 2241 ex
383 2187 642 2240 dissimili
671 2185 976 2240 substantia
1003 2183 1250 2249 cognosci
1284 2192 1481 2252 potest.

191 2277 320 2333 XVI.
353 2279 409 2332 Si
441 2279 670 2333 credere
708 2276 984 2332 Christum
1021 2292 1142 2331 esse
1172 2275 1368 2330 Filium
1399 2273 1492 2328 Dei
1529 2273 1694 2327 habet

131 2370 274 2421 vitam
295 2410 309 2432 ,
335 2385 442 2425 non
475 2370 703 2424 credere
734 2369 1043 2424 necessario
1069 2369 1234 2422 habet
1257 2373 1509 2421 mortem.

193 2458 338 2512 XVII.
369 2458 613 2526 Quorum
647 2468 773 2513 sunt
802 2459 1004 2512 eaedem
1044 2457 1341 2529 ἐνέργειαι,
1373 2456 1425 2510 id
1452 2463 1535 2511 est
1562 2469 1694 2525 ope-

135 2552 388 2614 rationes,
437 2552 637 2605 horum
685 2551 848 2604 etiam
892 2550 1192 2604 substantia
1244 2563 1348 2602 una
1387 2563 1403 2600 :
1454 2547 1697 2615 operatio

136 2652 294 2694 autem
327 2640 507 2696 Patris
535 2649 590 2694 et
620 2640 744 2694 Filii
775 2656 902 2704 una,
935 2649 995 2694 ut
1015 2639 1182 2693 illud:
1217 2638 1496 2692 Faciamus
1526 2637 1697 2690 homi-

136 2748 235 2784 nem
261 2733 334 2796 ‘3;
367 2743 421 2788 et
465 2749 699 2788 rursus:
733 2733 866 2798 Qua:
901 2733 1029 2802 facit
1069 2730 1252 2795 Pater,
1287 2734 1398 2786 (uec
1427 2742 1472 2784 et
1519 2729 1696 2783 Filius

137 2827 357 2880 similiter
405 2825 537 2895 facit
568 2826 650 2894 “;
695 2842 802 2881 una
858 2826 1024 2897 igitur
1071 2827 1372 2880 substantia
1423 2825 1600 2878 Patris
1643 2833 1698 2878 et

137 2914 261 2970 Filii.

198 3008 371 3067 XVIII.
420 3008 477 3065 Si
509 3011 750 3080 cognitio
784 3009 963 3064 Patris
989 3017 1044 3062 et
1069 3007 1190 3064 Filii
1222 3008 1326 3061 vita
1355 3016 1556 3062 aeterna
1592 3015 1696 3070 est,

141 3117 343 3157 necesse
392 3113 477 3158 εει
530 3104 689 3157 unius
739 3102 902 3157 etiam
945 3109 1151 3160 natura:
1186 3113 1347 3165 esse;
1394 3114 1522 3168 quae
1553 3099 1694 3151 enim

141 3191 349 3248 dit'ersze
381 3194 704 3249 substantiae
731 3203 878 3259 sunt,
924 3208 1027 3247 non
1063 3208 1166 3245 una
1201 3192 1507 3262 cognitione
1533 3191 1705 3261 perci-

138 3284 359 3352 piuntur,
387 3301 566 3355 neque
589 3286 839 3340 similiter
867 3285 1142 3339 viviticare
1179 3292 1422 3352 possunt.

201 3374 331 3429 XIX.
366 3377 424 3431 Si
481 3379 658 3447 imago
697 3377 875 3431 Patris
910 3392 1034 3431 vere
1057 3385 1140 3431 est
1187 3375 1376 3438 Filius,
1401 3374 1580 3429 omnis
1606 3390 1704 3427 au-

144 3474 238 3520 tem
264 3469 439 3537 imago
482 3467 567 3522 vel
594 3469 914 3523 substantia:
940 3476 1044 3532 est,
1073 3467 1156 3520 vel
1179 3467 1386 3529 formae,
1421 3466 1498 3520 vel
1527 3468 1710 3535 lignrze

149 3557 220 3612 vel
251 3562 474 3629 speciei,
506 3561 590 3614 vel
613 3561 810 3614 coloris
833 3561 1006 3630 imago
1035 3579 1048 3614 :
1084 3562 1226 3616 Deus
1258 3569 1436 3615 autem
1477 3561 1530 3614 in
1565 3560 1708 3612 nullo

143 3649 315 3705 horum
356 3665 466 3718 est,
509 3654 602 3709 sed
639 3654 691 3707 in
735 3654 1038 3708 substantia
1088 3655 1298 3709 solum:
1335 3653 1506 3707 Filius
1547 3653 1710 3720 igitur

143 3759 251 3795 cum
285 3746 353 3799 sit
383 3749 564 3816 imago
604 3746 954 3810 substantiae,
993 3746 1238 3814 ejusdem
1273 3746 1597 3801 substantiae
1625 3751 1710 3799 est

143 3847 250 3886 cum
277 3836 463 3892 Patre.

207 3924 319 3984 XX.
359 3928 416 3982 Si
463 3927 622 3984 Pater
672 3929 892 3984 omnino
947 3945 1054 3984 non
1105 3936 1281 3999 potest
1321 3928 1554 3984 conferri
1585 3945 1707 3983 cum

147 4014 271 4070 Filio
293 4059 308 4085 ,
341 4020 393 4073 in
440 4021 692 4075 omnibus
719 4033 898 4075 autem
929 4023 1088 4075 etiam
1129 4020 1363 4074 conferri
1400 4038 1503 4076 non
1535 4030 1710 4090 potest

147 4119 255 4158 cum
284 4120 574 4174 creatura;
605 4124 709 4164 non
746 4110 905 4164 aliter
934 4126 1056 4164 cum
1101 4109 1239 4166 Filio
1264 4149 1279 4173 ,
1321 4110 1481 4164 aliter
1531 4119 1706 4164 autem

148 4208 256 4248 cum
299 4209 582 4264 creatura,
622 4202 716 4255 sed
753 4201 1035 4267 similiter;
1082 4216 1186 4255 non
1223 4201 1386 4270 igitur
1436 4210 1521 4256 est
1547 4201 1710 4261 dissi-

149 4289 276 4343 milis
316 4290 499 4356 Patri,
533 4293 627 4346 sed
671 4303 728 4346 et
771 4293 969 4348 similis
1011 4303 1313 4362 creaturae;
1357 4304 1410 4348 et
1442 4294 1710 4364 quomodo

151 4396 242 4441 non
267 4393 346 4438 est
369 4385 475 4440 hoc
501 4385 834 4439 absurdum?

1799 1915 1970 1968 rativa
2021 1922 2076 1968 et
2131 1912 2367 1983 perlecta
2398 1923 2622 1978 natura;
2655 1913 2937 1974 inﬁrmior,
2976 1913 3213 1982 inquam,
3265 1924 3370 1980 est,

1796 2021 1956 2073 quam
1995 2016 2184 2059 natura
2226 2021 2491 2076 generaus
2520 2012 2572 2058 et
2597 2004 2858 2073 perlecta.
2899 2004 2993 2059 Sin
3023 2016 3201 2060 autem
3247 2023 3371 2061 cum

1797 2097 1997 2166 alioqui
2036 2107 2238 2167 posset,
2271 2097 2440 2152 noluit
2486 2107 2696 2164 tamen;
2731 2101 2872 2170 quod
2926 2107 3112 2152 natura
3169 2099 3364 2167 potuit,

1799 2191 2078 2244 voluntate
2118 2190 2379 2244 cohibuit.
2420 2189 2596 2256 Quare
2624 2193 2725 2245 etsi
2757 2192 2991 2247 nondum
3023 2191 3228 2262 genuit,
3270 2192 3371 2264 igi-

1801 2290 1888 2334 tur
1922 2280 2112 2333 volens
2137 2281 2417 2348 generabit
2454 2281 2761 2348 aliquando.

1871 2369 2085 2424 XXVII.
2113 2370 2167 2425 Si
2201 2371 2486 2437 aliquando
2526 2388 2632 2427 non
2669 2373 2772 2427 fuit
2802 2373 2990 2436 Filius,
3018 2373 3188 2442 ipsum
3220 2373 3374 2441 illud,

1803 2459 2116 2531 aliquando,
2147 2463 2251 2516 erit
2280 2471 2401 2530 post
2433 2463 2603 2528 illum,
2631 2464 2722 2533 qui
2744 2466 3045 2535 generavit,
3064 2481 3168 2518 non
3195 2475 3378 2520 autem

1804 2564 2096 2622 antequam
2129 2554 2344 2624 genitus
2377 2555 2480 2619 sit;
2517 2571 2624 2609 non
2657 2556 2820 2625 igitur
2849 2565 2975 2610 ante
3000 2557 3178 2608 omnia
3211 2554 3382 2611 Filius

1804 2645 1920 2700 sine
1953 2645 2134 2712 Patre,
2157 2646 2250 2700 sed
2283 2653 2404 2714 post
2431 2644 2582 2708 illud,
2613 2644 2920 2714 aliquando,
2959 2646 3296 2715 reperietur:
3328 2652 3384 2700 ει

1805 2739 2072 2810 quomodo
2105 2753 2208 2792 non
2246 2739 2346 2792 hoc
2373 2739 2664 2791 absurdum
2697 2738 2822 2791 est?

1875 2827 2107 2884 XXVIII.
2135 2829 2264 2884 Cum
2294 2846 2392 2884 nos
2418 2831 2645 2884 dicimus
2667 2828 2879 2884 Patrem
2903 2844 3134 2897 semper,
3162 2842 3386 2882 necesse

1804 2931 1887 2976 est
1918 2921 2077 2974 etiam
2108 2935 2318 2988 semper
2344 2935 2462 2975 esse
2487 2920 2704 2974 Filium.
2728 2922 2892 2974 Aiunt
2923 2921 2993 2974 illi
3023 2939 3036 2975 :
3073 2920 3234 2989 Igitur
3258 2922 3384 2990 quia

1805 3025 2019 3078 semper
2044 3019 2127 3063 est
2157 3009 2344 3074 Filius,
2383 3011 2608 3064 Crealor
2643 3019 2698 3065 et
2729 3013 2932 3064 creatio
2962 3027 3194 3080 semper,
3223 3021 3386 3079 atque

1809 3105 1880 3156 ita
1915 3103 2020 3156 erit
2048 3103 2252 3156 creatio
2278 3111 2546 3156 coaeterua
2585 3103 2729 3156 Patri
2764 3113 2817 3157 et
2847 3103 3003 3157 Filio.
3035 3103 3104 3156 At
3134 3103 3222 3172 qui
3255 3103 3386 3156 dicit

1807 3193 2142 3257 Creatorem,
2177 3208 2282 3246 non
2325 3193 2486 3246 simul
2527 3194 2658 3246 dicit
2695 3192 3061 3246 creationem:
3091 3206 3195 3245 non
3239 3191 3382 3246 enim

1807 3302 1931 3340 cum
1984 3286 2312 3340 mditicatore
2363 3285 2522 3339 simul
2569 3296 2652 3339 est
2705 3285 3012 3349 aedilicium,
3046 3299 3222 3354 neque
3259 3300 3382 3338 cum

1809 3374 2003 3444 opiﬁce
2029 3374 2225 3443 navigii
2259 3373 2417 3428 simul
2452 3384 2535 3428 est
2576 3374 2867 3443 navigium.
2905 3374 3121 3428 Creatio
3151 3373 3295 3426 enim
3331 3375 3385 3428 in

1808 3474 2056 3521 creatore
2104 3475 2189 3520 est
2215 3483 2228 3519 :
2256 3465 2397 3534 quod
2447 3473 2624 3519 autem
2655 3475 2892 3524 creatur.
2927 3474 3046 3532 post
3083 3474 3384 3520 creatorem

1809 3566 1892 3611 est
1919 3563 1938 3607 ε’
1966 3566 2174 3625 patrem
2204 3564 2384 3608 autem
2423 3555 2624 3616 dicere,
2651 3569 2754 3606 non
2790 3556 2962 3621 posito
3013 3555 3143 3619 tilio,
3177 3553 3386 3620 impos-

1811 3649 1966 3704 sibile
1988 3658 2110 3702 est:
2141 3650 2298 3717 etqui
2323 3657 2533 3718 patrem
2559 3647 2718 3710 dixit,
2737 3662 2844 3701 non
2877 3647 3197 3715 simpliciter
3223 3647 3382 3713 dixit,

1811 3740 1904 3796 sed
1940 3738 2164 3806 alicujus
2193 3747 2400 3806 patrem
2430 3737 2586 3790 dixit.

1879 3827 2069 3882 XXIX.
2115 3829 2252 3881 Deus
2295 3834 2350 3880 et
2391 3825 2668 3888 Dominus,
2694 3832 2749 3878 et
2793 3823 3156 3892 omnipotens,
3186 3832 3240 3878 et
3288 3824 3388 3880 Sa-

1811 3922 1994 3983 baoth,
2025 3929 2077 3974 et
2102 3917 2330 3982 Adonai,
2359 3927 2414 3972 et
2441 3917 2555 3972 ΕΙοἰ
2585 3915 2784 3971 dicitur
2815 3918 2868 3970 in
2897 3917 3193 3986 Scripturis
3222 3916 3385 3983 Deus,

1812 4014 2082 4082 ingenitus
2123 4027 2251 4065 vero
2300 4025 2666 4079 nequaquam.
2703 4009 2760 4065 Si
2795 4009 2916 4080 quis
2960 4023 3090 4062 vero
3124 4008 3225 4062 hoe
3253 4024 3388 4062 con-

1810 4106 1988 4166 cedet,
2035 4113 2094 4158 ut
2143 4105 2434 4174 ingenitus,
2466 4113 2522 4158 et
2571 4103 2692 4156 aliis
2736 4103 3049 4156 nominibus
3097 4103 3390 4171 propositis

1811 4197 2041 4261 dicatur,
2075 4193 2504 4249 accounuodabit
2532 4193 2648 4246 ὴωο
2673 4191 2892 4253 Judaeis,
2914 4200 2967 4245 et
2983 4192 3265 4256 omnibus;
3301 4207 3392 4246 so-

1811 4287 1877 4340 lis
1921 4301 2050 4340 vero
2097 4284 2424 4338 Christianis
2476 4281 2906 4337 accommodabit
2953 4282 3134 4335 dicere
3172 4279 3389 4334 Patrem

1811 4377 2030 4431 Christi.
2076 4375 2131 4430 Si
2184 4375 2348 4446 igitur
2378 4375 2519 4442 quod
2555 4372 2729 4427 solum
2776 4387 2874 4425 nos
2910 4370 2977 4424 ab
3007 4369 3126 4422 aliis
3154 4379 3388 4437 separat,

211 4469 346 4526 XXI.
375 4474 436 4528 Si
473 4489 594 4528 cum
642 4475 829 4529 dicunt
853 4473 1049 4528 Filium
1084 4489 1204 4531 esse
1233 4485 1560 4542 creaturam,
1592 4490 1696 4528 non
1740 4499 1783 4554 ο
1814 4468 2008 4523 falsum
2039 4477 2140 4530 est,
2173 4477 2228 4519 et
2259 4480 2363 4518 non
2413 4479 2638 4527 verum;
2670 4471 2724 4517 et
2757 4476 2952 4550 noinen
3004 4469 3087 4513 est
3131 4459 3298 4520 θέσει,
3337 4461 3388 4512 id

149 4567 390 4632 tauquam
425 4579 586 4618 unam
615 4579 684 4618 ex
718 4565 985 4619 creaturis
1015 4565 1220 4628 dicunt,
1253 4580 1423 4634 quare
1451 4581 1574 4619 cum
1606 4581 1704 4620 nos

150 4651 359 4708 dicimus
376 4671 498 4710 esse
521 4655 790 4726 γέννημα,
819 4656 870 4710 id
891 4666 974 4710 est
996 4671 1236 4726 germen,
1273 4667 1528 4727 tanqttam
1546 4673 1712 4714 unum

151 4755 210 4796 ex
240 4747 571 4812 germinibus
601 4747 940 4817 intelligunt?

215 4832 368 4890 XXII.
410 4835 468 4890 Si
509 4852 614 4892 non
649 4838 837 4907 rgignit
869 4837 1033 4901 Deus,
1067 4851 1135 4891 ne
1163 4836 1454 4892 ﬂuxionem
1497 4839 1707 4906 subeat,

153 4936 310 4992 neque
332 4925 528 4993 κτίζει,
547 4928 597 4981 id
622 4939 726 4996 est,
747 4936 916 4990 creat,
937 4929 1050 4983 sive
1081 4929 1230 4995 facit,
1257 4944 1324 4984 ne
1347 4928 1703 4996 defatigetur;

154 5014 226 5067 sin
247 5029 421 5072 autem
447 5027 600 5074 creat
619 5019 754 5074 nihil
775 5021 1048 5091 patiendo,
1069 5021 1236 5074 multo
1260 5022 1432 5090 magis
1455 5021 1586 5076 nihil
1605 5038 1704 5091 pa-

156 5106 320 5162 tiendo
345 5112 532 5181 gignit.

217 5195 390 5255 XXIII.
421 5201 478 5256 Si
519 5202 659 5257 sicut
694 5202 948 5272 splendor
976 5216 1041 5256 ex
1081 5203 1226 5256 omni
1259 5203 1462 5259 lumine
1485 5219 1707 5273 genera-

159 5293 253 5353 tur,
285 5293 361 5346 sic
393 5308 459 5348 ex
487 5291 647 5348 Patre
673 5295 912 5364 quidem,
953 5293 1158 5349 lumine
1183 5307 1362 5349 autem
1396 5312 1500 5349 non
1532 5312 1709 5365 quan-

158 5377 334 5448 doque,
348 5385 439 5439 sed
460 5386 576 5441 sine
597 5385 1002 5454 intercapedine
1032 5387 1314 5455 temporis,
1358 5397 1413 5443 et
1438 5400 1711 5445 ceteterne

157 5480 264 5524 cum
293 5473 400 5540 illo,
426 5490 529 5530 non
555 5477 700 5532 enim
727 5486 809 5532 est
837 5475 1016 5532 lumen
1053 5479 1172 5534 sine
1196 5478 1515 5547 sulendore;
1541 5479 1710 5537 Filius

251 5717 291 5792 _“
320 5717 470 5778 loan.
542 5739 654 5792 xiv,
688 5724 740 5778 7.

854 5723 898 5755 ”
923 5723 1056 5781 Gen.
1120 5739 1157 5790 ι,
1190 5722 1278 5780 26.

164 5785 275 5848 hit.

1386 5721 1428 5760 εδ
1458 5720 1609 5780 Joau.
1649 5739 1697 5789 ν,
1735 5721 1816 5778 I9.

1813 4571 1915 4626 est,
1964 4561 2253 4628 positione,
2299 4567 2354 4612 et
2398 4571 2502 4611 non
2539 4571 2627 4609 res
2674 4535 2894 4617 natur'a,
2935 4550 3067 4605 falsa
3103 4561 3187 4606 est
3222 4552 3388 4618 fides,

1818 4666 1958 4704 vana
1984 4659 2066 4703 est
2096 4664 2238 4718 spes.
2268 4647 2433 4715 Cujus
2462 4646 2604 4702 enim
2633 4644 2953 4713 principium
2985 4652 3067 4696 est
3094 4642 3386 4706 inﬁrmum,

1808 4741 1968 4796 etiam
2006 4739 2127 4793 linis
2151 4746 2233 4792 est
2265 4737 2479 4792 debilis.
3392 4733 3394 4736 ’

1878 4830 2046 4885 XXX.
2078 4830 2284 4882 Rursus
2306 4829 2639 4894 interrogant
2662 4823 2846 4878 Ariani
2873 4839 2886 4875 :
2920 4821 3289 4883 Exsislensue,
3321 4835 3388 4874 an

1811 4939 1919 4979 non
1955 4907 2224 4976 exsistens
2257 4920 2473 4989 genitus
2501 4927 2586 4970 est
2632 4915 2838 4970 Filius?
2864 4914 3103 4969 Obscura
3144 4924 3198 4967 et
3244 4914 3390 4966 rudis

1812 5012 2190 5082 interrogatio;
2211 5010 2334 5078 quia
2353 5010 2496 5061 enim
2520 5007 2684 5074 pudet
2717 5006 3048 5071 interrogare
3078 5003 3310 5070 quando,
3336 5011 3390 5056 et

1811 5109 1862 5162 in
1883 5101 2299 5174 tempore688
2317 5098 2572 5154 dicuntzo
2600 5097 2696 5161 ὢν,
2723 5097 2774 5150 id
2794 5105 2894 5160 est,
2915 5096 3198 5150 exsisteus.
3217 5093 3392 5150 Vicis-

1811 5203 1912 5255 sim
1968 5199 2130 5267 igitur
2169 5193 2530 5264 iuterrogandi
2593 5200 2716 5247 sunt
2766 5208 2780 5244 :
2833 5191 3183 5244 Exsisteusne
3245 5186 3389 5242 Deus

1809 5291 1973 5347 Pater
2017 5288 2214 5343 Filium
2267 5287 2474 5355 genuit,
2510 5300 2577 5337 au
2628 5299 2732 5336 non
2782 5282 3054 5336 exsisteus
3099 5279 3292 5334 Pater?
3331 5278 3389 5334 Si

1811 5383 1956 5438 enim
1985 5382 2253 5436 exsistens
2296 5378 2479 5440 Pater,
2521 5375 2868 5428 exsistenlem
2903 5371 3118 5440 genuit:
3154 5371 3235 5424 siit
3261 5384 3390 5424 vero

1813 5490 1919 5530 non
1976 5473 2283 5534 exsisteus,
2315 5468 2563 5538 genitus,
2599 5478 2653 5521 et
2705 5480 2809 5520 non
2852 5474 3042 5517 natura
3077 5461 3239 5516 Pater
3285 5471 3386 5516 est.

1915 5720 1958 5753 "
1984 5717 2123 5776 Psal.
2186 5712 2448 5776 Μαι-μθ.
2561 5707 2770 5764 “Dan.
2836 5725 2893 5776 tt,
2947 5706 3036 5766 29..
3149 5709 3191 5740 ⁸⁷
3222 5707 3388 5780 llebr.
