3802 6216
320 227 422 286 831

1277 234 1622 292 APPENDIX
1657 235 1947 294 OPERUM
1989 237 2048 293 S.
2089 234 2338 292 BASILII
2375 232 2614 291 MAGNI.

3465 217 3609 279 852

320 350 550 406 Omnem
576 358 755 404 autem
776 351 1177 408 comentionem
1201 353 1494 407 excludunt
1517 352 1710 409 divinae
1737 353 1890 410 Scri-
1922 365 1970 423 Α
1997 354 2160 410 tinem
2196 355 2375 418 habet,
2404 351 2674 420 inquiunt,
2698 350 2861 404 etiam
2883 345 3050 404 habet
3073 341 3601 415 principmm.Qui-

322 450 511 511 pturac,
542 454 664 495 cum
694 440 906 512 Moyses
935 442 1079 496 clare
1095 443 1242 497 dicat
1263 461 1277 496 :
1297 443 1400 509 Qui
1425 454 1521 510 est,
1540 445 1680 498 misit
1709 460 1791 499 me
1813 445 1893 511 ‘8;

321 542 379 588 et
407 531 752 601 Evangelium
778 549 792 586 :
822 530 889 586 In
920 534 1179 602 principio
1208 545 1322 588 erat
1360 533 1583 589 Verbum
1604 536 1647 567 "
1669 552 1685 603 ;
1705 545 1755 589 et
1787 551 1895 590 non

324 619 492 674 semel
519 628 654 684 erat,
690 619 782 672 sed
811 630 1025 690 quater.
1073 621 1140 676 Et
1175 638 1363 677 rursus
1394 622 1560 677 alias:
1588 623 1694 689 Qui
1721 634 1797 679 est
1833 640 1899 679 ea:

323 709 521 776 Deo";
556 721 640 765 et:
666 708 769 775 Qui
790 722 863 764 est
891 712 945 764 iu
971 711 1092 767 sinu
1122 712 1303 768 Patris
1324 715 1405 780 7‘;
1432 725 1486 769 et
1514 714 1566 768 in
1602 715 1707 769 alio
1736 714 1854 771 loco
1880 733 1896 771 :

325 800 430 866 Qui
458 812 534 856 est
569 802 624 854 in
648 803 773 856 coelo
793 803 840 834 ⁷¹
862 820 877 868 ;
901 814 954 858 et
983 804 1034 858 in
1065 805 1388 877 Apocalypsi
1418 825 1431 861 :
1466 805 1569 871 Qui
1600 816 1698 872 est,
1719 816 1768 860 et
1808 807 1900 877 qui

321 901 456 958 erat,
493 903 542 945 et
580 895 673 963 qui
706 904 950 948 venturus
988 907 1061 950 est
1093 897 1174 960 7’;
1206 906 1261 951 et
1299 899 1488 952 beatus
1518 896 1719 953 Paulus
1748 916 1762 952 :
1795 899 1901 964 Qui

325 992 403 1037 est
426 985 677 1053 splendor
694 987 879 1055 gloriae
900 989 980 1054 7‘;
1007 999 1060 1043 et
1084 1006 1099 1045 :
1119 988 1250 1044 Cum
1274 990 1329 1044 in
1357 990 1531 1059 forma
1558 991 1651 1045 Dei
1672 1002 1801 1045 esset
1815 993 1897 1060 ";

323 1086 379 1127 et
410 1076 602 1129 iterum
645 1078 714 1133 de
756 1078 892 1133 Filio
927 1096 940 1132 :
990 1080 1095 1146 Qui
1132 1090 1207 1134 est
1239 1096 1393 1148 super
1419 1081 1596 1135 omnia
1623 1080 1786 1147 Deus,
1810 1081 1901 1153 qui

322 1176 396 1221 est
430 1169 723 1223 benedictus
752 1172 806 1224 in
830 1171 1044 1226 swcula.
1074 1173 1234 1226 Amen
1260 1173 1327 1225 ⁷⁵.

398 1256 589 1312 XXXI.
637 1260 694 1314 Si
723 1276 883 1315 verus
907 1269 991 1315 est
1031 1260 1194 1326 Deus,
1222 1269 1275 1314 et
1314 1260 1514 1329 lumen,
1545 1269 1604 1318 et
1648 1262 1902 1316 immuta-

323 1321 472 1410 biiis,
502 1357 558 1402 et
596 1349 802 1413 bonus,
839 1361 894 1405 et
935 1363 1179 1417 sanctus,
1220 1363 1275 1407 et
1312 1351 1590 1413 Dominus.
1618 1363 1673 1407 et
1712 1352 1901 1417 Filius,

328 1437 442 1492 haec
473 1452 652 1493 autem
692 1456 816 1495 cum
869 1440 1032 1497 Pater
1062 1443 1224 1496 etiam
1271 1443 1362 1510 sit,
1397 1460 1500 1498 non
1544 1443 1794 1498 similiter
1823 1453 1907 1502 est

328 1527 465 1594 haec,
498 1531 589 1584 sed
623 1531 908 1605 μειζόνως,
938 1533 988 1586 id
1019 1543 1102 1587 est
1133 1534 1340 1604 magis;
1367 1536 1471 1588 erit
1496 1549 1626 1604 ergo
1652 1535 1771 1589 talis
1797 1552 1902 1589 non

326 1630 549 1692 propter
571 1623 888 1677 substantia:
918 1625 1283 1693 praestantiam
1308 1635 1363 1680 et
1388 1627 1783 1692 excellentiam,
1812 1627 1905 1681 sed

1995 447 2099 501 bus
2154 444 2615 514 respondebimus,
2672 441 2718 496 si
2770 454 2998 495 necesse
3042 445 3148 502 est,
3175 434 3324 507 quod
3350 435 3593 497 desinit,

1996 537 2314 606 principium
2368 536 2598 600 habere;
2629 541 2683 589 et
2707 531 2851 603 quod
2896 529 3221 600 principium
3259 528 3453 593 habet,
3482 542 3601 582 ne-

1997 643 2148 684 cesse
2176 629 2303 684 item
2335 626 2537 681 habere
2568 625 2752 679 ﬁnem.
2782 622 2954 691 Igitur
2976 620 3153 691 angeli
3184 628 3239 674 et
3258 619 3448 674 omnia
3489 619 3596 671 in-

1999 734 2279 789 corporea,
2316 733 2438 788 quae
2468 723 2752 788 cmperunt
2785 729 2929 779 esse,
2966 726 3191 767 necesse
3215 721 3300 766 est
3320 711 3597 765 desinere

1998 824 2123 865 esse
2157 826 2172 862 :
2202 819 2259 865 at
2283 809 2387 864 hoc
2409 808 2704 862 absurdum
2734 814 2837 861 est.
2866 804 3052 861 Potest
3085 802 3250 873 igitur
3273 801 3420 870 quod
3462 815 3592 854 cte-

1998 900 2077 969 pit
2102 914 2247 963 esse,
2276 915 2380 953 non
2404 899 2671 961 desinere.
2692 896 2908 966 etquod
2942 894 3165 959 desinit,
3190 908 3294 946 non
3322 894 3591 961 cepisse-

2001 988 2153 1057 Quod
2183 991 2227 1043 si
2262 1006 2401 1044 non:
2426 995 2539 1058 ipse
2555 990 2716 1042 etiam
2742 987 2931 1052 Filius,
2966 986 3011 1040 si
3039 985 3365 1056 principium
3388 984 3585 1048 habet,

2001 1089 2057 1136 et
2091 1080 2251 1134 ﬁnem
2277 1081 2522 1147 habebit,
2553 1080 2793 1150 ipsorum
2818 1078 3098 1147 Opinione.

2070 1171 2310 1228 XXXIV.
2337 1171 2536 1226 Eadem
2559 1180 2641 1226 est
2662 1180 2856 1226 natura
2866 1183 3209 1239 eorumque
3230 1167 3408 1238 genita
3426 1173 3591 1230 sunt,

2001 1271 2056 1315 et
2085 1260 2419 1331 generautis,
2460 1260 2709 1328 quamvis
2737 1258 2898 1314 aliter
2926 1259 3158 1327 cmperit
3182 1272 3328 1319 esse,
3354 1257 3448 1325 qui
3486 1271 3591 1326 ge-

2004 1353 2148 1408 nitus
2179 1360 2292 1417 est;
2326 1367 2430 1405 non
2451 1351 2594 1405 enim
2608 1350 2741 1404 Abel
2768 1358 2927 1404 natus
2948 1363 3016 1401 ex
3035 1346 3444 1415 conjunctione,
3474 1346 3593 1400 alia

2005 1450 2196 1496 natura
2228 1440 2330 1495 fuit
2370 1449 2570 1511 praeter
2597 1448 2849 1494 naturam
2876 1439 3012 1495 Adze
3048 1454 3157 1495 non
3181 1438 3451 1509 generati,
3481 1438 3597 1492 sed

2006 1531 2240 1586 formati.

2076 1621 2296 1678 XXXV.
2320 1621 2473 1688 Quod
2508 1622 2560 1674 in
2591 1620 2925 1690 incorporei:
2952 1630 3039 1678 est
3068 1635 3236 1676 unum
3265 1602 3607 1690 operatione.

329 1710 608 1778 qualitatis
642 1713 1147 1779 cxsuperationem;
1184 1715 1486 1769 substantia
1513 1714 1655 1769 enim
1686 1729 1792 1768 non
1821 1715 1904 1768 div
1923 1711 1979 1765 ’Β
2008 1723 2062 1769 et
2091 1715 2387 1779 voluntate,
2411 1715 2611 1769 dicitur
2630 1714 2930 1769 substantia
2960 1729 3149 1768 unum.
3185 1712 3439 1768 Salvator
3456 1728 3597 1767 cum

328 1803 471 1855 citur
494 1802 683 1871 magis,
713 1811 806 1856 aut
848 1804 1024 1858 minus
1055 1804 1158 1859 alia
1196 1805 1500 1859 substantia
1526 1823 1540 1871 ;
1574 1805 1749 1861 bonus
1774 1820 1904 1860 vero

326 1893 493 1958 bono,
522 1895 769 1964 ctjustus
790 1894 941 1964 justo
966 1895 1138 1966 magis
1162 1896 1361 1951 dicitur
1389 1913 1402 1951 :
1424 1898 1587 1967 igitur
1603 1911 1790 1950 eorum
1810 1897 1904 1966 qui

328 1986 494 2056 geniti
526 1994 671 2051 sunt,
703 1987 892 2042 eadem
920 1997 1004 2042 est
1045 1999 1239 2043 natura
1268 1988 1420 2056 cujus
1450 1998 1535 2044 est
1568 1990 1657 2059 qui
1695 1990 1900 2060 genuit,

327 2078 429 2131 etsi
450 2078 604 2132 aliter
632 2079 844 2148 genitus
869 2080 1064 2134 habeat
1086 2079 1146 2133 τὸ
1166 2076 1304 2137 εἶναι
1329 2096 1346 2113 ·
1376 2096 1475 2135 nec
1493 2082 1636 2135 enim
1664 2081 1796 2135 Abel
1815 2081 1905 2148 qui

327 2183 393 2223 ex
423 2171 807 2239 conjunctione
834 2172 937 2225 viri
971 2183 1025 2226 et
1062 2173 1304 2228 mulieris
1326 2173 1540 2243 genitus
1564 2172 1908 2239 est,diversat

329 2270 537 2314 natura:
561 2259 839 2330 fuitquam
862 2263 1031 2316 Adam
1063 2264 1156 2333 qui
1178 2279 1283 2319 non
1315 2273 1395 2318 est
1424 2263 1658 2334 genitus,
1676 2263 1768 2318 sed
1797 2261 1908 2316 lor--

329 2360 528 2404 matus.

397 2440 616 2498 XXXII.
651 2442 708 2497 Si
739 2445 881 2513 quod
912 2453 998 2499 est
1025 2459 1209 2511 causa,
1240 2454 1326 2500 est
1359 2443 1531 2513 majus
1571 2452 1626 2499 et
1652 2442 1907 2499 diﬂ‘erens

328 2533 632 2590 substantia
661 2538 728 2590 ab
748 2552 835 2593 eo.
861 2537 1011 2604 cujus
1028 2553 1189 2593 causa
1217 2547 1331 2601 est;
1351 2539 1526 2592 omnis
1548 2549 1725 2592 autem
1754 2547 1907 2605 pater

330 2637 417 2681 est
452 2641 635 2693 causa,
670 2637 720 2683 et
758 2629 936 2684 omnis
965 2629 1107 2684 ﬁlius
1136 2639 1219 2684 est
1255 2645 1319 2684 ex
1355 2644 1516 2684 causa
1548 2649 1562 2685 :
1596 2639 1777 2699 patres
1810 2628 1909 2698 igi-

334 2724 422 2769 tur
443 2717 675 2786 majores
698 2727 753 2772 et
779 2718 1092 2773 dilferentes
1123 2703 1427 2774 substantia
1465 2729 1592 2775 sunt
1613 2735 1642 2773 a
1674 2719 1824 2786 iiliis,
1855 2726 1911 2773 et

334 2822 438 2861 non
472 2806 631 2863 unius
656 2810 974 2865 substantiae
1003 2824 1019 2863 :
1055 2820 1111 2864 at
1139 2826 1245 2864 nou
1281 2820 1364 2866 est
1392 2826 1576 2864 verum
1605 2812 1744 2879 hoc.

407 2895 645 2952 XXXIII.
688 2898 1031 2968 interrogant
1064 2900 1276 2962 Ariani,
1319 2916 1388 2955 an
1433 2898 1613 2962 Pater,
1654 2905 1913 2969 generato

2009 1807 2144 1861 dixit
2169 1828 2181 1862 :
2205 1805 2314 1877 Ego
2334 1817 2381 1862 et
2404 1806 2562 1861 Pater
2593 1822 2758 1861 unum
2786 1803 2966 1861 διαπιαέ
2986 1807 3056 1873 ⁷⁷,
3088 1820 3195 1860 uno
3216 1806 3470 1875 quopiam
3492 1819 3602 1859 eo-

2011 1914 2152 1961 rum,
2179 1914 2299 1966 quae
2338 1907 2468 1952 ante
2499 1898 2703 1966 scripta
2730 1906 2885 1961 sunt,
2918 1897 3074 1952 dixit.
3116 1896 3286 1967 Igitur
3315 1896 3364 1950 si
3391 1910 3605 1965 opera-

2012 1992 2155 2046 tione
2190 2006 2353 2044 unum
2407 1990 2615 2053 dicunt,
2647 2002 2869 2045 necesse
2918 1997 3033 2054 est,
3061 1987 3362 2043 substantia
3415 2001 3597 2040 unum

2011 2082 2222 2146 dicant;
2254 2096 2442 2136 eorum
2469 2081 2641 2143 enim,
2670 2094 2792 2149 quae
2829 2087 2959 2134 sunt
2988 2079 3212 2134 diversae
3244 2078 3600 2143 substantiae,

2011 2188 2287 2242 nunquam
2310 2173 2418 2226 erit
2446 2173 2685 2240 operatio
2713 2170 2903 2225 similis
2941 2190 2956 2227 :
2989 2171 3072 2227 sin
3100 2179 3280 2225 autem
3301 2170 3592 2225 voluntate

2010 2279 2200 2327 unum,
2234 2281 2339 2317 non
2387 2264 2562 2319 solum
2617 2276 2952 2332 quaecunque
2982 2261 3145 2317 Pater
3177 2261 3312 2326 vult,
3357 2276 3605 2315 necesse

2009 2364 2101 2410 est
2127 2367 2179 2409 et
2217 2355 2412 2429 Filium
2449 2356 2618 2416 velle;
2671 2356 2766 2410 sed
2821 2356 2986 2409 etiam
3036 2367 3371 2422 quacunque
3417 2351 3601 2406 Filius

2010 2446 2145 2511 vult,
2178 2461 2401 2502 necesse
2428 2455 2512 2501 est
2543 2456 2603 2500 et
2628 2444 2846 2500 Patrem
2882 2444 3043 2499 velle.
3083 2442 3300 2499 lubebit
3332 2458 3461 2513 ergo
3491 2442 3601 2497 Fi-

2012 2536 2116 2591 lius
2141 2536 2308 2595 Patri.
2336 2538 2406 2591 de
2431 2537 2626 2606 quibus
2658 2535 2791 2603 vult,
2828 2544 2882 2591 et
2912 2535 2980 2589 de
3008 2534 3203 2604 quibus
3224 2534 3477 2603 jubetur;
3504 2534 3599 2587 sin

2016 2637 2194 2681 autem
2226 2628 2398 2681 solum
2426 2629 2669 2697 jubetur,
2702 2637 2944 2690 coactus,
2978 2635 3033 2681 et
3068 2641 3174 2679 non
3202 2626 3389 2680 volens
3425 2624 3603 2678 mini—

2016 2730 2177 2776 strat.
2206 2719 2262 2774 Si
2296 2735 2426 2773 vero
2466 2736 2641 2789 neque
2668 2720 2964 2783 voluntate,
2996 2732 3097 2773 nec
3120 2719 3436 2788 operatione
3462 2725 3605 2772 sunt.

1926 2810 1935 2821 ’
2011 2828 2200 2877 unum,
2241 2812 2488 2881 sequitur
2532 2813 2769 2879 ipsorum
2797 2813 3074 2882 Opinione,
3105 2825 3225 2866 esse
3259 2825 3425 2863 unum
3458 2809 3602 2863 sub-

2013 2902 2237 2964 stantia,
2270 2902 2323 2954 id
2356 2911 2462 2966 est,
2493 2900 2777 2971 ὁμοοὺσιον
2818 2901 3057 2969 Patrem,
3080 2910 3138 2956 et
3182 2900 3400 2964 Filium,
3445 2899 3602 2970 quod

332 2986 492 3054 Filio,
522 2989 741 3045 desierit
769 3006 1064 3061 generare;
1096 2992 1141 3045 si
1164 2993 1520 3061 respondetur
1548 2992 1796 3056 desiisse,
1826 2990 1909 3043 in-
1941 2977 1983 3036 C
2017 2991 2116 3060 ipsi
2145 2992 2349 3055 dicunt,
2382 2991 2713 3061 impossibile
2738 3006 2882 3047 esse.

335 3078 545 3149 ierunt,
586 3084 818 3153 coepisse
857 3084 1020 3155 igitur
1066 3099 1362 3155 generare;
1390 3098 1551 3139 omne
1586 3083 1728 3138 enim
1773 3081 1914 3152 quod

1316 3307 1611 3388 Ejusdem
1634 3310 1699 3369 S.
1729 3306 1941 3369 Basilii
1971 3313 2187 3371 contra
2210 3305 2613 3381 Eunomium,

797 3434 950 3503 Quod
988 3434 1273 3507 ingenitum
1311 3451 1416 3489 non
1454 3436 1831 3506 substantiam,
1859 3438 1950 3492 sed
1981 3436 2262 3507 ὕπαρξιν,
2286 3436 2340 3488 id
2366 3442 2442 3490 est
2479 3431 2861 3497 exsistentiam,
2890 3428 3142 3486 declarat.

405 3665 447 3723 I.
473 3668 528 3723 Si
554 3669 850 3739 ingenitum
874 3677 955 3725 est
984 3670 1309 3738 substantia,
1333 3678 1387 3725 et
1408 3670 1650 3740 genitum
1675 3679 1758 3725 est
1777 3669 1907 3725 sub—

340 3762 574 3826 stantia,
623 3770 679 3817 ct
722 3763 926 3819 idcirco
967 3778 1071 3818 non
1117 3772 1238 3819 sunt
1302 3761 1542 3831 ejusdem
1604 3762 1920 3817 substantiae

339 3852 505 3910 Pater
555 3862 608 3909 et
668 3853 855 3919 Filius,
888 3870 1110 3911 necesse
1152 3865 1235 3911 est
1272 3855 1488 3924 penitus
1529 3856 1707 3909 omnia
1738 3855 1918 3924 genita

340 3946 498 4000 unius
528 3947 841 4001 substantiae
867 3962 1009 4003 esse.
1046 3948 1185 4003 Sunt
1222 3948 1386 4017 igitur
1414 3948 1595 4018 genita
1629 3946 1915 4017 ὁμοούσια,

342 4036 397 4091 id
435 4048 541 4106 est,
564 4038 805 4108 ejusdem
837 4038 1153 4095 substantiae
1195 4055 1315 4095 cum
1349 4038 1489 4093 Filio
1522 4037 1653 4105 Dei;
1691 4047 1747 4094 et
1774 4051 1912 4107 quo-

2011 3670 2173 3725 modo
2198 3685 2306 3724 non
2334 3674 2421 3722 est
2450 3663 2855 3736 blasphemunt?

2096 3761 2158 3815 ll.
2190 3761 2247 3815 Si
2282 3752 2576 3830 ingenitum
2618 3756 2753 3830 πρὸς
2783 3755 2874 3809 τὸν
2905 3751 3162 3825 γεννητὸν
3189 3752 3306 3807 υἱὸν
3360 3750 3609 3805 ἀντιδια-

2029 3851 2381 3923 στελλόμενον
2402 3859 2486 3904 est
2528 3848 2857 3909 substantia,
2891 3855 2947 3900 et
3001 3846 3292 3898 increatum
3339 3841 3480 3912 πρὸς
3502 3840 3610 3911 τὴν

2025 3944 2201 3998 κτίσιν
2240 3940 2807 4010 ἁντιδιαστελλόμενον
2851 3936 3151 3992 substantia
3184 3942 3295 4002 est;
3328 3943 3415 3989 est
3440 3933 3611 4003 igitur

2027 4036 2326 4107 ingenitum
2354 4034 2663 4089 substantia
2692 4040 2748 4087 et
2774 4031 3035 4085 iucreata.

1754 4151 1959 4207 thera
1985 4151 2194 4206 desunt.

414 4312 460 4345 ⁸⁸
489 4311 654 4366 Exod.
686 4327 768 4376 ut,
803 4310 889 4366 Η.
994 4313 1038 4344 ⁶⁹
1067 4309 1221 4366 Joan.
1243 4325 1283 4375 ι,
1321 4311 1373 4365 1.

1463 4311 1510 4342 '-'°
1541 4308 1693 4364 .Ioan.
1725 4324 1844 4369 vm.
1870 4306 1962 4359 47.

2056 4306 2102 4339 τι
2133 4304 2289 4361 ιιιτιη.
2325 4321 2343 4358 ι
2415 4303 2503 4359 18.
2601 4299 2824 4357 "Joan.
2870 4314 2953 4366 III,
2983 4298 3069 4354 I5.
3172 4297 3220 4329 "
3241 4296 3413 4366 Apoc.
3466 4307 3510 4358 ι,
3543 4292 3604 4350 λι.

345 4381 393 4415 ’⁸
419 4382 582 4437 Ilebr.
611 4399 647 4447 ι,
680 4383 734 4438 5.
827 4383 873 4414 ⁷⁵
899 4381 1129 4450 Philipp.
1159 4397 1220 4447 Il,
1247 4383 1302 4435 6.
1381 4381 1431 4413 ⁷⁸
1467 4380 1624 4435 Rom.
1649 4396 1725 4446 Ix,
1758 4380 1814 4434 5.
1863 4378 1906 4411 "

2063 4395 2100 4433 t.
2132 4391 2188 4442 Χ,
2222 4376 2314 4433 50.

1477 4520 3606 4555 mm

382 4528 2656 4571 Mm

1560 4682 1955 4744 EXPOSITIO
1983 4680 2089 4742 ss.
2116 4679 2236 4740 PP.
2269 4630 2400 4739 NN.

699 4872 1081 4967 MAGNI
1161 4870 1598 4962 BASILII
1676 4869 1829 4957 ET
1899 4860 2484 4955 GnEGoan
2566 4857 3250 4970 THEOLOGI,

1482 5047 1571 5107 De
1601 5049 1815 5107 sancta
1847 5047 1909 5103 et
1936 5039 2287 5103 orthodoxa
2318 5038 2465 5101 ﬁde.

421 5292 595 5366 689
638 5290 811 5348 Credo
858 5290 912 5345 in
942 5289 1179 5350 Patrem,
1217 5294 1273 5342 et
1304 5285 1521 5347 Filium,
1566 5292 1622 5339 et
1670 5283 1906 5353 Spiritun

2059 5279 2390 5345 nypostases,
2430 5268 2817 5341 respondebis,
2840 5267 2986 5339 quod
3046 5282 3311 5337 personas
3349 5268 3615 5337 interpre-

353 5384 635 5450 Sanctum,
669 5383 986 5438 Trinitatem
1031 5378 1338 5452 ὁμοούσιον,
1385 5374 1932 5444 inseparatam,indi-

352 5477 549 5542 visam,
581 5474 940 5538 iuconfusam,
984 5482 1039 5526 et
1083 5467 1583 5538 incomprehensam
1622 5480 1782 5519 uuam
1834 5480 1930 5517 na-

356 5578 556 5630 turam,
590 5575 647 5620 et
695 5562 1071 5628 substantiam,
1113 5568 1169 5615 et
1213 5573 1459 5625 regnum,
1505 5567 1617 5611 tres
1652 5569 1929 5626 personas.

361 5655 423 5717 Si
450 5665 629 5713 autem
656 5642 1029 5721 interrogeris,
1056 5649 1184 5720 quid
1219 5647 1494 5705 declarent
1526 5661 1789 5719 personas,
1821 5645 1934 5701 sive

2042 5381 2221 5423 tamur
2253 5374 2511 5424 mentem.
2554 5365 2800 5427 verbum,
2832 5373 2887 5417 et
2915 5363 3184 5431 spiritum.
3218 5361 3367 5421 Mens
3390 5370 3616 5431 generat

2035 5462 2283 5521 verbum,
2316 5467 2370 5511 et
2400 5458 2620 5510 verbum
2670 5456 2787 5510 sine
2816 5455 3006 5525 spiritu
3052 5469 3156 5508 non
3201 5455 3509 5524 egreditur;
3562 5453 3613 5505 in

2038 5566 2103 5607 eo
2163 5549 2306 5604 enim
2358 5548 2669 5617 agnoscitur
2726 5546 2867 5600 Dens
2918 5547 3142 5611 vivere,
3193 5545 3334 5613 quod
3396 5550 3615 5611 generat

2040 5644 2263 5703 verbum
2300 5639 2547 5704 ἀπαθῶς.
2578 5638 2732 5709 Quod
2780 5639 2828 5696 si
2858 5639 2942 5695 vis
2984 5637 3245 5708 exemplis
3288 5637 3488 5690 clarius
3515 5635 3616 5690 hoc
