  <div class='ocr_page' id='page_1' title='image "/cluster/home/n/w/nwhite01/storage/ocr_20150623/30/nnc1.0046978810/438.png"; bbox 0 0 3802 6216; ppageno 0'>
   <div class='ocr_carea' id='block_1_1' title="bbox 1262 134 1323 180">
    <p class='ocr_par' dir='ltr' id='par_1_1' title="bbox 1262 134 1323 180">
     <span class='ocr_line' id='line_1_1' title="bbox 1262 134 1323 180; baseline 0 0"><span class='ocrx_word' id='word_1_1' title='bbox 1262 134 1323 180; x_wconf 68' lang='grc' dir='ltr'><strong>γ</strong></span> 
     </span>
    </p>
   </div>
   <div class='ocr_carea' id='block_1_2' title="bbox 124 318 220 374">
    <p class='ocr_par' dir='ltr' id='par_1_2' title="bbox 124 318 220 374">
     <span class='ocr_line' id='line_1_2' title="bbox 124 318 220 374; baseline -0.01 0"><span class='ocrx_word' id='word_1_2' title='bbox 124 318 220 374; x_wconf 63' lang='lat'><strong>833</strong></span> 
     </span>
    </p>
   </div>
   <div class='ocr_carea' id='block_1_3' title="bbox 1141 306 2338 367">
    <p class='ocr_par' dir='ltr' id='par_1_3' title="bbox 1141 306 2338 367">
     <span class='ocr_line' id='line_1_3' title="bbox 1141 306 2338 367; baseline 0 -2"><span class='ocrx_word' id='word_1_3' title='bbox 1141 308 1233 365; x_wconf 83' lang='lat' dir='ltr'><strong>DE</strong></span> <span class='ocrx_word' id='word_1_4' title='bbox 1268 306 1539 367; x_wconf 79' lang='lat' dir='ltr'><strong>SANCTA</strong></span> <span class='ocrx_word' id='word_1_5' title='bbox 1574 308 1673 364; x_wconf 77' lang='lat' dir='ltr'><strong>ET</strong></span> <span class='ocrx_word' id='word_1_6' title='bbox 1702 306 2127 366; x_wconf 79' lang='lat' dir='ltr'><strong>ORTHODOXA</strong></span> <span class='ocrx_word' id='word_1_7' title='bbox 2160 307 2338 366; x_wconf 80' lang='lat' dir='ltr'><strong>FIDE.</strong></span> 
     </span>
    </p>
   </div>
   <div class='ocr_carea' id='block_1_4' title="bbox 3255 309 3357 369">
    <p class='ocr_par' dir='ltr' id='par_1_4' title="bbox 3255 309 3357 369">
     <span class='ocr_line' id='line_1_4' title="bbox 3255 309 3357 369; baseline 0.029 -3"><span class='ocrx_word' id='word_1_8' title='bbox 3255 309 3357 369; x_wconf 61' lang='grc'><strong>856</strong></span> 
     </span>
    </p>
   </div>
   <div class='ocr_carea' id='block_1_5' title="bbox 124 426 3357 508">
    <p class='ocr_par' dir='ltr' id='par_1_5' title="bbox 124 426 3357 508">
     <span class='ocr_line' id='line_1_5' title="bbox 124 426 3357 508; baseline -0.001 -17"><span class='ocrx_word' id='word_1_9' title='bbox 124 439 334 499; x_wconf 79' lang='lat' dir='ltr'><strong>discere,</strong></span> <span class='ocrx_word' id='word_1_10' title='bbox 378 431 506 487; x_wconf 82' lang='lat' dir='ltr'><strong>audi</strong></span> <span class='ocrx_word' id='word_1_11' title='bbox 553 448 573 488; x_wconf 89' lang='lat'><strong>:</strong></span> <span class='ocrx_word' id='word_1_12' title='bbox 618 429 790 486; x_wconf 80' lang='lat' dir='ltr'><strong>Homo</strong></span> <span class='ocrx_word' id='word_1_13' title='bbox 836 427 1000 484; x_wconf 84' lang='lat' dir='ltr'><strong>habet</strong></span> <span class='ocrx_word' id='word_1_14' title='bbox 1048 435 1324 494; x_wconf 91' lang='lat' dir='ltr'><strong>mentem,</strong></span> <span class='ocrx_word' id='word_1_15' title='bbox 1370 437 1425 484; x_wconf 89' lang='lat' dir='ltr'><strong>et</strong></span> <span class='ocrx_word' id='word_1_16' title='bbox 1464 426 1687 482; x_wconf 79' lang='lat' dir='ltr'><strong>verbum</strong></span> <span class='ocrx_word' id='word_1_17' title='bbox 1717 429 1762 488; x_wconf 78' lang='grc' dir='ltr'>Α</span> <span class='ocrx_word' id='word_1_18' title='bbox 1790 426 1985 482; x_wconf 85' lang='lat' dir='ltr'><strong>Filium</strong></span> <span class='ocrx_word' id='word_1_19' title='bbox 2009 427 2332 483; x_wconf 72' lang='lat' dir='ltr'><strong>salvatorem</strong></span> <span class='ocrx_word' id='word_1_20' title='bbox 2371 428 2585 494; x_wconf 90' lang='lat' dir='ltr'><strong>mundi;</strong></span> <span class='ocrx_word' id='word_1_21' title='bbox 2623 427 2793 488; x_wconf 85' lang='lat' dir='ltr'><strong>Filius</strong></span> <span class='ocrx_word' id='word_1_22' title='bbox 2820 443 2998 491; x_wconf 88' lang='lat' dir='ltr'><strong>autem</strong></span> <span class='ocrx_word' id='word_1_23' title='bbox 3029 437 3357 508; x_wconf 78' lang='lat' dir='ltr'><strong>unigenitus,</strong></span> 
     </span>
    </p>
   </div>
   <div class='ocr_carea' id='block_1_6' title="bbox 124 517 1689 588">
    <p class='ocr_par' dir='ltr' id='par_1_6' title="bbox 124 517 1689 588">
     <span class='ocr_line' id='line_1_6' title="bbox 124 517 1689 588; baseline -0.005 -7"><span class='ocrx_word' id='word_1_24' title='bbox 124 526 348 588; x_wconf 87' lang='lat' dir='ltr'><strong>insitum,</strong></span> <span class='ocrx_word' id='word_1_25' title='bbox 378 523 497 577; x_wconf 91' lang='lat' dir='ltr'><strong>sive</strong></span> <span class='ocrx_word' id='word_1_26' title='bbox 540 519 806 587; x_wconf 74' lang='lat' dir='ltr'><strong>naturale,</strong></span> <span class='ocrx_word' id='word_1_27' title='bbox 835 527 892 574; x_wconf 91' lang='lat' dir='ltr'><strong>et</strong></span> <span class='ocrx_word' id='word_1_28' title='bbox 933 518 1183 587; x_wconf 75' lang='lat' dir='ltr'><strong>spiritum</strong></span> <span class='ocrx_word' id='word_1_29' title='bbox 1229 517 1445 573; x_wconf 89' lang='lat' dir='ltr'><strong>vitalem</strong></span> <span class='ocrx_word' id='word_1_30' title='bbox 1479 537 1493 573; x_wconf 92' lang='lat'>:</span> <span class='ocrx_word' id='word_1_31' title='bbox 1534 532 1689 586; x_wconf 82' lang='lat' dir='ltr'><strong>egre-</strong></span> 
     </span>
    </p>
   </div>
   <div class='ocr_carea' id='block_1_7' title="bbox 125 607 1688 679">
    <p class='ocr_par' dir='ltr' id='par_1_7' title="bbox 125 607 1688 679">
     <span class='ocr_line' id='line_1_7' title="bbox 125 607 1688 679; baseline -0.005 -9"><span class='ocrx_word' id='word_1_32' title='bbox 125 618 263 671; x_wconf 79' lang='lat' dir='ltr'><strong>diens</strong></span> <span class='ocrx_word' id='word_1_33' title='bbox 303 612 532 667; x_wconf 92' lang='lat' dir='ltr'><strong>verbum</strong></span> <span class='ocrx_word' id='word_1_34' title='bbox 572 614 640 666; x_wconf 86' lang='lat' dir='ltr'><strong>ab</strong></span> <span class='ocrx_word' id='word_1_35' title='bbox 668 610 887 666; x_wconf 88' lang='lat' dir='ltr'><strong>homine</strong></span> <span class='ocrx_word' id='word_1_36' title='bbox 915 608 1047 663; x_wconf 80' lang='lat' dir='ltr'><strong>facit</strong></span> <span class='ocrx_word' id='word_1_37' title='bbox 1089 607 1422 663; x_wconf 80' lang='lat' dir='ltr'><strong>voluntatem</strong></span> <span class='ocrx_word' id='word_1_38' title='bbox 1462 608 1601 679; x_wconf 82' lang='lat' dir='ltr'><strong>ejus.</strong></span> <span class='ocrx_word' id='word_1_39' title='bbox 1631 616 1688 662; x_wconf 90' lang='lat' dir='ltr'><strong>et</strong></span> 
     </span>
    </p>
   </div>
   <div class='ocr_carea' id='block_1_8' title="bbox 124 699 1689 775">
    <p class='ocr_par' dir='ltr' id='par_1_8' title="bbox 124 699 1689 775">
     <span class='ocr_line' id='line_1_8' title="bbox 124 699 1689 775; baseline -0.004 -14"><span class='ocrx_word' id='word_1_40' title='bbox 124 710 185 761; x_wconf 82' lang='lat' dir='ltr'><strong>ab</strong></span> <span class='ocrx_word' id='word_1_41' title='bbox 207 708 316 775; x_wconf 90' lang='lat' dir='ltr'><strong>ipso</strong></span> <span class='ocrx_word' id='word_1_42' title='bbox 352 717 457 756; x_wconf 91' lang='lat' dir='ltr'><strong>non</strong></span> <span class='ocrx_word' id='word_1_43' title='bbox 489 712 815 773; x_wconf 86' lang='lat' dir='ltr'><strong>separatur:</strong></span> <span class='ocrx_word' id='word_1_44' title='bbox 843 700 920 755; x_wconf 89' lang='lat' dir='ltr'><strong>sic</strong></span> <span class='ocrx_word' id='word_1_45' title='bbox 944 709 998 755; x_wconf 87' lang='lat' dir='ltr'><strong>et</strong></span> <span class='ocrx_word' id='word_1_46' title='bbox 1031 699 1174 753; x_wconf 91' lang='lat' dir='ltr'><strong>Deus</strong></span> <span class='ocrx_word' id='word_1_47' title='bbox 1209 700 1440 754; x_wconf 79' lang='lat' dir='ltr'><strong>Verbum</strong></span> <span class='ocrx_word' id='word_1_48' title='bbox 1476 700 1689 769; x_wconf 81' lang='lat' dir='ltr'><strong>genitus</strong></span> 
     </span>
    </p>
   </div>
   <div class='ocr_carea' id='block_1_9' title="bbox 125 790 1688 862">
    <p class='ocr_par' dir='ltr' id='par_1_9' title="bbox 125 790 1688 862">
     <span class='ocr_line' id='line_1_9' title="bbox 125 790 1688 862; baseline -0.004 -12"><span class='ocrx_word' id='word_1_49' title='bbox 125 812 152 850; x_wconf 88' lang='lat' dir='ltr'><strong>a</strong></span> <span class='ocrx_word' id='word_1_50' title='bbox 183 797 330 849; x_wconf 84' lang='lat' dir='ltr'><strong>Patre</strong></span> <span class='ocrx_word' id='word_1_51' title='bbox 351 795 471 847; x_wconf 79' lang='lat' dir='ltr'><strong>sine</strong></span> <span class='ocrx_word' id='word_1_52' title='bbox 507 802 750 862; x_wconf 89' lang='lat' dir='ltr'><strong>tempore</strong></span> <span class='ocrx_word' id='word_1_53' title='bbox 783 790 913 845; x_wconf 81' lang='lat' dir='ltr'><strong>fecit</strong></span> <span class='ocrx_word' id='word_1_54' title='bbox 949 805 1285 859; x_wconf 68' lang='lat' dir='ltr'><strong>quaecunque</strong></span> <span class='ocrx_word' id='word_1_55' title='bbox 1319 790 1488 844; x_wconf 89' lang='lat' dir='ltr'><strong>voluit</strong></span> <span class='ocrx_word' id='word_1_56' title='bbox 1527 790 1688 843; x_wconf 87' lang='lat' dir='ltr'><strong>Pater</strong></span> 
     </span>
    </p>
   </div>
   <div class='ocr_carea' id='block_1_10' title="bbox 127 880 1682 954">
    <p class='ocr_par' dir='ltr' id='par_1_10' title="bbox 127 880 1682 954">
     <span class='ocr_line' id='line_1_10' title="bbox 127 880 1682 954; baseline -0.003 -17"><span class='ocrx_word' id='word_1_57' title='bbox 127 895 357 954; x_wconf 77' lang='lat' dir='ltr'><strong>tanquam</strong></span> <span class='ocrx_word' id='word_1_58' title='bbox 384 881 675 954; x_wconf 74' lang='grc' dir='ltr'><strong>ὀμοούσιος</strong></span> <span class='ocrx_word' id='word_1_59' title='bbox 706 882 804 948; x_wconf 87' lang='lat' dir='ltr'><strong>illi,</strong></span> <span class='ocrx_word' id='word_1_60' title='bbox 823 890 876 935; x_wconf 94' lang='lat' dir='ltr'><strong>et</strong></span> <span class='ocrx_word' id='word_1_61' title='bbox 902 880 971 935; x_wconf 92' lang='lat' dir='ltr'><strong>ab</strong></span> <span class='ocrx_word' id='word_1_62' title='bbox 1000 881 1117 951; x_wconf 88' lang='lat' dir='ltr'><strong>ipso</strong></span> <span class='ocrx_word' id='word_1_63' title='bbox 1147 896 1251 935; x_wconf 89' lang='lat' dir='ltr'><strong>non</strong></span> <span class='ocrx_word' id='word_1_64' title='bbox 1275 890 1355 934; x_wconf 91' lang='lat' dir='ltr'><strong>est</strong></span> <span class='ocrx_word' id='word_1_65' title='bbox 1372 892 1682 951; x_wconf 86' lang='lat' dir='ltr'><strong>separatus;</strong></span> 
     </span>
    </p>
   </div>
   <div class='ocr_carea' id='block_1_11' title="bbox 125 970 1682 1038">
    <p class='ocr_par' dir='ltr' id='par_1_11' title="bbox 125 970 1682 1038">
     <span class='ocr_line' id='line_1_11' title="bbox 125 970 1682 1038; baseline -0.003 -12"><span class='ocrx_word' id='word_1_66' title='bbox 125 984 221 1036; x_wconf 85' lang='lat' dir='ltr'><strong>aut,</strong></span> <span class='ocrx_word' id='word_1_67' title='bbox 251 975 380 1027; x_wconf 92' lang='lat' dir='ltr'><strong>sicut</strong></span> <span class='ocrx_word' id='word_1_68' title='bbox 414 972 497 1026; x_wconf 85' lang='lat' dir='ltr'><strong>sol</strong></span> <span class='ocrx_word' id='word_1_69' title='bbox 540 980 623 1027; x_wconf 87' lang='lat' dir='ltr'><strong>est</strong></span> <span class='ocrx_word' id='word_1_70' title='bbox 660 971 917 1037; x_wconf 86' lang='lat' dir='ltr'><strong>circulus,</strong></span> <span class='ocrx_word' id='word_1_71' title='bbox 945 981 999 1025; x_wconf 91' lang='lat' dir='ltr'><strong>et</strong></span> <span class='ocrx_word' id='word_1_72' title='bbox 1029 971 1188 1024; x_wconf 85' lang='lat' dir='ltr'><strong>habet</strong></span> <span class='ocrx_word' id='word_1_73' title='bbox 1211 972 1444 1024; x_wconf 88' lang='lat' dir='ltr'><strong>medium</strong></span> <span class='ocrx_word' id='word_1_74' title='bbox 1481 970 1682 1038; x_wconf 81' lang='lat' dir='ltr'><strong>lumen,</strong></span> 
     </span>
    </p>
   </div>
   <div class='ocr_carea' id='block_1_12' title="bbox 125 1062 1686 1131">
    <p class='ocr_par' dir='ltr' id='par_1_12' title="bbox 125 1062 1686 1131">
     <span class='ocr_line' id='line_1_12' title="bbox 125 1062 1686 1131; baseline 0.001 -15"><span class='ocrx_word' id='word_1_75' title='bbox 125 1074 171 1117; x_wconf 89' lang='lat' dir='ltr'><strong>et</strong></span> <span class='ocrx_word' id='word_1_76' title='bbox 190 1080 248 1118; x_wconf 76' lang='lat' dir='ltr'><strong>ex</strong></span> <span class='ocrx_word' id='word_1_77' title='bbox 272 1062 476 1117; x_wconf 86' lang='lat' dir='ltr'><strong>lumine</strong></span> <span class='ocrx_word' id='word_1_78' title='bbox 507 1062 754 1130; x_wconf 79' lang='lat' dir='ltr'><strong>procedit</strong></span> <span class='ocrx_word' id='word_1_79' title='bbox 796 1062 1015 1127; x_wconf 83' lang='lat' dir='ltr'><strong>radius;</strong></span> <span class='ocrx_word' id='word_1_80' title='bbox 1048 1071 1103 1116; x_wconf 91' lang='lat' dir='ltr'><strong>et</strong></span> <span class='ocrx_word' id='word_1_81' title='bbox 1133 1077 1309 1131; x_wconf 86' lang='lat' dir='ltr'><strong>neque</strong></span> <span class='ocrx_word' id='word_1_82' title='bbox 1349 1077 1488 1117; x_wconf 88' lang='lat' dir='ltr'><strong>unus</strong></span> <span class='ocrx_word' id='word_1_83' title='bbox 1525 1064 1686 1118; x_wconf 90' lang='lat' dir='ltr'><strong>homo</strong></span> 
     </span>
    </p>
   </div>
   <div class='ocr_carea' id='block_1_13' title="bbox 124 1151 1685 1223">
    <p class='ocr_par' dir='ltr' id='par_1_13' title="bbox 124 1151 1685 1223">
     <span class='ocr_line' id='line_1_13' title="bbox 124 1151 1685 1223; baseline 0.004 -20"><span class='ocrx_word' id='word_1_84' title='bbox 124 1154 299 1206; x_wconf 88' lang='lat' dir='ltr'><strong>dicitur</strong></span> <span class='ocrx_word' id='word_1_85' title='bbox 337 1161 450 1206; x_wconf 90' lang='lat' dir='ltr'><strong>tres</strong></span> <span class='ocrx_word' id='word_1_86' title='bbox 491 1151 765 1216; x_wconf 86' lang='lat' dir='ltr'><strong>homines,</strong></span> <span class='ocrx_word' id='word_1_87' title='bbox 791 1152 918 1223; x_wconf 86' lang='lat' dir='ltr'><strong>quia</strong></span> <span class='ocrx_word' id='word_1_88' title='bbox 952 1153 1024 1206; x_wconf 86' lang='lat' dir='ltr'><strong>sit</strong></span> <span class='ocrx_word' id='word_1_89' title='bbox 1058 1168 1230 1217; x_wconf 89' lang='lat' dir='ltr'><strong>mens,</strong></span> <span class='ocrx_word' id='word_1_90' title='bbox 1264 1161 1319 1206; x_wconf 92' lang='lat' dir='ltr'><strong>et</strong></span> <span class='ocrx_word' id='word_1_91' title='bbox 1352 1152 1598 1218; x_wconf 84' lang='lat' dir='ltr'><strong>verbum,</strong></span> <span class='ocrx_word' id='word_1_92' title='bbox 1629 1163 1685 1209; x_wconf 87' lang='lat' dir='ltr'><strong>et</strong></span> 
     </span>
    </p>
   </div>
   <div class='ocr_carea' id='block_1_14' title="bbox 125 1244 1683 1312">
    <p class='ocr_par' dir='ltr' id='par_1_14' title="bbox 125 1244 1683 1312">
     <span class='ocr_line' id='line_1_14' title="bbox 125 1244 1683 1312; baseline 0.001 -15"><span class='ocrx_word' id='word_1_93' title='bbox 125 1244 354 1311; x_wconf 85' lang='lat' dir='ltr'><strong>spiritus;</strong></span> <span class='ocrx_word' id='word_1_94' title='bbox 396 1256 577 1311; x_wconf 89' lang='lat' dir='ltr'><strong>neque</strong></span> <span class='ocrx_word' id='word_1_95' title='bbox 624 1258 763 1297; x_wconf 87' lang='lat' dir='ltr'><strong>unus</strong></span> <span class='ocrx_word' id='word_1_96' title='bbox 808 1244 887 1297; x_wconf 89' lang='lat' dir='ltr'><strong>sol</strong></span> <span class='ocrx_word' id='word_1_97' title='bbox 939 1253 1048 1298; x_wconf 85' lang='lat' dir='ltr'><strong>tres</strong></span> <span class='ocrx_word' id='word_1_98' title='bbox 1081 1244 1246 1308; x_wconf 88' lang='lat' dir='ltr'><strong>soles,</strong></span> <span class='ocrx_word' id='word_1_99' title='bbox 1294 1245 1418 1312; x_wconf 84' lang='lat' dir='ltr'><strong>quia</strong></span> <span class='ocrx_word' id='word_1_100' title='bbox 1467 1245 1540 1298; x_wconf 90' lang='lat' dir='ltr'><strong>sit</strong></span> <span class='ocrx_word' id='word_1_101' title='bbox 1574 1245 1683 1300; x_wconf 85' lang='lat' dir='ltr'><strong>cir-</strong></span> 
     </span>
    </p>
   </div>
   <div class='ocr_carea' id='block_1_15' title="bbox 124 1334 1681 1404">
    <p class='ocr_par' dir='ltr' id='par_1_15' title="bbox 124 1334 1681 1404">
     <span class='ocr_line' id='line_1_15' title="bbox 124 1334 1681 1404; baseline 0.003 -17"><span class='ocrx_word' id='word_1_102' title='bbox 124 1335 272 1399; x_wconf 88' lang='lat' dir='ltr'><strong>culus,</strong></span> <span class='ocrx_word' id='word_1_103' title='bbox 315 1344 366 1388; x_wconf 91' lang='lat' dir='ltr'><strong>et</strong></span> <span class='ocrx_word' id='word_1_104' title='bbox 410 1334 618 1401; x_wconf 86' lang='lat' dir='ltr'><strong>lumen,</strong></span> <span class='ocrx_word' id='word_1_105' title='bbox 650 1344 706 1389; x_wconf 91' lang='lat' dir='ltr'><strong>et</strong></span> <span class='ocrx_word' id='word_1_106' title='bbox 748 1335 968 1399; x_wconf 88' lang='lat' dir='ltr'><strong>radius;</strong></span> <span class='ocrx_word' id='word_1_107' title='bbox 999 1337 1092 1390; x_wconf 87' lang='lat' dir='ltr'><strong>sed</strong></span> <span class='ocrx_word' id='word_1_108' title='bbox 1122 1338 1301 1404; x_wconf 86' lang='lat' dir='ltr'><strong>potius</strong></span> <span class='ocrx_word' id='word_1_109' title='bbox 1332 1351 1469 1389; x_wconf 88' lang='lat' dir='ltr'><strong>unus</strong></span> <span class='ocrx_word' id='word_1_110' title='bbox 1497 1336 1681 1402; x_wconf 92' lang='lat' dir='ltr'><strong>homo,</strong></span> 
     </span>
    </p>
   </div>
   <div class='ocr_carea' id='block_1_16' title="bbox 123 1424 1686 1493">
    <p class='ocr_par' dir='ltr' id='par_1_16' title="bbox 123 1424 1686 1493">
     <span class='ocr_line' id='line_1_16' title="bbox 123 1424 1686 1493; baseline 0.003 -15"><span class='ocrx_word' id='word_1_111' title='bbox 123 1435 168 1478; x_wconf 90' lang='lat' dir='ltr'><strong>et</strong></span> <span class='ocrx_word' id='word_1_112' title='bbox 195 1441 322 1479; x_wconf 89' lang='lat' dir='ltr'><strong>unus</strong></span> <span class='ocrx_word' id='word_1_113' title='bbox 352 1424 467 1492; x_wconf 90' lang='lat' dir='ltr'><strong>sol;</strong></span> <span class='ocrx_word' id='word_1_114' title='bbox 517 1426 599 1480; x_wconf 91' lang='lat' dir='ltr'><strong>sic</strong></span> <span class='ocrx_word' id='word_1_115' title='bbox 635 1441 773 1481; x_wconf 87' lang='lat' dir='ltr'><strong>unus</strong></span> <span class='ocrx_word' id='word_1_116' title='bbox 810 1426 951 1480; x_wconf 88' lang='lat' dir='ltr'><strong>Deus</strong></span> <span class='ocrx_word' id='word_1_117' title='bbox 994 1436 1117 1493; x_wconf 90' lang='lat' dir='ltr'><strong>est,</strong></span> <span class='ocrx_word' id='word_1_118' title='bbox 1152 1428 1203 1482; x_wconf 91' lang='lat' dir='ltr'><strong>id</strong></span> <span class='ocrx_word' id='word_1_119' title='bbox 1249 1437 1371 1490; x_wconf 90' lang='lat' dir='ltr'><strong>est,</strong></span> <span class='ocrx_word' id='word_1_120' title='bbox 1417 1426 1599 1492; x_wconf 85' lang='lat' dir='ltr'><strong>Pater,</strong></span> <span class='ocrx_word' id='word_1_121' title='bbox 1631 1437 1686 1483; x_wconf 92' lang='lat' dir='ltr'><strong>et</strong></span> 
     </span>
    </p>
   </div>
   <div class='ocr_carea' id='block_1_17' title="bbox 123 1515 1684 1585">
    <p class='ocr_par' dir='ltr' id='par_1_17' title="bbox 123 1515 1684 1585">
     <span class='ocr_line' id='line_1_17' title="bbox 123 1515 1684 1585; baseline 0.004 -16"><span class='ocrx_word' id='word_1_122' title='bbox 123 1515 291 1583; x_wconf 83' lang='lat' dir='ltr'><strong>Filius,</strong></span> <span class='ocrx_word' id='word_1_123' title='bbox 321 1525 375 1571; x_wconf 89' lang='lat' dir='ltr'><strong>et</strong></span> <span class='ocrx_word' id='word_1_124' title='bbox 417 1515 661 1585; x_wconf 85' lang='lat' dir='ltr'><strong>Spiritus</strong></span> <span class='ocrx_word' id='word_1_125' title='bbox 706 1525 944 1583; x_wconf 88' lang='lat' dir='ltr'><strong>sanctus,</strong></span> <span class='ocrx_word' id='word_1_126' title='bbox 985 1528 1094 1575; x_wconf 87' lang='lat' dir='ltr'><strong>tres</strong></span> <span class='ocrx_word' id='word_1_127' title='bbox 1133 1535 1291 1583; x_wconf 89' lang='lat' dir='ltr'><strong>unus,</strong></span> <span class='ocrx_word' id='word_1_128' title='bbox 1321 1530 1374 1574; x_wconf 91' lang='lat' dir='ltr'><strong>et</strong></span> <span class='ocrx_word' id='word_1_129' title='bbox 1404 1535 1540 1573; x_wconf 89' lang='lat' dir='ltr'><strong>unus</strong></span> <span class='ocrx_word' id='word_1_130' title='bbox 1575 1530 1684 1575; x_wconf 87' lang='lat' dir='ltr'><strong>tres</strong></span> 
     </span>
    </p>
   </div>
   <div class='ocr_carea' id='block_1_18' title="bbox 123 1604 1680 1679">
    <p class='ocr_par' dir='ltr' id='par_1_18' title="bbox 123 1604 1680 1679">
     <span class='ocr_line' id='line_1_18' title="bbox 123 1604 1680 1679; baseline 0.004 -19"><span class='ocrx_word' id='word_1_131' title='bbox 123 1606 348 1672; x_wconf 91' lang='lat' dir='ltr'><strong>indivise,</strong></span> <span class='ocrx_word' id='word_1_132' title='bbox 372 1618 428 1663; x_wconf 92' lang='lat' dir='ltr'><strong>et</strong></span> <span class='ocrx_word' id='word_1_133' title='bbox 455 1607 758 1663; x_wconf 74' lang='lat' dir='ltr'><strong>inconfuse.</strong></span> <span class='ocrx_word' id='word_1_134' title='bbox 785 1604 912 1664; x_wconf 67' lang='lat' dir='ltr'><strong>Haec</strong></span> <span class='ocrx_word' id='word_1_135' title='bbox 934 1621 1019 1665; x_wconf 90' lang='lat' dir='ltr'><strong>est</strong></span> <span class='ocrx_word' id='word_1_136' title='bbox 1045 1620 1222 1666; x_wconf 89' lang='lat' dir='ltr'><strong>autem</strong></span> <span class='ocrx_word' id='word_1_137' title='bbox 1256 1613 1680 1679; x_wconf 82' lang='lat' dir='ltr'><strong>indivisibilitas,</strong></span> 
     </span>
    </p>
   </div>
   <div class='ocr_carea' id='block_1_19' title="bbox 123 1700 1682 1778">
    <p class='ocr_par' dir='ltr' id='par_1_19' title="bbox 123 1700 1682 1778">
     <span class='ocr_line' id='line_1_19' title="bbox 123 1700 1682 1778; baseline 0.008 -26"><span class='ocrx_word' id='word_1_138' title='bbox 123 1702 246 1769; x_wconf 90' lang='lat' dir='ltr'><strong>quod</strong></span> <span class='ocrx_word' id='word_1_139' title='bbox 272 1700 439 1757; x_wconf 89' lang='lat' dir='ltr'><strong>Filius</strong></span> <span class='ocrx_word' id='word_1_140' title='bbox 479 1718 589 1757; x_wconf 93' lang='lat' dir='ltr'><strong>non</strong></span> <span class='ocrx_word' id='word_1_141' title='bbox 629 1712 916 1773; x_wconf 86' lang='lat' dir='ltr'><strong>separatur</strong></span> <span class='ocrx_word' id='word_1_142' title='bbox 943 1720 972 1758; x_wconf 92' lang='lat' dir='ltr'><strong>a</strong></span> <span class='ocrx_word' id='word_1_143' title='bbox 1009 1705 1190 1773; x_wconf 88' lang='lat' dir='ltr'><strong>Patre,</strong></span> <span class='ocrx_word' id='word_1_144' title='bbox 1231 1708 1376 1762; x_wconf 84' lang='lat' dir='ltr'><strong>sicut</strong></span> <span class='ocrx_word' id='word_1_145' title='bbox 1409 1723 1584 1778; x_wconf 90' lang='lat' dir='ltr'><strong>neque</strong></span> <span class='ocrx_word' id='word_1_146' title='bbox 1614 1711 1682 1765; x_wconf 90' lang='lat' dir='ltr'><strong>ab</strong></span> 
     </span>
    </p>
   </div>
   <div class='ocr_carea' id='block_1_20' title="bbox 122 1791 1680 1869">
    <p class='ocr_par' dir='ltr' id='par_1_20' title="bbox 122 1791 1680 1869">
     <span class='ocr_line' id='line_1_20' title="bbox 122 1791 1680 1869; baseline 0.008 -25"><span class='ocrx_word' id='word_1_147' title='bbox 122 1791 318 1848; x_wconf 82' lang='lat' dir='ltr'><strong>homine</strong></span> <span class='ocrx_word' id='word_1_148' title='bbox 351 1803 643 1863; x_wconf 87' lang='lat' dir='ltr'><strong>separatur</strong></span> <span class='ocrx_word' id='word_1_149' title='bbox 681 1795 926 1865; x_wconf 82' lang='lat' dir='ltr'><strong>verbum,</strong></span> <span class='ocrx_word' id='word_1_150' title='bbox 967 1798 1147 1868; x_wconf 81' lang='grc' dir='ltr'><strong>λόγος,</strong></span> <span class='ocrx_word' id='word_1_151' title='bbox 1179 1800 1295 1855; x_wconf 88' lang='lat' dir='ltr'><strong>sive</strong></span> <span class='ocrx_word' id='word_1_152' title='bbox 1326 1802 1499 1869; x_wconf 88' lang='lat' dir='ltr'><strong>ratio;</strong></span> <span class='ocrx_word' id='word_1_153' title='bbox 1531 1810 1623 1857; x_wconf 88' lang='lat' dir='ltr'><strong>aut</strong></span> <span class='ocrx_word' id='word_1_154' title='bbox 1650 1818 1680 1857; x_wconf 92' lang='lat' dir='ltr'><strong>a</strong></span> 
     </span>
    </p>
   </div>
   <div class='ocr_carea' id='block_1_21' title="bbox 124 1884 1683 1959">
    <p class='ocr_par' dir='ltr' id='par_1_21' title="bbox 124 1884 1683 1959">
     <span class='ocr_line' id='line_1_21' title="bbox 124 1884 1683 1959; baseline 0.008 -23"><span class='ocrx_word' id='word_1_155' title='bbox 124 1884 219 1937; x_wconf 89' lang='lat' dir='ltr'><strong>sole</strong></span> <span class='ocrx_word' id='word_1_156' title='bbox 241 1884 436 1942; x_wconf 90' lang='lat' dir='ltr'><strong>lumen.</strong></span> <span class='ocrx_word' id='word_1_157' title='bbox 468 1884 540 1940; x_wconf 88' lang='lat' dir='ltr'><strong>Et</strong></span> <span class='ocrx_word' id='word_1_158' title='bbox 570 1896 629 1940; x_wconf 91' lang='lat' dir='ltr'><strong>ut</strong></span> <span class='ocrx_word' id='word_1_159' title='bbox 654 1886 833 1943; x_wconf 87' lang='lat' dir='ltr'><strong>lumen</strong></span> <span class='ocrx_word' id='word_1_160' title='bbox 869 1891 1154 1959; x_wconf 87' lang='lat' dir='ltr'><strong>egrediens</strong></span> <span class='ocrx_word' id='word_1_161' title='bbox 1178 1905 1243 1946; x_wconf 87' lang='lat' dir='ltr'><strong>ex</strong></span> <span class='ocrx_word' id='word_1_162' title='bbox 1271 1891 1383 1947; x_wconf 80' lang='lat' dir='ltr'><strong>sole</strong></span> <span class='ocrx_word' id='word_1_163' title='bbox 1418 1893 1683 1949; x_wconf 89' lang='lat' dir='ltr'><strong>illuminat</strong></span> 
     </span>
    </p>
   </div>
   <div class='ocr_carea' id='block_1_22' title="bbox 125 1962 1680 2049">
    <p class='ocr_par' dir='ltr' id='par_1_22' title="bbox 125 1962 1680 2049">
     <span class='ocr_line' id='line_1_22' title="bbox 125 1962 1680 2049; baseline 0.009 -22"><span class='ocrx_word' id='word_1_164' title='bbox 125 1975 379 2041; x_wconf 90' lang='lat' dir='ltr'><strong>mundum,</strong></span> <span class='ocrx_word' id='word_1_165' title='bbox 420 1977 503 2032; x_wconf 88' lang='lat' dir='ltr'><strong>sic</strong></span> <span class='ocrx_word' id='word_1_166' title='bbox 580 1979 888 2049; x_wconf 81' lang='lat' dir='ltr'><strong>unigenitus</strong></span> <span class='ocrx_word' id='word_1_167' title='bbox 940 1980 1108 2036; x_wconf 84' lang='lat' dir='ltr'><strong>Filius</strong></span> <span class='ocrx_word' id='word_1_168' title='bbox 1174 1962 1230 2037; x_wconf 82' lang='lat' dir='ltr'><strong>et</strong></span> <span class='ocrx_word' id='word_1_169' title='bbox 1278 1981 1515 2038; x_wconf 77' lang='lat' dir='ltr'><strong>Verbum</strong></span> <span class='ocrx_word' id='word_1_170' title='bbox 1574 2000 1680 2041; x_wconf 94' lang='lat' dir='ltr'><strong>non</strong></span> 
     </span>
    </p>
   </div>
   <div class='ocr_carea' id='block_1_23' title="bbox 126 2070 1679 2146">
    <p class='ocr_par' dir='ltr' id='par_1_23' title="bbox 126 2070 1679 2146">
     <span class='ocr_line' id='line_1_23' title="bbox 126 2070 1679 2146; baseline 0.008 -26"><span class='ocrx_word' id='word_1_171' title='bbox 126 2079 379 2137; x_wconf 84' lang='lat' dir='ltr'><strong>separatus</strong></span> <span class='ocrx_word' id='word_1_172' title='bbox 408 2086 439 2125; x_wconf 91' lang='lat' dir='ltr'><strong>a</strong></span> <span class='ocrx_word' id='word_1_173' title='bbox 486 2070 654 2127; x_wconf 87' lang='lat' dir='ltr'><strong>Patre</strong></span> <span class='ocrx_word' id='word_1_174' title='bbox 684 2082 941 2142; x_wconf 84' lang='lat' dir='ltr'><strong>operatus</strong></span> <span class='ocrx_word' id='word_1_175' title='bbox 984 2083 1068 2130; x_wconf 87' lang='lat' dir='ltr'><strong>est</strong></span> <span class='ocrx_word' id='word_1_176' title='bbox 1108 2075 1447 2131; x_wconf 84' lang='lat' dir='ltr'><strong>admirabilia</strong></span> <span class='ocrx_word' id='word_1_177' title='bbox 1492 2091 1679 2146; x_wconf 80' lang='lat' dir='ltr'><strong>Opera,</strong></span> 
     </span>
    </p>
   </div>
   <div class='ocr_carea' id='block_1_24' title="bbox 124 2157 1679 2235">
    <p class='ocr_par' dir='ltr' id='par_1_24' title="bbox 124 2157 1679 2235">
     <span class='ocr_line' id='line_1_24' title="bbox 124 2157 1679 2235; baseline 0.009 -27"><span class='ocrx_word' id='word_1_178' title='bbox 124 2157 329 2225; x_wconf 67' lang='lat' dir='ltr'><strong>malum,</strong></span> <span class='ocrx_word' id='word_1_179' title='bbox 375 2169 429 2215; x_wconf 89' lang='lat' dir='ltr'><strong>et</strong></span> <span class='ocrx_word' id='word_1_180' title='bbox 471 2170 713 2228; x_wconf 86' lang='lat' dir='ltr'><strong>terram,</strong></span> <span class='ocrx_word' id='word_1_181' title='bbox 753 2172 807 2216; x_wconf 90' lang='lat' dir='ltr'><strong>et</strong></span> <span class='ocrx_word' id='word_1_182' title='bbox 858 2179 1192 2235; x_wconf 71' lang='lat' dir='ltr'><strong>quaecunque</strong></span> <span class='ocrx_word' id='word_1_183' title='bbox 1245 2166 1296 2220; x_wconf 93' lang='lat' dir='ltr'><strong>in</strong></span> <span class='ocrx_word' id='word_1_184' title='bbox 1351 2169 1431 2222; x_wconf 89' lang='lat' dir='ltr'><strong>eis</strong></span> <span class='ocrx_word' id='word_1_185' title='bbox 1487 2178 1614 2222; x_wconf 77' lang='lat' dir='ltr'><strong>sunt</strong></span> <span class='ocrx_word' id='word_1_186' title='bbox 1663 2184 1679 2222; x_wconf 89' lang='lat'><strong>:</strong></span> 
     </span>
    </p>
   </div>
   <div class='ocr_carea' id='block_1_25' title="bbox 126 2244 1678 2324">
    <p class='ocr_par' dir='ltr' id='par_1_25' title="bbox 126 2244 1678 2324">
     <span class='ocr_line' id='line_1_25' title="bbox 126 2244 1678 2324; baseline 0.008 -26"><span class='ocrx_word' id='word_1_187' title='bbox 126 2244 234 2300; x_wconf 87' lang='lat' dir='ltr'><strong>item</strong></span> <span class='ocrx_word' id='word_1_188' title='bbox 274 2262 405 2319; x_wconf 82' lang='lat' dir='ltr'><strong>Opus</strong></span> <span class='ocrx_word' id='word_1_189' title='bbox 451 2250 846 2307; x_wconf 89' lang='lat' dir='ltr'><strong>incarnationis</strong></span> <span class='ocrx_word' id='word_1_190' title='bbox 891 2268 1054 2322; x_wconf 86' lang='lat' dir='ltr'><strong>supra</strong></span> <span class='ocrx_word' id='word_1_191' title='bbox 1095 2254 1274 2308; x_wconf 89' lang='lat' dir='ltr'><strong>omnia</strong></span> <span class='ocrx_word' id='word_1_192' title='bbox 1325 2257 1678 2324; x_wconf 86' lang='lat' dir='ltr'><strong>admirabile;</strong></span> 
     </span>
    </p>
   </div>
   <div class='ocr_carea' id='block_1_26' title="bbox 128 2342 1683 2415">
    <p class='ocr_par' dir='ltr' id='par_1_26' title="bbox 128 2342 1683 2415">
     <span class='ocr_line' id='line_1_26' title="bbox 128 2342 1683 2415; baseline 0.01 -27"><span class='ocrx_word' id='word_1_193' title='bbox 128 2353 324 2396; x_wconf 86' lang='lat' dir='ltr'><strong>nanens</strong></span> <span class='ocrx_word' id='word_1_194' title='bbox 365 2344 512 2397; x_wconf 89' lang='lat' dir='ltr'><strong>enim</strong></span> <span class='ocrx_word' id='word_1_195' title='bbox 567 2344 621 2397; x_wconf 93' lang='lat' dir='ltr'><strong>in</strong></span> <span class='ocrx_word' id='word_1_196' title='bbox 662 2342 841 2409; x_wconf 84' lang='lat' dir='ltr'><strong>Patre,</strong></span> <span class='ocrx_word' id='word_1_197' title='bbox 874 2359 977 2400; x_wconf 88' lang='lat' dir='ltr'><strong>nec</strong></span> <span class='ocrx_word' id='word_1_198' title='bbox 1015 2357 1298 2415; x_wconf 88' lang='lat' dir='ltr'><strong>separatus</strong></span> <span class='ocrx_word' id='word_1_199' title='bbox 1329 2349 1396 2403; x_wconf 90' lang='lat' dir='ltr'><strong>ab</strong></span> <span class='ocrx_word' id='word_1_200' title='bbox 1428 2362 1494 2403; x_wconf 91' lang='lat' dir='ltr'><strong>eo</strong></span> <span class='ocrx_word' id='word_1_201' title='bbox 1539 2348 1683 2405; x_wconf 85' lang='lat' dir='ltr'><strong>Deus</strong></span> 
     </span>
    </p>
   </div>
   <div class='ocr_carea' id='block_1_27' title="bbox 132 2425 1683 2506">
    <p class='ocr_par' dir='ltr' id='par_1_27' title="bbox 132 2425 1683 2506">
     <span class='ocr_line' id='line_1_27' title="bbox 132 2425 1683 2506; baseline 0.007 -24"><span class='ocrx_word' id='word_1_202' title='bbox 132 2425 338 2484; x_wconf 72' lang='lat' dir='ltr'><strong>Verbum</strong></span> <span class='ocrx_word' id='word_1_203' title='bbox 371 2433 560 2487; x_wconf 87' lang='lat' dir='ltr'><strong>divino</strong></span> <span class='ocrx_word' id='word_1_204' title='bbox 605 2437 970 2490; x_wconf 86' lang='lat' dir='ltr'><strong>condescensu</strong></span> <span class='ocrx_word' id='word_1_205' title='bbox 1018 2439 1165 2491; x_wconf 82' lang='lat' dir='ltr'><strong>venit</strong></span> <span class='ocrx_word' id='word_1_206' title='bbox 1209 2440 1274 2491; x_wconf 87' lang='lat' dir='ltr'><strong>ad</strong></span> <span class='ocrx_word' id='word_1_207' title='bbox 1312 2454 1430 2506; x_wconf 85' lang='lat' dir='ltr'><strong>nos,</strong></span> <span class='ocrx_word' id='word_1_208' title='bbox 1473 2449 1528 2493; x_wconf 88' lang='lat' dir='ltr'><strong>et</strong></span> <span class='ocrx_word' id='word_1_209' title='bbox 1570 2439 1683 2493; x_wconf 87' lang='lat' dir='ltr'><strong>sal-</strong></span> 
     </span>
    </p>
   </div>
   <div class='ocr_carea' id='block_1_28' title="bbox 127 2520 1684 2596">
    <p class='ocr_par' dir='ltr' id='par_1_28' title="bbox 127 2520 1684 2596">
     <span class='ocr_line' id='line_1_28' title="bbox 127 2520 1684 2596; baseline 0.01 -28"><span class='ocrx_word' id='word_1_210' title='bbox 127 2520 245 2572; x_wconf 83' lang='lat' dir='ltr'><strong>vavit</strong></span> <span class='ocrx_word' id='word_1_211' title='bbox 274 2522 455 2587; x_wconf 87' lang='lat' dir='ltr'><strong>Israel,</strong></span> <span class='ocrx_word' id='word_1_212' title='bbox 485 2533 541 2578; x_wconf 90' lang='lat' dir='ltr'><strong>et</strong></span> <span class='ocrx_word' id='word_1_213' title='bbox 572 2535 759 2594; x_wconf 81' lang='lat' dir='ltr'><strong>gentes</strong></span> <span class='ocrx_word' id='word_1_214' title='bbox 786 2525 1080 2579; x_wconf 90' lang='lat' dir='ltr'><strong>secundum</strong></span> <span class='ocrx_word' id='word_1_215' title='bbox 1116 2542 1272 2581; x_wconf 87' lang='lat' dir='ltr'><strong>vcras</strong></span> <span class='ocrx_word' id='word_1_216' title='bbox 1298 2528 1684 2596; x_wconf 89' lang='lat' dir='ltr'><strong>promissiones</strong></span> 
     </span>
    </p>
   </div>
   <div class='ocr_carea' id='block_1_29' title="bbox 129 2608 1681 2688">
    <p class='ocr_par' dir='ltr' id='par_1_29' title="bbox 129 2608 1681 2688">
     <span class='ocr_line' id='line_1_29' title="bbox 129 2608 1681 2688; baseline 0.007 -23"><span class='ocrx_word' id='word_1_217' title='bbox 129 2608 226 2679; x_wconf 84' lang='lat' dir='ltr'><strong>Dei,</strong></span> <span class='ocrx_word' id='word_1_218' title='bbox 254 2628 384 2683; x_wconf 87' lang='lat' dir='ltr'><strong>quas</strong></span> <span class='ocrx_word' id='word_1_219' title='bbox 411 2615 500 2670; x_wconf 82' lang='lat' dir='ltr'><strong>lex</strong></span> <span class='ocrx_word' id='word_1_220' title='bbox 549 2625 604 2672; x_wconf 92' lang='lat' dir='ltr'><strong>et</strong></span> <span class='ocrx_word' id='word_1_221' title='bbox 631 2618 905 2686; x_wconf 78' lang='lat' dir='ltr'><strong>pr0phet:e</strong></span> <span class='ocrx_word' id='word_1_222' title='bbox 936 2618 1320 2688; x_wconf 85' lang='lat' dir='ltr'><strong>praedicarunt,</strong></span> <span class='ocrx_word' id='word_1_223' title='bbox 1354 2632 1407 2674; x_wconf 90' lang='lat' dir='ltr'><strong>et</strong></span> <span class='ocrx_word' id='word_1_224' title='bbox 1434 2622 1681 2676; x_wconf 89' lang='lat' dir='ltr'><strong>doctrina</strong></span> 
     </span>
    </p>
   </div>
   <div class='ocr_carea' id='block_1_30' title="bbox 128 2707 1687 2771">
    <p class='ocr_par' dir='ltr' id='par_1_30' title="bbox 128 2707 1687 2771">
     <span class='ocr_line' id='line_1_30' title="bbox 128 2707 1687 2771; baseline 0.006 -15"><span class='ocrx_word' id='word_1_225' title='bbox 128 2707 465 2771; x_wconf 83' lang='lat' dir='ltr'><strong>apostolorum</strong></span> <span class='ocrx_word' id='word_1_226' title='bbox 520 2715 578 2762; x_wconf 89' lang='lat' dir='ltr'><strong>et</strong></span> <span class='ocrx_word' id='word_1_227' title='bbox 643 2718 952 2763; x_wconf 70' lang='lat' dir='ltr'><strong>sanctorum</strong></span> <span class='ocrx_word' id='word_1_228' title='bbox 1034 2707 1251 2764; x_wconf 81' lang='lat' dir='ltr'><strong>Patrum</strong></span> <span class='ocrx_word' id='word_1_229' title='bbox 1310 2711 1547 2765; x_wconf 86' lang='lat' dir='ltr'><strong>tradidit.</strong></span> <span class='ocrx_word' id='word_1_230' title='bbox 1598 2710 1687 2765; x_wconf 88' lang='lat' dir='ltr'><strong>ln-</strong></span> 
     </span>
    </p>
   </div>
   <div class='ocr_carea' id='block_1_31' title="bbox 128 2795 1681 2873">
    <p class='ocr_par' dir='ltr' id='par_1_31' title="bbox 128 2795 1681 2873">
     <span class='ocr_line' id='line_1_31' title="bbox 128 2795 1681 2873; baseline 0.007 -28"><span class='ocrx_word' id='word_1_231' title='bbox 128 2795 346 2852; x_wconf 81' lang='lat' dir='ltr'><strong>couiusio</strong></span> <span class='ocrx_word' id='word_1_232' title='bbox 407 2807 594 2853; x_wconf 90' lang='lat' dir='ltr'><strong>autem</strong></span> <span class='ocrx_word' id='word_1_233' title='bbox 644 2808 727 2852; x_wconf 91' lang='lat' dir='ltr'><strong>est</strong></span> <span class='ocrx_word' id='word_1_234' title='bbox 775 2798 910 2865; x_wconf 61' lang='lat' dir='ltr'><strong>haec,</strong></span> <span class='ocrx_word' id='word_1_235' title='bbox 966 2800 1199 2870; x_wconf 91' lang='lat' dir='ltr'><strong>primum</strong></span> <span class='ocrx_word' id='word_1_236' title='bbox 1247 2803 1500 2871; x_wconf 87' lang='lat' dir='ltr'><strong>quidem,</strong></span> <span class='ocrx_word' id='word_1_237' title='bbox 1555 2803 1681 2873; x_wconf 86' lang='lat' dir='ltr'><strong>quia</strong></span> 
     </span>
    </p>
   </div>
   <div class='ocr_carea' id='block_1_32' title="bbox 130 2885 1684 2964">
    <p class='ocr_par' dir='ltr' id='par_1_32' title="bbox 130 2885 1684 2964">
     <span class='ocr_line' id='line_1_32' title="bbox 130 2885 1684 2964; baseline 0.006 -26"><span class='ocrx_word' id='word_1_238' title='bbox 130 2885 266 2944; x_wconf 85' lang='lat' dir='ltr'><strong>Pater</strong></span> <span class='ocrx_word' id='word_1_239' title='bbox 309 2905 412 2945; x_wconf 91' lang='lat' dir='ltr'><strong>non</strong></span> <span class='ocrx_word' id='word_1_240' title='bbox 461 2900 550 2946; x_wconf 90' lang='lat' dir='ltr'><strong>est</strong></span> <span class='ocrx_word' id='word_1_241' title='bbox 596 2889 785 2953; x_wconf 87' lang='lat' dir='ltr'><strong>Filius,</strong></span> <span class='ocrx_word' id='word_1_242' title='bbox 839 2905 1017 2961; x_wconf 90' lang='lat' dir='ltr'><strong>neque</strong></span> <span class='ocrx_word' id='word_1_243' title='bbox 1054 2907 1290 2962; x_wconf 84' lang='lat' dir='ltr'><strong>unquam</strong></span> <span class='ocrx_word' id='word_1_244' title='bbox 1337 2894 1461 2961; x_wconf 90' lang='lat' dir='ltr'><strong>erit,</strong></span> <span class='ocrx_word' id='word_1_245' title='bbox 1510 2908 1684 2964; x_wconf 91' lang='lat' dir='ltr'><strong>neque</strong></span> 
     </span>
    </p>
   </div>
   <div class='ocr_carea' id='block_1_33' title="bbox 129 2974 1681 3050">
    <p class='ocr_par' dir='ltr' id='par_1_33' title="bbox 129 2974 1681 3050">
     <span class='ocr_line' id='line_1_33' title="bbox 129 2974 1681 3050; baseline 0.006 -22"><span class='ocrx_word' id='word_1_246' title='bbox 129 2974 275 3032; x_wconf 87' lang='lat' dir='ltr'><strong>Filius</strong></span> <span class='ocrx_word' id='word_1_247' title='bbox 320 2977 503 3045; x_wconf 81' lang='lat' dir='ltr'><strong>Pater,</strong></span> <span class='ocrx_word' id='word_1_248' title='bbox 565 2993 738 3049; x_wconf 84' lang='lat' dir='ltr'><strong>neque</strong></span> <span class='ocrx_word' id='word_1_249' title='bbox 794 2979 1027 3050; x_wconf 46' lang='lat' dir='ltr'><strong>Spiritus</strong></span> <span class='ocrx_word' id='word_1_250' title='bbox 1076 2991 1298 3036; x_wconf 87' lang='lat' dir='ltr'><strong>sanctus</strong></span> <span class='ocrx_word' id='word_1_251' title='bbox 1343 2992 1427 3037; x_wconf 92' lang='lat' dir='ltr'><strong>est</strong></span> <span class='ocrx_word' id='word_1_252' title='bbox 1479 2981 1681 3048; x_wconf 85' lang='lat' dir='ltr'><strong>Filius,</strong></span> 
     </span>
    </p>
   </div>
   <div class='ocr_carea' id='block_1_34' title="bbox 1788 516 3360 598">
    <p class='ocr_par' dir='ltr' id='par_1_34' title="bbox 1788 516 3360 598">
     <span class='ocr_line' id='line_1_34' title="bbox 1788 516 3360 598; baseline 0.007 -27"><span class='ocrx_word' id='word_1_253' title='bbox 1788 524 1842 571; x_wconf 92' lang='lat' dir='ltr'><strong>et</strong></span> <span class='ocrx_word' id='word_1_254' title='bbox 1885 516 1976 572; x_wconf 89' lang='lat' dir='ltr'><strong>Dei</strong></span> <span class='ocrx_word' id='word_1_255' title='bbox 2010 519 2243 573; x_wconf 79' lang='lat' dir='ltr'><strong>verbum</strong></span> <span class='ocrx_word' id='word_1_256' title='bbox 2290 518 2628 589; x_wconf 88' lang='lat' dir='ltr'><strong>beneplacito</strong></span> <span class='ocrx_word' id='word_1_257' title='bbox 2667 522 2871 589; x_wconf 90' lang='lat' dir='ltr'><strong>Patris,</strong></span> <span class='ocrx_word' id='word_1_258' title='bbox 2916 534 2972 581; x_wconf 92' lang='lat' dir='ltr'><strong>et</strong></span> <span class='ocrx_word' id='word_1_259' title='bbox 3013 531 3228 598; x_wconf 90' lang='lat' dir='ltr'><strong>propria</strong></span> <span class='ocrx_word' id='word_1_260' title='bbox 3262 543 3360 582; x_wconf 77' lang='grc' dir='ltr'><strong>νο·-</strong></span> 
     </span>
    </p>
   </div>
   <div class='ocr_carea' id='block_1_35' title="bbox 1789 604 3359 681">
    <p class='ocr_par' dir='ltr' id='par_1_35' title="bbox 1789 604 3359 681">
     <span class='ocr_line' id='line_1_35' title="bbox 1789 604 3359 681; baseline 0.007 -22"><span class='ocrx_word' id='word_1_261' title='bbox 1789 604 2026 673; x_wconf 91' lang='lat' dir='ltr'><strong>luntate,</strong></span> <span class='ocrx_word' id='word_1_262' title='bbox 2086 615 2142 661; x_wconf 91' lang='lat' dir='ltr'><strong>et</strong></span> <span class='ocrx_word' id='word_1_263' title='bbox 2191 606 2428 677; x_wconf 81' lang='lat' dir='ltr'><strong>Spiritus</strong></span> <span class='ocrx_word' id='word_1_264' title='bbox 2484 611 2657 665; x_wconf 89' lang='lat' dir='ltr'><strong>sancti</strong></span> <span class='ocrx_word' id='word_1_265' title='bbox 2711 616 3088 681; x_wconf 86' lang='lat' dir='ltr'><strong>cooperatione</strong></span> <span class='ocrx_word' id='word_1_266' title='bbox 3139 629 3359 671; x_wconf 88' lang='lat' dir='ltr'><strong>carnem</strong></span> 
     </span>
    </p>
   </div>
   <div class='ocr_carea' id='block_1_36' title="bbox 1788 699 3359 776">
    <p class='ocr_par' dir='ltr' id='par_1_36' title="bbox 1788 699 3359 776">
     <span class='ocr_line' id='line_1_36' title="bbox 1788 699 3359 776; baseline 0.004 -23"><span class='ocrx_word' id='word_1_267' title='bbox 1788 699 2018 768; x_wconf 84' lang='lat' dir='ltr'><strong>sumpsit</strong></span> <span class='ocrx_word' id='word_1_268' title='bbox 2056 709 2270 765; x_wconf 85' lang='lat' dir='ltr'><strong>mente,</strong></span> <span class='ocrx_word' id='word_1_269' title='bbox 2316 709 2371 754; x_wconf 91' lang='lat' dir='ltr'><strong>et</strong></span> <span class='ocrx_word' id='word_1_270' title='bbox 2419 701 2637 767; x_wconf 89' lang='lat' dir='ltr'><strong>anima,</strong></span> <span class='ocrx_word' id='word_1_271' title='bbox 2678 718 2743 759; x_wconf 88' lang='lat' dir='ltr'><strong>ac</strong></span> <span class='ocrx_word' id='word_1_272' title='bbox 2786 706 2996 762; x_wconf 90' lang='lat' dir='ltr'><strong>ratione</strong></span> <span class='ocrx_word' id='word_1_273' title='bbox 3045 708 3359 776; x_wconf 82' lang='lat' dir='ltr'><strong>praeditam,</strong></span> 
     </span>
    </p>
   </div>
   <div class='ocr_carea' id='block_1_37' title="bbox 1787 790 3356 867">
    <p class='ocr_par' dir='ltr' id='par_1_37' title="bbox 1787 790 3356 867">
     <span class='ocr_line' id='line_1_37' title="bbox 1787 790 3356 867; baseline 0.004 -23"><span class='ocrx_word' id='word_1_274' title='bbox 1787 799 1843 844; x_wconf 87' lang='lat' dir='ltr'><strong>et</strong></span> <span class='ocrx_word' id='word_1_275' title='bbox 1891 790 2061 843; x_wconf 91' lang='lat' dir='ltr'><strong>univit</strong></span> <span class='ocrx_word' id='word_1_276' title='bbox 2108 805 2227 844; x_wconf 88' lang='lat' dir='ltr'><strong>eam</strong></span> <span class='ocrx_word' id='word_1_277' title='bbox 2275 807 2396 845; x_wconf 92' lang='lat' dir='ltr'><strong>cum</strong></span> <span class='ocrx_word' id='word_1_278' title='bbox 2442 795 2659 864; x_wconf 88' lang='lat' dir='ltr'><strong>propria</strong></span> <span class='ocrx_word' id='word_1_279' title='bbox 2710 810 2807 850; x_wconf 89' lang='lat' dir='ltr'><strong>sua</strong></span> <span class='ocrx_word' id='word_1_280' title='bbox 2862 813 3089 867; x_wconf 84' lang='lat' dir='ltr'><strong>persona</strong></span> <span class='ocrx_word' id='word_1_281' title='bbox 3140 799 3356 862; x_wconf 86' lang='lat' dir='ltr'><strong>divina;</strong></span> 
     </span>
    </p>
   </div>
   <div class='ocr_carea' id='block_1_38' title="bbox 1786 876 3360 955">
    <p class='ocr_par' dir='ltr' id='par_1_38' title="bbox 1786 876 3360 955">
     <span class='ocr_line' id='line_1_38' title="bbox 1786 876 3360 955; baseline 0.007 -24"><span class='ocrx_word' id='word_1_282' title='bbox 1786 891 1894 931; x_wconf 91' lang='lat' dir='ltr'><strong>non</strong></span> <span class='ocrx_word' id='word_1_283' title='bbox 1956 879 2099 931; x_wconf 86' lang='lat' dir='ltr'><strong>enim</strong></span> <span class='ocrx_word' id='word_1_284' title='bbox 2149 876 2311 931; x_wconf 88' lang='lat' dir='ltr'><strong>Pater</strong></span> <span class='ocrx_word' id='word_1_285' title='bbox 2372 880 2685 937; x_wconf 86' lang='lat' dir='ltr'><strong>incarnatus</strong></span> <span class='ocrx_word' id='word_1_286' title='bbox 2733 891 2854 949; x_wconf 90' lang='lat' dir='ltr'><strong>est,</strong></span> <span class='ocrx_word' id='word_1_287' title='bbox 2905 900 3078 954; x_wconf 88' lang='lat' dir='ltr'><strong>neque</strong></span> <span class='ocrx_word' id='word_1_288' title='bbox 3128 885 3360 955; x_wconf 84' lang='lat' dir='ltr'><strong>Spiritus</strong></span> 
     </span>
    </p>
   </div>
   <div class='ocr_carea' id='block_1_39' title="bbox 1788 969 3359 1044">
    <p class='ocr_par' dir='ltr' id='par_1_39' title="bbox 1788 969 3359 1044">
     <span class='ocr_line' id='line_1_39' title="bbox 1788 969 3359 1044; baseline 0.004 -21"><span class='ocrx_word' id='word_1_289' title='bbox 1788 977 2029 1033; x_wconf 90' lang='lat' dir='ltr'><strong>sanctus,</strong></span> <span class='ocrx_word' id='word_1_290' title='bbox 2061 971 2155 1025; x_wconf 91' lang='lat' dir='ltr'><strong>sed</strong></span> <span class='ocrx_word' id='word_1_291' title='bbox 2188 969 2444 1037; x_wconf 83' lang='lat' dir='ltr'><strong>Verbum,</strong></span> <span class='ocrx_word' id='word_1_292' title='bbox 2476 982 2530 1025; x_wconf 92' lang='lat' dir='ltr'><strong>et</strong></span> <span class='ocrx_word' id='word_1_293' title='bbox 2558 971 2730 1028; x_wconf 84' lang='lat' dir='ltr'><strong>Filius</strong></span> <span class='ocrx_word' id='word_1_294' title='bbox 2766 975 2858 1028; x_wconf 83' lang='lat' dir='ltr'><strong>Dei</strong></span> <span class='ocrx_word' id='word_1_295' title='bbox 2895 975 2948 1028; x_wconf 92' lang='lat' dir='ltr'><strong>in</strong></span> <span class='ocrx_word' id='word_1_296' title='bbox 2988 977 3200 1044; x_wconf 89' lang='lat' dir='ltr'><strong>propria</strong></span> <span class='ocrx_word' id='word_1_297' title='bbox 3233 992 3359 1044; x_wconf 58' lang='lat' dir='ltr'><strong>pera</strong></span> 
     </span>
    </p>
   </div>
   <div class='ocr_carea' id='block_1_40' title="bbox 1785 1060 3358 1133">
    <p class='ocr_par' dir='ltr' id='par_1_40' title="bbox 1785 1060 3358 1133">
     <span class='ocr_line' id='line_1_40' title="bbox 1785 1060 3358 1133; baseline 0.001 -20"><span class='ocrx_word' id='word_1_298' title='bbox 1785 1072 1939 1123; x_wconf 90' lang='lat' dir='ltr'><strong>sona,</strong></span> <span class='ocrx_word' id='word_1_299' title='bbox 1975 1061 2065 1133; x_wconf 85' lang='lat' dir='ltr'><strong>qui</strong></span> <span class='ocrx_word' id='word_1_300' title='bbox 2110 1060 2382 1115; x_wconf 83' lang='lat' dir='ltr'><strong>deiﬁcavit</strong></span> <span class='ocrx_word' id='word_1_301' title='bbox 2425 1074 2595 1129; x_wconf 79' lang='lat' dir='ltr'><strong>genus</strong></span> <span class='ocrx_word' id='word_1_302' title='bbox 2640 1061 2938 1116; x_wconf 87' lang='lat' dir='ltr'><strong>hominum.</strong></span> <span class='ocrx_word' id='word_1_303' title='bbox 2984 1062 3123 1116; x_wconf 89' lang='lat' dir='ltr'><strong>Caro</strong></span> <span class='ocrx_word' id='word_1_304' title='bbox 3159 1062 3358 1130; x_wconf 86' lang='lat' dir='ltr'><strong>alioqui</strong></span> 
     </span>
    </p>
   </div>
   <div class='ocr_carea' id='block_1_41' title="bbox 1785 1150 3360 1223">
    <p class='ocr_par' dir='ltr' id='par_1_41' title="bbox 1785 1150 3360 1223">
     <span class='ocr_line' id='line_1_41' title="bbox 1785 1150 3360 1223; baseline 0 -17"><span class='ocrx_word' id='word_1_305' title='bbox 1785 1153 2174 1220; x_wconf 90' lang='lat' dir='ltr'><strong>corruptibilis,</strong></span> <span class='ocrx_word' id='word_1_306' title='bbox 2203 1168 2363 1221; x_wconf 90' lang='lat' dir='ltr'><strong>quam</strong></span> <span class='ocrx_word' id='word_1_307' title='bbox 2407 1153 2639 1223; x_wconf 87' lang='lat' dir='ltr'><strong>sumpsit</strong></span> <span class='ocrx_word' id='word_1_308' title='bbox 2678 1152 2934 1208; x_wconf 92' lang='lat' dir='ltr'><strong>Dominus</strong></span> <span class='ocrx_word' id='word_1_309' title='bbox 2978 1163 3162 1207; x_wconf 89' lang='lat' dir='ltr'><strong>noster</strong></span> <span class='ocrx_word' id='word_1_310' title='bbox 3202 1150 3360 1206; x_wconf 82' lang='lat' dir='ltr'><strong>Jesus</strong></span> 
     </span>
    </p>
   </div>
   <div class='ocr_carea' id='block_1_42' title="bbox 1785 1241 3356 1312">
    <p class='ocr_par' dir='ltr' id='par_1_42' title="bbox 1785 1241 3356 1312">
     <span class='ocr_line' id='line_1_42' title="bbox 1785 1241 3356 1312; baseline -0.002 -14"><span class='ocrx_word' id='word_1_311' title='bbox 1785 1241 2065 1310; x_wconf 87' lang='lat' dir='ltr'><strong>Christus,</strong></span> <span class='ocrx_word' id='word_1_312' title='bbox 2121 1244 2436 1312; x_wconf 89' lang='lat' dir='ltr'><strong>incorrupta</strong></span> <span class='ocrx_word' id='word_1_313' title='bbox 2482 1241 2676 1296; x_wconf 89' lang='lat' dir='ltr'><strong>mansit</strong></span> <span class='ocrx_word' id='word_1_314' title='bbox 2729 1257 2826 1312; x_wconf 87' lang='lat' dir='ltr'><strong>per</strong></span> <span class='ocrx_word' id='word_1_315' title='bbox 2878 1251 3104 1297; x_wconf 92' lang='lat' dir='ltr'><strong>mortem</strong></span> <span class='ocrx_word' id='word_1_316' title='bbox 3144 1241 3356 1305; x_wconf 87' lang='lat' dir='ltr'><strong>crucis,</strong></span> 
     </span>
    </p>
   </div>
   <div class='ocr_carea' id='block_1_43' title="bbox 1784 1333 3360 1403">
    <p class='ocr_par' dir='ltr' id='par_1_43' title="bbox 1784 1333 3360 1403">
     <span class='ocr_line' id='line_1_43' title="bbox 1784 1333 3360 1403; baseline -0.003 -14"><span class='ocrx_word' id='word_1_317' title='bbox 1784 1344 1840 1390; x_wconf 93' lang='lat' dir='ltr'><strong>et</strong></span> <span class='ocrx_word' id='word_1_318' title='bbox 1871 1335 2359 1399; x_wconf 85' lang='lat' dir='ltr'><strong>resurrectionem;</strong></span> <span class='ocrx_word' id='word_1_319' title='bbox 2408 1334 2511 1389; x_wconf 85' lang='lat' dir='ltr'><strong>etsi</strong></span> <span class='ocrx_word' id='word_1_320' title='bbox 2563 1334 2704 1388; x_wconf 90' lang='lat' dir='ltr'><strong>enim</strong></span> <span class='ocrx_word' id='word_1_321' title='bbox 2745 1333 2920 1389; x_wconf 84' lang='lat' dir='ltr'><strong>cibum</strong></span> <span class='ocrx_word' id='word_1_322' title='bbox 2968 1333 3206 1403; x_wconf 72' lang='lat' dir='ltr'><strong>gustavit</strong></span> <span class='ocrx_word' id='word_1_323' title='bbox 3238 1341 3360 1398; x_wconf 88' lang='lat' dir='ltr'><strong>post</strong></span> 
     </span>
    </p>
   </div>
   <div class='ocr_carea' id='block_1_44' title="bbox 1785 1420 3361 1490">
    <p class='ocr_par' dir='ltr' id='par_1_44' title="bbox 1785 1420 3361 1490">
     <span class='ocr_line' id='line_1_44' title="bbox 1785 1420 3361 1490; baseline -0.003 -13"><span class='ocrx_word' id='word_1_324' title='bbox 1785 1425 2259 1487; x_wconf 89' lang='lat' dir='ltr'><strong>resurrectionem,</strong></span> <span class='ocrx_word' id='word_1_325' title='bbox 2301 1437 2405 1477; x_wconf 92' lang='lat' dir='ltr'><strong>non</strong></span> <span class='ocrx_word' id='word_1_326' title='bbox 2432 1430 2613 1475; x_wconf 88' lang='lat' dir='ltr'><strong>tamen</strong></span> <span class='ocrx_word' id='word_1_327' title='bbox 2649 1420 2766 1490; x_wconf 84' lang='lat' dir='ltr'><strong>lege</strong></span> <span class='ocrx_word' id='word_1_328' title='bbox 2794 1421 3058 1489; x_wconf 87' lang='lat' dir='ltr'><strong>corporis,</strong></span> <span class='ocrx_word' id='word_1_329' title='bbox 3089 1420 3185 1474; x_wconf 90' lang='lat' dir='ltr'><strong>sed</strong></span> <span class='ocrx_word' id='word_1_330' title='bbox 3214 1433 3361 1473; x_wconf 79' lang='lat' dir='ltr'><strong>ceco-</strong></span> 
     </span>
    </p>
   </div>
   <div class='ocr_carea' id='block_1_45' title="bbox 1784 1510 3360 1583">
    <p class='ocr_par' dir='ltr' id='par_1_45' title="bbox 1784 1510 3360 1583">
     <span class='ocr_line' id='line_1_45' title="bbox 1784 1510 3360 1583; baseline -0.003 -16"><span class='ocrx_word' id='word_1_331' title='bbox 1784 1516 2016 1579; x_wconf 90' lang='lat' dir='ltr'><strong>nomice,</strong></span> <span class='ocrx_word' id='word_1_332' title='bbox 2061 1522 2120 1567; x_wconf 88' lang='lat' dir='ltr'><strong>ut</strong></span> <span class='ocrx_word' id='word_1_333' title='bbox 2149 1513 2404 1583; x_wconf 88' lang='lat' dir='ltr'><strong>probaret</strong></span> <span class='ocrx_word' id='word_1_334' title='bbox 2443 1525 2664 1567; x_wconf 89' lang='lat' dir='ltr'><strong>carnem</strong></span> <span class='ocrx_word' id='word_1_335' title='bbox 2709 1510 2854 1564; x_wconf 90' lang='lat' dir='ltr'><strong>illam</strong></span> <span class='ocrx_word' id='word_1_336' title='bbox 2893 1525 3038 1574; x_wconf 87' lang='lat' dir='ltr'><strong>esse,</strong></span> <span class='ocrx_word' id='word_1_337' title='bbox 3082 1524 3201 1580; x_wconf 66' lang='lat' dir='ltr'><strong>quae</strong></span> <span class='ocrx_word' id='word_1_338' title='bbox 3238 1516 3360 1564; x_wconf 80' lang='lat' dir='ltr'><strong>erat</strong></span> 
     </span>
    </p>
   </div>
   <div class='ocr_carea' id='block_1_46' title="bbox 1784 1600 3360 1669">
    <p class='ocr_par' dir='ltr' id='par_1_46' title="bbox 1784 1600 3360 1669">
     <span class='ocr_line' id='line_1_46' title="bbox 1784 1600 3360 1669; baseline -0.003 -10"><span class='ocrx_word' id='word_1_339' title='bbox 1784 1616 1912 1661; x_wconf 90' lang='lat' dir='ltr'><strong>ante</strong></span> <span class='ocrx_word' id='word_1_340' title='bbox 1952 1608 2431 1669; x_wconf 86' lang='lat' dir='ltr'><strong>resurrectionem,</strong></span> <span class='ocrx_word' id='word_1_341' title='bbox 2474 1612 2529 1658; x_wconf 91' lang='lat' dir='ltr'><strong>et</strong></span> <span class='ocrx_word' id='word_1_342' title='bbox 2577 1618 2684 1656; x_wconf 91' lang='lat' dir='ltr'><strong>non</strong></span> <span class='ocrx_word' id='word_1_343' title='bbox 2723 1602 2922 1668; x_wconf 89' lang='lat' dir='ltr'><strong>aliam;</strong></span> <span class='ocrx_word' id='word_1_344' title='bbox 2970 1616 3075 1656; x_wconf 92' lang='lat' dir='ltr'><strong>non</strong></span> <span class='ocrx_word' id='word_1_345' title='bbox 3115 1601 3259 1656; x_wconf 85' lang='lat' dir='ltr'><strong>enim</strong></span> <span class='ocrx_word' id='word_1_346' title='bbox 3302 1600 3360 1655; x_wconf 87' lang='lat' dir='ltr'><strong>in</strong></span> 
     </span>
    </p>
   </div>
   <div class='ocr_carea' id='block_1_47' title="bbox 1784 1684 3365 1764">
    <p class='ocr_par' dir='ltr' id='par_1_47' title="bbox 1784 1684 3365 1764">
     <span class='ocr_line' id='line_1_47' title="bbox 1784 1684 3365 1764; baseline -0.004 -13"><span class='ocrx_word' id='word_1_347' title='bbox 1784 1706 2066 1761; x_wconf 87' lang='lat' dir='ltr'><strong>ventrem,</strong></span> <span class='ocrx_word' id='word_1_348' title='bbox 2115 1706 2171 1752; x_wconf 88' lang='lat' dir='ltr'><strong>et</strong></span> <span class='ocrx_word' id='word_1_349' title='bbox 2225 1694 2514 1763; x_wconf 85' lang='lat' dir='ltr'><strong>intestina,</strong></span> <span class='ocrx_word' id='word_1_350' title='bbox 2571 1703 2731 1764; x_wconf 87' lang='lat' dir='ltr'><strong>atque</strong></span> <span class='ocrx_word' id='word_1_351' title='bbox 2780 1694 2833 1747; x_wconf 92' lang='lat' dir='ltr'><strong>in</strong></span> <span class='ocrx_word' id='word_1_352' title='bbox 2885 1708 3158 1748; x_wconf 81' lang='lat' dir='ltr'><strong>secessum</strong></span> <span class='ocrx_word' id='word_1_353' title='bbox 3209 1684 3365 1758; x_wconf 64' lang='lat' dir='ltr'><strong>ibat,</strong></span> 
     </span>
    </p>
   </div>
   <div class='ocr_carea' id='block_1_48' title="bbox 1785 1785 3357 1855">
    <p class='ocr_par' dir='ltr' id='par_1_48' title="bbox 1785 1785 3357 1855">
     <span class='ocr_line' id='line_1_48' title="bbox 1785 1785 3357 1855; baseline -0.004 -11"><span class='ocrx_word' id='word_1_354' title='bbox 1785 1790 1954 1845; x_wconf 82' lang='lat' dir='ltr'><strong>absit!</strong></span> <span class='ocrx_word' id='word_1_355' title='bbox 1987 1787 2100 1842; x_wconf 89' lang='lat' dir='ltr'><strong>lmo</strong></span> <span class='ocrx_word' id='word_1_356' title='bbox 2132 1801 2260 1842; x_wconf 87' lang='lat' dir='ltr'><strong>caro</strong></span> <span class='ocrx_word' id='word_1_357' title='bbox 2292 1786 2470 1841; x_wconf 89' lang='lat' dir='ltr'><strong>divina</strong></span> <span class='ocrx_word' id='word_1_358' title='bbox 2505 1794 2629 1855; x_wconf 91' lang='lat' dir='ltr'><strong>post</strong></span> <span class='ocrx_word' id='word_1_359' title='bbox 2662 1785 3113 1840; x_wconf 88' lang='lat' dir='ltr'><strong>resurrectionem</strong></span> <span class='ocrx_word' id='word_1_360' title='bbox 3153 1794 3357 1838; x_wconf 81' lang='lat' dir='ltr'><strong>mutata</strong></span> 
     </span>
    </p>
   </div>
   <div class='ocr_carea' id='block_1_49' title="bbox 1783 1875 3358 1946">
    <p class='ocr_par' dir='ltr' id='par_1_49' title="bbox 1783 1875 3358 1946">
     <span class='ocr_line' id='line_1_49' title="bbox 1783 1875 3358 1946; baseline -0.004 -10"><span class='ocrx_word' id='word_1_361' title='bbox 1783 1890 1868 1936; x_wconf 91' lang='lat' dir='ltr'><strong>est</strong></span> <span class='ocrx_word' id='word_1_362' title='bbox 1900 1896 1930 1934; x_wconf 89' lang='lat' dir='ltr'><strong>a</strong></span> <span class='ocrx_word' id='word_1_363' title='bbox 1967 1879 2233 1934; x_wconf 84' lang='lat' dir='ltr'><strong>materiali</strong></span> <span class='ocrx_word' id='word_1_364' title='bbox 2281 1879 2333 1932; x_wconf 93' lang='lat' dir='ltr'><strong>in</strong></span> <span class='ocrx_word' id='word_1_365' title='bbox 2369 1875 2808 1943; x_wconf 86' lang='lat' dir='ltr'><strong>immaterialem,</strong></span> <span class='ocrx_word' id='word_1_366' title='bbox 2857 1887 2914 1931; x_wconf 88' lang='lat' dir='ltr'><strong>et</strong></span> <span class='ocrx_word' id='word_1_367' title='bbox 2954 1892 2984 1930; x_wconf 92' lang='lat' dir='ltr'><strong>a</strong></span> <span class='ocrx_word' id='word_1_368' title='bbox 3033 1875 3268 1946; x_wconf 88' lang='lat' dir='ltr'><strong>passibili</strong></span> <span class='ocrx_word' id='word_1_369' title='bbox 3303 1876 3358 1929; x_wconf 88' lang='lat' dir='ltr'><strong>in</strong></span> 
     </span>
    </p>
   </div>
   <div class='ocr_carea' id='block_1_50' title="bbox 1783 1968 3360 2038">
    <p class='ocr_par' dir='ltr' id='par_1_50' title="bbox 1783 1968 3360 2038">
     <span class='ocr_line' id='line_1_50' title="bbox 1783 1968 3360 2038; baseline -0.003 -13"><span class='ocrx_word' id='word_1_370' title='bbox 1783 1970 2209 2038; x_wconf 88' lang='lat' dir='ltr'><strong>impassibilem;</strong></span> <span class='ocrx_word' id='word_1_371' title='bbox 2259 1983 2368 2024; x_wconf 88' lang='lat' dir='ltr'><strong>non</strong></span> <span class='ocrx_word' id='word_1_372' title='bbox 2423 1978 2601 2022; x_wconf 89' lang='lat' dir='ltr'><strong>tamen</strong></span> <span class='ocrx_word' id='word_1_373' title='bbox 2658 1968 3217 2037; x_wconf 86' lang='lat' dir='ltr'><strong>incircumscriptam,</strong></span> <span class='ocrx_word' id='word_1_374' title='bbox 3265 1975 3360 2021; x_wconf 89' lang='lat' dir='ltr'><strong>aut</strong></span> 
     </span>
    </p>
   </div>
   <div class='ocr_carea' id='block_1_51' title="bbox 1782 2057 3361 2131">
    <p class='ocr_par' dir='ltr' id='par_1_51' title="bbox 1782 2057 3361 2131">
     <span class='ocr_line' id='line_1_51' title="bbox 1782 2057 3361 2131; baseline -0.003 -16"><span class='ocrx_word' id='word_1_375' title='bbox 1782 2060 2194 2131; x_wconf 87' lang='lat' dir='ltr'><strong>intangibilem,</strong></span> <span class='ocrx_word' id='word_1_376' title='bbox 2245 2057 2331 2112; x_wconf 88' lang='lat' dir='ltr'><strong>vel</strong></span> <span class='ocrx_word' id='word_1_377' title='bbox 2395 2058 2761 2124; x_wconf 86' lang='lat' dir='ltr'><strong>invisibilem,</strong></span> <span class='ocrx_word' id='word_1_378' title='bbox 2825 2057 3023 2126; x_wconf 84' lang='lat' dir='ltr'><strong>alioqui</strong></span> <span class='ocrx_word' id='word_1_379' title='bbox 3089 2059 3361 2126; x_wconf 88' lang='lat' dir='ltr'><strong>quomodo</strong></span> 
     </span>
    </p>
   </div>
   <div class='ocr_carea' id='block_1_52' title="bbox 1781 2140 3357 2219">
    <p class='ocr_par' dir='ltr' id='par_1_52' title="bbox 1781 2140 3357 2219">
     <span class='ocr_line' id='line_1_52' title="bbox 1781 2140 3357 2219; baseline -0.004 -12"><span class='ocrx_word' id='word_1_380' title='bbox 1781 2153 1930 2207; x_wconf 89' lang='lat' dir='ltr'><strong>visus</strong></span> <span class='ocrx_word' id='word_1_381' title='bbox 1978 2161 2121 2206; x_wconf 90' lang='lat' dir='ltr'><strong>esset</strong></span> <span class='ocrx_word' id='word_1_382' title='bbox 2167 2150 2448 2219; x_wconf 89' lang='lat' dir='ltr'><strong>discipulis</strong></span> <span class='ocrx_word' id='word_1_383' title='bbox 2497 2140 2616 2218; x_wconf 78' lang='lat' dir='ltr'><strong>post</strong></span> <span class='ocrx_word' id='word_1_384' title='bbox 2666 2148 3158 2204; x_wconf 82' lang='lat' dir='ltr'><strong>resurrectionem?</strong></span> <span class='ocrx_word' id='word_1_385' title='bbox 3209 2147 3357 2214; x_wconf 80' lang='lat' dir='ltr'><strong>Quo—</strong></span> 
     </span>
    </p>
   </div>
   <div class='ocr_carea' id='block_1_53' title="bbox 1782 2240 3356 2312">
    <p class='ocr_par' dir='ltr' id='par_1_53' title="bbox 1782 2240 3356 2312">
     <span class='ocr_line' id='line_1_53' title="bbox 1782 2240 3356 2312; baseline -0.004 -11"><span class='ocrx_word' id='word_1_386' title='bbox 1782 2245 1943 2301; x_wconf 89' lang='lat' dir='ltr'><strong>modo</strong></span> <span class='ocrx_word' id='word_1_387' title='bbox 1980 2244 2206 2299; x_wconf 78' lang='lat' dir='ltr'><strong>dixisset</strong></span> <span class='ocrx_word' id='word_1_388' title='bbox 2244 2243 2465 2298; x_wconf 84' lang='lat' dir='ltr'><strong>Thomae</strong></span> <span class='ocrx_word' id='word_1_389' title='bbox 2495 2260 2508 2298; x_wconf 90' lang='lat'><strong>:</strong></span> <span class='ocrx_word' id='word_1_390' title='bbox 2536 2242 2722 2312; x_wconf 80' lang='lat' dir='ltr'><strong>Tange</strong></span> <span class='ocrx_word' id='word_1_391' title='bbox 2761 2255 2848 2296; x_wconf 91' lang='lat' dir='ltr'><strong>me</strong></span> <span class='ocrx_word' id='word_1_392' title='bbox 2886 2240 2972 2295; x_wconf 79' lang='lat' dir='ltr'><strong>&quot;‘l</strong></span> <span class='ocrx_word' id='word_1_393' title='bbox 3000 2241 3165 2295; x_wconf 87' lang='lat' dir='ltr'><strong>Cibus</strong></span> <span class='ocrx_word' id='word_1_394' title='bbox 3205 2255 3356 2305; x_wconf 89' lang='lat' dir='ltr'><strong>vero,</strong></span> 
     </span>
    </p>
   </div>
   <div class='ocr_carea' id='block_1_54' title="bbox 1782 2331 3355 2406">
    <p class='ocr_par' dir='ltr' id='par_1_54' title="bbox 1782 2331 3355 2406">
     <span class='ocr_line' id='line_1_54' title="bbox 1782 2331 3355 2406; baseline -0.003 -19"><span class='ocrx_word' id='word_1_395' title='bbox 1782 2349 1941 2406; x_wconf 88' lang='lat' dir='ltr'><strong>quem</strong></span> <span class='ocrx_word' id='word_1_396' title='bbox 1988 2334 2217 2402; x_wconf 89' lang='lat' dir='ltr'><strong>sumpsit</strong></span> <span class='ocrx_word' id='word_1_397' title='bbox 2262 2348 2446 2387; x_wconf 88' lang='lat' dir='ltr'><strong>coram</strong></span> <span class='ocrx_word' id='word_1_398' title='bbox 2490 2331 2803 2401; x_wconf 88' lang='lat' dir='ltr'><strong>discipulis,</strong></span> <span class='ocrx_word' id='word_1_399' title='bbox 2850 2331 2895 2385; x_wconf 89' lang='lat' dir='ltr'><strong>si</strong></span> <span class='ocrx_word' id='word_1_400' title='bbox 2941 2331 3062 2400; x_wconf 90' lang='lat' dir='ltr'><strong>quis</strong></span> <span class='ocrx_word' id='word_1_401' title='bbox 3110 2343 3355 2399; x_wconf 68' lang='lat' dir='ltr'><strong>quierat,</strong></span> 
     </span>
    </p>
   </div>
   <div class='ocr_carea' id='block_1_55' title="bbox 1781 2423 3361 2497">
    <p class='ocr_par' dir='ltr' id='par_1_55' title="bbox 1781 2423 3361 2497">
     <span class='ocr_line' id='line_1_55' title="bbox 1781 2423 3361 2497; baseline -0.003 -16"><span class='ocrx_word' id='word_1_402' title='bbox 1781 2442 1890 2497; x_wconf 90' lang='lat' dir='ltr'><strong>quo</strong></span> <span class='ocrx_word' id='word_1_403' title='bbox 1937 2428 2167 2490; x_wconf 88' lang='lat' dir='ltr'><strong>abierit,</strong></span> <span class='ocrx_word' id='word_1_404' title='bbox 2217 2426 2636 2495; x_wconf 88' lang='lat' dir='ltr'><strong>respondemus,</strong></span> <span class='ocrx_word' id='word_1_405' title='bbox 2687 2423 2845 2479; x_wconf 90' lang='lat' dir='ltr'><strong>sicuti</strong></span> <span class='ocrx_word' id='word_1_406' title='bbox 2895 2438 3019 2477; x_wconf 89' lang='lat' dir='ltr'><strong>cera</strong></span> <span class='ocrx_word' id='word_1_407' title='bbox 3068 2423 3361 2492; x_wconf 59' lang='lat' dir='ltr'><strong>appropina</strong></span> 
     </span>
    </p>
   </div>
   <div class='ocr_carea' id='block_1_56' title="bbox 1784 2516 3361 2590">
    <p class='ocr_par' dir='ltr' id='par_1_56' title="bbox 1784 2516 3361 2590">
     <span class='ocr_line' id='line_1_56' title="bbox 1784 2516 3361 2590; baseline -0.001 -18"><span class='ocrx_word' id='word_1_408' title='bbox 1784 2535 1955 2590; x_wconf 82' lang='lat' dir='ltr'><strong>quans</strong></span> <span class='ocrx_word' id='word_1_409' title='bbox 1998 2520 2108 2590; x_wconf 80' lang='lat' dir='ltr'><strong>igni</strong></span> <span class='ocrx_word' id='word_1_410' title='bbox 2145 2517 2372 2588; x_wconf 84' lang='lat' dir='ltr'><strong>liquetit,</strong></span> <span class='ocrx_word' id='word_1_411' title='bbox 2418 2526 2474 2570; x_wconf 90' lang='lat' dir='ltr'><strong>et</strong></span> <span class='ocrx_word' id='word_1_412' title='bbox 2519 2517 2717 2572; x_wconf 90' lang='lat' dir='ltr'><strong>desinit</strong></span> <span class='ocrx_word' id='word_1_413' title='bbox 2761 2531 2916 2583; x_wconf 89' lang='lat' dir='ltr'><strong>esse;</strong></span> <span class='ocrx_word' id='word_1_414' title='bbox 2967 2517 3045 2570; x_wconf 91' lang='lat' dir='ltr'><strong>sic</strong></span> <span class='ocrx_word' id='word_1_415' title='bbox 3076 2517 3231 2571; x_wconf 77' lang='lat' dir='ltr'><strong>cilius</strong></span> <span class='ocrx_word' id='word_1_416' title='bbox 3271 2516 3361 2570; x_wconf 85' lang='lat' dir='ltr'><strong>ille</strong></span> 
     </span>
    </p>
   </div>
   <div class='ocr_carea' id='block_1_57' title="bbox 1784 2605 3363 2679">
    <p class='ocr_par' dir='ltr' id='par_1_57' title="bbox 1784 2605 3363 2679">
     <span class='ocr_line' id='line_1_57' title="bbox 1784 2605 3363 2679; baseline -0.003 -14"><span class='ocrx_word' id='word_1_417' title='bbox 1784 2611 2056 2665; x_wconf 86' lang='lat' dir='ltr'><strong>adhibitus</strong></span> <span class='ocrx_word' id='word_1_418' title='bbox 2122 2611 2276 2666; x_wconf 90' lang='lat' dir='ltr'><strong>carni</strong></span> <span class='ocrx_word' id='word_1_419' title='bbox 2344 2609 2738 2678; x_wconf 89' lang='lat' dir='ltr'><strong>incorruptibili</strong></span> <span class='ocrx_word' id='word_1_420' title='bbox 2812 2617 2869 2662; x_wconf 90' lang='lat' dir='ltr'><strong>et</strong></span> <span class='ocrx_word' id='word_1_421' title='bbox 2936 2605 3200 2679; x_wconf 75' lang='grc' dir='ltr'><strong>πυρφόρῳ</strong></span> <span class='ocrx_word' id='word_1_422' title='bbox 3267 2606 3363 2661; x_wconf 90' lang='lat' dir='ltr'><strong>Dei</strong></span> 
     </span>
    </p>
   </div>
   <div class='ocr_carea' id='block_1_58' title="bbox 1782 2700 3364 2757">
    <p class='ocr_par' dir='ltr' id='par_1_58' title="bbox 1782 2700 3364 2757">
     <span class='ocr_line' id='line_1_58' title="bbox 1782 2700 3364 2757; baseline -0.003 0"><span class='ocrx_word' id='word_1_423' title='bbox 1782 2703 2108 2757; x_wconf 88' lang='lat' dir='ltr'><strong>resnscitati.</strong></span> <span class='ocrx_word' id='word_1_424' title='bbox 2155 2703 2284 2756; x_wconf 80' lang='lat' dir='ltr'><strong>Post</strong></span> <span class='ocrx_word' id='word_1_425' title='bbox 2329 2700 2787 2757; x_wconf 88' lang='lat' dir='ltr'><strong>resurrectionem</strong></span> <span class='ocrx_word' id='word_1_426' title='bbox 2837 2713 2966 2753; x_wconf 90' lang='lat' dir='ltr'><strong>vero</strong></span> <span class='ocrx_word' id='word_1_427' title='bbox 3011 2708 3364 2753; x_wconf 81' lang='lat' dir='ltr'><strong>conversatus</strong></span> 
     </span>
    </p>
   </div>
   <div class='ocr_carea' id='block_1_59' title="bbox 1785 2787 3361 2860">
    <p class='ocr_par' dir='ltr' id='par_1_59' title="bbox 1785 2787 3361 2860">
     <span class='ocr_line' id='line_1_59' title="bbox 1785 2787 3361 2860; baseline -0.003 -15"><span class='ocrx_word' id='word_1_428' title='bbox 1785 2792 1959 2860; x_wconf 87' lang='lat' dir='ltr'><strong>spatio</strong></span> <span class='ocrx_word' id='word_1_429' title='bbox 2004 2790 2360 2860; x_wconf 82' lang='lat' dir='ltr'><strong>quadraginta</strong></span> <span class='ocrx_word' id='word_1_430' title='bbox 2402 2790 2611 2843; x_wconf 90' lang='lat' dir='ltr'><strong>dierum</strong></span> <span class='ocrx_word' id='word_1_431' title='bbox 2645 2803 2766 2843; x_wconf 91' lang='lat' dir='ltr'><strong>cum</strong></span> <span class='ocrx_word' id='word_1_432' title='bbox 2808 2787 3106 2857; x_wconf 87' lang='lat' dir='ltr'><strong>discipulis,</strong></span> <span class='ocrx_word' id='word_1_433' title='bbox 3154 2804 3361 2840; x_wconf 79' lang='lat' dir='ltr'><strong>assum-</strong></span> 
     </span>
    </p>
   </div>
   <div class='ocr_carea' id='block_1_60' title="bbox 1782 2878 3361 2950">
    <p class='ocr_par' dir='ltr' id='par_1_60' title="bbox 1782 2878 3361 2950">
     <span class='ocr_line' id='line_1_60' title="bbox 1782 2878 3361 2950; baseline 0 -17"><span class='ocrx_word' id='word_1_434' title='bbox 1782 2890 1902 2950; x_wconf 80' lang='lat' dir='ltr'><strong>plus</strong></span> <span class='ocrx_word' id='word_1_435' title='bbox 1944 2890 2018 2934; x_wconf 80' lang='lat' dir='ltr'><strong>est</strong></span> <span class='ocrx_word' id='word_1_436' title='bbox 2067 2882 2123 2934; x_wconf 81' lang='lat' dir='ltr'><strong>in</strong></span> <span class='ocrx_word' id='word_1_437' title='bbox 2165 2882 2372 2944; x_wconf 74' lang='lat' dir='ltr'><strong>caelum,</strong></span> <span class='ocrx_word' id='word_1_438' title='bbox 2410 2879 2699 2934; x_wconf 76' lang='lat' dir='ltr'><strong>videntibus</strong></span> <span class='ocrx_word' id='word_1_439' title='bbox 2733 2878 2866 2943; x_wconf 79' lang='lat' dir='ltr'><strong>illis,</strong></span> <span class='ocrx_word' id='word_1_440' title='bbox 2916 2886 2976 2932; x_wconf 97' lang='grc' dir='ltr'><strong>ιιι</strong></span> <span class='ocrx_word' id='word_1_441' title='bbox 3015 2878 3361 2948; x_wconf 87' lang='lat' dir='ltr'><strong>Evangelium</strong></span> 
     </span>
    </p>
   </div>
   <div class='ocr_carea' id='block_1_61' title="bbox 1786 2969 3361 3038">
    <p class='ocr_par' dir='ltr' id='par_1_61' title="bbox 1786 2969 3361 3038">
     <span class='ocr_line' id='line_1_61' title="bbox 1786 2969 3361 3038; baseline -0.003 -10"><span class='ocrx_word' id='word_1_442' title='bbox 1786 2983 2028 3038; x_wconf 86' lang='lat' dir='ltr'><strong>testatur,</strong></span> <span class='ocrx_word' id='word_1_443' title='bbox 2060 2984 2106 3026; x_wconf 87' lang='lat' dir='ltr'><strong>et</strong></span> <span class='ocrx_word' id='word_1_444' title='bbox 2140 2973 2272 3027; x_wconf 80' lang='lat' dir='ltr'><strong>sedit</strong></span> <span class='ocrx_word' id='word_1_445' title='bbox 2309 2973 2378 3025; x_wconf 87' lang='lat' dir='ltr'><strong>ad</strong></span> <span class='ocrx_word' id='word_1_446' title='bbox 2409 2973 2676 3026; x_wconf 59' lang='lat' dir='ltr'><strong>desieram</strong></span> <span class='ocrx_word' id='word_1_447' title='bbox 2722 2969 2814 3023; x_wconf 83' lang='lat' dir='ltr'><strong>Dei</strong></span> <span class='ocrx_word' id='word_1_448' title='bbox 2848 2970 2915 3023; x_wconf 82' lang='grc'><strong>⁷⁸.</strong></span> <span class='ocrx_word' id='word_1_449' title='bbox 2946 2969 3146 3024; x_wconf 85' lang='lat' dir='ltr'><strong>Sedere</strong></span> <span class='ocrx_word' id='word_1_450' title='bbox 3180 2981 3361 3024; x_wconf 87' lang='lat' dir='ltr'><strong>autem</strong></span> 
     </span>
    </p>
   </div>
   <div class='ocr_carea' id='block_1_62' title="bbox 130 3061 3357 3169">
    <p class='ocr_par' dir='ltr' id='par_1_62' title="bbox 130 3061 3357 3169">
     <span class='ocr_line' id='line_1_62' title="bbox 130 3061 3357 3169; baseline 0.002 -47"><span class='ocrx_word' id='word_1_451' title='bbox 130 3070 197 3123; x_wconf 75' lang='lat' dir='ltr'><strong>vel</strong></span> <span class='ocrx_word' id='word_1_452' title='bbox 239 3071 410 3138; x_wconf 86' lang='lat' dir='ltr'><strong>Pater,</strong></span> <span class='ocrx_word' id='word_1_453' title='bbox 457 3074 716 3143; x_wconf 86' lang='lat' dir='ltr'><strong>quoniam</strong></span> <span class='ocrx_word' id='word_1_454' title='bbox 761 3075 1067 3142; x_wconf 89' lang='lat' dir='ltr'><strong>pr0prietas</strong></span> <span class='ocrx_word' id='word_1_455' title='bbox 1124 3075 1386 3145; x_wconf 81' lang='lat' dir='ltr'><strong>cujusque</strong></span> <span class='ocrx_word' id='word_1_456' title='bbox 1435 3089 1679 3144; x_wconf 74' lang='lat' dir='ltr'><strong>person-.c</strong></span> <span class='ocrx_word' id='word_1_457' title='bbox 1708 3110 1750 3169; x_wconf 63' lang='grc' dir='ltr'><strong>ρ</strong></span> <span class='ocrx_word' id='word_1_458' title='bbox 1785 3065 1850 3169; x_wconf 43' lang='lat' dir='ltr'><strong>id</strong></span> <span class='ocrx_word' id='word_1_459' title='bbox 1882 3065 2156 3118; x_wconf 67' lang='lat' dir='ltr'><strong>deXleram</strong></span> <span class='ocrx_word' id='word_1_460' title='bbox 2196 3062 2288 3116; x_wconf 69' lang='grc' dir='ltr'><strong>θεῖ</strong></span> <span class='ocrx_word' id='word_1_461' title='bbox 2330 3078 2435 3117; x_wconf 80' lang='grc' dir='ltr'><strong>ηοη</strong></span> <span class='ocrx_word' id='word_1_462' title='bbox 2480 3062 2720 3116; x_wconf 63' lang='lat' dir='ltr'><strong>dedam</strong></span> <span class='ocrx_word' id='word_1_463' title='bbox 2762 3061 2962 3129; x_wconf 57' lang='lat' dir='ltr'><strong>aliiluid</strong></span> <span class='ocrx_word' id='word_1_464' title='bbox 3004 3074 3357 3128; x_wconf 69' lang='lat' dir='ltr'><strong>corporeum;</strong></span> 
     </span>
    </p>
   </div>
   <div class='ocr_carea' id='block_1_63' title="bbox 130 3163 1677 3229">
    <p class='ocr_par' dir='ltr' id='par_1_63' title="bbox 130 3163 1677 3229">
     <span class='ocr_line' id='line_1_63' title="bbox 130 3163 1677 3229; baseline 0.005 -15"><span class='ocrx_word' id='word_1_465' title='bbox 130 3173 324 3229; x_wconf 67' lang='lat' dir='ltr'><strong>sancite,</strong></span> <span class='ocrx_word' id='word_1_466' title='bbox 353 3174 406 3218; x_wconf 89' lang='lat' dir='ltr'><strong>et</strong></span> <span class='ocrx_word' id='word_1_467' title='bbox 434 3165 607 3218; x_wconf 68' lang='lat' dir='ltr'><strong>beatae</strong></span> <span class='ocrx_word' id='word_1_468' title='bbox 648 3163 930 3218; x_wconf 89' lang='lat' dir='ltr'><strong>Trinitatis</strong></span> <span class='ocrx_word' id='word_1_469' title='bbox 974 3165 1195 3219; x_wconf 89' lang='lat' dir='ltr'><strong>immota</strong></span> <span class='ocrx_word' id='word_1_470' title='bbox 1240 3175 1440 3229; x_wconf 88' lang='lat' dir='ltr'><strong>manet,</strong></span> <span class='ocrx_word' id='word_1_471' title='bbox 1472 3176 1528 3220; x_wconf 91' lang='lat' dir='ltr'><strong>et</strong></span> <span class='ocrx_word' id='word_1_472' title='bbox 1560 3181 1677 3221; x_wconf 80' lang='lat' dir='ltr'><strong>ser-</strong></span> 
     </span>
    </p>
   </div>
   <div class='ocr_carea' id='block_1_64' title="bbox 132 3252 1680 3326">
    <p class='ocr_par' dir='ltr' id='par_1_64' title="bbox 132 3252 1680 3326">
     <span class='ocr_line' id='line_1_64' title="bbox 132 3252 1680 3326; baseline 0.006 -24"><span class='ocrx_word' id='word_1_473' title='bbox 132 3260 285 3319; x_wconf 81' lang='lat' dir='ltr'><strong>vatur,</strong></span> <span class='ocrx_word' id='word_1_474' title='bbox 314 3254 365 3307; x_wconf 87' lang='lat' dir='ltr'><strong>id</strong></span> <span class='ocrx_word' id='word_1_475' title='bbox 395 3263 476 3309; x_wconf 87' lang='lat' dir='ltr'><strong>est</strong></span> <span class='ocrx_word' id='word_1_476' title='bbox 496 3293 513 3320; x_wconf 92' lang='lat'><strong>,</strong></span> <span class='ocrx_word' id='word_1_477' title='bbox 548 3253 600 3309; x_wconf 91' lang='lat' dir='ltr'><strong>in</strong></span> <span class='ocrx_word' id='word_1_478' title='bbox 632 3252 793 3309; x_wconf 85' lang='lat' dir='ltr'><strong>Patre</strong></span> <span class='ocrx_word' id='word_1_479' title='bbox 824 3255 1039 3323; x_wconf 88' lang='lat' dir='ltr'><strong>quidem</strong></span> <span class='ocrx_word' id='word_1_480' title='bbox 1074 3257 1377 3326; x_wconf 85' lang='lat' dir='ltr'><strong>proprietas</strong></span> <span class='ocrx_word' id='word_1_481' title='bbox 1418 3256 1643 3326; x_wconf 87' lang='lat' dir='ltr'><strong>ingeniti</strong></span> <span class='ocrx_word' id='word_1_482' title='bbox 1664 3299 1680 3324; x_wconf 93' lang='lat'><strong>,</strong></span> 
     </span>
    </p>
   </div>
   <div class='ocr_carea' id='block_1_65' title="bbox 132 3342 1684 3418">
    <p class='ocr_par' dir='ltr' id='par_1_65' title="bbox 132 3342 1684 3418">
     <span class='ocr_line' id='line_1_65' title="bbox 132 3342 1684 3418; baseline 0.005 -23"><span class='ocrx_word' id='word_1_483' title='bbox 132 3342 174 3396; x_wconf 90' lang='lat' dir='ltr'><strong>in</strong></span> <span class='ocrx_word' id='word_1_484' title='bbox 210 3343 335 3399; x_wconf 83' lang='lat' dir='ltr'><strong>Filio</strong></span> <span class='ocrx_word' id='word_1_485' title='bbox 374 3356 557 3401; x_wconf 86' lang='lat' dir='ltr'><strong>autem</strong></span> <span class='ocrx_word' id='word_1_486' title='bbox 593 3347 896 3417; x_wconf 89' lang='lat' dir='ltr'><strong>proprietas</strong></span> <span class='ocrx_word' id='word_1_487' title='bbox 938 3349 1125 3417; x_wconf 77' lang='lat' dir='ltr'><strong>geniti,</strong></span> <span class='ocrx_word' id='word_1_488' title='bbox 1174 3348 1429 3418; x_wconf 90' lang='lat' dir='ltr'><strong>quoniam</strong></span> <span class='ocrx_word' id='word_1_489' title='bbox 1472 3348 1684 3418; x_wconf 83' lang='lat' dir='ltr'><strong>genitus</strong></span> 
     </span>
    </p>
   </div>
   <div class='ocr_carea' id='block_1_66' title="bbox 131 3435 1687 3507">
    <p class='ocr_par' dir='ltr' id='par_1_66' title="bbox 131 3435 1687 3507">
     <span class='ocr_line' id='line_1_66' title="bbox 131 3435 1687 3507; baseline 0.007 -23"><span class='ocrx_word' id='word_1_490' title='bbox 131 3444 199 3487; x_wconf 90' lang='lat' dir='ltr'><strong>est</strong></span> <span class='ocrx_word' id='word_1_491' title='bbox 223 3450 250 3488; x_wconf 86' lang='lat' dir='ltr'><strong>a</strong></span> <span class='ocrx_word' id='word_1_492' title='bbox 276 3435 433 3492; x_wconf 88' lang='lat' dir='ltr'><strong>Patre</strong></span> <span class='ocrx_word' id='word_1_493' title='bbox 458 3439 579 3493; x_wconf 90' lang='lat' dir='ltr'><strong>sine</strong></span> <span class='ocrx_word' id='word_1_494' title='bbox 610 3448 871 3507; x_wconf 88' lang='lat' dir='ltr'><strong>tempore,</strong></span> <span class='ocrx_word' id='word_1_495' title='bbox 899 3439 1039 3493; x_wconf 90' lang='lat' dir='ltr'><strong>sicut</strong></span> <span class='ocrx_word' id='word_1_496' title='bbox 1072 3438 1252 3493; x_wconf 88' lang='lat' dir='ltr'><strong>lumen</strong></span> <span class='ocrx_word' id='word_1_497' title='bbox 1285 3456 1313 3492; x_wconf 93' lang='lat' dir='ltr'><strong>a</strong></span> <span class='ocrx_word' id='word_1_498' title='bbox 1346 3440 1477 3496; x_wconf 87' lang='lat' dir='ltr'><strong>sole.</strong></span> <span class='ocrx_word' id='word_1_499' title='bbox 1512 3439 1687 3495; x_wconf 89' lang='lat' dir='ltr'><strong>Simul</strong></span> 
     </span>
    </p>
   </div>
   <div class='ocr_carea' id='block_1_67' title="bbox 132 3518 1683 3600">
    <p class='ocr_par' dir='ltr' id='par_1_67' title="bbox 132 3518 1683 3600">
     <span class='ocr_line' id='line_1_67' title="bbox 132 3518 1683 3600; baseline 0.007 -26"><span class='ocrx_word' id='word_1_500' title='bbox 132 3525 251 3579; x_wconf 81' lang='lat' dir='ltr'><strong>enim</strong></span> <span class='ocrx_word' id='word_1_501' title='bbox 293 3526 472 3598; x_wconf 85' lang='lat' dir='ltr'><strong>Pater,</strong></span> <span class='ocrx_word' id='word_1_502' title='bbox 512 3518 674 3582; x_wconf 79' lang='lat' dir='ltr'><strong>simul</strong></span> <span class='ocrx_word' id='word_1_503' title='bbox 718 3526 909 3593; x_wconf 85' lang='lat' dir='ltr'><strong>Filius,</strong></span> <span class='ocrx_word' id='word_1_504' title='bbox 961 3529 1120 3583; x_wconf 89' lang='lat' dir='ltr'><strong>simul</strong></span> <span class='ocrx_word' id='word_1_505' title='bbox 1171 3527 1405 3600; x_wconf 87' lang='lat' dir='ltr'><strong>Spiritus</strong></span> <span class='ocrx_word' id='word_1_506' title='bbox 1442 3540 1683 3595; x_wconf 88' lang='lat' dir='ltr'><strong>sanctus,</strong></span> 
     </span>
    </p>
   </div>
   <div class='ocr_carea' id='block_1_68' title="bbox 133 3617 1688 3691">
    <p class='ocr_par' dir='ltr' id='par_1_68' title="bbox 133 3617 1688 3691">
     <span class='ocr_line' id='line_1_68' title="bbox 133 3617 1688 3691; baseline 0.006 -24"><span class='ocrx_word' id='word_1_507' title='bbox 133 3626 322 3672; x_wconf 87' lang='lat' dir='ltr'><strong>servata</strong></span> <span class='ocrx_word' id='word_1_508' title='bbox 366 3618 592 3674; x_wconf 88' lang='lat' dir='ltr'><strong>immota</strong></span> <span class='ocrx_word' id='word_1_509' title='bbox 624 3617 888 3689; x_wconf 85' lang='lat' dir='ltr'><strong>cujusque</strong></span> <span class='ocrx_word' id='word_1_510' title='bbox 934 3634 1182 3687; x_wconf 65' lang='lat' dir='ltr'><strong>personae</strong></span> <span class='ocrx_word' id='word_1_511' title='bbox 1230 3620 1575 3691; x_wconf 80' lang='lat' dir='ltr'><strong>praprietate.</strong></span> <span class='ocrx_word' id='word_1_512' title='bbox 1609 3623 1688 3677; x_wconf 84' lang='lat' dir='ltr'><strong>Ac</strong></span> 
     </span>
    </p>
   </div>
   <div class='ocr_carea' id='block_1_69' title="bbox 132 3709 1685 3783">
    <p class='ocr_par' dir='ltr' id='par_1_69' title="bbox 132 3709 1685 3783">
     <span class='ocr_line' id='line_1_69' title="bbox 132 3709 1685 3783; baseline 0.004 -23"><span class='ocrx_word' id='word_1_513' title='bbox 132 3709 188 3763; x_wconf 87' lang='lat' dir='ltr'><strong>de</strong></span> <span class='ocrx_word' id='word_1_514' title='bbox 216 3711 384 3766; x_wconf 83' lang='lat' dir='ltr'><strong>divina</strong></span> <span class='ocrx_word' id='word_1_515' title='bbox 430 3713 654 3783; x_wconf 88' lang='lat' dir='ltr'><strong>quidem</strong></span> <span class='ocrx_word' id='word_1_516' title='bbox 714 3721 769 3766; x_wconf 92' lang='lat' dir='ltr'><strong>et</strong></span> <span class='ocrx_word' id='word_1_517' title='bbox 814 3710 1109 3765; x_wconf 85' lang='lat' dir='ltr'><strong>immortali</strong></span> <span class='ocrx_word' id='word_1_518' title='bbox 1147 3722 1336 3764; x_wconf 88' lang='lat' dir='ltr'><strong>natura</strong></span> <span class='ocrx_word' id='word_1_519' title='bbox 1386 3712 1466 3766; x_wconf 90' lang='lat' dir='ltr'><strong>sic</strong></span> <span class='ocrx_word' id='word_1_520' title='bbox 1512 3714 1685 3768; x_wconf 81' lang='lat' dir='ltr'><strong>senti-</strong></span> 
     </span>
    </p>
   </div>
   <div class='ocr_carea' id='block_1_70' title="bbox 136 3798 1686 3869">
    <p class='ocr_par' dir='ltr' id='par_1_70' title="bbox 136 3798 1686 3869">
     <span class='ocr_line' id='line_1_70' title="bbox 136 3798 1686 3869; baseline 0.003 -21"><span class='ocrx_word' id='word_1_521' title='bbox 136 3813 265 3865; x_wconf 88' lang='lat' dir='ltr'><strong>mus;</strong></span> <span class='ocrx_word' id='word_1_522' title='bbox 315 3817 418 3856; x_wconf 93' lang='lat' dir='ltr'><strong>non</strong></span> <span class='ocrx_word' id='word_1_523' title='bbox 463 3801 610 3857; x_wconf 87' lang='lat' dir='ltr'><strong>enim</strong></span> <span class='ocrx_word' id='word_1_524' title='bbox 653 3800 903 3865; x_wconf 88' lang='lat' dir='ltr'><strong>dicimus,</strong></span> <span class='ocrx_word' id='word_1_525' title='bbox 953 3808 1015 3853; x_wconf 87' lang='lat' dir='ltr'><strong>ut</strong></span> <span class='ocrx_word' id='word_1_526' title='bbox 1050 3798 1182 3854; x_wconf 87' lang='lat' dir='ltr'><strong>l&#39;atui</strong></span> <span class='ocrx_word' id='word_1_527' title='bbox 1218 3799 1468 3869; x_wconf 75' lang='lat' dir='ltr'><strong>gentiles,</strong></span> <span class='ocrx_word' id='word_1_528' title='bbox 1518 3800 1686 3855; x_wconf 89' lang='lat' dir='ltr'><strong>solem</strong></span> 
     </span>
    </p>
   </div>
   <div class='ocr_carea' id='block_1_71' title="bbox 134 3889 1689 3961">
    <p class='ocr_par' dir='ltr' id='par_1_71' title="bbox 134 3889 1689 3961">
     <span class='ocr_line' id='line_1_71' title="bbox 134 3889 1689 3961; baseline 0.003 -20"><span class='ocrx_word' id='word_1_529' title='bbox 134 3903 236 3945; x_wconf 86' lang='lat' dir='ltr'><strong>esse</strong></span> <span class='ocrx_word' id='word_1_530' title='bbox 279 3892 477 3960; x_wconf 85' lang='lat' dir='ltr'><strong>Deum,</strong></span> <span class='ocrx_word' id='word_1_531' title='bbox 534 3891 629 3948; x_wconf 91' lang='lat' dir='ltr'><strong>sed</strong></span> <span class='ocrx_word' id='word_1_532' title='bbox 679 3900 933 3961; x_wconf 86' lang='lat' dir='ltr'><strong>tanquam</strong></span> <span class='ocrx_word' id='word_1_533' title='bbox 976 3890 1267 3961; x_wconf 83' lang='lat' dir='ltr'><strong>imaginem</strong></span> <span class='ocrx_word' id='word_1_534' title='bbox 1324 3889 1689 3945; x_wconf 87' lang='lat' dir='ltr'><strong>assimilamns</strong></span> 
     </span>
    </p>
   </div>
   <div class='ocr_carea' id='block_1_72' title="bbox 138 3980 1689 4054">
    <p class='ocr_par' dir='ltr' id='par_1_72' title="bbox 138 3980 1689 4054">
     <span class='ocr_line' id='line_1_72' title="bbox 138 3980 1689 4054; baseline 0.005 -23"><span class='ocrx_word' id='word_1_535' title='bbox 138 3980 578 4054; x_wconf 88' lang='lat' dir='ltr'><strong>incircumscripte</strong></span> <span class='ocrx_word' id='word_1_536' title='bbox 641 3994 697 4039; x_wconf 94' lang='lat' dir='ltr'><strong>et</strong></span> <span class='ocrx_word' id='word_1_537' title='bbox 741 3984 1208 4053; x_wconf 85' lang='lat' dir='ltr'><strong>incomprehense,</strong></span> <span class='ocrx_word' id='word_1_538' title='bbox 1249 3984 1501 4052; x_wconf 91' lang='lat' dir='ltr'><strong>quoniam</strong></span> <span class='ocrx_word' id='word_1_539' title='bbox 1551 3984 1689 4038; x_wconf 83' lang='lat' dir='ltr'><strong>Deus</strong></span> 
     </span>
    </p>
   </div>
   <div class='ocr_carea' id='block_1_73' title="bbox 135 4074 1688 4145">
    <p class='ocr_par' dir='ltr' id='par_1_73' title="bbox 135 4074 1688 4145">
     <span class='ocr_line' id='line_1_73' title="bbox 135 4074 1688 4145; baseline 0.002 -20"><span class='ocrx_word' id='word_1_540' title='bbox 135 4081 206 4126; x_wconf 83' lang='lat' dir='ltr'><strong>est</strong></span> <span class='ocrx_word' id='word_1_541' title='bbox 238 4074 491 4143; x_wconf 80' lang='lat' dir='ltr'><strong>inﬁnitus,</strong></span> <span class='ocrx_word' id='word_1_542' title='bbox 520 4085 575 4131; x_wconf 90' lang='lat' dir='ltr'><strong>et</strong></span> <span class='ocrx_word' id='word_1_543' title='bbox 611 4090 640 4129; x_wconf 90' lang='lat' dir='ltr'><strong>a</strong></span> <span class='ocrx_word' id='word_1_544' title='bbox 668 4076 881 4129; x_wconf 89' lang='lat' dir='ltr'><strong>nemine</strong></span> <span class='ocrx_word' id='word_1_545' title='bbox 913 4082 1089 4145; x_wconf 89' lang='lat' dir='ltr'><strong>potest</strong></span> <span class='ocrx_word' id='word_1_546' title='bbox 1122 4074 1525 4144; x_wconf 87' lang='lat' dir='ltr'><strong>comprehendi.</strong></span> <span class='ocrx_word' id='word_1_547' title='bbox 1554 4074 1688 4128; x_wconf 89' lang='lat' dir='ltr'><strong>illud</strong></span> 
     </span>
    </p>
   </div>
   <div class='ocr_carea' id='block_1_74' title="bbox 137 4167 1690 4238">
    <p class='ocr_par' dir='ltr' id='par_1_74' title="bbox 137 4167 1690 4238">
     <span class='ocr_line' id='line_1_74' title="bbox 137 4167 1690 4238; baseline 0.003 -22"><span class='ocrx_word' id='word_1_548' title='bbox 137 4175 294 4221; x_wconf 84' lang='lat' dir='ltr'><strong>autem</strong></span> <span class='ocrx_word' id='word_1_549' title='bbox 328 4170 524 4223; x_wconf 87' lang='lat' dir='ltr'><strong>dicitur</strong></span> <span class='ocrx_word' id='word_1_550' title='bbox 555 4167 937 4238; x_wconf 89' lang='lat' dir='ltr'><strong>comprehendi</strong></span> <span class='ocrx_word' id='word_1_551' title='bbox 990 4182 1096 4221; x_wconf 91' lang='lat' dir='ltr'><strong>non</strong></span> <span class='ocrx_word' id='word_1_552' title='bbox 1127 4183 1312 4236; x_wconf 90' lang='lat' dir='ltr'><strong>posse,</strong></span> <span class='ocrx_word' id='word_1_553' title='bbox 1346 4168 1488 4238; x_wconf 88' lang='lat' dir='ltr'><strong>quod</strong></span> <span class='ocrx_word' id='word_1_554' title='bbox 1526 4182 1690 4236; x_wconf 81' lang='lat' dir='ltr'><strong>expe-</strong></span> 
     </span>
    </p>
   </div>
   <div class='ocr_carea' id='block_1_75' title="bbox 138 4257 1689 4333">
    <p class='ocr_par' dir='ltr' id='par_1_75' title="bbox 138 4257 1689 4333">
     <span class='ocr_line' id='line_1_75' title="bbox 138 4257 1689 4333; baseline 0.005 -26"><span class='ocrx_word' id='word_1_555' title='bbox 138 4257 306 4313; x_wconf 88' lang='lat' dir='ltr'><strong>rientia</strong></span> <span class='ocrx_word' id='word_1_556' title='bbox 340 4262 666 4333; x_wconf 72' lang='lat' dir='ltr'><strong>cognitionis</strong></span> <span class='ocrx_word' id='word_1_557' title='bbox 701 4276 806 4314; x_wconf 91' lang='lat' dir='ltr'><strong>non</strong></span> <span class='ocrx_word' id='word_1_558' title='bbox 852 4268 1030 4330; x_wconf 86' lang='lat' dir='ltr'><strong>p0test</strong></span> <span class='ocrx_word' id='word_1_559' title='bbox 1075 4260 1302 4329; x_wconf 90' lang='lat' dir='ltr'><strong>percipi.</strong></span> <span class='ocrx_word' id='word_1_560' title='bbox 1348 4270 1406 4314; x_wconf 92' lang='lat' dir='ltr'><strong>ut</strong></span> <span class='ocrx_word' id='word_1_561' title='bbox 1434 4268 1517 4314; x_wconf 86' lang='lat' dir='ltr'><strong>est</strong></span> <span class='ocrx_word' id='word_1_562' title='bbox 1552 4260 1689 4314; x_wconf 47' lang='lat' dir='ltr'><strong>divi.</strong></span> 
     </span>
    </p>
   </div>
   <div class='ocr_carea' id='block_1_76' title="bbox 140 4349 1687 4424">
    <p class='ocr_par' dir='ltr' id='par_1_76' title="bbox 140 4349 1687 4424">
     <span class='ocr_line' id='line_1_76' title="bbox 140 4349 1687 4424; baseline 0.005 -25"><span class='ocrx_word' id='word_1_563' title='bbox 140 4349 260 4405; x_wconf 86' lang='lat' dir='ltr'><strong>nitas</strong></span> <span class='ocrx_word' id='word_1_564' title='bbox 299 4355 531 4424; x_wconf 84' lang='lat' dir='ltr'><strong>proprie,</strong></span> <span class='ocrx_word' id='word_1_565' title='bbox 573 4362 634 4408; x_wconf 91' lang='lat' dir='ltr'><strong>ut</strong></span> <span class='ocrx_word' id='word_1_566' title='bbox 675 4368 741 4408; x_wconf 83' lang='lat' dir='ltr'><strong>ex</strong></span> <span class='ocrx_word' id='word_1_567' title='bbox 788 4354 1037 4408; x_wconf 88' lang='lat' dir='ltr'><strong>universa</strong></span> <span class='ocrx_word' id='word_1_568' title='bbox 1083 4353 1363 4422; x_wconf 88' lang='lat' dir='ltr'><strong>Scriptura</strong></span> <span class='ocrx_word' id='word_1_569' title='bbox 1397 4352 1687 4407; x_wconf 87' lang='lat' dir='ltr'><strong>didicimus</strong></span> 
     </span>
    </p>
   </div>
   <div class='ocr_carea' id='block_1_77' title="bbox 1792 3150 3364 3220">
    <p class='ocr_par' dir='ltr' id='par_1_77' title="bbox 1792 3150 3364 3220">
     <span class='ocr_line' id='line_1_77' title="bbox 1792 3150 3364 3220; baseline 0.003 -16"><span class='ocrx_word' id='word_1_570' title='bbox 1792 3150 1932 3205; x_wconf 88' lang='lat' dir='ltr'><strong>Deus</strong></span> <span class='ocrx_word' id='word_1_571' title='bbox 1978 3152 2120 3204; x_wconf 88' lang='lat' dir='ltr'><strong>enim</strong></span> <span class='ocrx_word' id='word_1_572' title='bbox 2159 3151 2426 3220; x_wconf 88' lang='lat' dir='ltr'><strong>corporis,</strong></span> <span class='ocrx_word' id='word_1_573' title='bbox 2478 3161 2535 3204; x_wconf 86' lang='lat' dir='ltr'><strong>et</strong></span> <span class='ocrx_word' id='word_1_574' title='bbox 2581 3150 2784 3219; x_wconf 77' lang='lat' dir='ltr'><strong>ﬁgurze,</strong></span> <span class='ocrx_word' id='word_1_575' title='bbox 2827 3160 2883 3204; x_wconf 92' lang='lat' dir='ltr'><strong>et</strong></span> <span class='ocrx_word' id='word_1_576' title='bbox 2933 3150 3131 3220; x_wconf 88' lang='lat' dir='ltr'><strong>speciei</strong></span> <span class='ocrx_word' id='word_1_577' title='bbox 3170 3165 3364 3220; x_wconf 81' lang='lat' dir='ltr'><strong>expers</strong></span> 
     </span>
    </p>
   </div>
   <div class='ocr_carea' id='block_1_78' title="bbox 1785 3240 3362 3313">
    <p class='ocr_par' dir='ltr' id='par_1_78' title="bbox 1785 3240 3362 3313">
     <span class='ocr_line' id='line_1_78' title="bbox 1785 3240 3362 3313; baseline -0.003 -15"><span class='ocrx_word' id='word_1_578' title='bbox 1785 3255 1899 3308; x_wconf 87' lang='lat' dir='ltr'><strong>est;</strong></span> <span class='ocrx_word' id='word_1_579' title='bbox 1938 3245 2033 3297; x_wconf 90' lang='lat' dir='ltr'><strong>sed</strong></span> <span class='ocrx_word' id='word_1_580' title='bbox 2070 3244 2248 3312; x_wconf 89' lang='lat' dir='ltr'><strong>potius</strong></span> <span class='ocrx_word' id='word_1_581' title='bbox 2278 3242 2561 3306; x_wconf 91' lang='lat' dir='ltr'><strong>honorem,</strong></span> <span class='ocrx_word' id='word_1_582' title='bbox 2590 3251 2642 3295; x_wconf 91' lang='lat' dir='ltr'><strong>et</strong></span> <span class='ocrx_word' id='word_1_583' title='bbox 2674 3241 2898 3313; x_wconf 89' lang='lat' dir='ltr'><strong>gloriam</strong></span> <span class='ocrx_word' id='word_1_584' title='bbox 2925 3241 2974 3295; x_wconf 91' lang='lat' dir='ltr'><strong>in</strong></span> <span class='ocrx_word' id='word_1_585' title='bbox 3008 3240 3164 3296; x_wconf 69' lang='lat' dir='ltr'><strong>caelis</strong></span> <span class='ocrx_word' id='word_1_586' title='bbox 3194 3242 3362 3311; x_wconf 82' lang='lat' dir='ltr'><strong>signi-</strong></span> 
     </span>
    </p>
   </div>
   <div class='ocr_carea' id='block_1_79' title="bbox 1785 3332 3366 3402">
    <p class='ocr_par' dir='ltr' id='par_1_79' title="bbox 1785 3332 3366 3402">
     <span class='ocr_line' id='line_1_79' title="bbox 1785 3332 3366 3402; baseline -0.001 -13"><span class='ocrx_word' id='word_1_587' title='bbox 1785 3334 1948 3402; x_wconf 83' lang='lat' dir='ltr'><strong>ﬁcat;</strong></span> <span class='ocrx_word' id='word_1_588' title='bbox 1980 3333 2123 3389; x_wconf 91' lang='lat' dir='ltr'><strong>hanc</strong></span> <span class='ocrx_word' id='word_1_589' title='bbox 2148 3334 2295 3389; x_wconf 92' lang='lat' dir='ltr'><strong>enim</strong></span> <span class='ocrx_word' id='word_1_590' title='bbox 2334 3333 2523 3387; x_wconf 90' lang='lat' dir='ltr'><strong>habuit</strong></span> <span class='ocrx_word' id='word_1_591' title='bbox 2550 3341 2860 3400; x_wconf 88' lang='lat' dir='ltr'><strong>assumptus</strong></span> <span class='ocrx_word' id='word_1_592' title='bbox 2896 3332 2949 3386; x_wconf 91' lang='lat' dir='ltr'><strong>in</strong></span> <span class='ocrx_word' id='word_1_593' title='bbox 2978 3332 3171 3387; x_wconf 71' lang='lat' dir='ltr'><strong>cmlum</strong></span> <span class='ocrx_word' id='word_1_594' title='bbox 3206 3333 3366 3388; x_wconf 91' lang='lat' dir='ltr'><strong>homo</strong></span> 
     </span>
    </p>
   </div>
   <div class='ocr_carea' id='block_1_80' title="bbox 1784 3423 3365 3494">
    <p class='ocr_par' dir='ltr' id='par_1_80' title="bbox 1784 3423 3365 3494">
     <span class='ocr_line' id='line_1_80' title="bbox 1784 3423 3365 3494; baseline -0.002 -12"><span class='ocrx_word' id='word_1_595' title='bbox 1784 3427 1902 3492; x_wconf 81' lang='lat' dir='ltr'><strong>Dei,</strong></span> <span class='ocrx_word' id='word_1_596' title='bbox 1950 3427 2001 3482; x_wconf 92' lang='lat' dir='ltr'><strong>id</strong></span> <span class='ocrx_word' id='word_1_597' title='bbox 2045 3436 2149 3489; x_wconf 90' lang='lat' dir='ltr'><strong>est,</strong></span> <span class='ocrx_word' id='word_1_598' title='bbox 2191 3441 2318 3481; x_wconf 89' lang='lat' dir='ltr'><strong>caro</strong></span> <span class='ocrx_word' id='word_1_599' title='bbox 2359 3435 2573 3494; x_wconf 91' lang='lat' dir='ltr'><strong>sumpta</strong></span> <span class='ocrx_word' id='word_1_600' title='bbox 2618 3442 2632 3478; x_wconf 90' lang='lat'><strong>:</strong></span> <span class='ocrx_word' id='word_1_601' title='bbox 2673 3424 2783 3479; x_wconf 89' lang='lat' dir='ltr'><strong>illic</strong></span> <span class='ocrx_word' id='word_1_602' title='bbox 2827 3423 2972 3478; x_wconf 91' lang='lat' dir='ltr'><strong>enim</strong></span> <span class='ocrx_word' id='word_1_603' title='bbox 3018 3435 3203 3480; x_wconf 86' lang='lat' dir='ltr'><strong>sancta</strong></span> <span class='ocrx_word' id='word_1_604' title='bbox 3247 3425 3365 3493; x_wconf 86' lang='lat' dir='ltr'><strong>ejus</strong></span> 
     </span>
    </p>
   </div>
   <div class='ocr_carea' id='block_1_81' title="bbox 1787 3515 3368 3582">
    <p class='ocr_par' dir='ltr' id='par_1_81' title="bbox 1787 3515 3368 3582">
     <span class='ocr_line' id='line_1_81' title="bbox 1787 3515 3368 3582; baseline -0.002 -12"><span class='ocrx_word' id='word_1_605' title='bbox 1787 3518 1967 3571; x_wconf 89' lang='lat' dir='ltr'><strong>anima</strong></span> <span class='ocrx_word' id='word_1_606' title='bbox 2000 3515 2432 3570; x_wconf 83' lang='lat' dir='ltr'><strong>conversationis</strong></span> <span class='ocrx_word' id='word_1_607' title='bbox 2465 3530 2577 3569; x_wconf 80' lang='lat' dir='ltr'><strong>sua:</strong></span> <span class='ocrx_word' id='word_1_608' title='bbox 2612 3515 2666 3568; x_wconf 92' lang='lat' dir='ltr'><strong>in</strong></span> <span class='ocrx_word' id='word_1_609' title='bbox 2711 3526 2853 3568; x_wconf 87' lang='lat' dir='ltr'><strong>terra</strong></span> <span class='ocrx_word' id='word_1_610' title='bbox 2888 3516 3227 3582; x_wconf 89' lang='lat' dir='ltr'><strong>recordatur,</strong></span> <span class='ocrx_word' id='word_1_611' title='bbox 3257 3525 3368 3568; x_wconf 85' lang='lat' dir='ltr'><strong>est-</strong></span> 
     </span>
    </p>
   </div>
   <div class='ocr_carea' id='block_1_82' title="bbox 1786 3605 3369 3680">
    <p class='ocr_par' dir='ltr' id='par_1_82' title="bbox 1786 3605 3369 3680">
     <span class='ocr_line' id='line_1_82' title="bbox 1786 3605 3369 3680; baseline 0.001 -20"><span class='ocrx_word' id='word_1_612' title='bbox 1786 3624 1890 3680; x_wconf 90' lang='lat' dir='ltr'><strong>que</strong></span> <span class='ocrx_word' id='word_1_613' title='bbox 1917 3608 2215 3673; x_wconf 89' lang='lat' dir='ltr'><strong>rationalis,</strong></span> <span class='ocrx_word' id='word_1_614' title='bbox 2242 3619 2297 3661; x_wconf 89' lang='lat' dir='ltr'><strong>et</strong></span> <span class='ocrx_word' id='word_1_615' title='bbox 2323 3606 2649 3676; x_wconf 87' lang='lat' dir='ltr'><strong>intelligens.</strong></span> <span class='ocrx_word' id='word_1_616' title='bbox 2679 3605 2867 3660; x_wconf 89' lang='lat' dir='ltr'><strong>insunt</strong></span> <span class='ocrx_word' id='word_1_617' title='bbox 2893 3619 3152 3676; x_wconf 65' lang='lat' dir='ltr'><strong>praeterea</strong></span> <span class='ocrx_word' id='word_1_618' title='bbox 3179 3615 3369 3661; x_wconf 85' lang='lat' dir='ltr'><strong>sancto</strong></span> 
     </span>
    </p>
   </div>
   <div class='ocr_carea' id='block_1_83' title="bbox 1787 3697 3368 3770">
    <p class='ocr_par' dir='ltr' id='par_1_83' title="bbox 1787 3697 3368 3770">
     <span class='ocr_line' id='line_1_83' title="bbox 1787 3697 3368 3770; baseline -0.004 -12"><span class='ocrx_word' id='word_1_619' title='bbox 1787 3704 1998 3770; x_wconf 89' lang='lat' dir='ltr'><strong>corpori</strong></span> <span class='ocrx_word' id='word_1_620' title='bbox 2037 3700 2154 3769; x_wconf 89' lang='lat' dir='ltr'><strong>ejus</strong></span> <span class='ocrx_word' id='word_1_621' title='bbox 2193 3717 2304 3756; x_wconf 73' lang='lat' dir='ltr'><strong>sua:</strong></span> <span class='ocrx_word' id='word_1_622' title='bbox 2345 3700 2706 3770; x_wconf 87' lang='lat' dir='ltr'><strong>proprietates</strong></span> <span class='ocrx_word' id='word_1_623' title='bbox 2746 3698 3046 3760; x_wconf 87' lang='lat' dir='ltr'><strong>naturales,</strong></span> <span class='ocrx_word' id='word_1_624' title='bbox 3078 3707 3136 3752; x_wconf 90' lang='lat' dir='ltr'><strong>ut</strong></span> <span class='ocrx_word' id='word_1_625' title='bbox 3175 3697 3368 3768; x_wconf 74' lang='lat' dir='ltr'><strong>triplex</strong></span> 
     </span>
    </p>
   </div>
   <div class='ocr_carea' id='block_1_84' title="bbox 1787 3789 3383 3864">
    <p class='ocr_par' dir='ltr' id='par_1_84' title="bbox 1787 3789 3383 3864">
     <span class='ocr_line' id='line_1_84' title="bbox 1787 3789 3383 3864; baseline -0.003 -16"><span class='ocrx_word' id='word_1_626' title='bbox 1787 3794 2053 3849; x_wconf 88' lang='lat' dir='ltr'><strong>dimensio</strong></span> <span class='ocrx_word' id='word_1_627' title='bbox 2083 3792 2458 3864; x_wconf 85' lang='lat' dir='ltr'><strong>longitudinis,</strong></span> <span class='ocrx_word' id='word_1_628' title='bbox 2490 3790 2815 3853; x_wconf 89' lang='lat' dir='ltr'><strong>latitudinis,</strong></span> <span class='ocrx_word' id='word_1_629' title='bbox 2853 3799 2908 3844; x_wconf 89' lang='lat' dir='ltr'><strong>et</strong></span> <span class='ocrx_word' id='word_1_630' title='bbox 2940 3789 3321 3859; x_wconf 79' lang='lat' dir='ltr'><strong>profunditatis</strong></span> <span class='ocrx_word' id='word_1_631' title='bbox 3349 3807 3383 3859; x_wconf 21' lang='lat'><strong>;,</strong></span> 
     </span>
    </p>
   </div>
   <div class='ocr_carea' id='block_1_85' title="bbox 1788 3881 3370 3956">
    <p class='ocr_par' dir='ltr' id='par_1_85' title="bbox 1788 3881 3370 3956">
     <span class='ocr_line' id='line_1_85' title="bbox 1788 3881 3370 3956; baseline -0.003 -16"><span class='ocrx_word' id='word_1_632' title='bbox 1788 3886 1914 3940; x_wconf 91' lang='lat' dir='ltr'><strong>item</strong></span> <span class='ocrx_word' id='word_1_633' title='bbox 1963 3884 2193 3956; x_wconf 88' lang='lat' dir='ltr'><strong>species,</strong></span> <span class='ocrx_word' id='word_1_634' title='bbox 2229 3883 2483 3952; x_wconf 84' lang='lat' dir='ltr'><strong>qualitas,</strong></span> <span class='ocrx_word' id='word_1_635' title='bbox 2517 3892 2572 3938; x_wconf 91' lang='lat' dir='ltr'><strong>et</strong></span> <span class='ocrx_word' id='word_1_636' title='bbox 2611 3881 2911 3951; x_wconf 88' lang='lat' dir='ltr'><strong>quantitas,</strong></span> <span class='ocrx_word' id='word_1_637' title='bbox 2957 3890 3013 3935; x_wconf 93' lang='lat' dir='ltr'><strong>et</strong></span> <span class='ocrx_word' id='word_1_638' title='bbox 3043 3882 3148 3934; x_wconf 86' lang='lat' dir='ltr'><strong>alia</strong></span> <span class='ocrx_word' id='word_1_639' title='bbox 3180 3881 3370 3950; x_wconf 87' lang='lat' dir='ltr'><strong>hujus-</strong></span> 
     </span>
    </p>
   </div>
   <div class='ocr_carea' id='block_1_86' title="bbox 1788 3972 3368 4043">
    <p class='ocr_par' dir='ltr' id='par_1_86' title="bbox 1788 3972 3368 4043">
     <span class='ocr_line' id='line_1_86' title="bbox 1788 3972 3368 4043; baseline -0.003 -13"><span class='ocrx_word' id='word_1_640' title='bbox 1788 3977 1965 4043; x_wconf 90' lang='lat' dir='ltr'><strong>modi;</strong></span> <span class='ocrx_word' id='word_1_641' title='bbox 2017 3991 2122 4029; x_wconf 91' lang='lat' dir='ltr'><strong>non</strong></span> <span class='ocrx_word' id='word_1_642' title='bbox 2160 3976 2307 4030; x_wconf 90' lang='lat' dir='ltr'><strong>enim</strong></span> <span class='ocrx_word' id='word_1_643' title='bbox 2362 3974 2544 4028; x_wconf 89' lang='lat' dir='ltr'><strong>amisit</strong></span> <span class='ocrx_word' id='word_1_644' title='bbox 2574 3973 2692 4027; x_wconf 68' lang='lat' dir='ltr'><strong>haec</strong></span> <span class='ocrx_word' id='word_1_645' title='bbox 2740 3981 3054 4041; x_wconf 87' lang='lat' dir='ltr'><strong>assumptus</strong></span> <span class='ocrx_word' id='word_1_646' title='bbox 3096 3972 3368 4027; x_wconf 82' lang='lat' dir='ltr'><strong>Christus.</strong></span> 
     </span>
    </p>
   </div>
   <div class='ocr_carea' id='block_1_87' title="bbox 1789 4061 3368 4137">
    <p class='ocr_par' dir='ltr' id='par_1_87' title="bbox 1789 4061 3368 4137">
     <span class='ocr_line' id='line_1_87' title="bbox 1789 4061 3368 4137; baseline -0.006 -14"><span class='ocrx_word' id='word_1_647' title='bbox 1789 4068 1906 4123; x_wconf 81' lang='lat' dir='ltr'><strong>Non</strong></span> <span class='ocrx_word' id='word_1_648' title='bbox 1954 4083 2082 4137; x_wconf 89' lang='lat' dir='ltr'><strong>ergo</strong></span> <span class='ocrx_word' id='word_1_649' title='bbox 2128 4067 2303 4121; x_wconf 90' lang='lat' dir='ltr'><strong>locum</strong></span> <span class='ocrx_word' id='word_1_650' title='bbox 2351 4067 2515 4120; x_wconf 86' lang='lat' dir='ltr'><strong>habet</strong></span> <span class='ocrx_word' id='word_1_651' title='bbox 2562 4064 2650 4119; x_wconf 91' lang='lat' dir='ltr'><strong>hic</strong></span> <span class='ocrx_word' id='word_1_652' title='bbox 2690 4061 2870 4119; x_wconf 81' lang='lat' dir='ltr'><strong>fabula</strong></span> <span class='ocrx_word' id='word_1_653' title='bbox 2919 4063 3368 4128; x_wconf 72' lang='lat' dir='ltr'><strong>Manichaeorum,</strong></span> 
     </span>
    </p>
   </div>
   <div class='ocr_carea' id='block_1_88' title="bbox 1789 4152 3372 4228">
    <p class='ocr_par' dir='ltr' id='par_1_88' title="bbox 1789 4152 3372 4228">
     <span class='ocr_line' id='line_1_88' title="bbox 1789 4152 3372 4228; baseline -0.001 -19"><span class='ocrx_word' id='word_1_654' title='bbox 1789 4161 1880 4228; x_wconf 90' lang='lat' dir='ltr'><strong>qui</strong></span> <span class='ocrx_word' id='word_1_655' title='bbox 1922 4159 2095 4220; x_wconf 89' lang='lat' dir='ltr'><strong>aiunt,</strong></span> <span class='ocrx_word' id='word_1_656' title='bbox 2132 4157 2275 4227; x_wconf 91' lang='lat' dir='ltr'><strong>quod</strong></span> <span class='ocrx_word' id='word_1_657' title='bbox 2315 4164 2632 4224; x_wconf 91' lang='lat' dir='ltr'><strong>assumptus</strong></span> <span class='ocrx_word' id='word_1_658' title='bbox 2666 4152 2919 4209; x_wconf 86' lang='lat' dir='ltr'><strong>Christus</strong></span> <span class='ocrx_word' id='word_1_659' title='bbox 2956 4155 3007 4207; x_wconf 92' lang='lat' dir='ltr'><strong>in</strong></span> <span class='ocrx_word' id='word_1_660' title='bbox 3046 4155 3158 4208; x_wconf 87' lang='lat' dir='ltr'><strong>sole</strong></span> <span class='ocrx_word' id='word_1_661' title='bbox 3194 4154 3372 4224; x_wconf 91' lang='lat' dir='ltr'><strong>posuit</strong></span> 
     </span>
    </p>
   </div>
   <div class='ocr_carea' id='block_1_89' title="bbox 1790 4242 3369 4318">
    <p class='ocr_par' dir='ltr' id='par_1_89' title="bbox 1790 4242 3369 4318">
     <span class='ocr_line' id='line_1_89' title="bbox 1790 4242 3369 4318; baseline -0.009 -7"><span class='ocrx_word' id='word_1_662' title='bbox 1790 4269 1947 4311; x_wconf 85' lang='lat' dir='ltr'><strong>suum</strong></span> <span class='ocrx_word' id='word_1_663' title='bbox 1986 4263 2206 4318; x_wconf 88' lang='lat' dir='ltr'><strong>corpus,</strong></span> <span class='ocrx_word' id='word_1_664' title='bbox 2243 4255 2298 4302; x_wconf 88' lang='lat' dir='ltr'><strong>et</strong></span> <span class='ocrx_word' id='word_1_665' title='bbox 2341 4246 2481 4299; x_wconf 89' lang='lat' dir='ltr'><strong>Deus</strong></span> <span class='ocrx_word' id='word_1_666' title='bbox 2530 4245 2706 4298; x_wconf 88' lang='lat' dir='ltr'><strong>nudus</strong></span> <span class='ocrx_word' id='word_1_667' title='bbox 2747 4245 2992 4298; x_wconf 88' lang='lat' dir='ltr'><strong>ascendit</strong></span> <span class='ocrx_word' id='word_1_668' title='bbox 3036 4259 3051 4298; x_wconf 87' lang='lat'><strong>:</strong></span> <span class='ocrx_word' id='word_1_669' title='bbox 3094 4242 3147 4296; x_wconf 94' lang='lat' dir='ltr'><strong>id</strong></span> <span class='ocrx_word' id='word_1_670' title='bbox 3192 4253 3369 4297; x_wconf 88' lang='lat' dir='ltr'><strong>autem</strong></span> 
     </span>
    </p>
   </div>
   <div class='ocr_carea' id='block_1_90' title="bbox 1802 4331 3374 4411">
    <p class='ocr_par' dir='ltr' id='par_1_90' title="bbox 1802 4331 3374 4411">
     <span class='ocr_line' id='line_1_90' title="bbox 1802 4331 3374 4411; baseline -0.011 -8"><span class='ocrx_word' id='word_1_671' title='bbox 1802 4347 1967 4403; x_wconf 77' lang='lat' dir='ltr'><strong>Stulte</strong></span> <span class='ocrx_word' id='word_1_672' title='bbox 2006 4340 2235 4411; x_wconf 86' lang='lat' dir='ltr'><strong>probant</strong></span> <span class='ocrx_word' id='word_1_673' title='bbox 2267 4336 2587 4391; x_wconf 89' lang='lat' dir='ltr'><strong>auctoritate</strong></span> <span class='ocrx_word' id='word_1_674' title='bbox 2634 4334 2800 4389; x_wconf 87' lang='lat' dir='ltr'><strong>David</strong></span> <span class='ocrx_word' id='word_1_675' title='bbox 2845 4334 3073 4389; x_wconf 84' lang='lat' dir='ltr'><strong>dicentis</strong></span> <span class='ocrx_word' id='word_1_676' title='bbox 3111 4351 3126 4387; x_wconf 90' lang='lat'><strong>:</strong></span> <span class='ocrx_word' id='word_1_677' title='bbox 3163 4331 3231 4386; x_wconf 83' lang='lat' dir='ltr'><strong>In</strong></span> <span class='ocrx_word' id='word_1_678' title='bbox 3267 4333 3374 4386; x_wconf 78' lang='lat' dir='ltr'><strong>sole</strong></span> 
     </span>
    </p>
   </div>
   <div class='ocr_carea' id='block_1_91' title="bbox 140 4424 3373 4511">
    <p class='ocr_par' dir='ltr' id='par_1_91' title="bbox 140 4424 3373 4511">
     <span class='ocr_line' id='line_1_91' title="bbox 140 4424 3373 4511; baseline -0.005 -21"><span class='ocrx_word' id='word_1_679' title='bbox 140 4448 234 4495; x_wconf 90' lang='lat' dir='ltr'><strong>tum</strong></span> <span class='ocrx_word' id='word_1_680' title='bbox 263 4455 456 4509; x_wconf 82' lang='lat' dir='ltr'><strong>vetere.</strong></span> <span class='ocrx_word' id='word_1_681' title='bbox 493 4456 603 4500; x_wconf 89' lang='lat' dir='ltr'><strong>tum</strong></span> <span class='ocrx_word' id='word_1_682' title='bbox 636 4460 773 4499; x_wconf 88' lang='lat' dir='ltr'><strong>nova</strong></span> <span class='ocrx_word' id='word_1_683' title='bbox 810 4461 824 4498; x_wconf 93' lang='lat'><strong>:</strong></span> <span class='ocrx_word' id='word_1_684' title='bbox 867 4443 1046 4498; x_wconf 90' lang='lat' dir='ltr'><strong>nullus</strong></span> <span class='ocrx_word' id='word_1_685' title='bbox 1083 4443 1227 4497; x_wconf 89' lang='lat' dir='ltr'><strong>enim</strong></span> <span class='ocrx_word' id='word_1_686' title='bbox 1264 4459 1293 4495; x_wconf 87' lang='lat' dir='ltr'><strong>a</strong></span> <span class='ocrx_word' id='word_1_687' title='bbox 1327 4442 1523 4497; x_wconf 70' lang='lat' dir='ltr'><strong>smculo</strong></span> <span class='ocrx_word' id='word_1_688' title='bbox 1559 4457 1687 4496; x_wconf 81' lang='lat' dir='ltr'><strong>san-</strong></span> <span class='ocrx_word' id='word_1_689' title='bbox 1718 4440 1761 4494; x_wconf 92' lang='lat' dir='ltr'><strong>D</strong></span> <span class='ocrx_word' id='word_1_690' title='bbox 1788 4437 1964 4511; x_wconf 78' lang='lat' dir='ltr'><strong>posuit</strong></span> <span class='ocrx_word' id='word_1_691' title='bbox 2011 4427 2406 4487; x_wconf 83' lang='lat' dir='ltr'><strong>tabernaculum</strong></span> <span class='ocrx_word' id='word_1_692' title='bbox 2454 4442 2610 4480; x_wconf 71' lang='lat' dir='ltr'><strong>suum</strong></span> <span class='ocrx_word' id='word_1_693' title='bbox 2644 4424 2721 4480; x_wconf 74' lang='lat'><strong>‘°.</strong></span> <span class='ocrx_word' id='word_1_694' title='bbox 2766 4424 2973 4491; x_wconf 81' lang='lat' dir='ltr'><strong>Quibus</strong></span> <span class='ocrx_word' id='word_1_695' title='bbox 3012 4436 3109 4478; x_wconf 89' lang='lat' dir='ltr'><strong>nos</strong></span> <span class='ocrx_word' id='word_1_696' title='bbox 3153 4436 3373 4490; x_wconf 86' lang='lat' dir='ltr'><strong>respon-</strong></span> 
     </span>
    </p>
   </div>
   <div class='ocr_carea' id='block_1_92' title="bbox 138 4534 1685 4608">
    <p class='ocr_par' dir='ltr' id='par_1_92' title="bbox 138 4534 1685 4608">
     <span class='ocr_line' id='line_1_92' title="bbox 138 4534 1685 4608; baseline 0.001 -22"><span class='ocrx_word' id='word_1_697' title='bbox 138 4543 324 4590; x_wconf 90' lang='lat' dir='ltr'><strong>cturum</strong></span> <span class='ocrx_word' id='word_1_698' title='bbox 370 4539 547 4608; x_wconf 91' lang='lat' dir='ltr'><strong>potuit</strong></span> <span class='ocrx_word' id='word_1_699' title='bbox 598 4538 814 4599; x_wconf 90' lang='lat' dir='ltr'><strong>dicere,</strong></span> <span class='ocrx_word' id='word_1_700' title='bbox 867 4551 987 4605; x_wconf 69' lang='lat' dir='ltr'><strong>qua:</strong></span> <span class='ocrx_word' id='word_1_701' title='bbox 1037 4535 1338 4590; x_wconf 86' lang='lat' dir='ltr'><strong>substantia</strong></span> <span class='ocrx_word' id='word_1_702' title='bbox 1387 4535 1457 4588; x_wconf 87' lang='lat' dir='ltr'><strong>sit</strong></span> <span class='ocrx_word' id='word_1_703' title='bbox 1505 4534 1685 4599; x_wconf 91' lang='lat' dir='ltr'><strong>Deus;</strong></span> 
     </span>
    </p>
   </div>
   <div class='ocr_carea' id='block_1_93' title="bbox 141 4625 1684 4695">
    <p class='ocr_par' dir='ltr' id='par_1_93' title="bbox 141 4625 1684 4695">
     <span class='ocr_line' id='line_1_93' title="bbox 141 4625 1684 4695; baseline 0.003 -21"><span class='ocrx_word' id='word_1_704' title='bbox 141 4629 330 4682; x_wconf 84' lang='lat' dir='ltr'><strong>tametsi</strong></span> <span class='ocrx_word' id='word_1_705' title='bbox 372 4630 593 4684; x_wconf 86' lang='lat' dir='ltr'><strong>insanus</strong></span> <span class='ocrx_word' id='word_1_706' title='bbox 632 4627 933 4681; x_wconf 79' lang='lat' dir='ltr'><strong>Eutoltnius</strong></span> <span class='ocrx_word' id='word_1_707' title='bbox 976 4626 1080 4680; x_wconf 89' lang='lat' dir='ltr'><strong>hoc</strong></span> <span class='ocrx_word' id='word_1_708' title='bbox 1122 4638 1287 4679; x_wconf 91' lang='lat' dir='ltr'><strong>ausus</strong></span> <span class='ocrx_word' id='word_1_709' title='bbox 1334 4633 1417 4679; x_wconf 88' lang='lat' dir='ltr'><strong>est</strong></span> <span class='ocrx_word' id='word_1_710' title='bbox 1460 4625 1684 4695; x_wconf 83' lang='lat' dir='ltr'><strong>nugari,</strong></span> 
     </span>
    </p>
   </div>
   <div class='ocr_carea' id='block_1_94' title="bbox 140 4717 1687 4788">
    <p class='ocr_par' dir='ltr' id='par_1_94' title="bbox 140 4717 1687 4788">
     <span class='ocr_line' id='line_1_94' title="bbox 140 4717 1687 4788; baseline 0.004 -22"><span class='ocrx_word' id='word_1_711' title='bbox 140 4719 217 4784; x_wconf 89' lang='lat' dir='ltr'><strong>qui</strong></span> <span class='ocrx_word' id='word_1_712' title='bbox 244 4735 339 4775; x_wconf 92' lang='lat' dir='ltr'><strong>non</strong></span> <span class='ocrx_word' id='word_1_713' title='bbox 366 4722 538 4777; x_wconf 90' lang='lat' dir='ltr'><strong>solum</strong></span> <span class='ocrx_word' id='word_1_714' title='bbox 565 4736 594 4774; x_wconf 95' lang='lat' dir='ltr'><strong>a</strong></span> <span class='ocrx_word' id='word_1_715' title='bbox 621 4719 827 4774; x_wconf 84' lang='lat' dir='ltr'><strong>sanctis</strong></span> <span class='ocrx_word' id='word_1_716' title='bbox 858 4719 1170 4773; x_wconf 89' lang='lat' dir='ltr'><strong>doctoribus</strong></span> <span class='ocrx_word' id='word_1_717' title='bbox 1198 4717 1559 4788; x_wconf 82' lang='lat' dir='ltr'><strong>redarguitur,</strong></span> <span class='ocrx_word' id='word_1_718' title='bbox 1589 4717 1687 4772; x_wconf 89' lang='lat' dir='ltr'><strong>sed</strong></span> 
     </span>
    </p>
   </div>
   <div class='ocr_carea' id='block_1_95' title="bbox 144 4810 1078 4880">
    <p class='ocr_par' dir='ltr' id='par_1_95' title="bbox 144 4810 1078 4880">
     <span class='ocr_line' id='line_1_95' title="bbox 144 4810 1078 4880; baseline 0.006 -20"><span class='ocrx_word' id='word_1_719' title='bbox 144 4813 199 4862; x_wconf 83' lang='lat' dir='ltr'><strong>ab</strong></span> <span class='ocrx_word' id='word_1_720' title='bbox 227 4810 329 4880; x_wconf 83' lang='lat' dir='ltr'><strong>ipsa</strong></span> <span class='ocrx_word' id='word_1_721' title='bbox 361 4823 551 4867; x_wconf 89' lang='lat' dir='ltr'><strong>natura</strong></span> <span class='ocrx_word' id='word_1_722' title='bbox 580 4821 637 4867; x_wconf 94' lang='lat' dir='ltr'><strong>et</strong></span> <span class='ocrx_word' id='word_1_723' title='bbox 667 4810 1078 4880; x_wconf 81' lang='lat' dir='ltr'><strong>consequentia.</strong></span> 
     </span>
    </p>
   </div>
   <div class='ocr_carea' id='block_1_96' title="bbox 205 4899 1691 4958">
    <p class='ocr_par' dir='ltr' id='par_1_96' title="bbox 205 4899 1691 4958">
     <span class='ocr_line' id='line_1_96' title="bbox 205 4899 1691 4958; baseline -0.001 -4"><span class='ocrx_word' id='word_1_724' title='bbox 205 4900 271 4955; x_wconf 86' lang='lat' dir='ltr'><strong>De</strong></span> <span class='ocrx_word' id='word_1_725' title='bbox 309 4901 678 4958; x_wconf 88' lang='lat' dir='ltr'><strong>lncarnatione</strong></span> <span class='ocrx_word' id='word_1_726' title='bbox 721 4917 851 4956; x_wconf 89' lang='lat' dir='ltr'><strong>vero</strong></span> <span class='ocrx_word' id='word_1_727' title='bbox 898 4901 1220 4956; x_wconf 81' lang='lat' dir='ltr'><strong>conﬁtemur</strong></span> <span class='ocrx_word' id='word_1_728' title='bbox 1269 4899 1550 4955; x_wconf 87' lang='lat' dir='ltr'><strong>Dominum</strong></span> <span class='ocrx_word' id='word_1_729' title='bbox 1590 4913 1691 4954; x_wconf 89' lang='lat' dir='ltr'><strong>no-</strong></span> 
     </span>
    </p>
   </div>
   <div class='ocr_carea' id='block_1_97' title="bbox 146 4992 1694 5062">
    <p class='ocr_par' dir='ltr' id='par_1_97' title="bbox 146 4992 1694 5062">
     <span class='ocr_line' id='line_1_97' title="bbox 146 4992 1694 5062; baseline 0.001 -18"><span class='ocrx_word' id='word_1_730' title='bbox 146 5002 308 5055; x_wconf 74' lang='lat' dir='ltr'><strong>strum,</strong></span> <span class='ocrx_word' id='word_1_731' title='bbox 337 4993 516 5050; x_wconf 84' lang='lat' dir='ltr'><strong>Jcsum</strong></span> <span class='ocrx_word' id='word_1_732' title='bbox 561 4995 836 5051; x_wconf 87' lang='lat' dir='ltr'><strong>Christum</strong></span> <span class='ocrx_word' id='word_1_733' title='bbox 889 5008 1048 5049; x_wconf 91' lang='lat' dir='ltr'><strong>unum</strong></span> <span class='ocrx_word' id='word_1_734' title='bbox 1103 5008 1170 5047; x_wconf 80' lang='lat' dir='ltr'><strong>ex</strong></span> <span class='ocrx_word' id='word_1_735' title='bbox 1216 4992 1481 5058; x_wconf 84' lang='lat' dir='ltr'><strong>indivisa,</strong></span> <span class='ocrx_word' id='word_1_736' title='bbox 1531 5001 1694 5062; x_wconf 87' lang='lat' dir='ltr'><strong>atque</strong></span> 
     </span>
    </p>
   </div>
   <div class='ocr_carea' id='block_1_98' title="bbox 148 5082 1688 5154">
    <p class='ocr_par' dir='ltr' id='par_1_98' title="bbox 148 5082 1688 5154">
     <span class='ocr_line' id='line_1_98' title="bbox 148 5082 1688 5154; baseline 0.003 -20"><span class='ocrx_word' id='word_1_737' title='bbox 148 5082 397 5142; x_wconf 85' lang='lat' dir='ltr'><strong>iuconl’usa</strong></span> <span class='ocrx_word' id='word_1_738' title='bbox 436 5088 701 5142; x_wconf 86' lang='lat' dir='ltr'><strong>Trinitate</strong></span> <span class='ocrx_word' id='word_1_739' title='bbox 729 5088 862 5141; x_wconf 84' lang='lat' dir='ltr'><strong>duas</strong></span> <span class='ocrx_word' id='word_1_740' title='bbox 893 5097 1134 5150; x_wconf 88' lang='lat' dir='ltr'><strong>naturas,</strong></span> <span class='ocrx_word' id='word_1_741' title='bbox 1165 5094 1220 5138; x_wconf 92' lang='lat' dir='ltr'><strong>ct</strong></span> <span class='ocrx_word' id='word_1_742' title='bbox 1255 5085 1389 5140; x_wconf 89' lang='lat' dir='ltr'><strong>duas</strong></span> <span class='ocrx_word' id='word_1_743' title='bbox 1415 5085 1688 5154; x_wconf 84' lang='lat' dir='ltr'><strong>energias,</strong></span> 
     </span>
    </p>
   </div>
   <div class='ocr_carea' id='block_1_99' title="bbox 148 5172 1690 5253">
    <p class='ocr_par' dir='ltr' id='par_1_99' title="bbox 148 5172 1690 5253">
     <span class='ocr_line' id='line_1_99' title="bbox 148 5172 1690 5253; baseline 0.001 -28"><span class='ocrx_word' id='word_1_744' title='bbox 148 5172 358 5247; x_wconf 88' lang='lat' dir='ltr'><strong>duasque</strong></span> <span class='ocrx_word' id='word_1_745' title='bbox 404 5178 680 5234; x_wconf 90' lang='lat' dir='ltr'><strong>naturales</strong></span> <span class='ocrx_word' id='word_1_746' title='bbox 729 5179 1030 5233; x_wconf 90' lang='lat' dir='ltr'><strong>voluntates</strong></span> <span class='ocrx_word' id='word_1_747' title='bbox 1081 5178 1316 5253; x_wconf 65' lang='lat' dir='ltr'><strong>habere,</strong></span> <span class='ocrx_word' id='word_1_748' title='bbox 1367 5185 1422 5231; x_wconf 88' lang='lat' dir='ltr'><strong>et</strong></span> <span class='ocrx_word' id='word_1_749' title='bbox 1467 5176 1690 5229; x_wconf 84' lang='lat' dir='ltr'><strong>Mariam</strong></span> 
     </span>
    </p>
   </div>
   <div class='ocr_carea' id='block_1_100' title="bbox 155 5265 1696 5342">
    <p class='ocr_par' dir='ltr' id='par_1_100' title="bbox 155 5265 1696 5342">
     <span class='ocr_line' id='line_1_100' title="bbox 155 5265 1696 5342; baseline 0.003 -25"><span class='ocrx_word' id='word_1_750' title='bbox 155 5265 416 5339; x_wconf 79' lang='lat' dir='ltr'><strong>Virginem,</strong></span> <span class='ocrx_word' id='word_1_751' title='bbox 462 5278 583 5342; x_wconf 74' lang='lat' dir='ltr'><strong>qua:</strong></span> <span class='ocrx_word' id='word_1_752' title='bbox 627 5284 753 5325; x_wconf 89' lang='lat' dir='ltr'><strong>eum</strong></span> <span class='ocrx_word' id='word_1_753' title='bbox 799 5270 1027 5340; x_wconf 87' lang='lat' dir='ltr'><strong>peperit,</strong></span> <span class='ocrx_word' id='word_1_754' title='bbox 1064 5270 1302 5338; x_wconf 89' lang='lat' dir='ltr'><strong>proprie,</strong></span> <span class='ocrx_word' id='word_1_755' title='bbox 1348 5277 1401 5323; x_wconf 90' lang='lat' dir='ltr'><strong>et</strong></span> <span class='ocrx_word' id='word_1_756' title='bbox 1444 5283 1569 5324; x_wconf 88' lang='lat' dir='ltr'><strong>vere</strong></span> <span class='ocrx_word' id='word_1_757' title='bbox 1599 5266 1696 5321; x_wconf 87' lang='lat' dir='ltr'><strong>Dei</strong></span> 
     </span>
    </p>
   </div>
   <div class='ocr_carea' id='block_1_101' title="bbox 151 5358 1694 5434">
    <p class='ocr_par' dir='ltr' id='par_1_101' title="bbox 151 5358 1694 5434">
     <span class='ocr_line' id='line_1_101' title="bbox 151 5358 1694 5434; baseline 0.001 -26"><span class='ocrx_word' id='word_1_758' title='bbox 151 5369 350 5415; x_wconf 89' lang='lat' dir='ltr'><strong>matrem</strong></span> <span class='ocrx_word' id='word_1_759' title='bbox 377 5379 531 5432; x_wconf 83' lang='lat' dir='ltr'><strong>esse;</strong></span> <span class='ocrx_word' id='word_1_760' title='bbox 573 5378 747 5434; x_wconf 87' lang='lat' dir='ltr'><strong>neque</strong></span> <span class='ocrx_word' id='word_1_761' title='bbox 780 5362 946 5434; x_wconf 74' lang='lat'><strong>690</strong></span> <span class='ocrx_word' id='word_1_762' title='bbox 983 5375 1142 5429; x_wconf 83' lang='lat' dir='ltr'><strong>posse</strong></span> <span class='ocrx_word' id='word_1_763' title='bbox 1175 5360 1432 5429; x_wconf 76' lang='lat' dir='ltr'><strong>eXpIicari</strong></span> <span class='ocrx_word' id='word_1_764' title='bbox 1479 5358 1694 5412; x_wconf 89' lang='lat' dir='ltr'><strong>modum</strong></span> 
     </span>
    </p>
   </div>
   <div class='ocr_carea' id='block_1_102' title="bbox 151 5445 1696 5529">
    <p class='ocr_par' dir='ltr' id='par_1_102' title="bbox 151 5445 1696 5529">
     <span class='ocr_line' id='line_1_102' title="bbox 151 5445 1696 5529; baseline -0.001 -24"><span class='ocrx_word' id='word_1_765' title='bbox 151 5445 513 5529; x_wconf 77' lang='lat' dir='ltr'><strong>lucarnationis</strong></span> <span class='ocrx_word' id='word_1_766' title='bbox 549 5460 746 5525; x_wconf 71' lang='lat' dir='ltr'><strong>przeter</strong></span> <span class='ocrx_word' id='word_1_767' title='bbox 783 5456 886 5509; x_wconf 81' lang='lat' dir='ltr'><strong>hoc</strong></span> <span class='ocrx_word' id='word_1_768' title='bbox 930 5454 1137 5519; x_wconf 88' lang='lat' dir='ltr'><strong>solum,</strong></span> <span class='ocrx_word' id='word_1_769' title='bbox 1184 5453 1326 5522; x_wconf 87' lang='lat' dir='ltr'><strong>quod</strong></span> <span class='ocrx_word' id='word_1_770' title='bbox 1363 5468 1429 5508; x_wconf 82' lang='lat' dir='ltr'><strong>ex</strong></span> <span class='ocrx_word' id='word_1_771' title='bbox 1477 5452 1696 5520; x_wconf 80' lang='lat' dir='ltr'><strong>Virgine</strong></span> 
     </span>
    </p>
   </div>
   <div class='ocr_carea' id='block_1_103' title="bbox 152 5541 1699 5620">
    <p class='ocr_par' dir='ltr' id='par_1_103' title="bbox 152 5541 1699 5620">
     <span class='ocr_line' id='line_1_103' title="bbox 152 5541 1699 5620; baseline 0.001 -28"><span class='ocrx_word' id='word_1_772' title='bbox 152 5553 289 5599; x_wconf 81' lang='lat' dir='ltr'><strong>natus</strong></span> <span class='ocrx_word' id='word_1_773' title='bbox 313 5557 390 5602; x_wconf 90' lang='lat' dir='ltr'><strong>est</strong></span> <span class='ocrx_word' id='word_1_774' title='bbox 428 5564 522 5620; x_wconf 91' lang='lat' dir='ltr'><strong>per</strong></span> <span class='ocrx_word' id='word_1_775' title='bbox 548 5549 809 5620; x_wconf 83' lang='lat' dir='ltr'><strong>Spiritum</strong></span> <span class='ocrx_word' id='word_1_776' title='bbox 844 5556 1127 5613; x_wconf 89' lang='lat' dir='ltr'><strong>sanctum;</strong></span> <span class='ocrx_word' id='word_1_777' title='bbox 1168 5543 1329 5599; x_wconf 86' lang='lat' dir='ltr'><strong>Pater</strong></span> <span class='ocrx_word' id='word_1_778' title='bbox 1365 5544 1510 5600; x_wconf 89' lang='lat' dir='ltr'><strong>enim</strong></span> <span class='ocrx_word' id='word_1_779' title='bbox 1553 5541 1699 5596; x_wconf 83' lang='lat' dir='ltr'><strong>misit</strong></span> 
     </span>
    </p>
   </div>
   <div class='ocr_carea' id='block_1_104' title="bbox 212 5720 704 5795">
    <p class='ocr_par' dir='ltr' id='par_1_104' title="bbox 212 5720 704 5795">
     <span class='ocr_line' id='line_1_104' title="bbox 212 5720 704 5795; baseline 0.004 -16"><span class='ocrx_word' id='word_1_780' title='bbox 212 5720 257 5779; x_wconf 78' lang='lat'><strong>.&quot;</strong></span> <span class='ocrx_word' id='word_1_781' title='bbox 278 5722 421 5785; x_wconf 80' lang='lat' dir='ltr'><strong>Joan.</strong></span> <span class='ocrx_word' id='word_1_782' title='bbox 473 5744 537 5784; x_wconf 75' lang='lat' dir='ltr'><strong>xx</strong></span> <span class='ocrx_word' id='word_1_783' title='bbox 558 5767 574 5795; x_wconf 89' lang='lat'><strong>,</strong></span> <span class='ocrx_word' id='word_1_784' title='bbox 613 5726 704 5782; x_wconf 76' lang='grc'><strong>27.</strong></span> 
     </span>
    </p>
   </div>
   <div class='ocr_carea' id='block_1_105' title="bbox 1788 4513 3372 4587">
    <p class='ocr_par' dir='ltr' id='par_1_105' title="bbox 1788 4513 3372 4587">
     <span class='ocr_line' id='line_1_105' title="bbox 1788 4513 3372 4587; baseline -0.013 0"><span class='ocrx_word' id='word_1_785' title='bbox 1788 4533 1980 4587; x_wconf 90' lang='lat' dir='ltr'><strong>demus</strong></span> <span class='ocrx_word' id='word_1_786' title='bbox 2009 4524 2088 4580; x_wconf 89' lang='lat'><strong>:0</strong></span> <span class='ocrx_word' id='word_1_787' title='bbox 2121 4520 2330 4585; x_wconf 87' lang='lat' dir='ltr'><strong>insani,</strong></span> <span class='ocrx_word' id='word_1_788' title='bbox 2365 4528 2420 4574; x_wconf 94' lang='lat' dir='ltr'><strong>et</strong></span> <span class='ocrx_word' id='word_1_789' title='bbox 2466 4517 2626 4571; x_wconf 88' lang='lat' dir='ltr'><strong>vanil</strong></span> <span class='ocrx_word' id='word_1_790' title='bbox 2668 4531 2775 4570; x_wconf 91' lang='lat' dir='ltr'><strong>non</strong></span> <span class='ocrx_word' id='word_1_791' title='bbox 2824 4514 3058 4586; x_wconf 87' lang='lat' dir='ltr'><strong>appellat</strong></span> <span class='ocrx_word' id='word_1_792' title='bbox 3104 4513 3372 4582; x_wconf 85' lang='lat' dir='ltr'><strong>Propheta</strong></span> 
     </span>
    </p>
   </div>
   <div class='ocr_carea' id='block_1_106' title="bbox 1791 4606 3371 4678">
    <p class='ocr_par' dir='ltr' id='par_1_106' title="bbox 1791 4606 3371 4678">
     <span class='ocr_line' id='line_1_106' title="bbox 1791 4606 3371 4678; baseline -0.015 0"><span class='ocrx_word' id='word_1_793' title='bbox 1791 4615 2198 4678; x_wconf 86' lang='lat' dir='ltr'><strong>tabernaculum</strong></span> <span class='ocrx_word' id='word_1_794' title='bbox 2239 4612 2368 4669; x_wconf 88' lang='lat' dir='ltr'><strong>solis</strong></span> <span class='ocrx_word' id='word_1_795' title='bbox 2398 4623 2617 4666; x_wconf 89' lang='lat' dir='ltr'><strong>carnem</strong></span> <span class='ocrx_word' id='word_1_796' title='bbox 2654 4623 2686 4662; x_wconf 87' lang='lat' dir='ltr'><strong>a</strong></span> <span class='ocrx_word' id='word_1_797' title='bbox 2722 4606 2894 4662; x_wconf 92' lang='lat' dir='ltr'><strong>Verbo</strong></span> <span class='ocrx_word' id='word_1_798' title='bbox 2928 4607 3020 4661; x_wconf 87' lang='lat' dir='ltr'><strong>Dei</strong></span> <span class='ocrx_word' id='word_1_799' title='bbox 3064 4615 3371 4674; x_wconf 82' lang='lat' dir='ltr'><strong>sumptam;</strong></span> 
     </span>
    </p>
   </div>
   <div class='ocr_carea' id='block_1_107' title="bbox 1789 4697 3374 4783">
    <p class='ocr_par' dir='ltr' id='par_1_107' title="bbox 1789 4697 3374 4783">
     <span class='ocr_line' id='line_1_107' title="bbox 1789 4697 3374 4783; baseline -0.011 -16"><span class='ocrx_word' id='word_1_800' title='bbox 1789 4728 1909 4783; x_wconf 75' lang='lat' dir='ltr'><strong>qute</strong></span> <span class='ocrx_word' id='word_1_801' title='bbox 1953 4724 2076 4764; x_wconf 89' lang='lat' dir='ltr'><strong>cum</strong></span> <span class='ocrx_word' id='word_1_802' title='bbox 2124 4706 2244 4776; x_wconf 85' lang='lat' dir='ltr'><strong>ipso</strong></span> <span class='ocrx_word' id='word_1_803' title='bbox 2285 4703 2424 4758; x_wconf 83' lang='lat' dir='ltr'><strong>Filio</strong></span> <span class='ocrx_word' id='word_1_804' title='bbox 2474 4701 2567 4756; x_wconf 86' lang='lat' dir='ltr'><strong>Dei</strong></span> <span class='ocrx_word' id='word_1_805' title='bbox 2618 4701 2674 4755; x_wconf 91' lang='lat' dir='ltr'><strong>in</strong></span> <span class='ocrx_word' id='word_1_806' title='bbox 2720 4699 2917 4754; x_wconf 65' lang='lat' dir='ltr'><strong>caelum</strong></span> <span class='ocrx_word' id='word_1_807' title='bbox 2965 4697 3229 4761; x_wconf 88' lang='lat' dir='ltr'><strong>ascendit,</strong></span> <span class='ocrx_word' id='word_1_808' title='bbox 3279 4698 3374 4751; x_wconf 81' lang='lat' dir='ltr'><strong>sed</strong></span> 
     </span>
    </p>
   </div>
   <div class='ocr_carea' id='block_1_108' title="bbox 1797 4790 3373 4874">
    <p class='ocr_par' dir='ltr' id='par_1_108' title="bbox 1797 4790 3373 4874">
     <span class='ocr_line' id='line_1_108' title="bbox 1797 4790 3373 4874; baseline -0.011 -16"><span class='ocrx_word' id='word_1_809' title='bbox 1797 4802 1977 4874; x_wconf 90' lang='lat' dir='ltr'><strong>potius</strong></span> <span class='ocrx_word' id='word_1_810' title='bbox 2012 4794 2422 4853; x_wconf 85' lang='lat' dir='ltr'><strong>tabernaculum</strong></span> <span class='ocrx_word' id='word_1_811' title='bbox 2449 4793 2582 4848; x_wconf 89' lang='lat' dir='ltr'><strong>solis</strong></span> <span class='ocrx_word' id='word_1_812' title='bbox 2615 4790 2847 4861; x_wconf 90' lang='lat' dir='ltr'><strong>appellat</strong></span> <span class='ocrx_word' id='word_1_813' title='bbox 2870 4791 3127 4859; x_wconf 88' lang='lat' dir='ltr'><strong>speciem,</strong></span> <span class='ocrx_word' id='word_1_814' title='bbox 3156 4797 3211 4843; x_wconf 90' lang='lat' dir='ltr'><strong>et</strong></span> <span class='ocrx_word' id='word_1_815' title='bbox 3237 4804 3373 4857; x_wconf 88' lang='lat' dir='ltr'><strong>qua-</strong></span> 
     </span>
    </p>
   </div>
   <div class='ocr_carea' id='block_1_109' title="bbox 1797 4882 3377 4953">
    <p class='ocr_par' dir='ltr' id='par_1_109' title="bbox 1797 4882 3377 4953">
     <span class='ocr_line' id='line_1_109' title="bbox 1797 4882 3377 4953; baseline -0.011 -3"><span class='ocrx_word' id='word_1_816' title='bbox 1797 4897 2000 4951; x_wconf 91' lang='lat' dir='ltr'><strong>litatem</strong></span> <span class='ocrx_word' id='word_1_817' title='bbox 2037 4891 2188 4947; x_wconf 88' lang='lat' dir='ltr'><strong>orbis</strong></span> <span class='ocrx_word' id='word_1_818' title='bbox 2223 4888 2442 4953; x_wconf 88' lang='lat' dir='ltr'><strong>solaris,</strong></span> <span class='ocrx_word' id='word_1_819' title='bbox 2494 4886 2547 4940; x_wconf 94' lang='lat' dir='ltr'><strong>id</strong></span> <span class='ocrx_word' id='word_1_820' title='bbox 2594 4894 2700 4948; x_wconf 89' lang='lat' dir='ltr'><strong>est,</strong></span> <span class='ocrx_word' id='word_1_821' title='bbox 2747 4883 2951 4947; x_wconf 89' lang='lat' dir='ltr'><strong>lumen,</strong></span> <span class='ocrx_word' id='word_1_822' title='bbox 2994 4882 3137 4952; x_wconf 90' lang='lat' dir='ltr'><strong>quod</strong></span> <span class='ocrx_word' id='word_1_823' title='bbox 3181 4893 3377 4952; x_wconf 88' lang='lat' dir='ltr'><strong>quarto</strong></span> 
     </span>
    </p>
   </div>
   <div class='ocr_carea' id='block_1_110' title="bbox 1797 4969 3375 5042">
    <p class='ocr_par' dir='ltr' id='par_1_110' title="bbox 1797 4969 3375 5042">
     <span class='ocr_line' id='line_1_110' title="bbox 1797 4969 3375 5042; baseline -0.013 -1"><span class='ocrx_word' id='word_1_824' title='bbox 1797 4988 1885 5042; x_wconf 88' lang='lat' dir='ltr'><strong>die</strong></span> <span class='ocrx_word' id='word_1_825' title='bbox 1915 4984 2057 5038; x_wconf 89' lang='lat' dir='ltr'><strong>Deus</strong></span> <span class='ocrx_word' id='word_1_826' title='bbox 2088 4979 2272 5035; x_wconf 88' lang='lat' dir='ltr'><strong>mumli</strong></span> <span class='ocrx_word' id='word_1_827' title='bbox 2308 4978 2606 5032; x_wconf 80' lang='lat' dir='ltr'><strong>fabricator</strong></span> <span class='ocrx_word' id='word_1_828' title='bbox 2644 4974 2697 5027; x_wconf 92' lang='lat' dir='ltr'><strong>in</strong></span> <span class='ocrx_word' id='word_1_829' title='bbox 2726 4988 2792 5027; x_wconf 93' lang='lat' dir='ltr'><strong>eo</strong></span> <span class='ocrx_word' id='word_1_830' title='bbox 2828 4972 3008 5041; x_wconf 91' lang='lat' dir='ltr'><strong>posuit</strong></span> <span class='ocrx_word' id='word_1_831' title='bbox 3043 4988 3058 5025; x_wconf 85' lang='lat'><strong>:</strong></span> <span class='ocrx_word' id='word_1_832' title='bbox 3091 4984 3195 5024; x_wconf 92' lang='lat' dir='ltr'><strong>non</strong></span> <span class='ocrx_word' id='word_1_833' title='bbox 3230 4969 3375 5024; x_wconf 89' lang='lat' dir='ltr'><strong>enim</strong></span> 
     </span>
    </p>
   </div>
   <div class='ocr_carea' id='block_1_111' title="bbox 1797 5060 3376 5146">
    <p class='ocr_par' dir='ltr' id='par_1_111' title="bbox 1797 5060 3376 5146">
     <span class='ocr_line' id='line_1_111' title="bbox 1797 5060 3376 5146; baseline -0.013 -12"><span class='ocrx_word' id='word_1_834' title='bbox 1797 5078 2067 5146; x_wconf 86' lang='lat' dir='ltr'><strong>Propheta</strong></span> <span class='ocrx_word' id='word_1_835' title='bbox 2106 5073 2431 5137; x_wconf 84' lang='lat' dir='ltr'><strong>loquebatur</strong></span> <span class='ocrx_word' id='word_1_836' title='bbox 2479 5069 2568 5122; x_wconf 90' lang='lat' dir='ltr'><strong>hic</strong></span> <span class='ocrx_word' id='word_1_837' title='bbox 2609 5067 2677 5122; x_wconf 90' lang='lat' dir='ltr'><strong>de</strong></span> <span class='ocrx_word' id='word_1_838' title='bbox 2723 5063 3112 5132; x_wconf 88' lang='lat' dir='ltr'><strong>assumptione,</strong></span> <span class='ocrx_word' id='word_1_839' title='bbox 3164 5063 3260 5115; x_wconf 89' lang='lat' dir='ltr'><strong>sed</strong></span> <span class='ocrx_word' id='word_1_840' title='bbox 3307 5060 3376 5113; x_wconf 87' lang='lat' dir='ltr'><strong>de</strong></span> 
     </span>
    </p>
   </div>
   <div class='ocr_carea' id='block_1_112' title="bbox 1798 5152 3375 5234">
    <p class='ocr_par' dir='ltr' id='par_1_112' title="bbox 1798 5152 3375 5234">
     <span class='ocr_line' id='line_1_112' title="bbox 1798 5152 3375 5234; baseline -0.013 -7"><span class='ocrx_word' id='word_1_841' title='bbox 1798 5169 2069 5227; x_wconf 87' lang='lat' dir='ltr'><strong>creaturis</strong></span> <span class='ocrx_word' id='word_1_842' title='bbox 2098 5167 2215 5233; x_wconf 89' lang='lat' dir='ltr'><strong>Dei,</strong></span> <span class='ocrx_word' id='word_1_843' title='bbox 2243 5160 2695 5234; x_wconf 90' lang='lat' dir='ltr'><strong>quemadmodum</strong></span> <span class='ocrx_word' id='word_1_844' title='bbox 2732 5169 2991 5228; x_wconf 87' lang='lat' dir='ltr'><strong>perpetuo</strong></span> <span class='ocrx_word' id='word_1_845' title='bbox 3024 5153 3249 5225; x_wconf 80' lang='lat' dir='ltr'><strong>gloriam</strong></span> <span class='ocrx_word' id='word_1_846' title='bbox 3284 5152 3375 5207; x_wconf 87' lang='lat' dir='ltr'><strong>Dei</strong></span> 
     </span>
    </p>
   </div>
   <div class='ocr_carea' id='block_1_113' title="bbox 1792 5246 3375 5318">
    <p class='ocr_par' dir='ltr' id='par_1_113' title="bbox 1792 5246 3375 5318">
     <span class='ocr_line' id='line_1_113' title="bbox 1792 5246 3375 5318; baseline -0.014 0"><span class='ocrx_word' id='word_1_847' title='bbox 1792 5270 2035 5318; x_wconf 90' lang='lat' dir='ltr'><strong>narrent.</strong></span> <span class='ocrx_word' id='word_1_848' title='bbox 2070 5259 2265 5315; x_wconf 86' lang='lat' dir='ltr'><strong>Postea</strong></span> <span class='ocrx_word' id='word_1_849' title='bbox 2301 5271 2431 5311; x_wconf 88' lang='lat' dir='ltr'><strong>vero</strong></span> <span class='ocrx_word' id='word_1_850' title='bbox 2459 5252 2639 5309; x_wconf 88' lang='lat' dir='ltr'><strong>veniet</strong></span> <span class='ocrx_word' id='word_1_851' title='bbox 2669 5254 2720 5306; x_wconf 92' lang='lat' dir='ltr'><strong>in</strong></span> <span class='ocrx_word' id='word_1_852' title='bbox 2752 5249 3047 5305; x_wconf 87' lang='lat' dir='ltr'><strong>novissimo</strong></span> <span class='ocrx_word' id='word_1_853' title='bbox 3079 5246 3166 5301; x_wconf 92' lang='lat' dir='ltr'><strong>die</strong></span> <span class='ocrx_word' id='word_1_854' title='bbox 3195 5259 3375 5299; x_wconf 79' lang='lat' dir='ltr'><strong>resur-</strong></span> 
     </span>
    </p>
   </div>
   <div class='ocr_carea' id='block_1_114' title="bbox 1793 5336 3379 5414">
    <p class='ocr_par' dir='ltr' id='par_1_114' title="bbox 1793 5336 3379 5414">
     <span class='ocr_line' id='line_1_114' title="bbox 1793 5336 3379 5414; baseline -0.013 -4"><span class='ocrx_word' id='word_1_855' title='bbox 1793 5353 2053 5410; x_wconf 87' lang='lat' dir='ltr'><strong>rectionis</strong></span> <span class='ocrx_word' id='word_1_856' title='bbox 2081 5349 2347 5413; x_wconf 88' lang='lat' dir='ltr'><strong>omnium,</strong></span> <span class='ocrx_word' id='word_1_857' title='bbox 2388 5345 2606 5414; x_wconf 90' lang='lat' dir='ltr'><strong>quando</strong></span> <span class='ocrx_word' id='word_1_858' title='bbox 2651 5341 2778 5398; x_wconf 91' lang='lat' dir='ltr'><strong>tuba</strong></span> <span class='ocrx_word' id='word_1_859' title='bbox 2809 5349 2969 5396; x_wconf 86' lang='lat' dir='ltr'><strong>canet</strong></span> <span class='ocrx_word' id='word_1_860' title='bbox 3002 5351 3196 5405; x_wconf 72' lang='lat' dir='ltr'><strong>magno</strong></span> <span class='ocrx_word' id='word_1_861' title='bbox 3231 5336 3379 5390; x_wconf 80' lang='lat' dir='ltr'><strong>clan-</strong></span> 
     </span>
    </p>
   </div>
   <div class='ocr_carea' id='block_1_115' title="bbox 1796 5428 3380 5511">
    <p class='ocr_par' dir='ltr' id='par_1_115' title="bbox 1796 5428 3380 5511">
     <span class='ocr_line' id='line_1_115' title="bbox 1796 5428 3380 5511; baseline -0.012 -13"><span class='ocrx_word' id='word_1_862' title='bbox 1796 5460 1947 5511; x_wconf 79' lang='lat' dir='ltr'><strong>gore,</strong></span> <span class='ocrx_word' id='word_1_863' title='bbox 1971 5454 2026 5498; x_wconf 90' lang='lat' dir='ltr'><strong>et</strong></span> <span class='ocrx_word' id='word_1_864' title='bbox 2049 5451 2307 5511; x_wconf 88' lang='lat' dir='ltr'><strong>tanquam</strong></span> <span class='ocrx_word' id='word_1_865' title='bbox 2332 5454 2399 5493; x_wconf 75' lang='lat' dir='ltr'><strong>ex</strong></span> <span class='ocrx_word' id='word_1_866' title='bbox 2427 5450 2617 5491; x_wconf 81' lang='lat' dir='ltr'><strong>somno</strong></span> <span class='ocrx_word' id='word_1_867' title='bbox 2644 5443 2867 5503; x_wconf 85' lang='lat' dir='ltr'><strong>surgent</strong></span> <span class='ocrx_word' id='word_1_868' title='bbox 2891 5444 3103 5496; x_wconf 86' lang='lat' dir='ltr'><strong>omnes,</strong></span> <span class='ocrx_word' id='word_1_869' title='bbox 3126 5439 3180 5482; x_wconf 92' lang='lat' dir='ltr'><strong>et</strong></span> <span class='ocrx_word' id='word_1_870' title='bbox 3203 5428 3380 5481; x_wconf 84' lang='lat' dir='ltr'><strong>aderit</strong></span> 
     </span>
    </p>
   </div>
   <div class='ocr_carea' id='block_1_116' title="bbox 1796 5515 3380 5597">
    <p class='ocr_par' dir='ltr' id='par_1_116' title="bbox 1796 5515 3380 5597">
     <span class='ocr_line' id='line_1_116' title="bbox 1796 5515 3380 5597; baseline -0.013 -7"><span class='ocrx_word' id='word_1_871' title='bbox 1796 5535 1969 5591; x_wconf 76' lang='lat' dir='ltr'><strong>Judex</strong></span> <span class='ocrx_word' id='word_1_872' title='bbox 2012 5533 2315 5587; x_wconf 86' lang='lat' dir='ltr'><strong>animarum</strong></span> <span class='ocrx_word' id='word_1_873' title='bbox 2343 5526 2616 5597; x_wconf 86' lang='lat' dir='ltr'><strong>justorum</strong></span> <span class='ocrx_word' id='word_1_874' title='bbox 2649 5535 2704 5580; x_wconf 86' lang='lat' dir='ltr'><strong>et</strong></span> <span class='ocrx_word' id='word_1_875' title='bbox 2735 5529 3103 5593; x_wconf 79' lang='lat' dir='ltr'><strong>peceatorum,</strong></span> <span class='ocrx_word' id='word_1_876' title='bbox 3131 5517 3245 5572; x_wconf 86' lang='lat' dir='ltr'><strong>sive</strong></span> <span class='ocrx_word' id='word_1_877' title='bbox 3283 5515 3380 5571; x_wconf 75' lang='lat' dir='ltr'><strong>ad-</strong></span> 
     </span>
    </p>
   </div>
   <div class='ocr_carea' id='block_1_117' title="bbox 782 5715 2281 5792">
    <p class='ocr_par' dir='ltr' id='par_1_117' title="bbox 782 5715 2281 5792">
     <span class='ocr_line' id='line_1_117' title="bbox 782 5715 2281 5792; baseline -0.007 -11"><span class='ocrx_word' id='word_1_878' title='bbox 782 5725 830 5759; x_wconf 80' lang='lat'>&quot;</span> <span class='ocrx_word' id='word_1_879' title='bbox 860 5723 1026 5781; x_wconf 76' lang='lat' dir='ltr'><strong>Marc.</strong></span> <span class='ocrx_word' id='word_1_880' title='bbox 1068 5715 1191 5792; x_wconf 66' lang='grc' dir='ltr'><strong>ιη’,</strong></span> <span class='ocrx_word' id='word_1_881' title='bbox 1249 5722 1342 5789; x_wconf 84' lang='lat' dir='ltr'><strong>l9;</strong></span> <span class='ocrx_word' id='word_1_882' title='bbox 1393 5726 1514 5777; x_wconf 82' lang='lat' dir='ltr'><strong>Act.</strong></span> <span class='ocrx_word' id='word_1_883' title='bbox 1554 5737 1609 5792; x_wconf 81' lang='grc' dir='ltr'>ι,</span> <span class='ocrx_word' id='word_1_884' title='bbox 1644 5720 1697 5777; x_wconf 74' lang='grc'><strong>9.</strong></span> <span class='ocrx_word' id='word_1_885' title='bbox 1774 5720 1819 5753; x_wconf 70' lang='grc' dir='ltr'><strong>’σ</strong></span> <span class='ocrx_word' id='word_1_886' title='bbox 1846 5717 1989 5775; x_wconf 77' lang='lat' dir='ltr'><strong>Psal.</strong></span> <span class='ocrx_word' id='word_1_887' title='bbox 2032 5732 2196 5782; x_wconf 77' lang='lat' dir='ltr'><strong>mn,</strong></span> <span class='ocrx_word' id='word_1_888' title='bbox 2228 5715 2281 5770; x_wconf 87' lang='lat'><strong>6.</strong></span> 
     </span>
    </p>
   </div>
  </div>
