3802 6216
351 265 461 323 835
1324 261 1668 319 APPENDlX
1706 258 1993 317 OPERUM
2033 257 2090 312 S.
2135 253 2380 310 BASILII
2419 251 2672 309 MAGva
3526 250 3624 310 856

298 404 303 411 -
353 378 461 435 huc
507 378 798 435 viventium
832 387 982 444 tunc,
1014 378 1129 434 sive
1157 377 1270 447 jam
1320 390 1658 435 mortuorum
1706 394 1722 433 :
1755 379 1933 434 veniet
1965 383 2008 440 Α
2036 375 2329 430 habuerint
2374 383 2645 437 mentem;
2685 379 3004 442 perpetuum
3047 384 3182 425 vero
3217 369 3544 440 supplicium
3576 381 3626 425 et

352 481 533 528 autem
577 471 1029 541 quemadmodum
1083 471 1334 526 viderunt
1379 488 1503 526 eum
1550 472 1932 526 ascendentem
2041 474 2274 519 aeternas
2324 463 2601 526 tenebras,
2650 463 2844 526 idest,
2895 461 3272 516 alienationem
3325 477 3354 513 a
3394 462 3526 530 Duo,
3565 462 3628 516 iis

354 566 410 621 in
434 565 627 619 coelum
651 563 718 628 δι,
745 563 886 617 sicut
914 578 1011 617 nos
1035 565 1196 618 docet
1222 564 1414 618 beatus
1441 563 1634 628 Lucas,
1663 571 1719 616 ut
1749 562 1932 614 reddat
2042 556 2135 626 qui
2181 571 2406 609 caecam.
2443 555 2612 624 Regni
2661 563 2837 606 autem
2882 553 3002 622 ejus
3045 569 3151 607 non
3199 553 3302 606 erit
3342 552 3489 615 linis,
3533 568 3624 606 ne-

355 656 634 723 unicuique
675 656 959 706 secundum
1005 670 1161 719 opera
1203 671 1300 708 sua
1347 654 1416 717 ‘3’,
1449 669 1674 723 regnum
1717 654 1936 722 quidem
2043 662 2149 715 que
2186 648 2470 708 terminus,
2507 656 2566 698 ut
2599 645 2676 698 ait
2717 644 2810 700 Vir
2839 646 3236 702 desideriorum
3279 644 3350 699 ⁸³.
3379 645 3484 715 Ipsi
3520 646 3628 716 gloa

357 748 595 812 cmleste,
647 747 700 801 id
751 755 867 813 est,
899 747 1007 801 Dei
1055 747 1320 801 visionem
1371 747 1460 813 iis,
1512 747 1601 817 qui
1656 754 1937 815 purgatam
2047 741 2126 794 ria
2159 740 2213 794 in
2244 740 2460 794 smcula.
2489 739 2684 792 Amen.

425 901 472 936 ⁸⁸
501 905 623 958 Act.
649 918 688 966 ι,
716 902 803 957 ll.
843 902 889 935 ⁸¹
915 901 1070 957 Rom.
1111 919 1188 970 ιι,
1219 902 1272 958 6.
1348 895 1397 935 ⁸³
1432 903 1562 956 Dan.
1597 919 1646 956 vr
1669 944 1684 968 ,
1715 902 1806 957 26.

365 1030 3602 1065 Μ

1674 1200 2302 1293 MONITUM.

1939 1404 2011 1417 κ

431 1523 808 1603 Fragmentum
841 1547 1071 1602 sequens
1100 1530 1332 1604 Arabico
1359 1542 1410 1586 et
1442 1527 1631 1604 Latine
1657 1531 1926 1604 legiturp.
1959 1530 2066 1604 22f}
2115 1531 2238 1585 libri
2288 1537 2376 1604 cut
2423 1541 2612 1588 ttlutus
2639 1550 2652 1586 :
2682 1521 2977 1604 Eutychius
3021 1533 3331 1604 patriarcha
3392 1535 3634 1590 Alelait-

359 1599 562 1657 drinus'
588 1599 1053 1669 vindicatus—sive
1101 1602 1383 1665 Itesponsio
1415 1607 1479 1653 ad
1509 1599 1735 1654 Joannis
1773 1601 1985 1655 Selrleni
2031 1601 2304 1667 Origines,
2331 1603 2387 1655 in
2417 1604 2552 1656 duas
2602 1599 2813 1656 tributa'
2848 1599 3044 1670 partes,
3086 1622 3309 1670 quarunt
3349 1609 3526 1670 prima
3561 1617 3640 1659 est

359 1677 424 1728 de
463 1675 830 1726 Alexandrines
871 1672 1122 1725 Ecclesia:
1147 1674 1460 1741 originibus,
1501 1672 1668 1724 altera
1707 1674 1770 1724 de
1807 1674 2007 1740 origine
2033 1675 2255 1725 nominis
2287 1690 2437 1740 papa:
2461 1691 2477 1735 ;
2504 1673 2697 1740 quibus
2735 1677 2936 1727 accedit
2973 1691 3196 1728 censura
3233 1679 3288 1728 in
3329 1676 3639 1728 Historians

360 1745 663 1798 orientalem
697 1742 922 1796 Joannis
961 1741 1172 1812 tlenty'ci
1215 1742 1553 1812 llottingeri;
1590 1744 1765 1794 omnia
1819 1759 1882 1794 ex
1926 1741 2283 1794 Orientalium
2345 1755 2593 1812 excerpta
2649 1747 3001 1798 monumentis
3025 1785 3039 1811 ,
3076 1755 3294 1800 auctore
3325 1749 3645 1800 Abraltamo

363 1814 661 1868 Ecltelleusi
721 1812 992 1865 Maronita
1028 1829 1055 1866 e
1084 1811 1306 1865 Libano.
1341 1811 1543 1874 liantw,
1573 1813 1706 1880 typis
1738 1812 1798 1866 S.
1833 1813 1996 1879 Cong.
2034 1817 2096 1864 de
2122 1829 2337 1882 proliag.
2390 1811 2670 1881 fide.166l
2703 1815 2840 1868 iit—4.

1947 1927 2016 1942 *-

435 1994 503 2047 D.
543 1993 776 2048 Basilius
815 1994 869 2046 in
911 1994 1052 2046 hom.
1081 1990 1605 2046 Commemorationis
1641 1991 1704 2045 Β.
1750 1991 1944 2047 Mariae
1995 1989 2221 2061 Virginis
2260 1993 2323 2044 de
2357 1991 2424 2046 D.
2471 1991 2614 2046 Petri
2653 1992 2973 2058 initiatione,
3027 1995 3261 2064 primatu
3310 1995 3377 2047 de
3423 1994 3645 2048 cwteris

360 2067 719 2134 prwrogativis
743 2065 852 2118 Ii'wc
892 2064 1042 2116 liabet
1077 2077 1095 2114 :

434 2157 681 2210 Christus
721 2156 906 2224 utique
942 2157 1225 2223 Dominus,
1254 2155 1342 2210 cui
1380 2153 1577 2226 gloria,
1609 2165 1947 2223 assumptum
1981 2166 2023 2220 Β
2054 2162 2156 2208 nus
2184 2193 2198 2218 ,
2233 2164 2363 2209 ecce
2405 2167 2566 2207 voces
2609 2169 2814 2223 magnae
2873 2155 2941 2209 ab
2987 2154 3094 2209 alto
3146 2156 3543 2222 exclamantes,
3577 2173 3648 2212 ac

364 2248 586 2304 Petrum
628 2250 928 2318 principem
977 2249 1370 2317 apostolorum,
1413 2257 1468 2300 et
1496 2247 1746 2314 imposita
1781 2247 1829 2300 ei
1862 2239 1948 2299 di—
2051 2247 2291 2300 dicentes
2329 2262 2341 2295 :
2372 2244 2598 2315 Dignus,
2633 2247 2845 2317 dignus,
2881 2248 3076 2317 dignus
3127 2260 3212 2303 est
3241 2251 3500 2318 princeps
3526 2252 3652 2319 epi-

364 2345 491 2398 viua
545 2358 703 2397 manu
755 2338 1028 2397 ordinavit
1081 2335 1360 2398 summum'
1389 2343 1724 2396 sacerdotem
1787 2353 1950 2409 super
2050 2350 2338 2405 secporum
2392 2335 2692 2389 secundum
2733 2337 2981 2390 ordinem
3017 2335 3445 2392 Melchisedech.
3481 2336 3652 2393 Ordi-

366 2435 682 2489 universum
717 2434 1067 2488 habitabilem
1094 2437 1305 2500 orbem,
1333 2443 1386 2488 et
1413 2449 1601 2488 omnes
1628 2434 1948 2501 discipulos,
2050 2427 2302 2494 uavilque
2331 2427 2699 2496 ρτεεὺγιθιποε,
2725 2429 3037 2496 ερῑεοοροε,
3066 2428 3344 2494 diaconos.
3381 2429 3649 2491 Ιεειονεεσ

365 2539 430 2578 ac
459 2533 645 2594 gemes
679 2535 922 2588 cunctas,
957 2540 1077 2594 qua;
1129 2522 1314 2579 Jesum
1369 2523 1645 2579 christum
1695 2524 1952 2578 conﬁten-
2047 2517 2476 2587 hypodiaconos,
2507 2517 2802 2586 psaltes,et
2833 2529 3041 2588 septem
3075 2519 3311 2574 instituit
3339 2522 3572 2576 ordines
3594 2523 3651 2576 in

369 2623 476 2668 tur.
507 2614 750 2684 Cumque
771 2622 991 2667 manum
1030 2615 1192 2684 capiti
1224 2615 1343 2685 ejus
1376 2615 1727 2684 imposuisset
1759 2613 1945 2667 Domi-
2047 2611 2205 2665 domo
2249 2609 2365 2663 Dei.

438 2730 647 2783 Arabici
679 2729 898 2794 codicis,
925 2732 1013 2784 ubi
1041 2732 1151 2784 [nec
1190 2730 1380 2796 legitur
1415 2730 1636 2782 liomilia
1672 2729 1738 2781 D.
1785 2728 1998 2787 Basilii.
2030 2725 2298 2790 exemplar
2331 2722 2385 2796 in
2435 2724 3220 2796 insulathodo_ea:scripturn
3242 2733 3443 2796 resistat
3475 2722 3654 2796 Pari;

367 2802 465 2856 siis
505 2801 560 2853 in
599 2791 934 2854 celeberrima
971 2791 1284 2853 bibliotheca
1332 2801 1638 2868 linguarum
1674 2797 2036 2853 Orientalium
2069 2792 2362 2849 clarissimi
2419 2795 2522 2846 viri
2579 2791 2801 2848 Gilberti
2840 2791 3135 2850 Caulminii
3186 2793 3654 2851 Cltristianissi-s-i

368 2871 504 2940 regis
543 2869 842 2924 libellorum
890 2871 1188 2940 supplicant
1222 2871 1485 2940 praefecti.

393 2989 3637 3028 Μ

1739 3145 2260 3207 MONITUM.

438 3420 601 3493 691
635 3419 825 3476 Putavi
853 3433 958 3474 non
993 3417 1274 3474 defuturos
1302 3419 1392 3489 qui
1420 3420 1672 3478 Eunomii
1695 3439 1832 3495 opus
1879 3441 2002 3480 cum
2055 3425 2240 3483 Basilii
2301 3429 2456 3487 libris
2502 3439 2824 3501 comparare
2871 3427 3286 3500 vellentzquod
3333 3440 3392 3484 ut
3432 3431 3659 3489 facilius

371 3511 488 3566 ﬁeri
520 3525 724 3582 posset,
758 3515 903 3568 hunc
936 3512 1178 3567 libellum
1213 3514 1315 3566 hoc.
1339 3515 1459 3569 loco
1495 3517 1760 3572 edendum
1788 3520 2052 3587 judicavi.
2090 3521 2197 3575 Sed
2231 3537 2453 3578 mouere
2493 3524 2682 3594 juvat,
2731 3521 2921 3578 Grieca
2969 3533 3022 3577 et
3060 3522 3249 3577 Latina
3283 3539 3315 3580 e
3340 3525 3662 3585 clarissuno‘

375 3603 800 3675 doctissimoque
829 3606 948 3662 viro
982 3605 1188 3662 Joanne
1210 3609 1432 3664 Alberto
1459 3609 1711 3667 Fabricio
1734 3622 1946 3682 sumpta
1977 3628 2096 3668 esse
2130 3613 2263 3684 (87).

444 3707 556 3788 (87)
582 3719 903 3774 Bibliotheca
931 3720 1141 3786 (ἔπεσα,
1173 3731 1282 3776 vet.
1312 3723 1422 3787 ed.,
1455 3733 1493 3778 t.
1513 3723 1647 3790 VIII,
1679 3741 1730 3793 p.
1759 3726 1867 3782 260

960 3986 1762 4107 ΕΥΝΟΜΙΟΥ
1833 3989 2133 4106 ΤΟΥ
2205 3993 3052 4110 ΔΥΣΣΕΒΟΥΣ

1568 4208 2458 4301 ΑΠΟΛΟΓΗΤΙΚΟΣ

939 4392 1144 4453 ΠΡΟΣ
1179 4393 1281 4447 ΟΝ
1302 4393 1672 4448 ΕΓΡΑΨΕΝ
1700 4394 2249 4448 ΑΝΤῙΡΡΗΤῙΚΟΝ
2285 4397 2327 4448 0
2362 4397 2621 4452 ΜΕΓΑΣ
2654 4401 3083 4457 ΒΑΣΙΛΕΙΟΣ.

1036 4672 1669 4790 EUNOMII
1749 4673 2115 4788 IMPII
2197 4673 2954 4822 APOLOGIA,

1223 4887 1436 4969 QUAM
1463 4896 1934 4961 CONFUTAVIT
1963 4898 2306 4960 BASILIUS
2334 4899 2649 4961 MAGNUS
2679 4896 2827 4981 (88).

381 5185 526 5274 [Hic
561 5191 935 5274 libellusnulla
963 5193 1027 5248 de
1050 5193 1158 5274 alia
1181 5209 1342 5247 causa
1372 5194 1665 5274 descriptus
1686 5205 1783 5260 est,
1801 5213 1882 5265 qui

2154 5193 2502 5274 39)Qi‘5roc_d
2528 5203 2710 5271 λόγος
2738 5202 2810 5254 οὐ
2842 5200 2916 5274 δι’
2947 5200 3104 5274 ἄλλο
3149 5218 3212 5274 τιᾷ
3236 5202 3583 5273 γέγραπται,
3618 5209 3655 5274 ἦ

451 5273 505 5342 ut
544 5263 699 5334 quale
731 5267 797 5316 sit
823 5266 923 5342 _IlOC
953 5266 1473 5342 scriptum,_co_nstet.
1515 5266 1720 5342 Etenim
1745 5263 1864 5335 qua:
1889 5266 1952 5342 de

2151 5263 2662 5342 iraABt-ztxubntaia’i
2683 5263 2901 5340 ῖηραφή.
2932 5274 2990 5342 Ἃ
3019 5272 3128 5339 γὰρ
3142 5263 3460 5342 λέῃίείὲτερὶ
3480 5263 3652 5338 Θεὸῦξ

451 5331 567 5415 Rep:
585 5335 914 5415 pronuntiat,
945 5345 992 5388 et
1023 5350 1082 5387 eo
1109 5336 1250 5415 quod
1287 5335 1356 5386 sit
1403 5335 1685 5404 ingenitus,
1734 5331 1779 5388 εἰ
1814 5335 1952 5402 quod

2154 5339 2217 5415 pc
2231 5331 2579 5415 ἀγέννητὸς,
2594 5331 2998 5415 κάίῖγετῖ-νῂτὸς
3019 5331 3129 5412 (90)
3149 5346 3180 5415 d
3197 5331 3346 5415 Ῠὶρς,
3367 5331 3462 5399 κὶεὶ
3481 5331 3655 5414 ἑτερά

451 5400 630 5456 Filius
651 5403 720 5457 sit
745 5405 972 5474 genitus,
1027 5415 1074 5458 et
1120 5400 1230 5457 alia
1273 5420 1390 5472 qua:
1440 5400 1688 5474 nugatur,
1730 5400 1952 5459 maxime

2155 5400 2257 5464 Ξὰα
2278 5400 2470 5480 lipsi,
2501 5400 2887 5467 ἀῦεϐέοίτατᾶ
2907 5400 3046 5475 ειὸνίἱ
3084 5400 3184 5466 sia!
3208 5400 3462 5483 ἑξῶτῆς
3482 5400 3656 5471 εὺᾶέέ

476 5517 566 5659 88ζ
603 5519 902 5603 lnterprete
929 5521 1130 5603 Iacobo
1159 5520 1408 5576 Fabricio
1435 5520 1676 5604 llolsato.
2063 5543 2184 5583 esse
2231 5531 2406 5587 simile
2455 5531 2532 5589 τῶ
2575 5533 2842 5607 γεννητῷ.
2878 5531 3009 5590 Vide
3049 5534 3432 5605 Epiphaniam,
3458 5538 3654 5592 met-esi

477 5588 544 5659 89
598 5589 733 5643 Nota
766 5607 818 5644 In
843 5595 1030 5645 COtiIt'e
1063 5610 1221 5646 manu
1249 5603 1471 5646 exaran
1500 5604 1753 5659 ascripta.
2063 5599 2148 5656 76.

477 5588 564 5662 §S_J)
598 5589 733 5662 Nota
753 5588 818 5644 in
843 5594 1030 5662 codice
1063 5610 1221 5646 manu
1249 5603 1471 5646 exaran
1500 5596 1753 5662 ascripta.
2063 5599 2148 5656 76.

478 5657 568 5730 90)
590 5661 730 5714 Aetii
759 5671 812 5715 et
841 5661 1085 5718 Eunomii
1113 5664 1325 5731 dogma,
1355 5657 1772 5733 ἁγὲννητονήοη
1803 5681 1957 5734 posse
