3802 6216
126 297 232 355 837

1201 289 1491 348 EUNOMlI
1527 289 1735 347 LIBER
1769 287 2322 349 APOLOGETICUS.

3297 284 3407 346 858

197 413 349 490 ϐοῦς
379 408 873 490 ἡμῶν-πίστεως.
914 410 1393 490 Πρόσχεςῠγοῦζ,
1449 415 1483 467 ό
1521 413 1723 490 diferr-

1893 424 2015 490 sunt
2051 412 2353 490 iptpimeta
2379 419 2566 465 sancta
2596 409 2787 490 pieque
2824 417 3005 490 nostra
3060 406 3404 490 ﬁdentiam.
3457 424 3464 433 ‘

195 479 497 624 39.5.1.1»,
559 480 663 533 ἵνα
708 479 796 550 μὴ
851 479 1248 550 παρατραπῇζ·
1302 481 1416 552 τῆς
1481 479 1719 550 εὐθείας

274 571 369 607 ου.

274 571 369 607 Ου.

201 646 255 699 l.
288 643 364 697 Τδ
390 642 501 715 (91)
528 643 626 715 μὲν
653 645 1010 714 συκοφαντεῖν
1030 644 1126 698 καὶ
1154 644 1463 699 διαϐάλλειν
1487 644 1641 710 τινὰς
1662 646 1720 714 ἐξ

132 737 438 793 ἀκολάστου
468 735 713 806 γλώττης
743 737 837 789 καὶ
878 735 1104 808 γνώμης
1147 736 1481 809 ἀγνώμονος,
1518 737 1722 810 μοχθη-

135 830 247 902 ρῶν
283 829 379 883 καὶ
418 828 911 899 φιλαπεχθημόνων
951 828 1111 900 ἔργον
1147 829 1370 894 εἰδότες·
1409 830 1471 884 τὸ
1508 831 1566 884 δὲ
1597 832 1723 895 τοὺς

133 924 197 976 ἐκ
232 921 492 991 διαϐολῆς
537 916 676 973 εἶναι
709 919 970 985 δόξαντας
1011 923 1286 993 πονηροὺς
1326 923 1477 995 πάσῃ
1529 921 1725 994 προθυ-

134 1016 235 1087 μίᾳ
274 1013 572 1086 πειρᾶσθαι
610 1013 671 1066 τὸ
701 1012 894 1083 ψεῦδος
929 1016 1042 1077 τοῖς
1083 1014 1327 1085 ἐλέγχοις
1368 1015 1720 1086 ἀποτρέπειν,

129 1107 345 1177 ἀνδρῶν
394 1104 719 1177 σωφρόνων,
764 1104 861 1158 καὶ
924 1104 1064 1176 μετά
1102 1106 1204 1176 τῆς
1248 1106 1386 1170 ἰδίας
1439 1104 1723 1169 εὐϐουλίας

128 1202 227 1270 τὴν
241 1198 355 1252 τῶν
390 1196 601 1250 πολλῶν
626 1196 928 1265 ἀσφάλειαν
962 1197 1091 1269 περὶ
1121 1196 1318 1250 πολλοῦ
1360 1197 1717 1268 ποιουμένωνε

126 1290 416 1363 ηὐχόμεθα
467 1290 565 1361 μὲν
617 1289 763 1361 λόγῳ
824 1290 923 1362 τὴν
971 1288 1174 1358 γνῶσιν
1229 1290 1432 1361 ἀμφοῖν
1486 1290 1719 1359 ἔχοντες,

129 1385 272 1454 μήτε
318 1382 421 1452 τῆς
454 1381 726 1453 προτέρας
766 1386 899 1434 ποτὲ
940 1381 1195 1450 γενέσθαι
1242 1382 1457 1453 μοίρας,
1499 1380 1723 1450 καὶτῆς

127 1472 369 1542 ὑπέρας
396 1470 498 1542 τὴν
529 1475 724 1541 πεῖραν
757 1470 1062 1540 διαφυγεῖν.
1107 1471 1327 1542 Ἐπειδὴ
1370 1471 1425 1524 δὲ
1464 1471 1540 1542 μὴ
1580 1469 1723 1525 κατά

124 1562 358 1633 γνώμην
387 1560 499 1631 (92)
532 1562 762 1631 ἐκϐῆναι
794 1560 994 1632 συνέϐη
1038 1560 1099 1614 τὸ
1138 1560 1312 1626 τέλος,
1338 1562 1601 1624 ποικίλως
1629 1560 1724 1615 καὶ

127 1652 492 1724 πολυτρόπως
518 1651 605 1706 διά
648 1669 710 1705 τε
751 1651 928 1720 λόγων
978 1653 1074 1705 καὶ
1118 1651 1372 1723 πράξεων
1402 1652 1554 1723 παρά
1594 1653 1724 1706 πολ-

124 1746 241 1809 λοῖς
294 1743 841 1815 κατασκευασθείσης
888 1744 1049 1815 ἡμῶν
1090 1742 1320 1813 ψευδοῦς
1371 1744 1721 1816 δυσφημίας›
1758 1791 1799 1845 Β

126 1838 389 1908 ἀλγεινῆς
444 1837 541 1907 μὲν
575 1837 729 1908 ἡμῖν,
783 1834 1054 1907 βλαϐερᾶς
1096 1835 1154 1888 δὲ
1197 1838 1310 1899 τοῖς
1349 1837 1722 1901 πιστεύουσιν,

127 1932 239 1985 ὐπό
289 1947 455 1984 τινων
503 1927 757 1999 πονηρῶν
798 1928 894 1981 καὶ
940 1928 1108 1999 μηδὲν
1135 1927 1437 1981 ὀκνούντων
1459 1928 1639 1997 λέγειν
1676 1928 1709 2001 ἦ

128 2025 398 2096 πράττειν
420 2020 723 2094 ἀνθρώπων
755 2020 887 2092 (95),
920 2020 1141 2074 καὶτῶν
1171 2021 1579 2094 ἀκεραιοτέρων
1598 2024 1726 2087 ταῖς

124 2117 241 2170 τῶν
280 2114 559 2186 διαφόρων
605 2113 964 2185 κατηγορίαις
1001 2113 1102 2184 τὴν
1146 2112 1405 2184 ἀλήθειαν
1459 2115 1727 2186 μετρούν-

126 2225 262 2272 των,
311 2207 375 2260 οὐ
423 2205 603 2276 κρίσει
641 2204 743 2268 τὰς
792 2204 914 2258 καθ’
948 2203 1107 2275 ἡμῶν
1142 2204 1398 2269 διαϐολὰς
1429 2205 1726 2278 προσιεμέι

128 2316 240 2354 νων
272 2316 288 2329 ·
351 2300 489 2369 ἡμῖν
546 2313 607 2350 τε
663 2296 849 2361 αὐτοῖς
910 2294 1209 2351 λυσιτελεῖν
1267 2296 1529 2368 ᾠήθημεν
1586 2300 1725 2371 πρὸς

126 2391 453 2459 ἀπολογίαν,
499 2390 595 2443 καὶ
631 2391 745 2453 τοῖς
780 2388 1161 2453 ἀϐασανίστως
1202 2388 1538 2462 λεγομένοις,
1586 2392 1728 2464 πρὸς

126 2485 459 2555 ἀσφάλειαν,
501 2482 779 2553 ἔγγραφον
803 2482 885 2545 είς
915 2481 1059 2552 ὑμᾶς
1088 2482 1348 2537 ἐκθέσθαι
1379 2484 1481 2555 τῆς
1514 2483 1726 2539 ἑαυτῶν

126 2577 293 2648 δόξης
318 2576 423 2648 τὴν
450 2572 765 2646 ὁμολογίαν,
792 2571 849 2625 εί
868 2589 986 2636 πως
1004 2572 1093 2628 διά
1119 2573 1323 2646 ταύτης
1342 2575 1444 2646 τήν
1470 2591 1529 2628 τε
1584 2593 1724 2648 προ-

125 2669 408 2726 λαϐοὖσαν
447 2664 904 2737 ἀποτρεψαίμεθα
936 2664 1319 2737 βλασφημίαν,
1354 2666 1450 2719 καὶ
1493 2665 1633 2738 πρὸς
1664 2665 1727 2720 τὸ

126 2764 320 2820 λοιπὸν
345 2762 475 2824 τοὺς
494 2760 590 2831 μὲν
617 2757 889 2829 πονηροὺς
904 2756 1325 2830 ἀτολμοτέρους,
1346 2758 1475 2822 τοὺς
1518 2757 1576 2810 δὲ
1609 2757 1726 2811 λίαν

128 2856 385 2925 εὐχερεῖς
413 2849 858 2921 ἀσφαλεστέρους
895 2848 1447 2920 παρασκευάσωμεν,
1485 2852 1600 2913 τοῖς
1627 2850 1726 2921 μὲν

124 2948 192 2998 τὸ
217 2944 394 3016 ψευδῆ
428 2943 607 3010 λέγειν
632 2938 865 3002 ὲπιδεὲς,
890 2940 1004 3002 τοῖς
1032 2938 1090 2993 δὲ
1123 2939 1185 2992 τὸ
1223 2938 1501 2992 πιστεύειν
1545 2939 1725 3008 ἀσφα-

124 3038 219 3100 λὶς
249 3033 661 3099 ὐποδείξαντες,
693 3030 1264 3103 συναποδεικνυμένης
1307 3033 1373 3102 τῇ
1402 3031 1537 3102 παρ’
1562 3032 1595 3101 ἡ
1607 3029 1724 3101 μῶν

1897 480 2304 552 Atlendeigitur
2328 490 2378 534 et
2398 552 2403 553 γ
2426 497 2567 553 crine,
2597 482 2897 553 quicunque
2941 481 3053 534 haec
3086 480 3236 548 legis,
3260 495 3324 533 ne
3370 497 3405 535 α

1905 564 2044 608 recta
2074 548 2491 622 via'avertarisj

1901 645 1955 700 1.
2009 643 2272 699 Pctulanti
2309 643 2489 712 lingua
2517 650 2567 697 et
2602 649 2782 697 mente
2836 655 3002 711 prava
3046 640 3167 695 aliis
3198 640 3405 695 calum-

1828 737 2029 792 niando
2085 737 2431 802 obtrectare,
2503 750 2624 788 cum
2686 750 2874 789 eorum
2935 734 3216 787 hominum
3282 732 3408 791 esse

1829 830 2086 892 sciamus,
2120 827 2209 897 qui
2243 826 2472 896 improbi
2506 827 2743 896 odioque
2789 827 2937 895 digni
2961 834 3109 890 sunt,
3157 825 3397 881 vicissim

1830 921 1979 975 omni
2005 928 2199 974 conatu
2233 928 2289 973 et
2322 917 2502 971 studio
2534 926 2756 986 totaque
2785 927 2965 971 mente
3011 918 3064 971 in
3105 917 3155 970 id
3188 910 3402 970 incum-

1828 1011 1980 1076 bere,
2006 1019 2066 1064 ut
2103 1024 2201 1079 per
2230 1010 2562 1065 calumniam
2612 1023 2710 1078 pro
2747 1008 2905 1063 malis
2963 1009 3131 1062 habiti
3181 1009 3409 1062 memla-

1830 1103 1973 1155 cium
1997 1101 2144 1156 veris
2185 1101 2524 1170 argumentis
2574 1114 2603 1152 a
2654 1112 2712 1154 se
2746 1098 3074 1169 propellant,
3124 1098 3403 1152 hominum

1830 1193 2093 1247 bonorum
2126 1205 2246 1245 esse
2274 1190 2544 1256 novimus,
2568 1198 2623 1244 et
2645 1190 2861 1259 quidem
2896 1189 3107 1252 talium,
3145 1189 3235 1258 qui
3286 1204 3410 1242 cum

1829 1283 1935 1336 sibi
1967 1283 2215 1353 privatim
2244 1282 2382 1336 bene
2412 1281 2716 1335 consultmn
2769 1280 3014 1350 cupiunt,
3045 1290 3154 1335 tum
3203 1279 3405 1333 multo-

1830 1388 1949 1426 rum
1985 1386 2200 1441 quoque
2250 1371 2523 1441 publicam
2556 1371 3032 1425 conlirmationem
3067 1372 3245 1442 magni
3274 1371 3411 1428 faci-

1832 1473 1950 1518 unt.
1985 1462 2318 1531 ()ptabamus
2345 1461 2529 1530 itaque
2565 1470 2623 1514 ut
2650 1460 2764 1514 sola
2789 1460 3162 1530 speculatione
3203 1471 3412 1515 utrum-

1831 1571 1936 1626 que
1970 1556 2072 1610 ltoc
2100 1555 2377 1622 cognitum
2404 1554 2606 1607 habere
2639 1553 2795 1608 nobis
2820 1553 3193 1623 contingeret,
3228 1562 3283 1607 et
3314 1569 3413 1606 ue-

1830 1665 1937 1720 que
1970 1664 2094 1703 cmn
2124 1649 2292 1718 priori
2330 1647 2497 1702 ullum
2529 1648 2864 1702 consortium
2899 1648 3247 1711 haberemus,
3292 1655 3346 1700 et
3381 1662 3413 1702 a

1831 1744 2149 1814 posterioris
2173 1743 2337 1796 etiam
2367 1743 2740 1812 experimento
2772 1743 3041 1796 immunes
3075 1757 3193 1796 esse
3224 1757 3412 1811 posse-

1830 1849 1967 1889 mus.
1999 1834 2133 1901 Quia
2160 1849 2289 1888 vero
2330 1836 2492 1889 linem
2517 1834 2666 1888 illum
2708 1851 2773 1889 ex
2818 1834 2984 1888 animi
3020 1836 3288 1889 sententia
3323 1850 3415 1887 as-

1827 1926 1977 1994 sequi
2010 1941 2114 1979 non
2174 1922 2352 1991 licuit,
2403 1924 2556 1980 vafre
2607 1933 2662 1980 et
2708 1926 2858 1978 varie
2900 1934 3008 1978 tam
3034 1924 3211 1978 verbis
3249 1940 3411 1993 quam

1828 2016 1985 2070 factis
2014 2024 2329 2086 comparata
2362 2015 2520 2071 nobis
2546 2015 2686 2086 apud
2718 2016 2919 2071 multos
2963 2017 3231 2072 mendacii
3268 2017 3413 2071 infa-

1828 2109 1956 2173 mia,
1991 2122 2186 2177 maguo
2237 2108 2481 2175 profecto
2521 2122 2646 2162 cum
2699 2109 2889 2163 dolore
2944 2119 3151 2174 nostro,
3196 2110 3411 2164 illorum

1827 2216 1979 2267 vero,
2015 2204 2105 2271 qui
2136 2201 2297 2257 [idem
2324 2201 2443 2257 istis
2473 2201 2693 2269 habent,
2753 2203 2988 2268 damno;
3038 2217 3269 2272 cumque
3299 2203 3414 2258 lucc

1829 2293 1965 2349 ﬁant
1999 2309 2029 2347 a
2056 2292 2348 2348 malitiOsis
2371 2302 2427 2348 et
2459 2293 2725 2365 ejusmodi
2748 2294 3083 2361 hominibus,
3128 2296 3222 2366 qui
3253 2296 3414 2364 quid-

1827 2389 1911 2441 vis
1941 2386 2121 2440 dicere
2145 2394 2239 2439 aut
2263 2384 2444 2441 facere
2499 2400 2604 2441 non
2637 2394 2912 2451 verentur,
2973 2395 3084 2439 tum
3115 2401 3147 2441 a
3192 2387 3407 2456 simpli-

1828 2478 2088 2541 cioribus,
2125 2477 2216 2546 qui
2272 2478 2563 2531 veritatem
2603 2491 2671 2531 ex
2728 2476 3111 2531 dissidentium
3159 2479 3422 2534 crimina-

1830 2568 2065 2623 tionibus
2092 2571 2409 2631 metiuntur,
2439 2576 2497 2621 et
2533 2566 2678 2621 nullo
2719 2566 2929 2636 judicio
2976 2582 3197 2637 sparsas
3224 2581 3418 2627 contra

1831 2674 1932 2713 nos
1959 2657 2262 2713 calumnias
2287 2658 2579 2713 admittunt
2606 2668 2657 2712 et
2692 2658 2745 2712 in
2771 2672 2963 2713 manus
2991 2669 3213 2713 sumunt
3244 2677 3257 2713 :
3284 2661 3421 2717 utile

1828 2752 1986 2806 nobis
2010 2751 2141 2821 ipsis
2176 2752 2428 2807 duximus
2454 2750 2646 2821 partim
2673 2752 2888 2820 quidem
2925 2752 2990 2806 ad
3028 2754 3199 2808 nostri
3232 2753 3421 2808 defen-

1828 2843 2056 2909 sionem,
2082 2845 2277 2914 partim
2302 2846 2604 2900 veroeliam
2622 2847 2689 2900 ad
2711 2856 2933 2917 ea,quze
2954 2847 3087 2901 alias
3100 2846 3423 2917 simpliciter

1828 2941 1884 2987 et
1915 2932 2033 2988 sine
2064 2944 2211 2989 certa
2239 2935 2558 3004 probatione
2590 2936 2867 3005 dicuntur,
2892 2938 3261 2993 coulirmanda
3290 2953 3420 3007 pro-

1829 3025 2006 3095 beque
2040 3026 2353 3094 munienda,
2386 3037 2447 3081 ut
2475 3029 2680 3096 scripto
2725 3029 3177 3099 comprehensam
3235 3045 3417 3086 coram

127 3128 363 3199 ἀληθείᾳ
385 3128 487 3198 τῆς
524 3125 640 3180 κατ’
676 3124 878 3196 ἀμφοῖν
916 3122 1216 3186 κολάσεως.
1261 3122 1326 3174 Ἡ
1352 3121 1459 3192 γὰρ
1505 3119 1644 3191 πρὸς
1669 3120 1726 3173 τὸ

1871 3116 1990 3172 obis
2022 3126 2223 3172 nostrae
2247 3117 2532 3173 sententia:
2562 3133 2957 3188 exponeremus
2984 3119 3411 3187 confessionem,

124 3218 327 3289 ψεῦδος
346 3214 605 3270 κοινωνία
626 3212 814 3285 κοινὴν
830 3210 1164 3283 ἀμφοτέροις
1197 3208 1595 3282 κατεργάζεται
1627 3207 1726 3279 τὴν

1868 3206 1880 3259 i
1909 3221 2017 3274 quo
2052 3214 2210 3274 pacto
2230 3220 2330 3275 per
2361 3206 2508 3260 illam
2540 3214 2651 3259 tum
2674 3207 2974 3261 calumnias
2997 3218 3421 3277 antevertentes,

124 3310 435 3383 τιμωρίαν.
1837 3300 1940 3353 hoc
1970 3309 2073 3364 est,
2102 3299 2251 3369 prius
2273 3314 2491 3369 sparsas
2518 3308 2573 3355 et
2601 3310 2851 3369 acceptas
2875 3300 3123 3371 amoliri;
3145 3311 3255 3356 tum
3287 3318 3424 3360 vero

129 3406 188 3459 in
218 3412 501 3473 posterum
534 3398 834 3453 malitiosos
883 3394 1005 3450 illos
1076 3392 1323 3448 homines
1375 3391 1556 3447 minus
1624 3391 1877 3456 audaces,
1939 3390 2059 3446 illos
2118 3407 2269 3456 vero,
2315 3392 2404 3463 qui
2446 3392 2602 3447 valde
2631 3401 2758 3447 sunt
2803 3391 3101 3461 simplices,
3151 3391 3422 3464 facileque

126 3494 430 3563 capiuntur
489 3497 545 3543 et
568 3495 977 3559 permoventur,
1032 3485 1293 3540 certiores
1365 3494 1526 3553 atque
1587 3481 2018 3537 conlirmatiores
2083 3484 2309 3539 reddere
2366 3498 2695 3554 possemus:
2744 3483 3168 3539 demonstrando
3210 3484 3413 3541 iterum

127 3585 241 3640 illis
267 3581 511 3653 quidem,
552 3594 714 3649 quam
752 3578 825 3633 sit
863 3576 1119 3632 horribile
1182 3577 1463 3631 mendacia
1495 3577 1695 3641 dicere,
1723 3575 1965 3646 falsaque
2001 3591 2247 3632 asserere
2279 3592 2294 3630 :
2348 3578 2494 3631 hisce
2552 3593 2700 3643 vero,
2756 3593 2918 3647 quam
2951 3578 3021 3633 sit
3059 3579 3423 3649 periculosum

128 3675 266 3731 falsa
293 3673 538 3736 credere,
573 3680 789 3726 ostensa
817 3670 978 3726 simul
1008 3685 1071 3725 ea
1100 3685 1221 3740 quae
1251 3685 1279 3723 a
1309 3670 1463 3724 nobis
1502 3678 1609 3724 stat
1668 3671 1918 3737 veritate,
1977 3680 2033 3725 et
2073 3686 2192 3741 qua:
2245 3671 2489 3741 utrisque
2538 3682 2542 3686 ‘
2572 3671 2865 3727 metuenda
2931 3682 3016 3729 est
3051 3687 3239 3744 pmna.
3284 3672 3426 3729 Nam

131 3765 413 3824 mendacii
475 3763 786 3819 communio
831 3777 1176 3818 communem
1224 3762 1391 3816 etiam
1448 3764 1726 3833 utriusque
1763 3764 1983 3819 conlicit
2011 3777 2253 3833 pmnam.

202 3856 258 3910 2.
293 3852 566 3924 Δίτοῦμεν
593 3852 706 3924 (94)
734 3852 792 3907 δὲ
822 3852 932 3927 πρὸ
956 3852 1176 3907 πάντων
1203 3854 1369 3924 ὑμᾶς,
1391 3852 1521 3917 τούς
1550 3872 1612 3908 τε
1636 3853 1732 3908 νῦν

126 3945 560 4017 ἀκουσομένους,
595 3944 687 3997 καὶ
717 3943 846 4007 τοὺς
878 3945 959 4008 είς
1004 3942 1116 4014 (95)
1148 3943 1375 4016 ὕστερον
1408 3943 1732 4016 ὲντευξομέ·

128 4058 283 4105 νους,
327 4039 404 4111 μὴ
427 4038 507 4111 τῷ
538 4037 734 4108 πλήθει
755 4037 1055 4109 διακρίνειν
1086 4036 1291 4092 ἐθέλειν
1327 4038 1428 4110 τῆς
1458 4037 1724 4109 ἀληθείας

127 4135 197 4189 τὸ
239 4133 458 4203 ψεῦδος,
491 4133 559 4203 τῇ
594 4129 797 4184 πλείονι
834 4131 1001 4205 μοίρᾳ
1040 4132 1102 4185 τὸ
1136 4133 1386 4203 κρεῖττον
1427 4131 1732 4185 συνάπτον-

56 4234 59 4241 “
128 4244 257 4291 τας.
301 4228 436 4298 μήτε
479 4225 585 4295 μὴν
613 4223 917 4297 ἀξιώμασιν
951 4226 986 4297 ἡ
1020 4241 1180 4278 τινων
1228 4222 1517 4294 ἀλαζονείᾳ
1568 4240 1737 4295 προσ-

130 4320 385 4389 έχοντας,
418 4315 797 4387 ἀμαυροῦσθαι
826 4315 923 4387 τὴν
962 4316 1201 4370 διάνοιαν
1221 4333 1234 4346 ο
1268 4316 1301 4389 ἢ
1334 4318 1400 4387 τῇ
1436 4316 1589 4382 τάξει
1617 4316 1731 4371 τῶν

1902 3852 1960 3909 2.
1992 3855 2230 3909 Petimus
2262 3865 2444 3910 autem
2501 3864 2627 3911 ante
2654 3855 2835 3912 omnia
2866 3863 2977 3911 tum
3027 3871 3057 3911 a
3114 3856 3290 3925 vobis,
3326 3856 3426 3929 qui

1834 3958 1979 3997 nunc
2003 3943 2121 3998 haec
2148 3944 2283 3998 estis
2316 3944 2578 4010 audituri,
2610 3955 2720 3999 tum
2753 3948 2918 4000 etiam
2964 3945 3032 4001 ab
3077 3947 3204 4015 illis,
3251 3949 3344 4019 qui
3375 3951 3429 4006 in

1836 4045 2113 4104 posterum
2152 4035 2206 4089 in
2241 4036 2426 4090 eadem
2460 4037 2718 4103 incident,
2750 4053 2924 4108 eaque
2971 4038 3172 4111 legent,
3196 4056 3266 4096 ne
3288 4042 3430 4099 mul-

1837 4125 2083 4179 titudinis
2128 4126 2340 4181 ratione
2400 4126 2605 4194 habita,
2659 4129 2958 4182 secundum
3016 4144 3136 4183 eam
3185 4146 3430 4187 veruma

1844 4216 1981 4273 falso
2002 4218 2316 4274 discernere
2339 4219 2540 4285 velitis,
2576 4204 2768 4290 majori
2824 4221 2990 4292 692
3024 4222 3252 4280 scilicet
3286 4226 3428 4295 parti

1844 4309 1897 4363 id
1926 4309 2071 4381 quod
2113 4310 2304 4365 melius
2331 4320 2435 4378 est,
2471 4311 2725 4367 nimirum
2779 4313 3062 4369 victoriam
3091 4326 3145 4371 et
3185 4317 3431 4375 veritatis

130 4409 524 4481 προλαϐόντων
560 4407 673 4479 (96)
720 4409 782 4462 τὸ
812 4408 992 4462 πλεῖον
1028 4411 1314 4479 νέμοντας.
1340 4409 1726 4481 ἀποφράττειν

1867 4373 2234 4466 estimonium,
2267 4402 2659 4457 attribuenda:
2707 4418 2843 4460 neve
2910 4405 3165 4475 dignitati
3220 4418 3313 4463 aut
3350 4409 3434 4478 ja-

127 4507 239 4566 τας
264 4501 436 4566 ἀκοὰς
464 4504 576 4566 τοῖς
596 4500 879 4571 ὑστέροις·
917 4499 1014 4572 τὴν
1041 4499 1099 4554 δὲ
1135 4499 1228 4554 τοῦ
1269 4502 1525 4573 Σωτῆρος
1569 4501 1728 4572 ἡμῶν

146 4590 328 4665 Ἰησοῦ
386 4589 625 4662 Χριστοῦ
680 4589 1029 4643 διδασκαλίαν
1091 4590 1294 4654 παντὸς
1349 4591 1448 4660 μὲν
1509 4590 1732 4661 ἀνθρὼ-

128 4701 260 4739 πων
291 4683 403 4753 (97)
426 4682 682 4755 ἀριθμοῦ,
702 4682 885 4754 πάσης
905 4682 963 4735 δὲ
980 4682 1292 4753 φιλοτιμίας
1314 4681 1345 4752 ἢ
1372 4682 1732 4752 φιλονεικίας,

132 4774 429 4846 συνηθείας
479 4790 537 4826 τε
586 4768 653 4826 αὖ
702 4773 797 4827 καὶ
843 4773 1199 4841 συγγενείας,
1271 4774 1366 4825 καὶ
1424 4771 1731 4843 συλλήϐδην

130 4869 336 4931 εἰπεῖν,
378 4867 597 4920 πάντων
633 4866 736 4920 ὅσα
779 4867 893 4928 τοῖς
929 4865 1029 4936 τῆς
1060 4863 1236 4936 ψυχῆς
1276 4864 1582 4936 κριτηρίοις
1607 4864 1734 4918 ἐπι-

135 4961 366 5015 σκοπεῖν
393 4956 582 5012 εῖωθεν
609 4956 1075 5029 προτιμήσαντας,
1092 4958 1158 5027 τῇ
1184 4957 1321 5027 πρὸς
1340 4955 1438 5027 τὴν
1465 4954 1694 5025 ἀλήθεια
1712 4972 1731 5009 λ

136 5052 328 5123 εὐνοίᾳ
365 5051 571 5122 κρίνειν
601 5049 671 5103 τὰ
690 5048 963 5119 λεγόμενα.
988 5048 1122 5120 (98).
1148 5048 1396 5119 Μεγίστη
1426 5048 1536 5121 γὰρ
1569 5050 1733 5120 μοῖρα

135 5147 281 5219 πρὸς
332 5145 435 5217 τὴν
493 5144 593 5215 τῆς
646 5141 904 5214 ἀληθείας
946 5141 1235 5211 διάγνωσιν
1298 5143 1332 5213 ἡ
1375 5141 1513 5215 πρὸς
1568 5142 1740 5214 αὐτὴν

134 5236 437 5302 οἰκείωσις.

207 5396 325 5467 (91)
357 5395 608 5467 Basilius,
638 5395 731 5452 lib.
765 5412 783 5452 ι
809 5404 995 5467 centre
1021 5392 1250 5448 Eunoni.
1284 5409 1408 5465 pag.
1443 5393 1569 5448 269.

210 5464 328 5536 (’92)
360 5468 461 5522 Ms.
488 5466 805 5537 Tenissou.,
835 5464 1097 5537 σπουδήν·

496 5536 729 5624 ἀνδρῶν.
762 5538 818 5591 In
849 5552 980 5591 mss.
1010 5532 1224 5590 vetusto
1244 5532 1363 5603 fuit,
1388 5535 1551 5603 ἀνῶν,
1587 5532 1732 5604 quod

138 5609 413 5679 Signiﬁcat
438 5608 762 5679 ἀνθρώπων.

212 5674 330 5749 (96)
367 5677 442 5731 Ita
467 5674 690 5749 pollices
718 5678 900 5748 Gudii,
932 5677 1346 5749 Lindenbrogii,
1381 5674 1684 5734 'l‘enissooii
1714 5693 1730 5742 ;

138 5745 269 5808 ἱὶεει
292 5745 435 5820 apud
464 5747 718 5805 Basilium
754 5745 893 5819 pag.
927 5747 1038 5803 210
1064 5759 1167 5812 est,
1197 5746 1479 5818 αἰτοῦμαι.

1842 4493 2057 4547 εῑοηιίω
2098 4493 2455 4563 quorumdam
2496 4496 2686 4563 dediti,
2730 4499 2901 4552 aciem
2931 4500 3126 4554 mentis
3160 4500 3312 4557 vobis
3345 4517 3435 4556 re-

1845 4588 1996 4641 tundi
2026 4587 2308 4656 patiamini
2343 4604 2357 4642 :
2381 4586 2489 4654 vel,
2511 4591 2637 4643 dum
2658 4587 2777 4661 plus
2803 4605 2958 4658 aequo
2984 4592 3160 4645 ordini
3187 4593 3428 4662 priorum

1844 4682 2127 4737 doctorum
2159 4683 2420 4748 tribuitis,
2490 4696 2651 4737 aures
2713 4683 3106 4753 posterioribus
3146 4686 3430 4743 obturetis.

1842 4770 1982 4840 Quin
2012 4773 2213 4843 potius,
2250 4783 2309 4829 ut
2361 4773 2662 4828 Salvatoris
2706 4773 2880 4829 nostri
2935 4773 3062 4828 Jesu
3097 4775 3299 4831 Christi
3330 4776 3432 4831 do-

1845 4865 2079 4920 ctrinam
2106 4865 2255 4919 omni
2285 4866 2564 4921 hominum
2593 4878 2841 4931 numero,
2882 4866 3029 4921 omni
3057 4882 3271 4937 quoque
3311 4883 3430 4923 am-
3490 4914 3491 4917 η

1843 4956 2035 5011 bitioni
2058 4957 2146 5011 vel
2172 4956 2537 5013 contentionis
2580 4957 2781 5021 studio,
2824 4958 2972 5012 omni
3019 4972 3239 5028 quoque
3276 4958 3434 5013 fatui-

1849 5048 2069 5104 liaritati
2103 5059 2158 5105 et
2190 5046 2498 5118 cognatioui
2525 5087 2539 5113 ,
2574 5057 2738 5117 atque
2771 5057 2830 5102 ut
2872 5050 3185 5103 summatim
3230 5049 3431 5117 dicam,

1850 5143 2104 5197 omnibus
2128 5141 2235 5196 illis
2262 5142 2442 5203 rebus,
2477 5156 2598 5211 quae
2645 5141 2814 5195 menti
2859 5139 2914 5194 in
2942 5139 3238 5209 judicaudo
3280 5149 3432 5195 tene-

1854 5234 1982 5289 bras
2019 5231 2296 5289 oﬂ‘undere
2326 5233 2528 5299 solent,
2576 5232 2906 5303 przeleratis,
2956 5241 3121 5302 atque
3169 5233 3245 5288 ita
3293 5234 3434 5289 bene

1909 5392 2022 5463 (95)
2058 5393 2154 5456 Εἰς
2193 5392 2395 5463 omittit
2426 5390 2600 5463 Basi|_.
2625 5400 2687 5463 et
2709 5388 2854 5445 Gud.

1905 5457 2017 5534 (96)
2050 5464 2125 5516 Ita
2171 5461 2523 5534 recteBasil.
2556 5459 2850 5516 TeniSsou.
2895 5459 3261 5532 Lindenbrog.
3294 5457 3429 5516 Nam

1833 5530 2165 5619 GllﬂL'Plil‘le,
2193 5531 2632 5619 προσλαϐόντων.

1907 5604 2017 5674 (97)
2053 5603 2186 5657 Cod.
2212 5601 2496 5674 'i‘enissnn.
2536 5604 2749 5674 iterum,
2792 5601 3030 5674 ἀνδρῶν.

1910 5671 2021 5741 (98)
2058 5675 2248 5734 Verba,
2282 5674 2346 5742 τῇ
2382 5672 2520 5741 πρὸς
2558 5671 2658 5740 τὴν
2697 5671 2956 5742 ἀλήθειαν
2999 5672 3183 5741 εὐνοίᾳ
3220 5671 3433 5741 κρίνειν

1834 5747 1903 5801 τὰ
1933 5744 2227 5817 λεγόμενα,
2264 5743 2404 5812 apud
2442 5743 2677 5796 Cavcutn
2716 5744 2855 5799 male
2884 5745 3289 5799 desiderantur.
