  <div class='ocr_page' id='page_1' title='image "/cluster/home/n/w/nwhite01/storage/ocr_20150623/30/nnc1.0046978810/442.png"; bbox 0 0 3802 6216; ppageno 0'>
   <div class='ocr_carea' id='block_1_1' title="bbox 190 311 289 358">
    <p class='ocr_par' dir='ltr' id='par_1_1' title="bbox 190 311 289 358">
     <span class='ocr_line' id='line_1_1' title="bbox 190 311 289 358; baseline -0.03 0"><span class='ocrx_word' id='word_1_1' title='bbox 190 311 289 358; x_wconf 63' lang='lat' dir='ltr'><strong>ul</strong></span> 
     </span>
    </p>
   </div>
   <div class='ocr_carea' id='block_1_2' title="bbox 1258 286 2376 363">
    <p class='ocr_par' dir='ltr' id='par_1_2' title="bbox 1258 286 2376 363">
     <span class='ocr_line' id='line_1_2' title="bbox 1258 286 2376 363; baseline 0.001 -4"><span class='ocrx_word' id='word_1_2' title='bbox 1258 298 1545 360; x_wconf 66' lang='lat' dir='ltr'><strong>ausonii</strong></span> <span class='ocrx_word' id='word_1_3' title='bbox 1583 298 1791 358; x_wconf 69' lang='lat' dir='ltr'><strong>manu</strong></span> <span class='ocrx_word' id='word_1_4' title='bbox 1830 286 2376 363; x_wconf 69' lang='lat' dir='ltr'><strong>Aroaosc&#39;r&#39;tcus.</strong></span> 
     </span>
    </p>
   </div>
   <div class='ocr_carea' id='block_1_3' title="bbox 3347 298 3455 367">
    <p class='ocr_par' dir='ltr' id='par_1_3' title="bbox 3347 298 3455 367">
     <span class='ocr_line' id='line_1_3' title="bbox 3347 298 3455 367; baseline 0.019 -2"><span class='ocrx_word' id='word_1_5' title='bbox 3347 298 3455 367; x_wconf 67' lang='lat' dir='ltr'><strong>8t!</strong></span> 
     </span>
    </p>
   </div>
   <div class='ocr_carea' id='block_1_4' title="bbox 183 416 1715 497">
    <p class='ocr_par' dir='ltr' id='par_1_4' title="bbox 183 416 1714 495">
     <span class='ocr_line' id='line_1_4' title="bbox 183 416 1714 495; baseline -0.001 -18"><span class='ocrx_word' id='word_1_6' title='bbox 183 424 373 494; x_wconf 82' lang='grc' dir='ltr'><strong>λογίαν</strong></span> <span class='ocrx_word' id='word_1_7' title='bbox 425 423 631 494; x_wconf 86' lang='grc' dir='ltr'><strong>ταύτην</strong></span> <span class='ocrx_word' id='word_1_8' title='bbox 677 416 995 495; x_wconf 74' lang='grc' dir='ltr'><strong>ἐλευθέρους</strong></span> <span class='ocrx_word' id='word_1_9' title='bbox 1040 422 1300 490; x_wconf 80' lang='grc' dir='ltr'><strong>ἀφιέντας</strong></span> <span class='ocrx_word' id='word_1_10' title='bbox 1341 422 1449 477; x_wconf 83' lang='grc' dir='ltr'><strong>τῶν</strong></span> <span class='ocrx_word' id='word_1_11' title='bbox 1495 422 1714 495; x_wconf 80' lang='grc' dir='ltr'><strong>ἑγκλημ</strong></span> 
     </span>
    </p>
   </div>
   <div class='ocr_carea' id='block_1_5' title="bbox 1873 416 3451 497">
    <p class='ocr_par' dir='ltr' id='par_1_5' title="bbox 1889 422 3451 497">
     <span class='ocr_line' id='line_1_5' title="bbox 1889 422 3451 497; baseline 0.003 -18"><span class='ocrx_word' id='word_1_12' title='bbox 1889 436 2028 489; x_wconf 89' lang='lat' dir='ltr'><strong>rent,</strong></span> <span class='ocrx_word' id='word_1_13' title='bbox 2060 427 2248 497; x_wconf 88' lang='lat' dir='ltr'><strong>parive</strong></span> <span class='ocrx_word' id='word_1_14' title='bbox 2274 425 2602 481; x_wconf 71' lang='lat' dir='ltr'><strong>necessitate</strong></span> <span class='ocrx_word' id='word_1_15' title='bbox 2646 422 2898 495; x_wconf 76' lang='lat' dir='ltr'><strong>dportere</strong></span> <span class='ocrx_word' id='word_1_16' title='bbox 2947 427 3064 493; x_wconf 79' lang='lat' dir='ltr'><strong>eos,</strong></span> <span class='ocrx_word' id='word_1_17' title='bbox 3095 428 3185 497; x_wconf 88' lang='lat' dir='ltr'><strong>qui</strong></span> <span class='ocrx_word' id='word_1_18' title='bbox 3212 442 3313 484; x_wconf 85' lang='lat' dir='ltr'><strong>nos</strong></span> <span class='ocrx_word' id='word_1_19' title='bbox 3344 430 3451 484; x_wconf 84' lang='lat' dir='ltr'><strong>im-</strong></span> 
     </span>
    </p>
   </div>
   <div class='ocr_carea' id='block_1_6' title="bbox 182 510 1778 593">
    <p class='ocr_par' dir='ltr' id='par_1_6' title="bbox 182 510 1778 593">
     <span class='ocr_line' id='line_1_6' title="bbox 182 510 1778 593; baseline 0.001 -25"><span class='ocrx_word' id='word_1_20' title='bbox 182 532 313 578; x_wconf 86' lang='grc' dir='ltr'><strong>των,</strong></span> <span class='ocrx_word' id='word_1_21' title='bbox 345 510 764 588; x_wconf 77' lang='grc' dir='ltr'><strong>καθαρευούσης</strong></span> <span class='ocrx_word' id='word_1_22' title='bbox 805 514 985 569; x_wconf 82' lang='grc' dir='ltr'><strong>αὐτῶν</strong></span> <span class='ocrx_word' id='word_1_23' title='bbox 1014 515 1117 582; x_wconf 72' lang='grc' dir='ltr'><strong>τῆς</strong></span> <span class='ocrx_word' id='word_1_24' title='bbox 1145 514 1384 593; x_wconf 75' lang='grc' dir='ltr'><strong>διανοίας</strong></span> <span class='ocrx_word' id='word_1_25' title='bbox 1434 515 1618 586; x_wconf 84' lang='grc' dir='ltr'><strong>πάσης</strong></span> <span class='ocrx_word' id='word_1_26' title='bbox 1655 513 1778 569; x_wconf 84' lang='grc' dir='ltr'><strong>καθ’</strong></span> 
     </span>
    </p>
   </div>
   <div class='ocr_carea' id='block_1_7' title="bbox 182 606 1780 680">
    <p class='ocr_par' dir='ltr' id='par_1_7' title="bbox 182 606 1780 680">
     <span class='ocr_line' id='line_1_7' title="bbox 182 606 1780 680; baseline 0 -20"><span class='ocrx_word' id='word_1_27' title='bbox 182 606 345 680; x_wconf 82' lang='grc' dir='ltr'><strong>ἡμῶν</strong></span> <span class='ocrx_word' id='word_1_28' title='bbox 376 608 624 680; x_wconf 77' lang='grc' dir='ltr'><strong>πονηρᾶς</strong></span> <span class='ocrx_word' id='word_1_29' title='bbox 650 608 929 671; x_wconf 74' lang='grc' dir='ltr'><strong>ὑπονοίας,</strong></span> <span class='ocrx_word' id='word_1_30' title='bbox 960 607 1150 660; x_wconf 75' lang='grc' dir='ltr'><strong>τοῦτον</strong></span> <span class='ocrx_word' id='word_1_31' title='bbox 1191 608 1315 678; x_wconf 81' lang='grc' dir='ltr'><strong>ὅρον</strong></span> <span class='ocrx_word' id='word_1_32' title='bbox 1344 608 1437 661; x_wconf 74' lang='grc' dir='ltr'><strong>καὶ</strong></span> <span class='ocrx_word' id='word_1_33' title='bbox 1471 608 1647 679; x_wconf 80' lang='grc' dir='ltr'><strong>πέρας</strong></span> <span class='ocrx_word' id='word_1_34' title='bbox 1669 606 1780 661; x_wconf 76' lang='grc' dir='ltr'><strong>τῶν</strong></span> 
     </span>
    </p>
   </div>
   <div class='ocr_carea' id='block_1_8' title="bbox 185 698 1779 772">
    <p class='ocr_par' dir='ltr' id='par_1_8' title="bbox 185 698 1779 772">
     <span class='ocr_line' id='line_1_8' title="bbox 185 698 1779 772; baseline 0.001 -20"><span class='ocrx_word' id='word_1_35' title='bbox 185 698 338 752; x_wconf 88' lang='grc' dir='ltr'><strong>ίδίων</strong></span> <span class='ocrx_word' id='word_1_36' title='bbox 382 698 452 753; x_wconf 82' lang='grc' dir='ltr'><strong>ἂν</strong></span> <span class='ocrx_word' id='word_1_37' title='bbox 491 698 875 770; x_wconf 77' lang='grc' dir='ltr'><strong>ἐποιησάμεθα</strong></span> <span class='ocrx_word' id='word_1_38' title='bbox 912 698 1107 768; x_wconf 82' lang='grc' dir='ltr'><strong>λόγων,</strong></span> <span class='ocrx_word' id='word_1_39' title='bbox 1142 700 1364 770; x_wconf 79' lang='grc' dir='ltr'><strong>ἀσφαλῆ</strong></span> <span class='ocrx_word' id='word_1_40' title='bbox 1412 699 1510 772; x_wconf 83' lang='grc' dir='ltr'><strong>τὴν</strong></span> <span class='ocrx_word' id='word_1_41' title='bbox 1545 701 1779 771; x_wconf 75' lang='grc' dir='ltr'><strong>ἡσυχίαν</strong></span> 
     </span>
    </p>
   </div>
   <div class='ocr_carea' id='block_1_9' title="bbox 180 788 1779 865">
    <p class='ocr_par' dir='ltr' id='par_1_9' title="bbox 180 788 1779 865">
     <span class='ocr_line' id='line_1_9' title="bbox 180 788 1779 865; baseline 0.001 -22"><span class='ocrx_word' id='word_1_42' title='bbox 180 790 318 861; x_wconf 67' lang='grc' dir='ltr'><strong>ἡμῖν</strong></span> <span class='ocrx_word' id='word_1_43' title='bbox 352 788 715 861; x_wconf 78' lang='grc' dir='ltr'><strong>ὲγγυωμένης</strong></span> <span class='ocrx_word' id='word_1_44' title='bbox 769 791 871 861; x_wconf 81' lang='grc' dir='ltr'><strong>τῆς</strong></span> <span class='ocrx_word' id='word_1_45' title='bbox 899 791 1212 863; x_wconf 77' lang='grc' dir='ltr'><strong>ὁμολογίας.</strong></span> <span class='ocrx_word' id='word_1_46' title='bbox 1255 792 1478 864; x_wconf 81' lang='grc' dir='ltr'><strong>Ἐπειδὴ</strong></span> <span class='ocrx_word' id='word_1_47' title='bbox 1535 793 1593 847; x_wconf 82' lang='grc' dir='ltr'><strong>δὲ</strong></span> <span class='ocrx_word' id='word_1_48' title='bbox 1640 796 1779 865; x_wconf 85' lang='grc' dir='ltr'><strong>μήτε</strong></span> 
     </span>
    </p>
   </div>
   <div class='ocr_carea' id='block_1_10' title="bbox 180 868 1775 959">
    <p class='ocr_par' dir='ltr' id='par_1_10' title="bbox 180 868 1775 959">
     <span class='ocr_line' id='line_1_10' title="bbox 180 868 1775 959; baseline 0.003 -25"><span class='ocrx_word' id='word_1_49' title='bbox 180 881 271 935; x_wconf 68' lang='grc' dir='ltr'><strong>διὰ</strong></span> <span class='ocrx_word' id='word_1_50' title='bbox 322 883 621 937; x_wconf 86' lang='grc' dir='ltr'><strong>κακόνοιαν</strong></span> <span class='ocrx_word' id='word_1_51' title='bbox 658 885 692 955; x_wconf 73' lang='grc' dir='ltr'><strong>ἦ</strong></span> <span class='ocrx_word' id='word_1_52' title='bbox 728 900 852 939; x_wconf 89' lang='grc' dir='ltr'><strong>τινα</strong></span> <span class='ocrx_word' id='word_1_53' title='bbox 906 883 1135 955; x_wconf 84' lang='grc' dir='ltr'><strong>γνώμης</strong></span> <span class='ocrx_word' id='word_1_54' title='bbox 1190 886 1493 959; x_wconf 74' lang='grc' dir='ltr'><strong>μοχθηρίαν</strong></span> <span class='ocrx_word' id='word_1_55' title='bbox 1544 868 1775 959; x_wconf 70' lang='grc' dir='ltr'><strong>ἑτέραν,</strong></span> 
     </span>
    </p>
   </div>
   <div class='ocr_carea' id='block_1_11' title="bbox 180 974 1780 1050">
    <p class='ocr_par' dir='ltr' id='par_1_11' title="bbox 180 974 1780 1050">
     <span class='ocr_line' id='line_1_11' title="bbox 180 974 1780 1050; baseline 0.005 -24"><span class='ocrx_word' id='word_1_56' title='bbox 180 974 567 1046; x_wconf 78' lang='grc' dir='ltr'><strong>παρατρέπειν</strong></span> <span class='ocrx_word' id='word_1_57' title='bbox 625 977 721 1030; x_wconf 78' lang='grc' dir='ltr'><strong>καὶ</strong></span> <span class='ocrx_word' id='word_1_58' title='bbox 778 975 1116 1049; x_wconf 82' lang='grc' dir='ltr'><strong>διαφθείρειν</strong></span> <span class='ocrx_word' id='word_1_59' title='bbox 1167 978 1268 1050; x_wconf 85' lang='grc' dir='ltr'><strong>τὴν</strong></span> <span class='ocrx_word' id='word_1_60' title='bbox 1292 978 1501 1033; x_wconf 77' lang='grc' dir='ltr'><strong>ἔννοιαν</strong></span> <span class='ocrx_word' id='word_1_61' title='bbox 1569 980 1780 1049; x_wconf 81' lang='grc' dir='ltr'><strong>ἐπιχει-</strong></span> 
     </span>
    </p>
   </div>
   <div class='ocr_carea' id='block_1_12' title="bbox 179 1066 1775 1145">
    <p class='ocr_par' dir='ltr' id='par_1_12' title="bbox 179 1066 1775 1145">
     <span class='ocr_line' id='line_1_12' title="bbox 179 1066 1775 1145; baseline 0.004 -27"><span class='ocrx_word' id='word_1_62' title='bbox 179 1066 394 1136; x_wconf 72' lang='grc' dir='ltr'><strong>ροῦσιν,</strong></span> <span class='ocrx_word' id='word_1_63' title='bbox 435 1067 723 1138; x_wconf 78' lang='grc' dir='ltr'><strong>αὐτάρκης</strong></span> <span class='ocrx_word' id='word_1_64' title='bbox 762 1069 900 1145; x_wconf 83' lang='grc' dir='ltr'><strong>πρὸς</strong></span> <span class='ocrx_word' id='word_1_65' title='bbox 947 1070 1214 1124; x_wconf 86' lang='grc' dir='ltr'><strong>πίστωσιν</strong></span> <span class='ocrx_word' id='word_1_66' title='bbox 1253 1070 1353 1142; x_wconf 82' lang='grc' dir='ltr'><strong>τῆς</strong></span> <span class='ocrx_word' id='word_1_67' title='bbox 1390 1070 1653 1143; x_wconf 79' lang='grc' dir='ltr'><strong>ἀληθείας</strong></span> <span class='ocrx_word' id='word_1_68' title='bbox 1692 1072 1775 1140; x_wconf 61' lang='grc' dir='ltr'><strong>(οὐ</strong></span> 
     </span>
    </p>
   </div>
   <div class='ocr_carea' id='block_1_13' title="bbox 175 1156 1779 1234">
    <p class='ocr_par' dir='ltr' id='par_1_13' title="bbox 175 1156 1779 1234">
     <span class='ocr_line' id='line_1_13' title="bbox 175 1156 1779 1234; baseline 0.004 -24"><span class='ocrx_word' id='word_1_69' title='bbox 175 1156 289 1229; x_wconf 73' lang='grc' dir='ltr'><strong>γὰρ</strong></span> <span class='ocrx_word' id='word_1_70' title='bbox 330 1157 400 1211; x_wconf 77' lang='grc' dir='ltr'><strong>ἂν</strong></span> <span class='ocrx_word' id='word_1_71' title='bbox 446 1159 735 1225; x_wconf 85' lang='grc' dir='ltr'><strong>Σαϐέλλιος</strong></span> <span class='ocrx_word' id='word_1_72' title='bbox 772 1164 802 1216; x_wconf 82' lang='grc' dir='ltr'><strong>ὁ</strong></span> <span class='ocrx_word' id='word_1_73' title='bbox 829 1160 1022 1225; x_wconf 76' lang='grc' dir='ltr'><strong>Λίϐυς,</strong></span> <span class='ocrx_word' id='word_1_74' title='bbox 1060 1162 1157 1216; x_wconf 74' lang='grc' dir='ltr'><strong>καὶ</strong></span> <span class='ocrx_word' id='word_1_75' title='bbox 1197 1162 1519 1234; x_wconf 82' lang='grc' dir='ltr'><strong>Μάρκελλος</strong></span> <span class='ocrx_word' id='word_1_76' title='bbox 1550 1166 1579 1216; x_wconf 88' lang='grc' dir='ltr'><strong>ὁ</strong></span> <span class='ocrx_word' id='word_1_77' title='bbox 1608 1162 1779 1217; x_wconf 85' lang='grc' dir='ltr'><strong>Γαλά-</strong></span> 
     </span>
    </p>
   </div>
   <div class='ocr_carea' id='block_1_14' title="bbox 175 1251 1780 1325">
    <p class='ocr_par' dir='ltr' id='par_1_14' title="bbox 175 1251 1780 1325">
     <span class='ocr_line' id='line_1_14' title="bbox 175 1251 1780 1325; baseline 0.004 -24"><span class='ocrx_word' id='word_1_78' title='bbox 175 1265 298 1320; x_wconf 85' lang='grc' dir='ltr'><strong>της,</strong></span> <span class='ocrx_word' id='word_1_79' title='bbox 332 1251 430 1304; x_wconf 81' lang='grc' dir='ltr'><strong>καὶ</strong></span> <span class='ocrx_word' id='word_1_80' title='bbox 456 1252 743 1316; x_wconf 68' lang='grc' dir='ltr'><strong>Φωτεινὸς,</strong></span> <span class='ocrx_word' id='word_1_81' title='bbox 776 1253 810 1324; x_wconf 75' lang='grc' dir='ltr'>ἦ</span> <span class='ocrx_word' id='word_1_82' title='bbox 832 1270 915 1317; x_wconf 90' lang='grc' dir='ltr'><strong>τις</strong></span> <span class='ocrx_word' id='word_1_83' title='bbox 936 1254 1097 1318; x_wconf 83' lang='grc' dir='ltr'><strong>ἀλλος</strong></span> <span class='ocrx_word' id='word_1_84' title='bbox 1115 1252 1225 1309; x_wconf 81' lang='grc' dir='ltr'><strong>τῶν</strong></span> <span class='ocrx_word' id='word_1_85' title='bbox 1247 1253 1344 1325; x_wconf 85' lang='grc' dir='ltr'><strong>τὴν</strong></span> <span class='ocrx_word' id='word_1_86' title='bbox 1372 1253 1542 1325; x_wconf 82' lang='grc' dir='ltr'><strong>αὐτὴν</strong></span> <span class='ocrx_word' id='word_1_87' title='bbox 1567 1254 1780 1319; x_wconf 82' lang='grc' dir='ltr'><strong>τούτοις</strong></span> 
     </span>
    </p>
   </div>
   <div class='ocr_carea' id='block_1_15' title="bbox 175 1339 1779 1417">
    <p class='ocr_par' dir='ltr' id='par_1_15' title="bbox 175 1339 1779 1417">
     <span class='ocr_line' id='line_1_15' title="bbox 175 1339 1779 1417; baseline 0.004 -26"><span class='ocrx_word' id='word_1_88' title='bbox 175 1339 384 1409; x_wconf 85' lang='grc' dir='ltr'><strong>μανίαν</strong></span> <span class='ocrx_word' id='word_1_89' title='bbox 419 1340 721 1411; x_wconf 75' lang='grc' dir='ltr'><strong>μανέντων,</strong></span> <span class='ocrx_word' id='word_1_90' title='bbox 747 1342 1021 1412; x_wconf 87' lang='grc' dir='ltr'><strong>συλλόγων</strong></span> <span class='ocrx_word' id='word_1_91' title='bbox 1045 1345 1337 1417; x_wconf 84' lang='grc' dir='ltr'><strong>ίερατικῶν</strong></span> <span class='ocrx_word' id='word_1_92' title='bbox 1365 1345 1461 1403; x_wconf 82' lang='grc' dir='ltr'><strong>καὶ</strong></span> <span class='ocrx_word' id='word_1_93' title='bbox 1494 1345 1779 1409; x_wconf 78' lang='grc' dir='ltr'><strong>κοινωνίας</strong></span> 
     </span>
    </p>
   </div>
   <div class='ocr_carea' id='block_1_16' title="bbox 172 1432 1775 1509">
    <p class='ocr_par' dir='ltr' id='par_1_16' title="bbox 172 1432 1775 1509">
     <span class='ocr_line' id='line_1_16' title="bbox 172 1432 1775 1509; baseline 0.005 -27"><span class='ocrx_word' id='word_1_94' title='bbox 172 1432 521 1503; x_wconf 77' lang='grc' dir='ltr'><strong>μυστηρίων,</strong></span> <span class='ocrx_word' id='word_1_95' title='bbox 551 1435 646 1487; x_wconf 77' lang='grc' dir='ltr'><strong>καὶ</strong></span> <span class='ocrx_word' id='word_1_96' title='bbox 669 1434 974 1506; x_wconf 84' lang='grc' dir='ltr'><strong>περιϐόλων</strong></span> <span class='ocrx_word' id='word_1_97' title='bbox 989 1435 1467 1506; x_wconf 75' lang='grc' dir='ltr'><strong>ἐκκλησιαπικῶν</strong></span> <span class='ocrx_word' id='word_1_98' title='bbox 1484 1436 1775 1509; x_wconf 70' lang='grc' dir='ltr'><strong>εἴργοντο),</strong></span> 
     </span>
    </p>
   </div>
   <div class='ocr_carea' id='block_1_17' title="bbox 172 1521 1778 1602">
    <p class='ocr_par' dir='ltr' id='par_1_17' title="bbox 172 1521 1778 1602">
     <span class='ocr_line' id='line_1_17' title="bbox 172 1521 1778 1602; baseline 0.004 -27"><span class='ocrx_word' id='word_1_99' title='bbox 172 1521 307 1591; x_wconf 78' lang='grc' dir='ltr'><strong>μήθ’</strong></span> <span class='ocrx_word' id='word_1_100' title='bbox 320 1525 353 1594; x_wconf 72' lang='grc' dir='ltr'>ἡ</span> <span class='ocrx_word' id='word_1_101' title='bbox 361 1527 453 1593; x_wconf 86' lang='grc' dir='ltr'><strong>μίν</strong></span> <span class='ocrx_word' id='word_1_102' title='bbox 469 1525 629 1597; x_wconf 81' lang='grc' dir='ltr'><strong>ἱκανὴ</strong></span> <span class='ocrx_word' id='word_1_103' title='bbox 642 1526 777 1597; x_wconf 82' lang='grc' dir='ltr'><strong>πρὸς</strong></span> <span class='ocrx_word' id='word_1_104' title='bbox 787 1527 1032 1582; x_wconf 82' lang='grc' dir='ltr'><strong>διάλυσιν</strong></span> <span class='ocrx_word' id='word_1_105' title='bbox 1048 1528 1159 1581; x_wconf 85' lang='grc' dir='ltr'><strong>τῶν</strong></span> <span class='ocrx_word' id='word_1_106' title='bbox 1177 1528 1576 1598; x_wconf 75' lang='grc' dir='ltr'><strong>ἐπενεχθέντων</strong></span> <span class='ocrx_word' id='word_1_107' title='bbox 1589 1529 1778 1602; x_wconf 87' lang='grc' dir='ltr'><strong>εγκλη-</strong></span> 
     </span>
    </p>
   </div>
   <div class='ocr_carea' id='block_1_18' title="bbox 173 1612 1777 1692">
    <p class='ocr_par' dir='ltr' id='par_1_18' title="bbox 173 1612 1777 1692">
     <span class='ocr_line' id='line_1_18' title="bbox 173 1612 1777 1692; baseline 0.004 -27"><span class='ocrx_word' id='word_1_108' title='bbox 173 1612 368 1681; x_wconf 78' lang='grc' dir='ltr'><strong>μάτων</strong></span> <span class='ocrx_word' id='word_1_109' title='bbox 384 1629 397 1642; x_wconf 92' lang='grc'><strong>·</strong></span> <span class='ocrx_word' id='word_1_110' title='bbox 431 1614 568 1668; x_wconf 84' lang='grc' dir='ltr'><strong>ἀλλά</strong></span> <span class='ocrx_word' id='word_1_111' title='bbox 596 1615 678 1669; x_wconf 82' lang='grc' dir='ltr'><strong>δεῖ</strong></span> <span class='ocrx_word' id='word_1_112' title='bbox 698 1635 858 1671; x_wconf 92' lang='grc' dir='ltr'><strong>τινων</strong></span> <span class='ocrx_word' id='word_1_113' title='bbox 879 1618 1286 1691; x_wconf 78' lang='grc' dir='ltr'><strong>ἀκριϐεστέρων</strong></span> <span class='ocrx_word' id='word_1_114' title='bbox 1309 1620 1482 1690; x_wconf 86' lang='grc' dir='ltr'><strong>λόγων</strong></span> <span class='ocrx_word' id='word_1_115' title='bbox 1517 1620 1654 1692; x_wconf 81' lang='grc' dir='ltr'><strong>πρὸς</strong></span> <span class='ocrx_word' id='word_1_116' title='bbox 1678 1621 1777 1692; x_wconf 80' lang='grc' dir='ltr'><strong>τὴν</strong></span> 
     </span>
    </p>
   </div>
   <div class='ocr_carea' id='block_1_19' title="bbox 1884 517 3455 595">
    <p class='ocr_par' dir='ltr' id='par_1_19' title="bbox 1884 517 3455 595">
     <span class='ocr_line' id='line_1_19' title="bbox 1884 517 3455 595; baseline 0.003 -23"><span class='ocrx_word' id='word_1_117' title='bbox 1884 518 2107 588; x_wconf 86' lang='lat' dir='ltr'><strong>pietatis</strong></span> <span class='ocrx_word' id='word_1_118' title='bbox 2138 528 2483 595; x_wconf 71' lang='lat' dir='ltr'><strong>accusarunt,</strong></span> <span class='ocrx_word' id='word_1_119' title='bbox 2511 526 2632 586; x_wconf 90' lang='lat' dir='ltr'><strong>post</strong></span> <span class='ocrx_word' id='word_1_120' title='bbox 2660 517 2863 572; x_wconf 78' lang='lat' dir='ltr'><strong>editam</strong></span> <span class='ocrx_word' id='word_1_121' title='bbox 2886 517 3027 573; x_wconf 81' lang='lat' dir='ltr'><strong>lianc</strong></span> <span class='ocrx_word' id='word_1_122' title='bbox 3056 517 3455 576; x_wconf 74' lang='lat' dir='ltr'><strong>confessionem</strong></span> 
     </span>
    </p>
   </div>
   <div class='ocr_carea' id='block_1_20' title="bbox 1882 606 3454 680">
    <p class='ocr_par' dir='ltr' id='par_1_20' title="bbox 1882 606 3454 680">
     <span class='ocr_line' id='line_1_20' title="bbox 1882 606 3454 680; baseline 0.002 -17"><span class='ocrx_word' id='word_1_123' title='bbox 1882 610 1952 664; x_wconf 92' lang='lat' dir='ltr'><strong>ab</strong></span> <span class='ocrx_word' id='word_1_124' title='bbox 1985 610 2263 664; x_wconf 76' lang='lat' dir='ltr'><strong>intentatis</strong></span> <span class='ocrx_word' id='word_1_125' title='bbox 2288 610 2609 664; x_wconf 83' lang='lat' dir='ltr'><strong>criminibus</strong></span> <span class='ocrx_word' id='word_1_126' title='bbox 2631 606 2844 664; x_wconf 83' lang='lat' dir='ltr'><strong>rursum</strong></span> <span class='ocrx_word' id='word_1_127' title='bbox 2877 625 2975 666; x_wconf 91' lang='lat' dir='ltr'><strong>nos</strong></span> <span class='ocrx_word' id='word_1_128' title='bbox 3000 610 3303 677; x_wconf 81' lang='lat' dir='ltr'><strong>absolvere,</strong></span> <span class='ocrx_word' id='word_1_129' title='bbox 3322 626 3454 680; x_wconf 86' lang='lat' dir='ltr'><strong>pur-</strong></span> 
     </span>
    </p>
   </div>
   <div class='ocr_carea' id='block_1_21' title="bbox 1880 701 3454 771">
    <p class='ocr_par' dir='ltr' id='par_1_21' title="bbox 1880 701 3454 771">
     <span class='ocr_line' id='line_1_21' title="bbox 1880 701 3454 771; baseline 0.003 -20"><span class='ocrx_word' id='word_1_130' title='bbox 1880 711 2004 771; x_wconf 78' lang='lat' dir='ltr'><strong>guto</strong></span> <span class='ocrx_word' id='word_1_131' title='bbox 2030 701 2281 755; x_wconf 86' lang='lat' dir='ltr'><strong>nimirum</strong></span> <span class='ocrx_word' id='word_1_132' title='bbox 2312 702 2550 770; x_wconf 87' lang='lat' dir='ltr'><strong>ipsorum</strong></span> <span class='ocrx_word' id='word_1_133' title='bbox 2580 702 2762 755; x_wconf 87' lang='lat' dir='ltr'><strong>animo</strong></span> <span class='ocrx_word' id='word_1_134' title='bbox 2792 701 2859 756; x_wconf 88' lang='lat' dir='ltr'><strong>ab</strong></span> <span class='ocrx_word' id='word_1_135' title='bbox 2891 701 3037 754; x_wconf 92' lang='lat' dir='ltr'><strong>omni</strong></span> <span class='ocrx_word' id='word_1_136' title='bbox 3070 716 3234 771; x_wconf 88' lang='lat' dir='ltr'><strong>prava</strong></span> <span class='ocrx_word' id='word_1_137' title='bbox 3264 712 3454 757; x_wconf 83' lang='lat' dir='ltr'><strong>contra</strong></span> 
     </span>
    </p>
   </div>
   <div class='ocr_carea' id='block_1_22' title="bbox 1881 791 3451 862">
    <p class='ocr_par' dir='ltr' id='par_1_22' title="bbox 1881 791 3451 862">
     <span class='ocr_line' id='line_1_22' title="bbox 1881 791 3451 862; baseline 0.002 -18"><span class='ocrx_word' id='word_1_138' title='bbox 1881 806 1981 845; x_wconf 89' lang='lat' dir='ltr'><strong>nos</strong></span> <span class='ocrx_word' id='word_1_139' title='bbox 2039 791 2392 861; x_wconf 85' lang='lat' dir='ltr'><strong>suspicione:</strong></span> <span class='ocrx_word' id='word_1_140' title='bbox 2431 800 2714 862; x_wconf 88' lang='lat' dir='ltr'><strong>possemus</strong></span> <span class='ocrx_word' id='word_1_141' title='bbox 2763 793 2979 859; x_wconf 82' lang='lat' dir='ltr'><strong>quidem</strong></span> <span class='ocrx_word' id='word_1_142' title='bbox 3038 791 3326 847; x_wconf 82' lang='lat' dir='ltr'><strong>verborum</strong></span> <span class='ocrx_word' id='word_1_143' title='bbox 3360 807 3451 847; x_wconf 83' lang='lat' dir='ltr'><strong>no-</strong></span> 
     </span>
    </p>
   </div>
   <div class='ocr_carea' id='block_1_23' title="bbox 1878 882 3454 948">
    <p class='ocr_par' dir='ltr' id='par_1_23' title="bbox 1878 882 3454 948">
     <span class='ocr_line' id='line_1_23' title="bbox 1878 882 3454 948; baseline 0 -12"><span class='ocrx_word' id='word_1_144' title='bbox 1878 891 2115 936; x_wconf 89' lang='lat' dir='ltr'><strong>strorum</strong></span> <span class='ocrx_word' id='word_1_145' title='bbox 2146 882 2329 937; x_wconf 82' lang='lat' dir='ltr'><strong>statim</strong></span> <span class='ocrx_word' id='word_1_146' title='bbox 2364 882 2526 937; x_wconf 89' lang='lat' dir='ltr'><strong>finem</strong></span> <span class='ocrx_word' id='word_1_147' title='bbox 2560 893 2612 938; x_wconf 90' lang='lat' dir='ltr'><strong>et</strong></span> <span class='ocrx_word' id='word_1_148' title='bbox 2644 883 2935 936; x_wconf 88' lang='lat' dir='ltr'><strong>terminum</strong></span> <span class='ocrx_word' id='word_1_149' title='bbox 2991 882 3083 936; x_wconf 90' lang='lat' dir='ltr'><strong>hic</strong></span> <span class='ocrx_word' id='word_1_150' title='bbox 3134 882 3334 948; x_wconf 87' lang='lat' dir='ltr'><strong>facere,</strong></span> <span class='ocrx_word' id='word_1_151' title='bbox 3371 891 3454 936; x_wconf 90' lang='lat' dir='ltr'><strong>tu-</strong></span> 
     </span>
    </p>
   </div>
   <div class='ocr_carea' id='block_1_24' title="bbox 1880 970 3456 1045">
    <p class='ocr_par' dir='ltr' id='par_1_24' title="bbox 1880 970 3456 1045">
     <span class='ocr_line' id='line_1_24' title="bbox 1880 970 3456 1045; baseline 0.001 -19"><span class='ocrx_word' id='word_1_152' title='bbox 1880 981 1992 1026; x_wconf 89' lang='lat' dir='ltr'><strong>tum</strong></span> <span class='ocrx_word' id='word_1_153' title='bbox 2020 972 2185 1045; x_wconf 73' lang='lat'><strong>693</strong></span> <span class='ocrx_word' id='word_1_154' title='bbox 2220 974 2563 1043; x_wconf 86' lang='lat' dir='ltr'><strong>quietemque</strong></span> <span class='ocrx_word' id='word_1_155' title='bbox 2593 974 2892 1043; x_wconf 82' lang='lat' dir='ltr'><strong>spondente</strong></span> <span class='ocrx_word' id='word_1_156' title='bbox 2927 970 3084 1029; x_wconf 89' lang='lat' dir='ltr'><strong>nobis</strong></span> <span class='ocrx_word' id='word_1_157' title='bbox 3108 974 3297 1030; x_wconf 85' lang='lat' dir='ltr'><strong>eadem</strong></span> <span class='ocrx_word' id='word_1_158' title='bbox 3326 983 3456 1030; x_wconf 68' lang='lat' dir='ltr'><strong>con-“-</strong></span> 
     </span>
    </p>
   </div>
   <div class='ocr_carea' id='block_1_25' title="bbox 1878 1066 3452 1135">
    <p class='ocr_par' dir='ltr' id='par_1_25' title="bbox 1878 1066 3452 1135">
     <span class='ocr_line' id='line_1_25' title="bbox 1878 1066 3452 1135; baseline 0.001 -16"><span class='ocrx_word' id='word_1_159' title='bbox 1878 1066 2136 1123; x_wconf 88' lang='lat' dir='ltr'><strong>fessione.</strong></span> <span class='ocrx_word' id='word_1_160' title='bbox 2175 1066 2370 1121; x_wconf 88' lang='lat' dir='ltr'><strong>Verum</strong></span> <span class='ocrx_word' id='word_1_161' title='bbox 2409 1067 2533 1135; x_wconf 86' lang='lat' dir='ltr'><strong>quia</strong></span> <span class='ocrx_word' id='word_1_162' title='bbox 2563 1081 2739 1135; x_wconf 90' lang='lat' dir='ltr'><strong>neque</strong></span> <span class='ocrx_word' id='word_1_163' title='bbox 2769 1066 2895 1132; x_wconf 87' lang='lat' dir='ltr'><strong>illis,</strong></span> <span class='ocrx_word' id='word_1_164' title='bbox 2941 1066 3032 1134; x_wconf 84' lang='lat' dir='ltr'><strong>qui</strong></span> <span class='ocrx_word' id='word_1_165' title='bbox 3074 1066 3452 1122; x_wconf 82' lang='lat' dir='ltr'><strong>malevolentia</strong></span> 
     </span>
    </p>
   </div>
   <div class='ocr_carea' id='block_1_26' title="bbox 1878 1152 3456 1226">
    <p class='ocr_par' dir='ltr' id='par_1_26' title="bbox 1878 1152 3456 1226">
     <span class='ocr_line' id='line_1_26' title="bbox 1878 1152 3456 1226; baseline 0.002 -18"><span class='ocrx_word' id='word_1_166' title='bbox 1878 1155 2099 1209; x_wconf 88' lang='lat' dir='ltr'><strong>autalio</strong></span> <span class='ocrx_word' id='word_1_167' title='bbox 2121 1155 2358 1224; x_wconf 89' lang='lat' dir='ltr'><strong>quodam</strong></span> <span class='ocrx_word' id='word_1_168' title='bbox 2389 1152 2523 1209; x_wconf 63' lang='lat' dir='ltr'><strong>Vitio</strong></span> <span class='ocrx_word' id='word_1_169' title='bbox 2570 1164 2758 1210; x_wconf 85' lang='lat' dir='ltr'><strong>verum</strong></span> <span class='ocrx_word' id='word_1_170' title='bbox 2807 1170 3026 1211; x_wconf 89' lang='lat' dir='ltr'><strong>sensum</strong></span> <span class='ocrx_word' id='word_1_171' title='bbox 3059 1165 3371 1226; x_wconf 82' lang='lat' dir='ltr'><strong>pervertere</strong></span> <span class='ocrx_word' id='word_1_172' title='bbox 3399 1165 3456 1212; x_wconf 88' lang='lat' dir='ltr'><strong>et</strong></span> 
     </span>
    </p>
   </div>
   <div class='ocr_carea' id='block_1_27' title="bbox 1879 1248 3451 1319">
    <p class='ocr_par' dir='ltr' id='par_1_27' title="bbox 1879 1248 3451 1319">
     <span class='ocr_line' id='line_1_27' title="bbox 1879 1248 3451 1319; baseline 0.001 -17"><span class='ocrx_word' id='word_1_173' title='bbox 1879 1256 2235 1319; x_wconf 82' lang='lat' dir='ltr'><strong>corrumpere</strong></span> <span class='ocrx_word' id='word_1_174' title='bbox 2262 1263 2553 1317; x_wconf 89' lang='lat' dir='ltr'><strong>conantur,</strong></span> <span class='ocrx_word' id='word_1_175' title='bbox 2596 1251 2663 1303; x_wconf 92' lang='lat' dir='ltr'><strong>ad</strong></span> <span class='ocrx_word' id='word_1_176' title='bbox 2692 1248 2854 1305; x_wconf 82' lang='lat' dir='ltr'><strong>fidem</strong></span> <span class='ocrx_word' id='word_1_177' title='bbox 2901 1250 3118 1305; x_wconf 77' lang='lat' dir='ltr'><strong>veritati</strong></span> <span class='ocrx_word' id='word_1_178' title='bbox 3152 1250 3451 1305; x_wconf 86' lang='lat' dir='ltr'><strong>faciendam</strong></span> 
     </span>
    </p>
   </div>
   <div class='ocr_carea' id='block_1_28' title="bbox 1878 1334 3454 1413">
    <p class='ocr_par' dir='ltr' id='par_1_28' title="bbox 1878 1334 3454 1413">
     <span class='ocr_line' id='line_1_28' title="bbox 1878 1334 3454 1413; baseline 0.001 -17"><span class='ocrx_word' id='word_1_179' title='bbox 1878 1334 2073 1397; x_wconf 77' lang='lat' dir='ltr'><strong>sufﬁcit</strong></span> <span class='ocrx_word' id='word_1_180' title='bbox 2100 1340 2324 1413; x_wconf 82' lang='lat' dir='ltr'><strong>(alioqui</strong></span> <span class='ocrx_word' id='word_1_181' title='bbox 2364 1343 2508 1396; x_wconf 88' lang='lat' dir='ltr'><strong>enim</strong></span> <span class='ocrx_word' id='word_1_182' title='bbox 2536 1340 2809 1396; x_wconf 82' lang='lat' dir='ltr'><strong>Sabellius</strong></span> <span class='ocrx_word' id='word_1_183' title='bbox 2840 1340 3030 1412; x_wconf 85' lang='lat' dir='ltr'><strong>Libys,</strong></span> <span class='ocrx_word' id='word_1_184' title='bbox 3076 1352 3132 1396; x_wconf 89' lang='lat' dir='ltr'><strong>et</strong></span> <span class='ocrx_word' id='word_1_185' title='bbox 3165 1340 3454 1397; x_wconf 80' lang='lat' dir='ltr'><strong>Marcellus</strong></span> 
     </span>
    </p>
   </div>
   <div class='ocr_carea' id='block_1_29' title="bbox 1877 1433 3451 1505">
    <p class='ocr_par' dir='ltr' id='par_1_29' title="bbox 1877 1433 3451 1505">
     <span class='ocr_line' id='line_1_29' title="bbox 1877 1433 3451 1505; baseline -0.003 -14"><span class='ocrx_word' id='word_1_186' title='bbox 1877 1434 2089 1498; x_wconf 82' lang='lat' dir='ltr'><strong>Galata,</strong></span> <span class='ocrx_word' id='word_1_187' title='bbox 2114 1445 2168 1489; x_wconf 88' lang='lat' dir='ltr'><strong>et</strong></span> <span class='ocrx_word' id='word_1_188' title='bbox 2192 1435 2477 1501; x_wconf 80' lang='lat' dir='ltr'><strong>Photinus,</strong></span> <span class='ocrx_word' id='word_1_189' title='bbox 2512 1444 2605 1488; x_wconf 90' lang='lat' dir='ltr'><strong>aut</strong></span> <span class='ocrx_word' id='word_1_190' title='bbox 2627 1434 2914 1505; x_wconf 86' lang='lat' dir='ltr'><strong>quisquam</strong></span> <span class='ocrx_word' id='word_1_191' title='bbox 2964 1435 3102 1491; x_wconf 87' lang='lat' dir='ltr'><strong>alius</strong></span> <span class='ocrx_word' id='word_1_192' title='bbox 3134 1450 3200 1488; x_wconf 66' lang='lat' dir='ltr'><strong>ex</strong></span> <span class='ocrx_word' id='word_1_193' title='bbox 3230 1433 3335 1488; x_wconf 89' lang='lat' dir='ltr'><strong>illis</strong></span> <span class='ocrx_word' id='word_1_194' title='bbox 3360 1434 3451 1504; x_wconf 89' lang='lat' dir='ltr'><strong>qui</strong></span> 
     </span>
    </p>
   </div>
   <div class='ocr_carea' id='block_1_30' title="bbox 1876 1527 3453 1596">
    <p class='ocr_par' dir='ltr' id='par_1_30' title="bbox 1876 1527 3453 1596">
     <span class='ocr_line' id='line_1_30' title="bbox 1876 1527 3453 1596; baseline -0.003 -14"><span class='ocrx_word' id='word_1_195' title='bbox 1876 1529 2065 1582; x_wconf 87' lang='lat' dir='ltr'><strong>eodem</strong></span> <span class='ocrx_word' id='word_1_196' title='bbox 2095 1542 2217 1582; x_wconf 91' lang='lat' dir='ltr'><strong>cum</strong></span> <span class='ocrx_word' id='word_1_197' title='bbox 2256 1528 2386 1596; x_wconf 89' lang='lat' dir='ltr'><strong>ipsis</strong></span> <span class='ocrx_word' id='word_1_198' title='bbox 2433 1529 2619 1581; x_wconf 89' lang='lat' dir='ltr'><strong>furore</strong></span> <span class='ocrx_word' id='word_1_199' title='bbox 2670 1527 3064 1590; x_wconf 82' lang='lat' dir='ltr'><strong>insaniverunt,</strong></span> <span class='ocrx_word' id='word_1_200' title='bbox 3114 1534 3453 1596; x_wconf 84' lang='lat' dir='ltr'><strong>proptercaa</strong></span> 
     </span>
    </p>
   </div>
   <div class='ocr_carea' id='block_1_31' title="bbox 1880 1613 3450 1685">
    <p class='ocr_par' dir='ltr' id='par_1_31' title="bbox 1880 1613 3450 1685">
     <span class='ocr_line' id='line_1_31' title="bbox 1880 1613 3450 1685; baseline 0 -18"><span class='ocrx_word' id='word_1_201' title='bbox 1880 1613 2053 1667; x_wconf 84' lang='lat' dir='ltr'><strong>sacris</strong></span> <span class='ocrx_word' id='word_1_202' title='bbox 2108 1615 2462 1669; x_wconf 84' lang='lat' dir='ltr'><strong>&#39;conventibus</strong></span> <span class='ocrx_word' id='word_1_203' title='bbox 2514 1624 2570 1669; x_wconf 89' lang='lat' dir='ltr'><strong>et</strong></span> <span class='ocrx_word' id='word_1_204' title='bbox 2620 1616 3001 1685; x_wconf 85' lang='lat' dir='ltr'><strong>mysteriorum</strong></span> <span class='ocrx_word' id='word_1_205' title='bbox 3053 1619 3450 1680; x_wconf 88' lang='lat' dir='ltr'><strong>communione,</strong></span> 
     </span>
    </p>
   </div>
   <div class='ocr_carea' id='block_1_32' title="bbox 171 1702 1715 1783">
    <p class='ocr_par' dir='ltr' id='par_1_32' title="bbox 171 1702 1715 1783">
     <span class='ocr_line' id='line_1_32' title="bbox 171 1702 1715 1783; baseline 0.006 -26"><span class='ocrx_word' id='word_1_206' title='bbox 171 1702 278 1773; x_wconf 73' lang='grc' dir='ltr'><strong>τῆς</strong></span> <span class='ocrx_word' id='word_1_207' title='bbox 301 1704 547 1771; x_wconf 72' lang='grc' dir='ltr'><strong>διανοίας</strong></span> <span class='ocrx_word' id='word_1_208' title='bbox 575 1707 884 1772; x_wconf 76' lang='grc' dir='ltr'><strong>ἐξάπλωσιν</strong></span> <span class='ocrx_word' id='word_1_209' title='bbox 904 1727 918 1741; x_wconf 90' lang='grc'><strong>·</strong></span> <span class='ocrx_word' id='word_1_210' title='bbox 954 1711 1356 1783; x_wconf 78' lang='grc' dir='ltr'><strong>πειρασόμεθα,</strong></span> <span class='ocrx_word' id='word_1_211' title='bbox 1380 1712 1456 1776; x_wconf 86' lang='grc' dir='ltr'><strong>ὼς</strong></span> <span class='ocrx_word' id='word_1_212' title='bbox 1485 1710 1550 1766; x_wconf 85' lang='grc' dir='ltr'><strong>ἂν</strong></span> <span class='ocrx_word' id='word_1_213' title='bbox 1584 1707 1685 1766; x_wconf 83' lang='grc' dir='ltr'><strong>οἷοί</strong></span> <span class='ocrx_word' id='word_1_214' title='bbox 1714 1740 1715 1745; x_wconf 56' lang='grc' dir='ltr'><strong>η</strong></span> 
     </span>
    </p>
   </div>
   <div class='ocr_carea' id='block_1_33' title="bbox 1873 1702 3453 1783">
    <p class='ocr_par' dir='ltr' id='par_1_33' title="bbox 1879 1702 3453 1776">
     <span class='ocr_line' id='line_1_33' title="bbox 1879 1702 3453 1776; baseline 0.001 -19"><span class='ocrx_word' id='word_1_215' title='bbox 1879 1705 2120 1774; x_wconf 87' lang='lat' dir='ltr'><strong>adeoque</strong></span> <span class='ocrx_word' id='word_1_216' title='bbox 2148 1706 2536 1760; x_wconf 82' lang='lat' dir='ltr'><strong>ecclesiasticis</strong></span> <span class='ocrx_word' id='word_1_217' title='bbox 2562 1707 2730 1773; x_wconf 79' lang='lat' dir='ltr'><strong>septis</strong></span> <span class='ocrx_word' id='word_1_218' title='bbox 2753 1720 2860 1760; x_wconf 89' lang='lat' dir='ltr'><strong>non</strong></span> <span class='ocrx_word' id='word_1_219' title='bbox 2890 1702 3253 1776; x_wconf 89' lang='lat' dir='ltr'><strong>arcerentur),</strong></span> <span class='ocrx_word' id='word_1_220' title='bbox 3279 1719 3453 1773; x_wconf 85' lang='lat' dir='ltr'><strong>neque</strong></span> 
     </span>
    </p>
   </div>
   <div class='ocr_carea' id='block_1_34' title="bbox 170 1776 1715 1875">
    <p class='ocr_par' dir='ltr' id='par_1_34' title="bbox 170 1786 1715 1875">
     <span class='ocr_line' id='line_1_34' title="bbox 170 1786 1715 1875; baseline 0.005 -27"><span class='ocrx_word' id='word_1_221' title='bbox 170 1786 326 1866; x_wconf 74' lang='grc' dir='ltr'><strong>ὦμεν</strong></span> <span class='ocrx_word' id='word_1_222' title='bbox 371 1800 454 1863; x_wconf 88' lang='grc' dir='ltr'><strong>είς</strong></span> <span class='ocrx_word' id='word_1_223' title='bbox 506 1801 819 1871; x_wconf 76' lang='grc' dir='ltr'><strong>τούμφανὲς</strong></span> <span class='ocrx_word' id='word_1_224' title='bbox 856 1803 1081 1871; x_wconf 74' lang='grc' dir='ltr'><strong>ἀνάγειν</strong></span> <span class='ocrx_word' id='word_1_225' title='bbox 1119 1802 1185 1874; x_wconf 77' lang='grc' dir='ltr'><strong>ἢν</strong></span> <span class='ocrx_word' id='word_1_226' title='bbox 1210 1804 1368 1857; x_wconf 80' lang='grc' dir='ltr'><strong>αὐτοὶ</strong></span> <span class='ocrx_word' id='word_1_227' title='bbox 1402 1805 1533 1875; x_wconf 69' lang='grc' dir='ltr'><strong>περὶ</strong></span> <span class='ocrx_word' id='word_1_228' title='bbox 1556 1803 1715 1857; x_wconf 85' lang='grc' dir='ltr'><strong>τούτο</strong></span> 
     </span>
    </p>
   </div>
   <div class='ocr_carea' id='block_1_35' title="bbox 1873 1776 3452 1875">
    <p class='ocr_par' dir='ltr' id='par_1_35' title="bbox 1877 1795 3452 1852">
     <span class='ocr_line' id='line_1_35' title="bbox 1877 1795 3452 1852; baseline 0.001 -4"><span class='ocrx_word' id='word_1_229' title='bbox 1877 1796 2033 1850; x_wconf 90' lang='lat' dir='ltr'><strong>nobis</strong></span> <span class='ocrx_word' id='word_1_230' title='bbox 2060 1797 2127 1849; x_wconf 88' lang='lat' dir='ltr'><strong>ad</strong></span> <span class='ocrx_word' id='word_1_231' title='bbox 2168 1795 2315 1850; x_wconf 76' lang='lat' dir='ltr'><strong>iliata</strong></span> <span class='ocrx_word' id='word_1_232' title='bbox 2349 1806 2536 1851; x_wconf 90' lang='lat' dir='ltr'><strong>contra</strong></span> <span class='ocrx_word' id='word_1_233' title='bbox 2562 1812 2660 1852; x_wconf 91' lang='lat' dir='ltr'><strong>nos</strong></span> <span class='ocrx_word' id='word_1_234' title='bbox 2685 1796 2913 1852; x_wconf 87' lang='lat' dir='ltr'><strong>crimina</strong></span> <span class='ocrx_word' id='word_1_235' title='bbox 2943 1795 3285 1852; x_wconf 85' lang='lat' dir='ltr'><strong>dissolvenda</strong></span> <span class='ocrx_word' id='word_1_236' title='bbox 3302 1795 3452 1852; x_wconf 73' lang='lat' dir='ltr'><strong>suffi-</strong></span> 
     </span>
    </p>
   </div>
   <div class='ocr_carea' id='block_1_36' title="bbox 171 1890 1762 1966">
    <p class='ocr_par' dir='ltr' id='par_1_36' title="bbox 171 1890 1762 1966">
     <span class='ocr_line' id='line_1_36' title="bbox 171 1890 1762 1966; baseline 0.004 -25"><span class='ocrx_word' id='word_1_237' title='bbox 171 1890 521 1960; x_wconf 82' lang='grc' dir='ltr'><strong>τυγχάνομεν</strong></span> <span class='ocrx_word' id='word_1_238' title='bbox 539 1891 757 1962; x_wconf 76' lang='grc' dir='ltr'><strong>ἔχοντες</strong></span> <span class='ocrx_word' id='word_1_239' title='bbox 770 1892 950 1959; x_wconf 77' lang='grc' dir='ltr'><strong>δόξαν,</strong></span> <span class='ocrx_word' id='word_1_240' title='bbox 969 1895 1090 1966; x_wconf 76' lang='grc' dir='ltr'><strong>ἦτοι</strong></span> <span class='ocrx_word' id='word_1_241' title='bbox 1106 1893 1456 1966; x_wconf 84' lang='grc' dir='ltr'><strong>προτιθέντες</strong></span> <span class='ocrx_word' id='word_1_242' title='bbox 1468 1895 1566 1965; x_wconf 81' lang='grc' dir='ltr'><strong>τὴν</strong></span> <span class='ocrx_word' id='word_1_243' title='bbox 1597 1893 1762 1960; x_wconf 79' lang='grc' dir='ltr'><strong>λέξιν,</strong></span> 
     </span>
    </p>
   </div>
   <div class='ocr_carea' id='block_1_37' title="bbox 170 1978 1767 2059">
    <p class='ocr_par' dir='ltr' id='par_1_37' title="bbox 170 1978 1767 2059">
     <span class='ocr_line' id='line_1_37' title="bbox 170 1978 1767 2059; baseline 0.003 -25"><span class='ocrx_word' id='word_1_244' title='bbox 170 1978 271 2035; x_wconf 78' lang='grc' dir='ltr'><strong>εἷθ’</strong></span> <span class='ocrx_word' id='word_1_245' title='bbox 303 1982 533 2055; x_wconf 80' lang='grc' dir='ltr'><strong>ὕστερον</strong></span> <span class='ocrx_word' id='word_1_246' title='bbox 558 1986 993 2051; x_wconf 82' lang='grc' dir='ltr'><strong>ἐκκαλύπτοντες</strong></span> <span class='ocrx_word' id='word_1_247' title='bbox 1024 1988 1123 2059; x_wconf 80' lang='grc' dir='ltr'><strong>τὴν</strong></span> <span class='ocrx_word' id='word_1_248' title='bbox 1167 1986 1398 2054; x_wconf 80' lang='grc' dir='ltr'><strong>ἔννοιαν,</strong></span> <span class='ocrx_word' id='word_1_249' title='bbox 1430 1988 1464 2059; x_wconf 86' lang='grc' dir='ltr'>ἢ</span> <span class='ocrx_word' id='word_1_250' title='bbox 1507 1986 1603 2040; x_wconf 73' lang='grc' dir='ltr'><strong>καὶ</strong></span> <span class='ocrx_word' id='word_1_251' title='bbox 1632 2003 1767 2058; x_wconf 87' lang='grc' dir='ltr'><strong>προ-</strong></span> 
     </span>
    </p>
   </div>
   <div class='ocr_carea' id='block_1_38' title="bbox 170 2075 1762 2151">
    <p class='ocr_par' dir='ltr' id='par_1_38' title="bbox 170 2075 1762 2151">
     <span class='ocr_line' id='line_1_38' title="bbox 170 2075 1762 2151; baseline 0.001 -23"><span class='ocrx_word' id='word_1_252' title='bbox 170 2075 458 2145; x_wconf 76' lang='grc' dir='ltr'><strong>κειμέναις</strong></span> <span class='ocrx_word' id='word_1_253' title='bbox 481 2080 601 2141; x_wconf 83' lang='grc' dir='ltr'><strong>ταίς</strong></span> <span class='ocrx_word' id='word_1_254' title='bbox 628 2077 859 2142; x_wconf 73' lang='grc' dir='ltr'><strong>ἐννοίαις</strong></span> <span class='ocrx_word' id='word_1_255' title='bbox 888 2078 986 2142; x_wconf 85' lang='grc' dir='ltr'><strong>τάς</strong></span> <span class='ocrx_word' id='word_1_256' title='bbox 1018 2077 1204 2149; x_wconf 87' lang='grc' dir='ltr'><strong>φωνάς</strong></span> <span class='ocrx_word' id='word_1_257' title='bbox 1227 2077 1660 2151; x_wconf 73' lang='grc' dir='ltr'><strong>ἐφαρμόζοντες,</strong></span> <span class='ocrx_word' id='word_1_258' title='bbox 1700 2077 1762 2129; x_wconf 81' lang='grc' dir='ltr'><strong>οὐ</strong></span> 
     </span>
    </p>
   </div>
   <div class='ocr_carea' id='block_1_39' title="bbox 169 2164 1765 2243">
    <p class='ocr_par' dir='ltr' id='par_1_39' title="bbox 169 2164 1765 2243">
     <span class='ocr_line' id='line_1_39' title="bbox 169 2164 1765 2243; baseline 0.003 -25"><span class='ocrx_word' id='word_1_259' title='bbox 169 2164 581 2238; x_wconf 77' lang='grc' dir='ltr'><strong>λυμαινομένης</strong></span> <span class='ocrx_word' id='word_1_260' title='bbox 610 2172 679 2241; x_wconf 76' lang='grc' dir='ltr'><strong>τῇ</strong></span> <span class='ocrx_word' id='word_1_261' title='bbox 712 2168 943 2243; x_wconf 79' lang='grc' dir='ltr'><strong>ἀληθείᾳ</strong></span> <span class='ocrx_word' id='word_1_262' title='bbox 967 2171 1066 2242; x_wconf 79' lang='grc' dir='ltr'><strong>τῆς</strong></span> <span class='ocrx_word' id='word_1_263' title='bbox 1090 2172 1231 2224; x_wconf 88' lang='grc' dir='ltr'><strong>κατά</strong></span> <span class='ocrx_word' id='word_1_264' title='bbox 1263 2170 1361 2242; x_wconf 84' lang='grc' dir='ltr'><strong>τὴν</strong></span> <span class='ocrx_word' id='word_1_265' title='bbox 1380 2169 1537 2236; x_wconf 76' lang='grc' dir='ltr'><strong>τάξιν</strong></span> <span class='ocrx_word' id='word_1_266' title='bbox 1560 2168 1765 2241; x_wconf 84' lang='grc' dir='ltr'><strong>ταύτην</strong></span> 
     </span>
    </p>
   </div>
   <div class='ocr_carea' id='block_1_40' title="bbox 169 2257 1769 2334">
    <p class='ocr_par' dir='ltr' id='par_1_40' title="bbox 169 2257 1769 2334">
     <span class='ocr_line' id='line_1_40' title="bbox 169 2257 1769 2334; baseline 0.003 -24"><span class='ocrx_word' id='word_1_267' title='bbox 169 2257 502 2329; x_wconf 71' lang='grc' dir='ltr'><strong>ὶναλλαγῆς,</strong></span> <span class='ocrx_word' id='word_1_268' title='bbox 521 2261 836 2333; x_wconf 79' lang='grc' dir='ltr'><strong>ἀρκούντων</strong></span> <span class='ocrx_word' id='word_1_269' title='bbox 865 2262 1070 2334; x_wconf 83' lang='grc' dir='ltr'><strong>δηλαδὴ</strong></span> <span class='ocrx_word' id='word_1_270' title='bbox 1100 2262 1210 2316; x_wconf 82' lang='grc' dir='ltr'><strong>τῶν</strong></span> <span class='ocrx_word' id='word_1_271' title='bbox 1243 2262 1423 2316; x_wconf 76' lang='grc' dir='ltr'><strong>αὐτῶν</strong></span> <span class='ocrx_word' id='word_1_272' title='bbox 1458 2264 1591 2333; x_wconf 79' lang='grc' dir='ltr'><strong>ἡμῖν</strong></span> <span class='ocrx_word' id='word_1_273' title='bbox 1632 2260 1769 2333; x_wconf 86' lang='grc' dir='ltr'><strong>πρός</strong></span> 
     </span>
    </p>
   </div>
   <div class='ocr_carea' id='block_1_41' title="bbox 169 2336 1769 2424">
    <p class='ocr_par' dir='ltr' id='par_1_41' title="bbox 169 2336 1769 2424">
     <span class='ocr_line' id='line_1_41' title="bbox 169 2336 1769 2424; baseline 0.003 -22"><span class='ocrx_word' id='word_1_274' title='bbox 169 2365 229 2402; x_wconf 74' lang='grc' dir='ltr'><strong>τε</strong></span> <span class='ocrx_word' id='word_1_275' title='bbox 251 2350 357 2421; x_wconf 75' lang='grc' dir='ltr'><strong>τὴν</strong></span> <span class='ocrx_word' id='word_1_276' title='bbox 384 2352 660 2424; x_wconf 78' lang='grc' dir='ltr'><strong>ἡμετέραν</strong></span> <span class='ocrx_word' id='word_1_277' title='bbox 696 2353 873 2408; x_wconf 83' lang='grc' dir='ltr'><strong>αὐτῶν</strong></span> <span class='ocrx_word' id='word_1_278' title='bbox 898 2354 1219 2423; x_wconf 85' lang='grc' dir='ltr'><strong>ἀπολογίαν,</strong></span> <span class='ocrx_word' id='word_1_279' title='bbox 1248 2356 1344 2408; x_wconf 79' lang='grc' dir='ltr'><strong>καὶ</strong></span> <span class='ocrx_word' id='word_1_280' title='bbox 1373 2336 1463 2408; x_wconf 76' lang='grc' dir='ltr'><strong>τὸν</strong></span> <span class='ocrx_word' id='word_1_281' title='bbox 1482 2353 1593 2407; x_wconf 82' lang='grc' dir='ltr'><strong>τῶν</strong></span> <span class='ocrx_word' id='word_1_282' title='bbox 1619 2354 1769 2424; x_wconf 82' lang='grc' dir='ltr'><strong>ἡμᾶς</strong></span> 
     </span>
    </p>
   </div>
   <div class='ocr_carea' id='block_1_42' title="bbox 168 2441 824 2514">
    <p class='ocr_par' dir='ltr' id='par_1_42' title="bbox 168 2441 824 2514">
     <span class='ocr_line' id='line_1_42' title="bbox 168 2441 824 2514; baseline 0.006 -19"><span class='ocrx_word' id='word_1_283' title='bbox 168 2441 545 2512; x_wconf 74' lang='grc' dir='ltr'><strong>γραψαμένων</strong></span> <span class='ocrx_word' id='word_1_284' title='bbox 580 2443 824 2514; x_wconf 74' lang='grc' dir='ltr'><strong>ἔλεγχον.</strong></span> 
     </span>
    </p>
   </div>
   <div class='ocr_carea' id='block_1_43' title="bbox 1872 1880 3453 1960">
    <p class='ocr_par' dir='ltr' id='par_1_43' title="bbox 1872 1880 3453 1960">
     <span class='ocr_line' id='line_1_43' title="bbox 1872 1880 3453 1960; baseline 0.003 -18"><span class='ocrx_word' id='word_1_285' title='bbox 1872 1889 2023 1944; x_wconf 91' lang='lat' dir='ltr'><strong>ciens</strong></span> <span class='ocrx_word' id='word_1_286' title='bbox 2052 1886 2251 1944; x_wconf 87' lang='lat' dir='ltr'><strong>fuerit:</strong></span> <span class='ocrx_word' id='word_1_287' title='bbox 2286 1905 2469 1944; x_wconf 90' lang='lat' dir='ltr'><strong>verum</strong></span> <span class='ocrx_word' id='word_1_288' title='bbox 2502 1880 2640 1959; x_wconf 76' lang='lat' dir='ltr'><strong>op&#39;u&#39;s</strong></span> <span class='ocrx_word' id='word_1_289' title='bbox 2672 1898 2757 1944; x_wconf 92' lang='lat' dir='ltr'><strong>est</strong></span> <span class='ocrx_word' id='word_1_290' title='bbox 2798 1891 3242 1960; x_wconf 78' lang='lat' dir='ltr'><strong>exquisitibribus</strong></span> <span class='ocrx_word' id='word_1_291' title='bbox 3276 1900 3333 1947; x_wconf 92' lang='lat' dir='ltr'><strong>et</strong></span> <span class='ocrx_word' id='word_1_292' title='bbox 3360 1906 3453 1947; x_wconf 58' lang='lat' dir='ltr'><strong>sov</strong></span> 
     </span>
    </p>
   </div>
   <div class='ocr_carea' id='block_1_44' title="bbox 1874 1979 3447 2051">
    <p class='ocr_par' dir='ltr' id='par_1_44' title="bbox 1874 1979 3447 2051">
     <span class='ocr_line' id='line_1_44' title="bbox 1874 1979 3447 2051; baseline 0.002 -17"><span class='ocrx_word' id='word_1_293' title='bbox 1874 1981 2163 2037; x_wconf 89' lang='lat' dir='ltr'><strong>lidioribus</strong></span> <span class='ocrx_word' id='word_1_294' title='bbox 2202 1982 2528 2051; x_wconf 85' lang='lat' dir='ltr'><strong>quibusdam</strong></span> <span class='ocrx_word' id='word_1_295' title='bbox 2555 1979 2860 2038; x_wconf 84' lang='lat' dir='ltr'><strong>rationibus</strong></span> <span class='ocrx_word' id='word_1_296' title='bbox 2890 1985 2957 2037; x_wconf 89' lang='lat' dir='ltr'><strong>ad</strong></span> <span class='ocrx_word' id='word_1_297' title='bbox 2987 1998 3181 2038; x_wconf 87' lang='lat' dir='ltr'><strong>sensus</strong></span> <span class='ocrx_word' id='word_1_298' title='bbox 3207 1982 3321 2037; x_wconf 89' lang='lat' dir='ltr'><strong>veri</strong></span> <span class='ocrx_word' id='word_1_299' title='bbox 3349 1997 3447 2037; x_wconf 79' lang='lat' dir='ltr'><strong>ex-</strong></span> 
     </span>
    </p>
   </div>
   <div class='ocr_carea' id='block_1_45' title="bbox 1872 2064 3446 2145">
    <p class='ocr_par' dir='ltr' id='par_1_45' title="bbox 1872 2064 3446 2145">
     <span class='ocr_line' id='line_1_45' title="bbox 1872 2064 3446 2145; baseline 0.001 -19"><span class='ocrx_word' id='word_1_300' title='bbox 1872 2073 2252 2143; x_wconf 89' lang='lat' dir='ltr'><strong>plicationem:</strong></span> <span class='ocrx_word' id='word_1_301' title='bbox 2280 2074 2603 2128; x_wconf 83' lang='lat' dir='ltr'><strong>conabimur</strong></span> <span class='ocrx_word' id='word_1_302' title='bbox 2632 2075 2815 2144; x_wconf 82' lang='lat' dir='ltr'><strong>itaque</strong></span> <span class='ocrx_word' id='word_1_303' title='bbox 2845 2075 3023 2144; x_wconf 89' lang='lat' dir='ltr'><strong>quoad</strong></span> <span class='ocrx_word' id='word_1_304' title='bbox 3067 2064 3358 2145; x_wconf 85' lang='lat' dir='ltr'><strong>possumus</strong></span> <span class='ocrx_word' id='word_1_305' title='bbox 3391 2075 3446 2129; x_wconf 86' lang='lat' dir='ltr'><strong>in</strong></span> 
     </span>
    </p>
   </div>
   <div class='ocr_carea' id='block_1_46' title="bbox 1875 2156 3449 2239">
    <p class='ocr_par' dir='ltr' id='par_1_46' title="bbox 1875 2156 3449 2239">
     <span class='ocr_line' id='line_1_46' title="bbox 1875 2156 3449 2239; baseline 0.001 -19"><span class='ocrx_word' id='word_1_306' title='bbox 1875 2164 2212 2221; x_wconf 75' lang='lat' dir='ltr'><strong>manifestam</strong></span> <span class='ocrx_word' id='word_1_307' title='bbox 2243 2166 2415 2239; x_wconf 85' lang='lat' dir='ltr'><strong>lucem</strong></span> <span class='ocrx_word' id='word_1_308' title='bbox 2451 2156 2692 2236; x_wconf 81' lang='lat' dir='ltr'><strong>proferre</strong></span> <span class='ocrx_word' id='word_1_309' title='bbox 2723 2182 2841 2221; x_wconf 88' lang='lat' dir='ltr'><strong>eam</strong></span> <span class='ocrx_word' id='word_1_310' title='bbox 2870 2182 3031 2237; x_wconf 91' lang='lat' dir='ltr'><strong>quam</strong></span> <span class='ocrx_word' id='word_1_311' title='bbox 3075 2168 3172 2237; x_wconf 84' lang='lat' dir='ltr'><strong>ipsi</strong></span> <span class='ocrx_word' id='word_1_312' title='bbox 3198 2172 3449 2225; x_wconf 76' lang='lat' dir='ltr'><strong>tenemus</strong></span> 
     </span>
    </p>
   </div>
   <div class='ocr_carea' id='block_1_47' title="bbox 1868 2254 3444 2328">
    <p class='ocr_par' dir='ltr' id='par_1_47' title="bbox 1868 2254 3444 2328">
     <span class='ocr_line' id='line_1_47' title="bbox 1868 2254 3444 2328; baseline 0.001 -16"><span class='ocrx_word' id='word_1_313' title='bbox 1868 2258 2017 2313; x_wconf 88' lang='lat' dir='ltr'><strong>hisce</strong></span> <span class='ocrx_word' id='word_1_314' title='bbox 2037 2258 2105 2314; x_wconf 87' lang='lat' dir='ltr'><strong>de</strong></span> <span class='ocrx_word' id='word_1_315' title='bbox 2127 2258 2286 2313; x_wconf 83' lang='lat' dir='ltr'><strong>rebus</strong></span> <span class='ocrx_word' id='word_1_316' title='bbox 2312 2254 2659 2323; x_wconf 83' lang='lat' dir='ltr'><strong>sententiam,</strong></span> <span class='ocrx_word' id='word_1_317' title='bbox 2686 2259 2771 2313; x_wconf 90' lang='lat' dir='ltr'><strong>vel</strong></span> <span class='ocrx_word' id='word_1_318' title='bbox 2797 2260 2854 2313; x_wconf 85' lang='lat' dir='ltr'><strong>ut</strong></span> <span class='ocrx_word' id='word_1_319' title='bbox 2874 2259 3108 2328; x_wconf 90' lang='lat' dir='ltr'><strong>primum</strong></span> <span class='ocrx_word' id='word_1_320' title='bbox 3132 2260 3184 2313; x_wconf 92' lang='lat' dir='ltr'><strong>iu</strong></span> <span class='ocrx_word' id='word_1_321' title='bbox 3208 2259 3444 2314; x_wconf 87' lang='lat' dir='ltr'><strong>medium</strong></span> 
     </span>
    </p>
   </div>
   <div class='ocr_carea' id='block_1_48' title="bbox 1866 2348 3448 2414">
    <p class='ocr_par' dir='ltr' id='par_1_48' title="bbox 1866 2348 3448 2414">
     <span class='ocr_line' id='line_1_48' title="bbox 1866 2348 3448 2414; baseline 0.001 -11"><span class='ocrx_word' id='word_1_322' title='bbox 1866 2348 2164 2404; x_wconf 81' lang='lat' dir='ltr'><strong>afferamus</strong></span> <span class='ocrx_word' id='word_1_323' title='bbox 2193 2350 2358 2404; x_wconf 85' lang='lat' dir='ltr'><strong>verba</strong></span> <span class='ocrx_word' id='word_1_324' title='bbox 2389 2348 2776 2414; x_wconf 86' lang='lat' dir='ltr'><strong>confessionis,</strong></span> <span class='ocrx_word' id='word_1_325' title='bbox 2812 2359 2868 2405; x_wconf 88' lang='lat' dir='ltr'><strong>et</strong></span> <span class='ocrx_word' id='word_1_326' title='bbox 2914 2351 2989 2406; x_wconf 90' lang='lat' dir='ltr'><strong>ita</strong></span> <span class='ocrx_word' id='word_1_327' title='bbox 3037 2350 3234 2406; x_wconf 90' lang='lat' dir='ltr'><strong>deinde</strong></span> <span class='ocrx_word' id='word_1_328' title='bbox 3263 2367 3333 2407; x_wconf 78' lang='lat' dir='ltr'><strong>ex</strong></span> <span class='ocrx_word' id='word_1_329' title='bbox 3366 2352 3448 2406; x_wconf 74' lang='lat' dir='ltr'><strong>eis</strong></span> 
     </span>
    </p>
   </div>
   <div class='ocr_carea' id='block_1_49' title="bbox 1863 2436 3442 2514">
    <p class='ocr_par' dir='ltr' id='par_1_49' title="bbox 1863 2436 3442 2514">
     <span class='ocr_line' id='line_1_49' title="bbox 1863 2436 3442 2514; baseline 0.002 -19"><span class='ocrx_word' id='word_1_330' title='bbox 1863 2455 2121 2497; x_wconf 88' lang='lat' dir='ltr'><strong>eruamus</strong></span> <span class='ocrx_word' id='word_1_331' title='bbox 2176 2455 2365 2497; x_wconf 89' lang='lat' dir='ltr'><strong>verum</strong></span> <span class='ocrx_word' id='word_1_332' title='bbox 2404 2436 2663 2507; x_wconf 60' lang='lat' dir='ltr'><strong>sensum:</strong></span> <span class='ocrx_word' id='word_1_333' title='bbox 2723 2441 2805 2495; x_wconf 88' lang='lat' dir='ltr'><strong>vel</strong></span> <span class='ocrx_word' id='word_1_334' title='bbox 2861 2441 3027 2496; x_wconf 86' lang='lat' dir='ltr'><strong>etiam</strong></span> <span class='ocrx_word' id='word_1_335' title='bbox 3083 2450 3142 2497; x_wconf 90' lang='lat' dir='ltr'><strong>ut</strong></span> <span class='ocrx_word' id='word_1_336' title='bbox 3173 2442 3442 2514; x_wconf 77' lang='lat' dir='ltr'><strong>pracjactis</strong></span> 
     </span>
    </p>
   </div>
   <div class='ocr_carea' id='block_1_50' title="bbox 168 2535 3447 2617">
    <p class='ocr_par' dir='ltr' id='par_1_50' title="bbox 168 2535 3447 2617">
     <span class='ocr_line' id='line_1_50' title="bbox 168 2535 3447 2617; baseline 0.002 -33"><span class='ocrx_word' id='word_1_337' title='bbox 168 2535 461 2588; x_wconf 86' lang='lat' dir='ltr'><strong>sententiis</strong></span> <span class='ocrx_word' id='word_1_338' title='bbox 499 2546 744 2603; x_wconf 87' lang='lat' dir='ltr'><strong>aptemus</strong></span> <span class='ocrx_word' id='word_1_339' title='bbox 778 2544 939 2593; x_wconf 85' lang='lat' dir='ltr'><strong>vo‘ces</strong></span> <span class='ocrx_word' id='word_1_340' title='bbox 985 2554 1001 2592; x_wconf 88' lang='lat'><strong>:</strong></span> <span class='ocrx_word' id='word_1_341' title='bbox 1040 2553 1145 2594; x_wconf 93' lang='lat' dir='ltr'><strong>nou</strong></span> <span class='ocrx_word' id='word_1_342' title='bbox 1183 2550 1242 2593; x_wconf 91' lang='lat' dir='ltr'><strong>ut</strong></span> <span class='ocrx_word' id='word_1_343' title='bbox 1289 2538 1570 2594; x_wconf 82' lang='lat' dir='ltr'><strong>veritatem</strong></span> <span class='ocrx_word' id='word_1_344' title='bbox 1626 2536 1895 2617; x_wconf 66' lang='lat' dir='ltr'><strong>conrellat</strong></span> <span class='ocrx_word' id='word_1_345' title='bbox 1928 2537 2043 2591; x_wconf 65' lang='lat' dir='ltr'><strong>batc</strong></span> <span class='ocrx_word' id='word_1_346' title='bbox 2068 2535 2225 2605; x_wconf 78' lang='lat' dir='ltr'><strong>juxta</strong></span> <span class='ocrx_word' id='word_1_347' title='bbox 2291 2535 2487 2591; x_wconf 85' lang='lat' dir='ltr'><strong>seriem</strong></span> <span class='ocrx_word' id='word_1_348' title='bbox 2556 2535 2698 2591; x_wconf 83' lang='lat' dir='ltr'><strong>banc</strong></span> <span class='ocrx_word' id='word_1_349' title='bbox 2763 2551 2794 2590; x_wconf 87' lang='lat' dir='ltr'><strong>a</strong></span> <span class='ocrx_word' id='word_1_350' title='bbox 2846 2551 2933 2591; x_wconf 88' lang='lat' dir='ltr'><strong>me</strong></span> <span class='ocrx_word' id='word_1_351' title='bbox 2983 2536 3229 2592; x_wconf 80' lang='lat' dir='ltr'><strong>instituta</strong></span> <span class='ocrx_word' id='word_1_352' title='bbox 3288 2552 3447 2592; x_wconf 80' lang='lat' dir='ltr'><strong>coui-</strong></span> 
     </span>
    </p>
   </div>
   <div class='ocr_carea' id='block_1_51' title="bbox 168 2625 3447 2702">
    <p class='ocr_par' dir='ltr' id='par_1_51' title="bbox 168 2625 3447 2702">
     <span class='ocr_line' id='line_1_51' title="bbox 168 2625 3447 2702; baseline 0.003 -28"><span class='ocrx_word' id='word_1_353' title='bbox 168 2625 426 2689; x_wconf 84' lang='lat' dir='ltr'><strong>mutatio,</strong></span> <span class='ocrx_word' id='word_1_354' title='bbox 457 2627 552 2680; x_wconf 88' lang='lat' dir='ltr'><strong>sed</strong></span> <span class='ocrx_word' id='word_1_355' title='bbox 585 2635 642 2681; x_wconf 91' lang='lat' dir='ltr'><strong>ut</strong></span> <span class='ocrx_word' id='word_1_356' title='bbox 675 2627 791 2684; x_wconf 66' lang='lat' dir='ltr'><strong>haec</strong></span> <span class='ocrx_word' id='word_1_357' title='bbox 824 2628 936 2698; x_wconf 90' lang='lat' dir='ltr'><strong>ipsa</strong></span> <span class='ocrx_word' id='word_1_358' title='bbox 993 2629 1067 2684; x_wconf 89' lang='lat' dir='ltr'><strong>ita</strong></span> <span class='ocrx_word' id='word_1_359' title='bbox 1109 2637 1335 2686; x_wconf 86' lang='lat' dir='ltr'><strong>tractata</strong></span> <span class='ocrx_word' id='word_1_360' title='bbox 1360 2632 1427 2684; x_wconf 89' lang='lat' dir='ltr'><strong>ad</strong></span> <span class='ocrx_word' id='word_1_361' title='bbox 1470 2640 1761 2699; x_wconf 90' lang='lat' dir='ltr'><strong>utrumque</strong></span> <span class='ocrx_word' id='word_1_362' title='bbox 1799 2625 2089 2693; x_wconf 80' lang='lat' dir='ltr'><strong>suﬂiciant,</strong></span> <span class='ocrx_word' id='word_1_363' title='bbox 2149 2627 2408 2683; x_wconf 87' lang='lat' dir='ltr'><strong>nimirum</strong></span> <span class='ocrx_word' id='word_1_364' title='bbox 2470 2634 2618 2682; x_wconf 84' lang='lat' dir='ltr'><strong>utet</strong></span> <span class='ocrx_word' id='word_1_365' title='bbox 2667 2636 2911 2683; x_wconf 89' lang='lat' dir='ltr'><strong>nostram</strong></span> <span class='ocrx_word' id='word_1_366' title='bbox 2961 2637 3214 2684; x_wconf 88' lang='lat' dir='ltr'><strong>tueamur</strong></span> <span class='ocrx_word' id='word_1_367' title='bbox 3263 2631 3447 2702; x_wconf 81' lang='lat' dir='ltr'><strong>apolo-</strong></span> 
     </span>
    </p>
   </div>
   <div class='ocr_carea' id='block_1_52' title="bbox 165 2716 1864 2790">
    <p class='ocr_par' dir='ltr' id='par_1_52' title="bbox 165 2716 1864 2790">
     <span class='ocr_line' id='line_1_52' title="bbox 165 2716 1864 2790; baseline 0.003 -23"><span class='ocrx_word' id='word_1_368' title='bbox 165 2716 316 2785; x_wconf 76' lang='lat' dir='ltr'><strong>giam</strong></span> <span class='ocrx_word' id='word_1_369' title='bbox 335 2758 352 2782; x_wconf 91' lang='lat'><strong>,</strong></span> <span class='ocrx_word' id='word_1_370' title='bbox 383 2725 439 2771; x_wconf 89' lang='lat' dir='ltr'><strong>et</strong></span> <span class='ocrx_word' id='word_1_371' title='bbox 461 2732 554 2771; x_wconf 88' lang='lat' dir='ltr'><strong>eos</strong></span> <span class='ocrx_word' id='word_1_372' title='bbox 580 2733 820 2789; x_wconf 87' lang='lat' dir='ltr'><strong>quoque,</strong></span> <span class='ocrx_word' id='word_1_373' title='bbox 845 2721 936 2789; x_wconf 90' lang='lat' dir='ltr'><strong>qui</strong></span> <span class='ocrx_word' id='word_1_374' title='bbox 965 2735 1064 2776; x_wconf 87' lang='lat' dir='ltr'><strong>nos</strong></span> <span class='ocrx_word' id='word_1_375' title='bbox 1108 2730 1459 2784; x_wconf 81' lang='lat' dir='ltr'><strong>accusarunt,</strong></span> <span class='ocrx_word' id='word_1_376' title='bbox 1484 2734 1864 2790; x_wconf 83' lang='lat' dir='ltr'><strong>coarguamus.</strong></span> 
     </span>
    </p>
   </div>
   <div class='ocr_carea' id='block_1_53' title="bbox 241 2798 1715 2888">
    <p class='ocr_par' dir='ltr' id='par_1_53' title="bbox 241 2806 1715 2888">
     <span class='ocr_line' id='line_1_53' title="bbox 241 2806 1715 2888; baseline 0.003 -25"><span class='ocrx_word' id='word_1_377' title='bbox 241 2810 295 2863; x_wconf 88' lang='lat'><strong>7.</strong></span> <span class='ocrx_word' id='word_1_378' title='bbox 339 2810 417 2882; x_wconf 85' lang='lat'><strong>(8)</strong></span> <span class='ocrx_word' id='word_1_379' title='bbox 460 2806 557 2876; x_wconf 76' lang='grc' dir='ltr'><strong>Εἷς</strong></span> <span class='ocrx_word' id='word_1_380' title='bbox 592 2812 772 2867; x_wconf 84' lang='grc' dir='ltr'><strong>τοίνυν</strong></span> <span class='ocrx_word' id='word_1_381' title='bbox 811 2814 956 2869; x_wconf 84' lang='grc' dir='ltr'><strong>κατά</strong></span> <span class='ocrx_word' id='word_1_382' title='bbox 1003 2833 1064 2869; x_wconf 90' lang='grc' dir='ltr'><strong>τε</strong></span> <span class='ocrx_word' id='word_1_383' title='bbox 1100 2817 1337 2888; x_wconf 83' lang='grc' dir='ltr'><strong>φυσικὴν</strong></span> <span class='ocrx_word' id='word_1_384' title='bbox 1382 2816 1618 2881; x_wconf 83' lang='grc' dir='ltr'><strong>ἔννοιαν,</strong></span> <span class='ocrx_word' id='word_1_385' title='bbox 1666 2833 1715 2869; x_wconf 82' lang='grc' dir='ltr'><strong>κι</strong></span> 
     </span>
    </p>
   </div>
   <div class='ocr_carea' id='block_1_54' title="bbox 1873 2798 3443 2888">
    <p class='ocr_par' dir='ltr' id='par_1_54' title="bbox 1936 2798 3443 2883">
     <span class='ocr_line' id='line_1_54' title="bbox 1936 2798 3443 2883; baseline 0.001 -16"><span class='ocrx_word' id='word_1_386' title='bbox 1936 2806 1988 2867; x_wconf 84' lang='lat'><strong>7.</strong></span> <span class='ocrx_word' id='word_1_387' title='bbox 2025 2798 2203 2868; x_wconf 82' lang='lat' dir='ltr'><strong>Unum</strong></span> <span class='ocrx_word' id='word_1_388' title='bbox 2237 2811 2401 2883; x_wconf 80' lang='lat' dir='ltr'><strong>igitur</strong></span> <span class='ocrx_word' id='word_1_389' title='bbox 2428 2820 2536 2866; x_wconf 91' lang='lat' dir='ltr'><strong>tam</strong></span> <span class='ocrx_word' id='word_1_390' title='bbox 2567 2811 2865 2868; x_wconf 87' lang='lat' dir='ltr'><strong>secundum</strong></span> <span class='ocrx_word' id='word_1_391' title='bbox 2910 2812 3211 2869; x_wconf 82' lang='lat' dir='ltr'><strong>naturalem</strong></span> <span class='ocrx_word' id='word_1_392' title='bbox 3263 2815 3443 2870; x_wconf 89' lang='lat' dir='ltr'><strong>notio-</strong></span> 
     </span>
    </p>
   </div>
   <div class='ocr_carea' id='block_1_55' title="bbox 167 2901 1715 2978">
    <p class='ocr_par' dir='ltr' id='par_1_55' title="bbox 167 2901 1715 2978">
     <span class='ocr_line' id='line_1_55' title="bbox 167 2901 1715 2978; baseline 0 -22"><span class='ocrx_word' id='word_1_393' title='bbox 167 2901 315 2956; x_wconf 84' lang='grc' dir='ltr'><strong>κατά</strong></span> <span class='ocrx_word' id='word_1_394' title='bbox 338 2903 437 2972; x_wconf 81' lang='grc' dir='ltr'><strong>τὴν</strong></span> <span class='ocrx_word' id='word_1_395' title='bbox 466 2903 573 2957; x_wconf 81' lang='grc' dir='ltr'><strong>τῶν</strong></span> <span class='ocrx_word' id='word_1_396' title='bbox 594 2904 853 2977; x_wconf 85' lang='grc' dir='ltr'><strong>Πατέρων</strong></span> <span class='ocrx_word' id='word_1_397' title='bbox 873 2904 1223 2959; x_wconf 82' lang='grc' dir='ltr'><strong>διδασκαλίαν</strong></span> <span class='ocrx_word' id='word_1_398' title='bbox 1254 2908 1385 2978; x_wconf 81' lang='grc' dir='ltr'><strong>ἡμῖν</strong></span> <span class='ocrx_word' id='word_1_399' title='bbox 1418 2906 1715 2977; x_wconf 68' lang='grc' dir='ltr'><strong>ὡμολόγητέ</strong></span> 
     </span>
    </p>
   </div>
   <div class='ocr_carea' id='block_1_56' title="bbox 1873 2901 3444 2978">
    <p class='ocr_par' dir='ltr' id='par_1_56' title="bbox 1873 2904 3444 2973">
     <span class='ocr_line' id='line_1_56' title="bbox 1873 2904 3444 2973; baseline 0.001 -16"><span class='ocrx_word' id='word_1_400' title='bbox 1873 2919 2016 2972; x_wconf 85' lang='grc' dir='ltr'><strong>ηειη,</strong></span> <span class='ocrx_word' id='word_1_401' title='bbox 2052 2919 2216 2973; x_wconf 89' lang='lat' dir='ltr'><strong>quam</strong></span> <span class='ocrx_word' id='word_1_402' title='bbox 2250 2906 2546 2959; x_wconf 90' lang='lat' dir='ltr'><strong>secundum</strong></span> <span class='ocrx_word' id='word_1_403' title='bbox 2604 2904 2826 2959; x_wconf 86' lang='lat' dir='ltr'><strong>Patrum</strong></span> <span class='ocrx_word' id='word_1_404' title='bbox 2866 2905 3167 2961; x_wconf 84' lang='lat' dir='ltr'><strong>doctrinam</strong></span> <span class='ocrx_word' id='word_1_405' title='bbox 3212 2905 3444 2962; x_wconf 78' lang='lat' dir='ltr'><strong>confessi</strong></span> 
     </span>
    </p>
   </div>
   <div class='ocr_carea' id='block_1_57' title="bbox 165 2993 1715 3073">
    <p class='ocr_par' dir='ltr' id='par_1_57' title="bbox 165 2993 1715 3073">
     <span class='ocr_line' id='line_1_57' title="bbox 165 2993 1715 3073; baseline 0.001 -27"><span class='ocrx_word' id='word_1_406' title='bbox 165 2993 301 3058; x_wconf 81' lang='grc' dir='ltr'><strong>Θεός</strong></span> <span class='ocrx_word' id='word_1_407' title='bbox 324 3010 338 3023; x_wconf 88' lang='grc'><strong>·</strong></span> <span class='ocrx_word' id='word_1_408' title='bbox 376 2995 513 3064; x_wconf 89' lang='grc' dir='ltr'><strong>μήτε</strong></span> <span class='ocrx_word' id='word_1_409' title='bbox 554 2998 681 3067; x_wconf 80' lang='grc' dir='ltr'><strong>παρ’</strong></span> <span class='ocrx_word' id='word_1_410' title='bbox 714 2995 931 3061; x_wconf 78' lang='grc' dir='ltr'><strong>ἑαυτοῦ,</strong></span> <span class='ocrx_word' id='word_1_411' title='bbox 960 2997 1100 3067; x_wconf 80' lang='grc' dir='ltr'><strong>μήτε</strong></span> <span class='ocrx_word' id='word_1_412' title='bbox 1134 2996 1264 3067; x_wconf 80' lang='grc' dir='ltr'><strong>παρ’</strong></span> <span class='ocrx_word' id='word_1_413' title='bbox 1301 2996 1493 3073; x_wconf 83' lang='grc' dir='ltr'><strong>ἐτέρου</strong></span> <span class='ocrx_word' id='word_1_414' title='bbox 1528 2995 1715 3067; x_wconf 76' lang='grc' dir='ltr'><strong>γενόμε</strong></span> 
     </span>
    </p>
   </div>
   <div class='ocr_carea' id='block_1_58' title="bbox 1873 2993 3441 3073">
    <p class='ocr_par' dir='ltr' id='par_1_58' title="bbox 1873 2993 3441 3065">
     <span class='ocr_line' id='line_1_58' title="bbox 1873 2993 3441 3065; baseline 0.001 -15"><span class='ocrx_word' id='word_1_415' title='bbox 1873 3009 2060 3050; x_wconf 85' lang='lat' dir='ltr'><strong>sumus</strong></span> <span class='ocrx_word' id='word_1_416' title='bbox 2090 2995 2282 3059; x_wconf 90' lang='lat' dir='ltr'><strong>Deum,</strong></span> <span class='ocrx_word' id='word_1_417' title='bbox 2323 2993 2417 3063; x_wconf 90' lang='lat' dir='ltr'><strong>qui</strong></span> <span class='ocrx_word' id='word_1_418' title='bbox 2452 3009 2628 3063; x_wconf 89' lang='lat' dir='ltr'><strong>neque</strong></span> <span class='ocrx_word' id='word_1_419' title='bbox 2652 3010 2680 3047; x_wconf 92' lang='lat' dir='ltr'><strong>a</strong></span> <span class='ocrx_word' id='word_1_420' title='bbox 2707 2995 2888 3064; x_wconf 86' lang='lat' dir='ltr'><strong>seipso</strong></span> <span class='ocrx_word' id='word_1_421' title='bbox 2921 3011 3099 3065; x_wconf 84' lang='lat' dir='ltr'><strong>neque</strong></span> <span class='ocrx_word' id='word_1_422' title='bbox 3124 2997 3192 3051; x_wconf 91' lang='lat' dir='ltr'><strong>ab</strong></span> <span class='ocrx_word' id='word_1_423' title='bbox 3219 2996 3327 3051; x_wconf 89' lang='lat' dir='ltr'><strong>alio</strong></span> <span class='ocrx_word' id='word_1_424' title='bbox 3360 3004 3441 3052; x_wconf 77' lang='lat' dir='ltr'><strong>est</strong></span> 
     </span>
    </p>
   </div>
   <div class='ocr_carea' id='block_1_59' title="bbox 166 3085 1761 3159">
    <p class='ocr_par' dir='ltr' id='par_1_59' title="bbox 166 3085 1761 3159">
     <span class='ocr_line' id='line_1_59' title="bbox 166 3085 1761 3159; baseline 0.001 -21"><span class='ocrx_word' id='word_1_425' title='bbox 166 3103 279 3149; x_wconf 65' lang='grc' dir='ltr'><strong>νος.</strong></span> <span class='ocrx_word' id='word_1_426' title='bbox 323 3086 619 3159; x_wconf 76' lang='grc' dir='ltr'><strong>Ἑκάτερον</strong></span> <span class='ocrx_word' id='word_1_427' title='bbox 654 3087 765 3159; x_wconf 80' lang='grc' dir='ltr'><strong>γὰρ</strong></span> <span class='ocrx_word' id='word_1_428' title='bbox 804 3086 985 3142; x_wconf 80' lang='grc' dir='ltr'><strong>αὐτῶν</strong></span> <span class='ocrx_word' id='word_1_429' title='bbox 1015 3085 1215 3159; x_wconf 84' lang='grc' dir='ltr'><strong>ἐπίσης</strong></span> <span class='ocrx_word' id='word_1_430' title='bbox 1240 3086 1539 3142; x_wconf 67' lang='grc' dir='ltr'><strong>ἀδύνατονέ</strong></span> <span class='ocrx_word' id='word_1_431' title='bbox 1575 3086 1761 3158; x_wconf 86' lang='grc' dir='ltr'><strong>ἐπειδή</strong></span> 
     </span>
    </p>
   </div>
   <div class='ocr_carea' id='block_1_60' title="bbox 167 3174 1763 3249">
    <p class='ocr_par' dir='ltr' id='par_1_60' title="bbox 167 3174 1763 3249">
     <span class='ocr_line' id='line_1_60' title="bbox 167 3174 1763 3249; baseline 0.001 -21"><span class='ocrx_word' id='word_1_432' title='bbox 167 3192 232 3243; x_wconf 81' lang='grc' dir='ltr'><strong>γε</strong></span> <span class='ocrx_word' id='word_1_433' title='bbox 278 3176 364 3231; x_wconf 84' lang='grc' dir='ltr'><strong>δεῖ</strong></span> <span class='ocrx_word' id='word_1_434' title='bbox 408 3178 550 3231; x_wconf 83' lang='grc' dir='ltr'><strong>κατά</strong></span> <span class='ocrx_word' id='word_1_435' title='bbox 590 3177 849 3249; x_wconf 84' lang='grc' dir='ltr'><strong>ἀλήθειαν</strong></span> <span class='ocrx_word' id='word_1_436' title='bbox 888 3178 949 3231; x_wconf 88' lang='grc' dir='ltr'><strong>τό</strong></span> <span class='ocrx_word' id='word_1_437' title='bbox 995 3195 1053 3231; x_wconf 90' lang='grc' dir='ltr'><strong>τε</strong></span> <span class='ocrx_word' id='word_1_438' title='bbox 1108 3178 1296 3231; x_wconf 83' lang='grc' dir='ltr'><strong>ποιοῦν</strong></span> <span class='ocrx_word' id='word_1_439' title='bbox 1346 3179 1441 3232; x_wconf 81' lang='grc' dir='ltr'><strong>τοῦ</strong></span> <span class='ocrx_word' id='word_1_440' title='bbox 1477 3174 1763 3249; x_wconf 81' lang='grc' dir='ltr'><strong>γινομένου</strong></span> 
     </span>
    </p>
   </div>
   <div class='ocr_carea' id='block_1_61' title="bbox 166 3262 1764 3340">
    <p class='ocr_par' dir='ltr' id='par_1_61' title="bbox 166 3262 1764 3340">
     <span class='ocr_line' id='line_1_61' title="bbox 166 3262 1764 3340; baseline 0 -20"><span class='ocrx_word' id='word_1_441' title='bbox 166 3268 570 3340; x_wconf 75' lang='grc' dir='ltr'><strong>προῦπάρχειν,</strong></span> <span class='ocrx_word' id='word_1_442' title='bbox 600 3269 694 3322; x_wconf 75' lang='grc' dir='ltr'><strong>καὶ</strong></span> <span class='ocrx_word' id='word_1_443' title='bbox 724 3268 787 3322; x_wconf 82' lang='grc' dir='ltr'><strong>τὸ</strong></span> <span class='ocrx_word' id='word_1_444' title='bbox 815 3267 1147 3339; x_wconf 76' lang='grc' dir='ltr'><strong>ποιούμενον</strong></span> <span class='ocrx_word' id='word_1_445' title='bbox 1175 3267 1270 3320; x_wconf 80' lang='grc' dir='ltr'><strong>τοῦ</strong></span> <span class='ocrx_word' id='word_1_446' title='bbox 1306 3267 1590 3332; x_wconf 80' lang='grc' dir='ltr'><strong>ποιοῦντος</strong></span> <span class='ocrx_word' id='word_1_447' title='bbox 1625 3262 1764 3321; x_wconf 82' lang='grc' dir='ltr'><strong>εἶναι</strong></span> 
     </span>
    </p>
   </div>
   <div class='ocr_carea' id='block_1_62' title="bbox 165 3358 1763 3433">
    <p class='ocr_par' dir='ltr' id='par_1_62' title="bbox 165 3358 1763 3433">
     <span class='ocr_line' id='line_1_62' title="bbox 165 3358 1763 3433; baseline -0.001 -18"><span class='ocrx_word' id='word_1_448' title='bbox 165 3358 458 3433; x_wconf 77' lang='grc' dir='ltr'><strong>δεύτερον·</strong></span> <span class='ocrx_word' id='word_1_449' title='bbox 498 3363 636 3432; x_wconf 80' lang='grc' dir='ltr'><strong>μήτε</strong></span> <span class='ocrx_word' id='word_1_450' title='bbox 678 3361 736 3414; x_wconf 80' lang='grc' dir='ltr'><strong>δὲ</strong></span> <span class='ocrx_word' id='word_1_451' title='bbox 761 3361 908 3415; x_wconf 74' lang='grc' dir='ltr'><strong>ἀὐτὸ</strong></span> <span class='ocrx_word' id='word_1_452' title='bbox 938 3359 1134 3414; x_wconf 78' lang='grc' dir='ltr'><strong>ἑαυτοῦ</strong></span> <span class='ocrx_word' id='word_1_453' title='bbox 1166 3360 1490 3432; x_wconf 78' lang='grc' dir='ltr'><strong>πρότερονῆ</strong></span> <span class='ocrx_word' id='word_1_454' title='bbox 1534 3360 1763 3432; x_wconf 76' lang='grc' dir='ltr'><strong>ὓστερον</strong></span> 
     </span>
    </p>
   </div>
   <div class='ocr_carea' id='block_1_63' title="bbox 166 3444 1764 3523">
    <p class='ocr_par' dir='ltr' id='par_1_63' title="bbox 166 3444 1764 3523">
     <span class='ocr_line' id='line_1_63' title="bbox 166 3444 1764 3523; baseline 0 -21"><span class='ocrx_word' id='word_1_455' title='bbox 166 3447 314 3506; x_wconf 81' lang='grc' dir='ltr'><strong>εἶναι</strong></span> <span class='ocrx_word' id='word_1_456' title='bbox 361 3450 647 3514; x_wconf 75' lang='grc' dir='ltr'><strong>δύνασθαι,</strong></span> <span class='ocrx_word' id='word_1_457' title='bbox 691 3452 830 3523; x_wconf 84' lang='grc' dir='ltr'><strong>μήτε</strong></span> <span class='ocrx_word' id='word_1_458' title='bbox 875 3451 1064 3523; x_wconf 73' lang='grc' dir='ltr'><strong>ἕτερόν</strong></span> <span class='ocrx_word' id='word_1_459' title='bbox 1118 3467 1173 3503; x_wconf 88' lang='grc' dir='ltr'><strong>τι</strong></span> <span class='ocrx_word' id='word_1_460' title='bbox 1218 3451 1327 3521; x_wconf 81' lang='grc' dir='ltr'><strong>πρὸ</strong></span> <span class='ocrx_word' id='word_1_461' title='bbox 1367 3449 1459 3504; x_wconf 77' lang='grc' dir='ltr'><strong>τοῦ</strong></span> <span class='ocrx_word' id='word_1_462' title='bbox 1492 3449 1649 3503; x_wconf 81' lang='grc' dir='ltr'><strong>Θεοῦ.</strong></span> <span class='ocrx_word' id='word_1_463' title='bbox 1685 3444 1764 3502; x_wconf 88' lang='grc' dir='ltr'><strong>Ἦ</strong></span> 
     </span>
    </p>
   </div>
   <div class='ocr_carea' id='block_1_64' title="bbox 166 3540 1762 3615">
    <p class='ocr_par' dir='ltr' id='par_1_64' title="bbox 166 3540 1762 3615">
     <span class='ocr_line' id='line_1_64' title="bbox 166 3540 1762 3615; baseline -0.001 -19"><span class='ocrx_word' id='word_1_464' title='bbox 166 3542 280 3613; x_wconf 77' lang='grc' dir='ltr'><strong>γὰρ</strong></span> <span class='ocrx_word' id='word_1_465' title='bbox 310 3542 379 3597; x_wconf 86' lang='grc' dir='ltr'><strong>ἂν</strong></span> <span class='ocrx_word' id='word_1_466' title='bbox 406 3544 585 3596; x_wconf 78' lang='grc' dir='ltr'><strong>ἐκεῖνο</strong></span> <span class='ocrx_word' id='word_1_467' title='bbox 601 3542 707 3614; x_wconf 84' lang='grc' dir='ltr'><strong>πρὸ</strong></span> <span class='ocrx_word' id='word_1_468' title='bbox 728 3540 822 3595; x_wconf 79' lang='grc' dir='ltr'><strong>τοῦ</strong></span> <span class='ocrx_word' id='word_1_469' title='bbox 847 3541 1100 3614; x_wconf 88' lang='grc' dir='ltr'><strong>δευτέρου</strong></span> <span class='ocrx_word' id='word_1_470' title='bbox 1125 3542 1184 3596; x_wconf 83' lang='grc' dir='ltr'><strong>τὸ</strong></span> <span class='ocrx_word' id='word_1_471' title='bbox 1202 3543 1304 3613; x_wconf 85' lang='grc' dir='ltr'><strong>τῆς</strong></span> <span class='ocrx_word' id='word_1_472' title='bbox 1326 3541 1578 3615; x_wconf 85' lang='grc' dir='ltr'><strong>θεότητος</strong></span> <span class='ocrx_word' id='word_1_473' title='bbox 1605 3541 1762 3612; x_wconf 76' lang='grc' dir='ltr'><strong>ἔσχεν</strong></span> 
     </span>
    </p>
   </div>
   <div class='ocr_carea' id='block_1_65' title="bbox 167 3630 1759 3705">
    <p class='ocr_par' dir='ltr' id='par_1_65' title="bbox 167 3630 1759 3705">
     <span class='ocr_line' id='line_1_65' title="bbox 167 3630 1759 3705; baseline -0.002 -16"><span class='ocrx_word' id='word_1_474' title='bbox 167 3634 411 3705; x_wconf 76' lang='grc' dir='ltr'><strong>ἀξίωμα.</strong></span> <span class='ocrx_word' id='word_1_475' title='bbox 439 3634 513 3689; x_wconf 75' lang='grc' dir='ltr'>Τὸ</span> <span class='ocrx_word' id='word_1_476' title='bbox 536 3636 653 3705; x_wconf 80' lang='grc' dir='ltr'><strong>,γάρ</strong></span> <span class='ocrx_word' id='word_1_477' title='bbox 685 3651 767 3688; x_wconf 90' lang='grc' dir='ltr'><strong>τοι</strong></span> <span class='ocrx_word' id='word_1_478' title='bbox 800 3633 1026 3687; x_wconf 81' lang='grc' dir='ltr'><strong>δυνατὸν</strong></span> <span class='ocrx_word' id='word_1_479' title='bbox 1055 3630 1193 3687; x_wconf 82' lang='grc' dir='ltr'><strong>εἶναι</strong></span> <span class='ocrx_word' id='word_1_480' title='bbox 1231 3633 1411 3702; x_wconf 79' lang='grc' dir='ltr'><strong>λέγειν</strong></span> <span class='ocrx_word' id='word_1_481' title='bbox 1452 3635 1542 3703; x_wconf 82' lang='grc' dir='ltr'><strong>ὑφ’</strong></span> <span class='ocrx_word' id='word_1_482' title='bbox 1572 3634 1759 3705; x_wconf 81' lang='grc' dir='ltr'><strong>ἐτέρου</strong></span> 
     </span>
    </p>
   </div>
   <div class='ocr_carea' id='block_1_66' title="bbox 168 3723 1756 3798">
    <p class='ocr_par' dir='ltr' id='par_1_66' title="bbox 168 3723 1756 3798">
     <span class='ocr_line' id='line_1_66' title="bbox 168 3723 1756 3798; baseline 0 -19"><span class='ocrx_word' id='word_1_483' title='bbox 168 3743 221 3779; x_wconf 90' lang='grc' dir='ltr'><strong>τι</strong></span> <span class='ocrx_word' id='word_1_484' title='bbox 250 3725 498 3795; x_wconf 81' lang='grc' dir='ltr'><strong>γίνεσθαι</strong></span> <span class='ocrx_word' id='word_1_485' title='bbox 534 3725 735 3797; x_wconf 80' lang='grc' dir='ltr'><strong>ἀληθὲς</strong></span> <span class='ocrx_word' id='word_1_486' title='bbox 771 3724 854 3791; x_wconf 86' lang='grc' dir='ltr'><strong>δν,</strong></span> <span class='ocrx_word' id='word_1_487' title='bbox 894 3725 987 3778; x_wconf 80' lang='grc' dir='ltr'><strong>ἐπὶ</strong></span> <span class='ocrx_word' id='word_1_488' title='bbox 1027 3724 1272 3798; x_wconf 83' lang='grc' dir='ltr'><strong>γενητῶν</strong></span> <span class='ocrx_word' id='word_1_489' title='bbox 1300 3725 1366 3779; x_wconf 83' lang='grc' dir='ltr'><strong>ἂν</strong></span> <span class='ocrx_word' id='word_1_490' title='bbox 1408 3725 1521 3796; x_wconf 78' lang='grc' dir='ltr'><strong>ἔχοι</strong></span> <span class='ocrx_word' id='word_1_491' title='bbox 1551 3723 1756 3797; x_wconf 83' lang='grc' dir='ltr'><strong>χώραν,</strong></span> 
     </span>
    </p>
   </div>
   <div class='ocr_carea' id='block_1_67' title="bbox 167 3816 1754 3888">
    <p class='ocr_par' dir='ltr' id='par_1_67' title="bbox 167 3816 1754 3888">
     <span class='ocr_line' id='line_1_67' title="bbox 167 3816 1754 3888; baseline -0.001 -16"><span class='ocrx_word' id='word_1_492' title='bbox 167 3819 310 3872; x_wconf 74' lang='grc' dir='ltr'><strong>κάπὶ</strong></span> <span class='ocrx_word' id='word_1_493' title='bbox 346 3816 458 3870; x_wconf 83' lang='grc' dir='ltr'><strong>τῶν</strong></span> <span class='ocrx_word' id='word_1_494' title='bbox 514 3818 620 3870; x_wconf 81' lang='grc' dir='ltr'><strong>ὑπὸ</strong></span> <span class='ocrx_word' id='word_1_495' title='bbox 676 3816 813 3870; x_wconf 78' lang='grc' dir='ltr'><strong>Θεοῦ</strong></span> <span class='ocrx_word' id='word_1_496' title='bbox 875 3818 1189 3888; x_wconf 86' lang='grc' dir='ltr'><strong>γενομένων</strong></span> <span class='ocrx_word' id='word_1_497' title='bbox 1233 3818 1486 3870; x_wconf 78' lang='grc' dir='ltr'><strong>τάττοιτο</strong></span> <span class='ocrx_word' id='word_1_498' title='bbox 1514 3816 1754 3880; x_wconf 76' lang='grc' dir='ltr'><strong>δικαίως.</strong></span> 
     </span>
    </p>
   </div>
   <div class='ocr_carea' id='block_1_68' title="bbox 169 3903 1761 3978">
    <p class='ocr_par' dir='ltr' id='par_1_68' title="bbox 169 3903 1761 3978">
     <span class='ocr_line' id='line_1_68' title="bbox 169 3903 1761 3978; baseline -0.001 -19"><span class='ocrx_word' id='word_1_499' title='bbox 169 3906 388 3959; x_wconf 66' lang='grc' dir='ltr'><strong>Οὒκοῦν</strong></span> <span class='ocrx_word' id='word_1_500' title='bbox 423 3905 501 3977; x_wconf 84' lang='grc'><strong>(9)</strong></span> <span class='ocrx_word' id='word_1_501' title='bbox 532 3909 580 3959; x_wconf 87' lang='grc' dir='ltr'><strong>εἰ</strong></span> <span class='ocrx_word' id='word_1_502' title='bbox 611 3908 751 3978; x_wconf 89' lang='grc' dir='ltr'><strong>μήτε</strong></span> <span class='ocrx_word' id='word_1_503' title='bbox 782 3906 944 3969; x_wconf 74' lang='grc' dir='ltr'><strong>αὐτὸς</strong></span> <span class='ocrx_word' id='word_1_504' title='bbox 970 3903 1188 3970; x_wconf 76' lang='grc' dir='ltr'><strong>ἑαυτοῦ,</strong></span> <span class='ocrx_word' id='word_1_505' title='bbox 1222 3904 1347 3976; x_wconf 83' lang='grc' dir='ltr'><strong>μήθ’</strong></span> <span class='ocrx_word' id='word_1_506' title='bbox 1367 3905 1553 3976; x_wconf 74' lang='grc' dir='ltr'><strong>ἕτερόν</strong></span> <span class='ocrx_word' id='word_1_507' title='bbox 1583 3922 1636 3958; x_wconf 93' lang='grc' dir='ltr'><strong>τι</strong></span> <span class='ocrx_word' id='word_1_508' title='bbox 1671 3906 1761 3958; x_wconf 83' lang='grc' dir='ltr'><strong>αύ-</strong></span> 
     </span>
    </p>
   </div>
   <div class='ocr_carea' id='block_1_69' title="bbox 166 3995 1755 4070">
    <p class='ocr_par' dir='ltr' id='par_1_69' title="bbox 166 3995 1755 4070">
     <span class='ocr_line' id='line_1_69' title="bbox 166 3995 1755 4070; baseline -0.002 -18"><span class='ocrx_word' id='word_1_509' title='bbox 166 3998 262 4052; x_wconf 79' lang='grc' dir='ltr'>τοῦ</span> <span class='ocrx_word' id='word_1_510' title='bbox 306 3999 683 4070; x_wconf 79' lang='grc' dir='ltr'><strong>προϋπάρχειν</strong></span> <span class='ocrx_word' id='word_1_511' title='bbox 731 3997 1017 4063; x_wconf 81' lang='grc' dir='ltr'><strong>δέδεικται,</strong></span> <span class='ocrx_word' id='word_1_512' title='bbox 1055 3995 1162 4067; x_wconf 73' lang='grc' dir='ltr'><strong>πρὸ</strong></span> <span class='ocrx_word' id='word_1_513' title='bbox 1208 3996 1266 4051; x_wconf 80' lang='grc' dir='ltr'><strong>δὲ</strong></span> <span class='ocrx_word' id='word_1_514' title='bbox 1301 3998 1519 4051; x_wconf 87' lang='grc' dir='ltr'><strong>πάντων</strong></span> <span class='ocrx_word' id='word_1_515' title='bbox 1562 3996 1755 4061; x_wconf 73' lang='grc' dir='ltr'><strong>αὐτός’</strong></span> 
     </span>
    </p>
   </div>
   <div class='ocr_carea' id='block_1_70' title="bbox 168 4088 1757 4160">
    <p class='ocr_par' dir='ltr' id='par_1_70' title="bbox 168 4088 1757 4160">
     <span class='ocr_line' id='line_1_70' title="bbox 168 4088 1757 4160; baseline -0.001 -16"><span class='ocrx_word' id='word_1_516' title='bbox 168 4089 457 4144; x_wconf 83' lang='grc' dir='ltr'><strong>ἀκολουθεί</strong></span> <span class='ocrx_word' id='word_1_517' title='bbox 504 4089 678 4159; x_wconf 84' lang='grc' dir='ltr'><strong>τούτῳ</strong></span> <span class='ocrx_word' id='word_1_518' title='bbox 731 4088 794 4142; x_wconf 84' lang='grc' dir='ltr'><strong>τὸ</strong></span> <span class='ocrx_word' id='word_1_519' title='bbox 850 4089 1179 4158; x_wconf 86' lang='grc' dir='ltr'><strong>ἀγέννητον·</strong></span> <span class='ocrx_word' id='word_1_520' title='bbox 1230 4090 1430 4160; x_wconf 84' lang='grc' dir='ltr'><strong>μᾶλλον</strong></span> <span class='ocrx_word' id='word_1_521' title='bbox 1487 4089 1545 4143; x_wconf 88' lang='grc' dir='ltr'><strong>δέ</strong></span> <span class='ocrx_word' id='word_1_522' title='bbox 1595 4089 1757 4154; x_wconf 83' lang='grc' dir='ltr'><strong>αὑτός</strong></span> 
     </span>
    </p>
   </div>
   <div class='ocr_carea' id='block_1_71' title="bbox 168 4180 1758 4253">
    <p class='ocr_par' dir='ltr' id='par_1_71' title="bbox 168 4180 1758 4253">
     <span class='ocr_line' id='line_1_71' title="bbox 168 4180 1758 4253; baseline -0.001 -18"><span class='ocrx_word' id='word_1_523' title='bbox 168 4183 320 4235; x_wconf 81' lang='grc' dir='ltr'><strong>ἐστιν</strong></span> <span class='ocrx_word' id='word_1_524' title='bbox 354 4180 513 4234; x_wconf 76' lang='grc' dir='ltr'><strong>οὐσία</strong></span> <span class='ocrx_word' id='word_1_525' title='bbox 549 4181 864 4253; x_wconf 82' lang='grc' dir='ltr'><strong>ἀγέννητος.</strong></span> <span class='ocrx_word' id='word_1_526' title='bbox 910 4182 1171 4253; x_wconf 85' lang='grc' dir='ltr'><strong>Περιττὸν</strong></span> <span class='ocrx_word' id='word_1_527' title='bbox 1200 4182 1298 4251; x_wconf 87' lang='grc' dir='ltr'><strong>μὲν</strong></span> <span class='ocrx_word' id='word_1_528' title='bbox 1335 4180 1465 4244; x_wconf 77' lang='grc' dir='ltr'><strong>ἴσως</strong></span> <span class='ocrx_word' id='word_1_529' title='bbox 1496 4180 1591 4235; x_wconf 79' lang='grc' dir='ltr'><strong>καὶ</strong></span> <span class='ocrx_word' id='word_1_530' title='bbox 1617 4198 1758 4251; x_wconf 89' lang='grc' dir='ltr'><strong>παρ-</strong></span> 
     </span>
    </p>
   </div>
   <div class='ocr_carea' id='block_1_72' title="bbox 168 4272 1748 4345">
    <p class='ocr_par' dir='ltr' id='par_1_72' title="bbox 168 4272 1748 4345">
     <span class='ocr_line' id='line_1_72' title="bbox 168 4272 1748 4345; baseline -0.003 -17"><span class='ocrx_word' id='word_1_531' title='bbox 168 4273 327 4328; x_wconf 77' lang='grc' dir='ltr'><strong>έλκον</strong></span> <span class='ocrx_word' id='word_1_532' title='bbox 374 4273 522 4341; x_wconf 77' lang='grc' dir='ltr'><strong>δόξει</strong></span> <span class='ocrx_word' id='word_1_533' title='bbox 572 4274 688 4328; x_wconf 71' lang='grc' dir='ltr'><strong>τισὶ</strong></span> <span class='ocrx_word' id='word_1_534' title='bbox 747 4274 816 4326; x_wconf 62' lang='grc' dir='ltr'><strong>τὶ</strong></span> <span class='ocrx_word' id='word_1_535' title='bbox 863 4273 1082 4337; x_wconf 81' lang='grc' dir='ltr'><strong>πολλοῖς</strong></span> <span class='ocrx_word' id='word_1_536' title='bbox 1120 4272 1533 4345; x_wconf 76' lang='grc' dir='ltr'><strong>ὁμολογούμενα</strong></span> <span class='ocrx_word' id='word_1_537' title='bbox 1566 4287 1748 4325; x_wconf 67' lang='grc' dir='ltr'><strong>,κατα-</strong></span> 
     </span>
    </p>
   </div>
   <div class='ocr_carea' id='block_1_73' title="bbox 1875 3085 3440 3159">
    <p class='ocr_par' dir='ltr' id='par_1_73' title="bbox 1875 3085 3440 3159">
     <span class='ocr_line' id='line_1_73' title="bbox 1875 3085 3440 3159; baseline 0.001 -19"><span class='ocrx_word' id='word_1_538' title='bbox 1875 3086 2075 3143; x_wconf 87' lang='lat' dir='ltr'><strong>factus.</strong></span> <span class='ocrx_word' id='word_1_539' title='bbox 2137 3085 2436 3156; x_wconf 70' lang='lat' dir='ltr'><strong>Utrquue</strong></span> <span class='ocrx_word' id='word_1_540' title='bbox 2467 3086 2613 3140; x_wconf 87' lang='lat' dir='ltr'><strong>enim</strong></span> <span class='ocrx_word' id='word_1_541' title='bbox 2657 3087 2847 3140; x_wconf 88' lang='lat' dir='ltr'><strong>horum</strong></span> <span class='ocrx_word' id='word_1_542' title='bbox 2900 3102 3053 3157; x_wconf 72' lang='lat' dir='ltr'><strong>mque</strong></span> <span class='ocrx_word' id='word_1_543' title='bbox 3093 3088 3440 3159; x_wconf 80' lang='lat' dir='ltr'><strong>impoSsibile.</strong></span> 
     </span>
    </p>
   </div>
   <div class='ocr_carea' id='block_1_74' title="bbox 1870 3176 3439 3251">
    <p class='ocr_par' dir='ltr' id='par_1_74' title="bbox 1870 3176 3439 3251">
     <span class='ocr_line' id='line_1_74' title="bbox 1870 3176 3439 3251; baseline 0.004 -22"><span class='ocrx_word' id='word_1_544' title='bbox 1870 3176 2310 3246; x_wconf 81' lang='lat' dir='ltr'><strong>quandoquidem</strong></span> <span class='ocrx_word' id='word_1_545' title='bbox 2340 3177 2456 3246; x_wconf 88' lang='lat' dir='ltr'><strong>ipsa</strong></span> <span class='ocrx_word' id='word_1_546' title='bbox 2494 3176 2693 3230; x_wconf 86' lang='lat' dir='ltr'><strong>veritas</strong></span> <span class='ocrx_word' id='word_1_547' title='bbox 2729 3177 2979 3245; x_wconf 88' lang='lat' dir='ltr'><strong>requirit,</strong></span> <span class='ocrx_word' id='word_1_548' title='bbox 3007 3187 3064 3233; x_wconf 90' lang='lat' dir='ltr'><strong>ut</strong></span> <span class='ocrx_word' id='word_1_549' title='bbox 3096 3194 3264 3234; x_wconf 91' lang='lat' dir='ltr'><strong>causa</strong></span> <span class='ocrx_word' id='word_1_550' title='bbox 3293 3181 3439 3251; x_wconf 87' lang='lat' dir='ltr'><strong>prior</strong></span> 
     </span>
    </p>
   </div>
   <div class='ocr_carea' id='block_1_75' title="bbox 1870 3264 3441 3338">
    <p class='ocr_par' dir='ltr' id='par_1_75' title="bbox 1870 3264 3441 3338">
     <span class='ocr_line' id='line_1_75' title="bbox 1870 3264 3441 3338; baseline 0.006 -20"><span class='ocrx_word' id='word_1_551' title='bbox 1870 3265 1943 3318; x_wconf 91' lang='lat' dir='ltr'><strong>sit</strong></span> <span class='ocrx_word' id='word_1_552' title='bbox 1975 3264 2196 3330; x_wconf 81' lang='lat' dir='ltr'><strong>effectu,</strong></span> <span class='ocrx_word' id='word_1_553' title='bbox 2229 3273 2285 3319; x_wconf 89' lang='lat' dir='ltr'><strong>et</strong></span> <span class='ocrx_word' id='word_1_554' title='bbox 2315 3274 2373 3318; x_wconf 93' lang='lat' dir='ltr'><strong>ut</strong></span> <span class='ocrx_word' id='word_1_555' title='bbox 2398 3266 2595 3320; x_wconf 86' lang='lat' dir='ltr'><strong>factum</strong></span> <span class='ocrx_word' id='word_1_556' title='bbox 2625 3266 2696 3320; x_wconf 89' lang='lat' dir='ltr'><strong>sit</strong></span> <span class='ocrx_word' id='word_1_557' title='bbox 2736 3268 3006 3337; x_wconf 88' lang='lat' dir='ltr'><strong>posterius</strong></span> <span class='ocrx_word' id='word_1_558' title='bbox 3036 3268 3152 3338; x_wconf 85' lang='lat' dir='ltr'><strong>ipso</strong></span> <span class='ocrx_word' id='word_1_559' title='bbox 3188 3271 3441 3327; x_wconf 89' lang='lat' dir='ltr'><strong>faciente.</strong></span> 
     </span>
    </p>
   </div>
   <div class='ocr_carea' id='block_1_76' title="bbox 1868 3354 3428 3428">
    <p class='ocr_par' dir='ltr' id='par_1_76' title="bbox 1868 3354 3428 3428">
     <span class='ocr_line' id='line_1_76' title="bbox 1868 3354 3428 3428; baseline 0.004 -18"><span class='ocrx_word' id='word_1_560' title='bbox 1868 3354 1981 3412; x_wconf 92' lang='lat' dir='ltr'><strong>Nec</strong></span> <span class='ocrx_word' id='word_1_561' title='bbox 2011 3357 2128 3412; x_wconf 85' lang='lat' dir='ltr'><strong>fieri</strong></span> <span class='ocrx_word' id='word_1_562' title='bbox 2154 3366 2328 3427; x_wconf 85' lang='lat' dir='ltr'><strong>potest</strong></span> <span class='ocrx_word' id='word_1_563' title='bbox 2350 3365 2410 3411; x_wconf 93' lang='lat' dir='ltr'><strong>ut</strong></span> <span class='ocrx_word' id='word_1_564' title='bbox 2436 3373 2600 3411; x_wconf 92' lang='lat' dir='ltr'><strong>unum</strong></span> <span class='ocrx_word' id='word_1_565' title='bbox 2628 3358 2920 3428; x_wconf 82' lang='lat' dir='ltr'><strong>quidquam</strong></span> <span class='ocrx_word' id='word_1_566' title='bbox 2943 3367 3000 3414; x_wconf 88' lang='lat' dir='ltr'><strong>et</strong></span> <span class='ocrx_word' id='word_1_567' title='bbox 3044 3360 3186 3415; x_wconf 90' lang='lat' dir='ltr'><strong>idem</strong></span> <span class='ocrx_word' id='word_1_568' title='bbox 3236 3365 3307 3418; x_wconf 85' lang='lat' dir='ltr'><strong>sit</strong></span> <span class='ocrx_word' id='word_1_569' title='bbox 3356 3378 3428 3418; x_wconf 90' lang='lat' dir='ltr'><strong>se-</strong></span> 
     </span>
    </p>
   </div>
   <div class='ocr_carea' id='block_1_77' title="bbox 1870 3450 3441 3519">
    <p class='ocr_par' dir='ltr' id='par_1_77' title="bbox 1870 3450 3441 3519">
     <span class='ocr_line' id='line_1_77' title="bbox 1870 3450 3441 3519; baseline 0.003 -14"><span class='ocrx_word' id='word_1_570' title='bbox 1870 3450 1989 3519; x_wconf 89' lang='lat' dir='ltr'><strong>ipso</strong></span> <span class='ocrx_word' id='word_1_571' title='bbox 2018 3450 2167 3519; x_wconf 89' lang='lat' dir='ltr'><strong>prius</strong></span> <span class='ocrx_word' id='word_1_572' title='bbox 2199 3458 2291 3504; x_wconf 88' lang='lat' dir='ltr'><strong>aut</strong></span> <span class='ocrx_word' id='word_1_573' title='bbox 2314 3450 2603 3519; x_wconf 91' lang='lat' dir='ltr'><strong>posterius,</strong></span> <span class='ocrx_word' id='word_1_574' title='bbox 2633 3451 2772 3506; x_wconf 89' lang='lat' dir='ltr'><strong>sicut</strong></span> <span class='ocrx_word' id='word_1_575' title='bbox 2804 3460 2858 3505; x_wconf 89' lang='lat' dir='ltr'><strong>et</strong></span> <span class='ocrx_word' id='word_1_576' title='bbox 2880 3455 3069 3507; x_wconf 89' lang='lat' dir='ltr'><strong>eadem</strong></span> <span class='ocrx_word' id='word_1_577' title='bbox 3099 3456 3305 3509; x_wconf 86' lang='lat' dir='ltr'><strong>ratione</strong></span> <span class='ocrx_word' id='word_1_578' title='bbox 3327 3456 3441 3510; x_wconf 87' lang='lat' dir='ltr'><strong>fieri</strong></span> 
     </span>
    </p>
   </div>
   <div class='ocr_carea' id='block_1_78' title="bbox 1870 3537 3430 3610">
    <p class='ocr_par' dir='ltr' id='par_1_78' title="bbox 1870 3537 3430 3610">
     <span class='ocr_line' id='line_1_78' title="bbox 1870 3537 3430 3610; baseline 0.003 -16"><span class='ocrx_word' id='word_1_579' title='bbox 1870 3540 2077 3609; x_wconf 90' lang='lat' dir='ltr'><strong>nequit,</strong></span> <span class='ocrx_word' id='word_1_580' title='bbox 2102 3549 2159 3595; x_wconf 91' lang='lat' dir='ltr'><strong>ut</strong></span> <span class='ocrx_word' id='word_1_581' title='bbox 2185 3540 2329 3594; x_wconf 86' lang='lat' dir='ltr'><strong>aliud</strong></span> <span class='ocrx_word' id='word_1_582' title='bbox 2358 3537 2657 3610; x_wconf 90' lang='lat' dir='ltr'><strong>quidquam</strong></span> <span class='ocrx_word' id='word_1_583' title='bbox 2690 3540 2858 3595; x_wconf 90' lang='lat' dir='ltr'><strong>Deum</strong></span> <span class='ocrx_word' id='word_1_584' title='bbox 2900 3544 3288 3598; x_wconf 82' lang='lat' dir='ltr'><strong>antecesserit:</strong></span> <span class='ocrx_word' id='word_1_585' title='bbox 3308 3545 3430 3599; x_wconf 89' lang='lat' dir='ltr'><strong>alio-</strong></span> 
     </span>
    </p>
   </div>
   <div class='ocr_carea' id='block_1_79' title="bbox 1869 3628 3439 3698">
    <p class='ocr_par' dir='ltr' id='par_1_79' title="bbox 1869 3628 3439 3698">
     <span class='ocr_line' id='line_1_79' title="bbox 1869 3628 3439 3698; baseline 0.006 -17"><span class='ocrx_word' id='word_1_586' title='bbox 1869 3629 1961 3698; x_wconf 91' lang='lat' dir='ltr'><strong>qui</strong></span> <span class='ocrx_word' id='word_1_587' title='bbox 1989 3630 2133 3684; x_wconf 88' lang='lat' dir='ltr'><strong>euim</strong></span> <span class='ocrx_word' id='word_1_588' title='bbox 2157 3629 2260 3684; x_wconf 86' lang='lat' dir='ltr'><strong>hoc</strong></span> <span class='ocrx_word' id='word_1_589' title='bbox 2288 3629 2463 3698; x_wconf 91' lang='lat' dir='ltr'><strong>ipsum</strong></span> <span class='ocrx_word' id='word_1_590' title='bbox 2491 3628 2792 3684; x_wconf 83' lang='lat' dir='ltr'><strong>divinitatis</strong></span> <span class='ocrx_word' id='word_1_591' title='bbox 2814 3629 3132 3695; x_wconf 72' lang='lat' dir='ltr'><strong>dignitatem</strong></span> <span class='ocrx_word' id='word_1_592' title='bbox 3163 3632 3439 3691; x_wconf 74' lang='lat' dir='ltr'><strong>habui58et</strong></span> 
     </span>
    </p>
   </div>
   <div class='ocr_carea' id='block_1_80' title="bbox 1868 3719 3437 3797">
    <p class='ocr_par' dir='ltr' id='par_1_80' title="bbox 1868 3719 3437 3797">
     <span class='ocr_line' id='line_1_80' title="bbox 1868 3719 3437 3797; baseline 0.004 -23"><span class='ocrx_word' id='word_1_593' title='bbox 1868 3728 1995 3775; x_wconf 89' lang='lat' dir='ltr'><strong>ante</strong></span> <span class='ocrx_word' id='word_1_594' title='bbox 2025 3719 2155 3774; x_wconf 91' lang='lat' dir='ltr'><strong>illud</strong></span> <span class='ocrx_word' id='word_1_595' title='bbox 2186 3722 2329 3790; x_wconf 91' lang='lat' dir='ltr'><strong>quod</strong></span> <span class='ocrx_word' id='word_1_596' title='bbox 2353 3720 2623 3790; x_wconf 88' lang='lat' dir='ltr'><strong>posterius</strong></span> <span class='ocrx_word' id='word_1_597' title='bbox 2656 3729 2758 3776; x_wconf 74' lang='lat' dir='ltr'><strong>est.</strong></span> <span class='ocrx_word' id='word_1_598' title='bbox 2797 3720 2932 3788; x_wconf 86' lang='lat' dir='ltr'><strong>Hoc,</strong></span> <span class='ocrx_word' id='word_1_599' title='bbox 2984 3723 3224 3793; x_wconf 91' lang='lat' dir='ltr'><strong>inquam,</strong></span> <span class='ocrx_word' id='word_1_600' title='bbox 3279 3741 3437 3797; x_wconf 60' lang='lat' dir='ltr'><strong>atque</strong></span> 
     </span>
    </p>
   </div>
   <div class='ocr_carea' id='block_1_81' title="bbox 1867 3811 3441 3886">
    <p class='ocr_par' dir='ltr' id='par_1_81' title="bbox 1867 3811 3441 3886">
     <span class='ocr_line' id='line_1_81' title="bbox 1867 3811 3441 3886; baseline 0.005 -20"><span class='ocrx_word' id='word_1_601' title='bbox 1867 3811 2204 3882; x_wconf 87' lang='lat' dir='ltr'><strong>impossibile</strong></span> <span class='ocrx_word' id='word_1_602' title='bbox 2249 3821 2351 3867; x_wconf 91' lang='lat' dir='ltr'><strong>est.</strong></span> <span class='ocrx_word' id='word_1_603' title='bbox 2409 3812 2623 3867; x_wconf 89' lang='lat' dir='ltr'><strong>Etenim</strong></span> <span class='ocrx_word' id='word_1_604' title='bbox 2676 3813 2947 3868; x_wconf 75' lang='lat' dir='ltr'><strong>affirmare</strong></span> <span class='ocrx_word' id='word_1_605' title='bbox 3004 3814 3121 3869; x_wconf 85' lang='lat' dir='ltr'><strong>fieri</strong></span> <span class='ocrx_word' id='word_1_606' title='bbox 3150 3832 3330 3886; x_wconf 76' lang='lat' dir='ltr'><strong>posse,</strong></span> <span class='ocrx_word' id='word_1_607' title='bbox 3382 3830 3441 3875; x_wconf 90' lang='lat' dir='ltr'><strong>ut</strong></span> 
     </span>
    </p>
   </div>
   <div class='ocr_carea' id='block_1_82' title="bbox 1867 3903 3439 3973">
    <p class='ocr_par' dir='ltr' id='par_1_82' title="bbox 1867 3903 3439 3973">
     <span class='ocr_line' id='line_1_82' title="bbox 1867 3903 3439 3973; baseline 0.007 -18"><span class='ocrx_word' id='word_1_608' title='bbox 1867 3904 2011 3972; x_wconf 89' lang='lat' dir='ltr'><strong>quod</strong></span> <span class='ocrx_word' id='word_1_609' title='bbox 2043 3917 2169 3959; x_wconf 82' lang='lat' dir='ltr'><strong>vere</strong></span> <span class='ocrx_word' id='word_1_610' title='bbox 2190 3913 2292 3968; x_wconf 76' lang='lat' dir='ltr'><strong>est,</strong></span> <span class='ocrx_word' id='word_1_611' title='bbox 2329 3905 2396 3958; x_wconf 86' lang='lat' dir='ltr'><strong>ab</strong></span> <span class='ocrx_word' id='word_1_612' title='bbox 2423 3903 2528 3959; x_wconf 88' lang='lat' dir='ltr'><strong>alio</strong></span> <span class='ocrx_word' id='word_1_613' title='bbox 2552 3903 2751 3958; x_wconf 86' lang='lat' dir='ltr'><strong>factum</strong></span> <span class='ocrx_word' id='word_1_614' title='bbox 2781 3904 2874 3973; x_wconf 79' lang='lat' dir='ltr'><strong>sit,</strong></span> <span class='ocrx_word' id='word_1_615' title='bbox 2899 3905 3075 3962; x_wconf 86' lang='lat' dir='ltr'><strong>locum</strong></span> <span class='ocrx_word' id='word_1_616' title='bbox 3109 3908 3162 3962; x_wconf 90' lang='lat' dir='ltr'><strong>id</strong></span> <span class='ocrx_word' id='word_1_617' title='bbox 3202 3910 3364 3965; x_wconf 83' lang='lat' dir='ltr'><strong>habet</strong></span> <span class='ocrx_word' id='word_1_618' title='bbox 3387 3913 3439 3967; x_wconf 90' lang='lat' dir='ltr'><strong>in</strong></span> 
     </span>
    </p>
   </div>
   <div class='ocr_carea' id='block_1_83' title="bbox 1866 3995 3438 4073">
    <p class='ocr_par' dir='ltr' id='par_1_83' title="bbox 1866 3995 3438 4073">
     <span class='ocr_line' id='line_1_83' title="bbox 1866 3995 3438 4073; baseline 0.006 -24"><span class='ocrx_word' id='word_1_619' title='bbox 1866 3995 1934 4051; x_wconf 92' lang='lat' dir='ltr'><strong>iis</strong></span> <span class='ocrx_word' id='word_1_620' title='bbox 1968 4010 2086 4066; x_wconf 66' lang='lat' dir='ltr'><strong>quae</strong></span> <span class='ocrx_word' id='word_1_621' title='bbox 2117 3997 2363 4067; x_wconf 76' lang='lat' dir='ltr'><strong>generari</strong></span> <span class='ocrx_word' id='word_1_622' title='bbox 2413 4005 2469 4051; x_wconf 91' lang='lat' dir='ltr'><strong>et</strong></span> <span class='ocrx_word' id='word_1_623' title='bbox 2517 3996 2634 4052; x_wconf 86' lang='lat' dir='ltr'><strong>fieri</strong></span> <span class='ocrx_word' id='word_1_624' title='bbox 2678 3996 2925 4067; x_wconf 82' lang='lat' dir='ltr'><strong>possunt,</strong></span> <span class='ocrx_word' id='word_1_625' title='bbox 2983 4015 3191 4071; x_wconf 89' lang='lat' dir='ltr'><strong>suoque</strong></span> <span class='ocrx_word' id='word_1_626' title='bbox 3212 4001 3337 4073; x_wconf 80' lang='lat' dir='ltr'><strong>jure</strong></span> <span class='ocrx_word' id='word_1_627' title='bbox 3362 4004 3438 4059; x_wconf 85' lang='lat' dir='ltr'><strong>ita</strong></span> 
     </span>
    </p>
   </div>
   <div class='ocr_carea' id='block_1_84' title="bbox 1865 4087 3440 4160">
    <p class='ocr_par' dir='ltr' id='par_1_84' title="bbox 1865 4087 3440 4160">
     <span class='ocr_line' id='line_1_84' title="bbox 1865 4087 3440 4160; baseline 0.005 -17"><span class='ocrx_word' id='word_1_628' title='bbox 1865 4087 2062 4143; x_wconf 88' lang='lat' dir='ltr'><strong>dicitur</strong></span> <span class='ocrx_word' id='word_1_629' title='bbox 2089 4089 2153 4143; x_wconf 86' lang='lat' dir='ltr'><strong>de</strong></span> <span class='ocrx_word' id='word_1_630' title='bbox 2173 4088 2239 4143; x_wconf 90' lang='lat' dir='ltr'><strong>iis</strong></span> <span class='ocrx_word' id='word_1_631' title='bbox 2273 4104 2393 4159; x_wconf 73' lang='lat' dir='ltr'><strong>qua:</strong></span> <span class='ocrx_word' id='word_1_632' title='bbox 2416 4104 2446 4141; x_wconf 93' lang='lat' dir='ltr'><strong>a</strong></span> <span class='ocrx_word' id='word_1_633' title='bbox 2475 4089 2590 4143; x_wconf 92' lang='lat' dir='ltr'><strong>Deo</strong></span> <span class='ocrx_word' id='word_1_634' title='bbox 2619 4088 2759 4144; x_wconf 89' lang='lat' dir='ltr'><strong>facta</strong></span> <span class='ocrx_word' id='word_1_635' title='bbox 2785 4099 2931 4146; x_wconf 92' lang='lat' dir='ltr'><strong>sunt.</strong></span> <span class='ocrx_word' id='word_1_636' title='bbox 2957 4092 3247 4160; x_wconf 82' lang='lat' dir='ltr'><strong>Quocirca,</strong></span> <span class='ocrx_word' id='word_1_637' title='bbox 3275 4095 3319 4150; x_wconf 88' lang='lat' dir='ltr'><strong>si</strong></span> <span class='ocrx_word' id='word_1_638' title='bbox 3342 4110 3440 4152; x_wconf 90' lang='lat' dir='ltr'><strong>nec</strong></span> 
     </span>
    </p>
   </div>
   <div class='ocr_carea' id='block_1_85' title="bbox 1865 4178 3440 4255">
    <p class='ocr_par' dir='ltr' id='par_1_85' title="bbox 1865 4178 3440 4255">
     <span class='ocr_line' id='line_1_85' title="bbox 1865 4178 3440 4255; baseline 0.006 -22"><span class='ocrx_word' id='word_1_639' title='bbox 1865 4179 1980 4249; x_wconf 88' lang='lat' dir='ltr'><strong>ipse</strong></span> <span class='ocrx_word' id='word_1_640' title='bbox 1999 4179 2175 4249; x_wconf 86' lang='lat' dir='ltr'><strong>seipso</strong></span> <span class='ocrx_word' id='word_1_641' title='bbox 2214 4180 2366 4251; x_wconf 88' lang='lat' dir='ltr'><strong>prior</strong></span> <span class='ocrx_word' id='word_1_642' title='bbox 2388 4178 2510 4245; x_wconf 88' lang='lat' dir='ltr'><strong>fuit,</strong></span> <span class='ocrx_word' id='word_1_643' title='bbox 2544 4196 2721 4251; x_wconf 91' lang='lat' dir='ltr'><strong>neque</strong></span> <span class='ocrx_word' id='word_1_644' title='bbox 2770 4182 2915 4238; x_wconf 89' lang='lat' dir='ltr'><strong>aliud</strong></span> <span class='ocrx_word' id='word_1_645' title='bbox 2949 4184 3079 4254; x_wconf 90' lang='lat' dir='ltr'><strong>quid</strong></span> <span class='ocrx_word' id='word_1_646' title='bbox 3132 4185 3309 4255; x_wconf 78' lang='lat' dir='ltr'><strong>ipSum</strong></span> <span class='ocrx_word' id='word_1_647' title='bbox 3342 4188 3440 4242; x_wconf 49' lang='lat' dir='ltr'><strong>an:</strong></span> 
     </span>
    </p>
   </div>
   <div class='ocr_carea' id='block_1_86' title="bbox 1866 4272 3440 4348">
    <p class='ocr_par' dir='ltr' id='par_1_86' title="bbox 1866 4272 3440 4348">
     <span class='ocr_line' id='line_1_86' title="bbox 1866 4272 3440 4348; baseline 0.005 -22"><span class='ocrx_word' id='word_1_648' title='bbox 1866 4272 2104 4335; x_wconf 88' lang='lat' dir='ltr'><strong>tecessit,</strong></span> <span class='ocrx_word' id='word_1_649' title='bbox 2136 4272 2329 4342; x_wconf 85' lang='lat' dir='ltr'><strong>utjatn</strong></span> <span class='ocrx_word' id='word_1_650' title='bbox 2370 4282 2454 4328; x_wconf 93' lang='lat' dir='ltr'><strong>est</strong></span> <span class='ocrx_word' id='word_1_651' title='bbox 2487 4274 2941 4344; x_wconf 74' lang='lat' dir='ltr'><strong>demonstratum,</strong></span> <span class='ocrx_word' id='word_1_652' title='bbox 2973 4277 3135 4346; x_wconf 91' lang='lat' dir='ltr'><strong>sique</strong></span> <span class='ocrx_word' id='word_1_653' title='bbox 3170 4278 3285 4348; x_wconf 89' lang='lat' dir='ltr'><strong>ipse</strong></span> <span class='ocrx_word' id='word_1_654' title='bbox 3315 4289 3440 4335; x_wconf 89' lang='lat' dir='ltr'><strong>ante</strong></span> 
     </span>
    </p>
   </div>
   <div class='ocr_carea' id='block_1_87' title="bbox 171 4362 1715 4439">
    <p class='ocr_par' dir='ltr' id='par_1_87' title="bbox 171 4362 1715 4437">
     <span class='ocr_line' id='line_1_87' title="bbox 171 4362 1715 4437; baseline -0.002 -15"><span class='ocrx_word' id='word_1_655' title='bbox 171 4366 462 4431; x_wconf 75' lang='grc' dir='ltr'><strong>σκευάζειν</strong></span> <span class='ocrx_word' id='word_1_656' title='bbox 506 4367 584 4431; x_wconf 83' lang='grc' dir='ltr'><strong>ὡς</strong></span> <span class='ocrx_word' id='word_1_657' title='bbox 623 4365 923 4437; x_wconf 87' lang='grc' dir='ltr'><strong>ἀμφίϐολα.</strong></span> <span class='ocrx_word' id='word_1_658' title='bbox 978 4366 1053 4419; x_wconf 84' lang='grc' dir='ltr'><strong>Ού</strong></span> <span class='ocrx_word' id='word_1_659' title='bbox 1091 4366 1198 4437; x_wconf 82' lang='grc' dir='ltr'><strong>μὴν</strong></span> <span class='ocrx_word' id='word_1_660' title='bbox 1247 4364 1384 4418; x_wconf 90' lang='grc' dir='ltr'><strong>ἀλλὰ</strong></span> <span class='ocrx_word' id='word_1_661' title='bbox 1411 4381 1476 4433; x_wconf 91' lang='grc' dir='ltr'><strong>γε</strong></span> <span class='ocrx_word' id='word_1_662' title='bbox 1504 4362 1595 4416; x_wconf 91' lang='grc' dir='ltr'><strong>διά</strong></span> <span class='ocrx_word' id='word_1_663' title='bbox 1634 4366 1715 4419; x_wconf 81' lang='grc' dir='ltr'>τοί</span> 
     </span>
    </p>
   </div>
   <div class='ocr_carea' id='block_1_88' title="bbox 1873 4362 3438 4439">
    <p class='ocr_par' dir='ltr' id='par_1_88' title="bbox 1873 4362 3438 4439">
     <span class='ocr_line' id='line_1_88' title="bbox 1873 4362 3438 4439; baseline 0.005 -22"><span class='ocrx_word' id='word_1_664' title='bbox 1873 4362 2045 4417; x_wconf 80' lang='lat' dir='ltr'><strong>omnia</strong></span> <span class='ocrx_word' id='word_1_665' title='bbox 2076 4364 2331 4420; x_wconf 82' lang='lat' dir='ltr'><strong>exsistit:</strong></span> <span class='ocrx_word' id='word_1_666' title='bbox 2365 4380 2709 4436; x_wconf 86' lang='lat' dir='ltr'><strong>consequens</strong></span> <span class='ocrx_word' id='word_1_667' title='bbox 2758 4376 2842 4422; x_wconf 85' lang='lat' dir='ltr'><strong>est</strong></span> <span class='ocrx_word' id='word_1_668' title='bbox 2901 4368 3077 4437; x_wconf 90' lang='lat' dir='ltr'><strong>ipsum</strong></span> <span class='ocrx_word' id='word_1_669' title='bbox 3140 4370 3438 4439; x_wconf 76' lang='lat' dir='ltr'><strong>ingenitum</strong></span> 
     </span>
    </p>
   </div>
   <div class='ocr_carea' id='block_1_89' title="bbox 170 4456 1715 4533">
    <p class='ocr_par' dir='ltr' id='par_1_89' title="bbox 170 4457 1715 4533">
     <span class='ocr_line' id='line_1_89' title="bbox 170 4457 1715 4533; baseline -0.002 -19"><span class='ocrx_word' id='word_1_670' title='bbox 170 4461 365 4531; x_wconf 83' lang='grc' dir='ltr'><strong>σοφίαν</strong></span> <span class='ocrx_word' id='word_1_671' title='bbox 392 4461 670 4532; x_wconf 86' lang='grc' dir='ltr'><strong>οίομένους</strong></span> <span class='ocrx_word' id='word_1_672' title='bbox 687 4460 786 4533; x_wconf 83' lang='grc' dir='ltr'><strong>τὴν</strong></span> <span class='ocrx_word' id='word_1_673' title='bbox 814 4461 951 4533; x_wconf 84' lang='grc' dir='ltr'><strong>πρὸς</strong></span> <span class='ocrx_word' id='word_1_674' title='bbox 980 4459 1049 4514; x_wconf 77' lang='grc' dir='ltr'><strong>τὰ</strong></span> <span class='ocrx_word' id='word_1_675' title='bbox 1077 4458 1289 4531; x_wconf 84' lang='grc' dir='ltr'><strong>φανερά</strong></span> <span class='ocrx_word' id='word_1_676' title='bbox 1325 4458 1528 4529; x_wconf 86' lang='grc' dir='ltr'><strong>μάχην,</strong></span> <span class='ocrx_word' id='word_1_677' title='bbox 1552 4457 1586 4529; x_wconf 83' lang='grc' dir='ltr'>ἢ</span> <span class='ocrx_word' id='word_1_678' title='bbox 1619 4457 1715 4530; x_wconf 77' lang='grc' dir='ltr'><strong>πρζ</strong></span> 
     </span>
    </p>
   </div>
   <div class='ocr_carea' id='block_1_90' title="bbox 1873 4456 3437 4533">
    <p class='ocr_par' dir='ltr' id='par_1_90' title="bbox 1873 4456 3437 4529">
     <span class='ocr_line' id='line_1_90' title="bbox 1873 4456 3437 4529; baseline 0.003 -19"><span class='ocrx_word' id='word_1_679' title='bbox 1873 4469 2024 4510; x_wconf 78' lang='lat' dir='ltr'><strong>esse:</strong></span> <span class='ocrx_word' id='word_1_680' title='bbox 2056 4456 2166 4511; x_wconf 91' lang='lat' dir='ltr'><strong>imo</strong></span> <span class='ocrx_word' id='word_1_681' title='bbox 2192 4457 2373 4527; x_wconf 91' lang='lat' dir='ltr'><strong>potius</strong></span> <span class='ocrx_word' id='word_1_682' title='bbox 2402 4456 2515 4527; x_wconf 89' lang='lat' dir='ltr'><strong>ipse</strong></span> <span class='ocrx_word' id='word_1_683' title='bbox 2537 4465 2621 4511; x_wconf 81' lang='lat' dir='ltr'><strong>est</strong></span> <span class='ocrx_word' id='word_1_684' title='bbox 2646 4458 2881 4512; x_wconf 89' lang='lat' dir='ltr'><strong>essentia</strong></span> <span class='ocrx_word' id='word_1_685' title='bbox 2919 4460 3179 4529; x_wconf 77' lang='lat' dir='ltr'><strong>ingenita.</strong></span> <span class='ocrx_word' id='word_1_686' title='bbox 3231 4457 3437 4529; x_wconf 84' lang='lat' dir='ltr'><strong>Super-</strong></span> 
     </span>
    </p>
   </div>
   <div class='ocr_carea' id='block_1_91' title="bbox 172 4546 1715 4625">
    <p class='ocr_par' dir='ltr' id='par_1_91' title="bbox 172 4548 1715 4625">
     <span class='ocr_line' id='line_1_91' title="bbox 172 4548 1715 4625; baseline -0.002 -20"><span class='ocrx_word' id='word_1_687' title='bbox 172 4552 383 4625; x_wconf 75' lang='grc' dir='ltr'><strong>μέμψιν</strong></span> <span class='ocrx_word' id='word_1_688' title='bbox 409 4554 505 4607; x_wconf 73' lang='grc' dir='ltr'><strong>καὶ</strong></span> <span class='ocrx_word' id='word_1_689' title='bbox 524 4553 889 4621; x_wconf 82' lang='grc' dir='ltr'><strong>συκοφαντίαν</strong></span> <span class='ocrx_word' id='word_1_690' title='bbox 916 4550 1487 4623; x_wconf 81' lang='grc' dir='ltr'><strong>παρεσκευασμένους,</strong></span> <span class='ocrx_word' id='word_1_691' title='bbox 1509 4548 1591 4603; x_wconf 86' lang='grc' dir='ltr'><strong>δεῖ</strong></span> <span class='ocrx_word' id='word_1_692' title='bbox 1611 4564 1715 4603; x_wconf 80' lang='grc' dir='ltr'><strong>τινε</strong></span> 
     </span>
    </p>
   </div>
   <div class='ocr_carea' id='block_1_92' title="bbox 1873 4546 3437 4625">
    <p class='ocr_par' dir='ltr' id='par_1_92' title="bbox 1873 4546 3437 4617">
     <span class='ocr_line' id='line_1_92' title="bbox 1873 4546 3437 4617; baseline 0.007 -20"><span class='ocrx_word' id='word_1_693' title='bbox 1873 4560 2165 4602; x_wconf 88' lang='lat' dir='ltr'><strong>vacaneum</strong></span> <span class='ocrx_word' id='word_1_694' title='bbox 2198 4548 2418 4617; x_wconf 91' lang='lat' dir='ltr'><strong>quidem</strong></span> <span class='ocrx_word' id='word_1_695' title='bbox 2461 4546 2707 4603; x_wconf 88' lang='lat' dir='ltr'><strong>fortassis</strong></span> <span class='ocrx_word' id='word_1_696' title='bbox 2739 4557 2794 4603; x_wconf 88' lang='lat' dir='ltr'><strong>et</strong></span> <span class='ocrx_word' id='word_1_697' title='bbox 2841 4548 3122 4607; x_wconf 84' lang='lat' dir='ltr'><strong>abundans</strong></span> <span class='ocrx_word' id='word_1_698' title='bbox 3166 4552 3437 4608; x_wconf 83' lang='lat' dir='ltr'><strong>nonnullis</strong></span> 
     </span>
    </p>
   </div>
   <div class='ocr_carea' id='block_1_93' title="bbox 169 4626 1715 4716">
    <p class='ocr_par' dir='ltr' id='par_1_93' title="bbox 169 4626 1222 4716">
     <span class='ocr_line' id='line_1_93' title="bbox 169 4626 1222 4716; baseline -0.002 -20"><span class='ocrx_word' id='word_1_699' title='bbox 169 4642 569 4716; x_wconf 86' lang='grc' dir='ltr'><strong>ἀκριϐεστέρας</strong></span> <span class='ocrx_word' id='word_1_700' title='bbox 597 4626 1035 4714; x_wconf 69' lang='grc' dir='ltr'><strong>παρατηρήσεως</strong></span> <span class='ocrx_word' id='word_1_701' title='bbox 1067 4641 1222 4710; x_wconf 78' lang='grc' dir='ltr'><strong>ἡμῖν.</strong></span> 
     </span>
    </p>
   </div>
   <div class='ocr_carea' id='block_1_94' title="bbox 1873 4626 3436 4716">
    <p class='ocr_par' dir='ltr' id='par_1_94' title="bbox 1873 4638 3436 4712">
     <span class='ocr_line' id='line_1_94' title="bbox 1873 4638 3436 4712; baseline 0.008 -24"><span class='ocrx_word' id='word_1_702' title='bbox 1873 4638 2163 4705; x_wconf 85' lang='lat' dir='ltr'><strong>videbitur,</strong></span> <span class='ocrx_word' id='word_1_703' title='bbox 2191 4639 2283 4693; x_wconf 90' lang='lat' dir='ltr'><strong>illa</strong></span> <span class='ocrx_word' id='word_1_704' title='bbox 2308 4654 2428 4708; x_wconf 66' lang='lat' dir='ltr'><strong>quae</strong></span> <span class='ocrx_word' id='word_1_705' title='bbox 2447 4640 2588 4708; x_wconf 87' lang='lat' dir='ltr'><strong>apud</strong></span> <span class='ocrx_word' id='word_1_706' title='bbox 2619 4640 2908 4710; x_wconf 78' lang='lat' dir='ltr'><strong>pierosque</strong></span> <span class='ocrx_word' id='word_1_707' title='bbox 2932 4652 3058 4696; x_wconf 82' lang='lat' dir='ltr'><strong>sunt</strong></span> <span class='ocrx_word' id='word_1_708' title='bbox 3086 4644 3138 4697; x_wconf 89' lang='lat' dir='ltr'><strong>in</strong></span> <span class='ocrx_word' id='word_1_709' title='bbox 3161 4643 3436 4712; x_wconf 69' lang='lat' dir='ltr'><strong>confesso;</strong></span> 
     </span>
    </p>
   </div>
   <div class='ocr_carea' id='block_1_95' title="bbox 175 4729 3435 4803">
    <p class='ocr_par' dir='ltr' id='par_1_95' title="bbox 175 4729 3435 4803">
     <span class='ocr_line' id='line_1_95' title="bbox 175 4729 3435 4803; baseline 0.002 -15"><span class='ocrx_word' id='word_1_710' title='bbox 175 4734 251 4790; x_wconf 86' lang='lat' dir='ltr'><strong>ita</strong></span> <span class='ocrx_word' id='word_1_711' title='bbox 308 4743 546 4789; x_wconf 84' lang='lat' dir='ltr'><strong>tractare</strong></span> <span class='ocrx_word' id='word_1_712' title='bbox 571 4750 636 4789; x_wconf 88' lang='lat' dir='ltr'><strong>ac</strong></span> <span class='ocrx_word' id='word_1_713' title='bbox 682 4735 727 4790; x_wconf 82' lang='lat' dir='ltr'><strong>si</strong></span> <span class='ocrx_word' id='word_1_714' title='bbox 776 4742 962 4789; x_wconf 91' lang='lat' dir='ltr'><strong>essent</strong></span> <span class='ocrx_word' id='word_1_715' title='bbox 1023 4733 1206 4787; x_wconf 78' lang='lat' dir='ltr'><strong>dubia;</strong></span> <span class='ocrx_word' id='word_1_716' title='bbox 1267 4729 1464 4786; x_wconf 88' lang='lat' dir='ltr'><strong>Verum</strong></span> <span class='ocrx_word' id='word_1_717' title='bbox 1495 4730 1640 4785; x_wconf 89' lang='lat' dir='ltr'><strong>enim</strong></span> <span class='ocrx_word' id='word_1_718' title='bbox 1701 4744 1830 4784; x_wconf 85' lang='lat' dir='ltr'><strong>vero</strong></span> <span class='ocrx_word' id='word_1_719' title='bbox 1868 4740 2089 4801; x_wconf 89' lang='lat' dir='ltr'><strong>propter</strong></span> <span class='ocrx_word' id='word_1_720' title='bbox 2139 4731 2258 4787; x_wconf 91' lang='lat' dir='ltr'><strong>illos</strong></span> <span class='ocrx_word' id='word_1_721' title='bbox 2306 4733 2397 4803; x_wconf 91' lang='lat' dir='ltr'><strong>qui</strong></span> <span class='ocrx_word' id='word_1_722' title='bbox 2451 4732 2767 4802; x_wconf 86' lang='lat' dir='ltr'><strong>sapientiam</strong></span> <span class='ocrx_word' id='word_1_723' title='bbox 2816 4746 2937 4789; x_wconf 87' lang='lat' dir='ltr'><strong>esse</strong></span> <span class='ocrx_word' id='word_1_724' title='bbox 2969 4741 3212 4802; x_wconf 88' lang='lat' dir='ltr'><strong>censent,</strong></span> <span class='ocrx_word' id='word_1_725' title='bbox 3249 4747 3435 4795; x_wconf 69' lang='lat' dir='ltr'><strong>contra</strong></span> 
     </span>
    </p>
   </div>
   <div class='ocr_carea' id='block_1_96' title="bbox 169 4819 3432 4897">
    <p class='ocr_par' dir='ltr' id='par_1_96' title="bbox 169 4819 3432 4897">
     <span class='ocr_line' id='line_1_96' title="bbox 169 4819 3432 4897; baseline 0.002 -17"><span class='ocrx_word' id='word_1_726' title='bbox 169 4841 288 4880; x_wconf 81' lang='lat' dir='ltr'><strong>rem</strong></span> <span class='ocrx_word' id='word_1_727' title='bbox 321 4823 663 4879; x_wconf 85' lang='lat' dir='ltr'><strong>manifestam</strong></span> <span class='ocrx_word' id='word_1_728' title='bbox 690 4838 951 4893; x_wconf 81' lang='lat' dir='ltr'><strong>pugnare,</strong></span> <span class='ocrx_word' id='word_1_729' title='bbox 1009 4821 1093 4875; x_wconf 85' lang='lat' dir='ltr'><strong>vel</strong></span> <span class='ocrx_word' id='word_1_730' title='bbox 1147 4823 1311 4877; x_wconf 89' lang='lat' dir='ltr'><strong>etiam</strong></span> <span class='ocrx_word' id='word_1_731' title='bbox 1360 4832 1584 4891; x_wconf 84' lang='lat' dir='ltr'><strong>propter</strong></span> <span class='ocrx_word' id='word_1_732' title='bbox 1609 4819 1744 4874; x_wconf 87' lang='lat' dir='ltr'><strong>alios</strong></span> <span class='ocrx_word' id='word_1_733' title='bbox 1779 4821 1872 4891; x_wconf 91' lang='lat' dir='ltr'><strong>qui</strong></span> <span class='ocrx_word' id='word_1_734' title='bbox 1906 4821 1974 4875; x_wconf 91' lang='lat' dir='ltr'><strong>ad</strong></span> <span class='ocrx_word' id='word_1_735' title='bbox 2007 4822 2364 4878; x_wconf 85' lang='lat' dir='ltr'><strong>vellicandqu</strong></span> <span class='ocrx_word' id='word_1_736' title='bbox 2427 4836 2483 4877; x_wconf 92' lang='lat' dir='ltr'><strong>et</strong></span> <span class='ocrx_word' id='word_1_737' title='bbox 2545 4823 2985 4880; x_wconf 88' lang='lat' dir='ltr'><strong>calumniandum</strong></span> <span class='ocrx_word' id='word_1_738' title='bbox 3018 4828 3263 4884; x_wconf 89' lang='lat' dir='ltr'><strong>instructi</strong></span> <span class='ocrx_word' id='word_1_739' title='bbox 3284 4841 3432 4897; x_wconf 85' lang='lat' dir='ltr'><strong>sunt,</strong></span> 
     </span>
    </p>
   </div>
   <div class='ocr_carea' id='block_1_97' title="bbox 171 4915 1634 4975">
    <p class='ocr_par' dir='ltr' id='par_1_97' title="bbox 171 4915 1634 4975">
     <span class='ocr_line' id='line_1_97' title="bbox 171 4915 1634 4975; baseline -0.005 0"><span class='ocrx_word' id='word_1_740' title='bbox 171 4932 399 4975; x_wconf 87' lang='lat' dir='ltr'><strong>necesse</strong></span> <span class='ocrx_word' id='word_1_741' title='bbox 423 4926 587 4973; x_wconf 77' lang='lat' dir='ltr'><strong>estut</strong></span> <span class='ocrx_word' id='word_1_742' title='bbox 612 4916 991 4971; x_wconf 82' lang='lat' dir='ltr'><strong>observatione</strong></span> <span class='ocrx_word' id='word_1_743' title='bbox 1020 4923 1237 4971; x_wconf 88' lang='lat' dir='ltr'><strong>utamur</strong></span> <span class='ocrx_word' id='word_1_744' title='bbox 1269 4915 1634 4968; x_wconf 82' lang='lat' dir='ltr'><strong>accuratiore.</strong></span> 
     </span>
    </p>
   </div>
   <div class='ocr_carea' id='block_1_98' title="bbox 240 4991 1762 5082">
    <p class='ocr_par' dir='ltr' id='par_1_98' title="bbox 240 4991 1762 5082">
     <span class='ocr_line' id='line_1_98' title="bbox 240 4991 1762 5082; baseline -0.005 -13"><span class='ocrx_word' id='word_1_745' title='bbox 240 5012 297 5070; x_wconf 89' lang='lat'><strong>8.</strong></span> <span class='ocrx_word' id='word_1_746' title='bbox 339 5011 657 5082; x_wconf 80' lang='grc' dir='ltr'><strong>’Δγέννητον</strong></span> <span class='ocrx_word' id='word_1_747' title='bbox 684 5010 742 5065; x_wconf 83' lang='grc' dir='ltr'><strong>δὲ</strong></span> <span class='ocrx_word' id='word_1_748' title='bbox 767 5009 1039 5078; x_wconf 84' lang='grc' dir='ltr'><strong>λέγοντες,</strong></span> <span class='ocrx_word' id='word_1_749' title='bbox 1070 5004 1170 5062; x_wconf 77' lang='grc' dir='ltr'><strong>οὐκ</strong></span> <span class='ocrx_word' id='word_1_750' title='bbox 1191 4991 1416 5079; x_wconf 77' lang='grc' dir='ltr'><strong>ὀνόματι</strong></span> <span class='ocrx_word' id='word_1_751' title='bbox 1452 5007 1614 5079; x_wconf 89' lang='grc' dir='ltr'><strong>μόνον</strong></span> <span class='ocrx_word' id='word_1_752' title='bbox 1640 5010 1762 5062; x_wconf 85' lang='grc' dir='ltr'><strong>κατ’</strong></span> 
     </span>
    </p>
   </div>
   <div class='ocr_carea' id='block_1_99' title="bbox 167 5096 1759 5175">
    <p class='ocr_par' dir='ltr' id='par_1_99' title="bbox 167 5096 1759 5175">
     <span class='ocr_line' id='line_1_99' title="bbox 167 5096 1759 5175; baseline -0.005 -14"><span class='ocrx_word' id='word_1_753' title='bbox 167 5104 416 5161; x_wconf 65' lang='grc' dir='ltr'><strong>ἐπίνοιαν</strong></span> <span class='ocrx_word' id='word_1_754' title='bbox 459 5101 806 5175; x_wconf 85' lang='grc' dir='ltr'><strong>ἀνθρωπίνην</strong></span> <span class='ocrx_word' id='word_1_755' title='bbox 850 5100 1134 5171; x_wconf 81' lang='grc' dir='ltr'><strong>σεμνύνειν</strong></span> <span class='ocrx_word' id='word_1_756' title='bbox 1169 5098 1395 5171; x_wconf 82' lang='grc' dir='ltr'><strong>οἰόμεθα</strong></span> <span class='ocrx_word' id='word_1_757' title='bbox 1441 5099 1571 5163; x_wconf 81' lang='grc' dir='ltr'><strong>δεῖν,</strong></span> <span class='ocrx_word' id='word_1_758' title='bbox 1621 5096 1759 5155; x_wconf 82' lang='grc' dir='ltr'><strong>ἀπο-</strong></span> 
     </span>
    </p>
   </div>
   <div class='ocr_carea' id='block_1_100' title="bbox 168 5190 1762 5264">
    <p class='ocr_par' dir='ltr' id='par_1_100' title="bbox 168 5190 1762 5264">
     <span class='ocr_line' id='line_1_100' title="bbox 168 5190 1762 5264; baseline -0.003 -14"><span class='ocrx_word' id='word_1_759' title='bbox 168 5196 414 5250; x_wconf 81' lang='grc' dir='ltr'><strong>τιννύναι</strong></span> <span class='ocrx_word' id='word_1_760' title='bbox 439 5195 495 5248; x_wconf 82' lang='grc' dir='ltr'><strong>δὲ</strong></span> <span class='ocrx_word' id='word_1_761' title='bbox 510 5193 632 5247; x_wconf 84' lang='grc' dir='ltr'><strong>κατ’</strong></span> <span class='ocrx_word' id='word_1_762' title='bbox 656 5192 915 5264; x_wconf 81' lang='grc' dir='ltr'><strong>ἀλήθειαν</strong></span> <span class='ocrx_word' id='word_1_763' title='bbox 942 5191 1053 5262; x_wconf 75' lang='grc' dir='ltr'><strong>(ιο)</strong></span> <span class='ocrx_word' id='word_1_764' title='bbox 1079 5190 1139 5244; x_wconf 83' lang='grc' dir='ltr'><strong>τὸ</strong></span> <span class='ocrx_word' id='word_1_765' title='bbox 1155 5192 1374 5245; x_wconf 80' lang='grc' dir='ltr'><strong>πάντων</strong></span> <span class='ocrx_word' id='word_1_766' title='bbox 1398 5191 1762 5259; x_wconf 85' lang='grc' dir='ltr'><strong>ἀναγκαιότα-</strong></span> 
     </span>
    </p>
   </div>
   <div class='ocr_carea' id='block_1_101' title="bbox 166 5278 1753 5359">
    <p class='ocr_par' dir='ltr' id='par_1_101' title="bbox 166 5278 1753 5359">
     <span class='ocr_line' id='line_1_101' title="bbox 166 5278 1753 5359; baseline -0.004 -18"><span class='ocrx_word' id='word_1_767' title='bbox 166 5304 263 5342; x_wconf 77' lang='grc' dir='ltr'><strong>τον</strong></span> <span class='ocrx_word' id='word_1_768' title='bbox 281 5286 507 5359; x_wconf 81' lang='grc' dir='ltr'><strong>δφλημα</strong></span> <span class='ocrx_word' id='word_1_769' title='bbox 530 5284 609 5356; x_wconf 80' lang='grc' dir='ltr'><strong>τῷ</strong></span> <span class='ocrx_word' id='word_1_770' title='bbox 635 5284 753 5357; x_wconf 86' lang='grc' dir='ltr'><strong>Θεῷ</strong></span> <span class='ocrx_word' id='word_1_771' title='bbox 768 5284 890 5356; x_wconf 68' lang='grc' dir='ltr'><strong>’τὴν</strong></span> <span class='ocrx_word' id='word_1_772' title='bbox 911 5282 1007 5337; x_wconf 79' lang='grc' dir='ltr'><strong>τοῦ</strong></span> <span class='ocrx_word' id='word_1_773' title='bbox 1038 5278 1177 5336; x_wconf 82' lang='grc' dir='ltr'><strong>εἶναι</strong></span> <span class='ocrx_word' id='word_1_774' title='bbox 1210 5283 1239 5336; x_wconf 85' lang='grc' dir='ltr'><strong>ὂ</strong></span> <span class='ocrx_word' id='word_1_775' title='bbox 1261 5284 1410 5335; x_wconf 84' lang='grc' dir='ltr'><strong>ἐστιν</strong></span> <span class='ocrx_word' id='word_1_776' title='bbox 1442 5280 1753 5353; x_wconf 85' lang='grc' dir='ltr'><strong>ὁμολογίαν.</strong></span> 
     </span>
    </p>
   </div>
   <div class='ocr_carea' id='block_1_102' title="bbox 166 5372 1769 5456">
    <p class='ocr_par' dir='ltr' id='par_1_102' title="bbox 166 5372 1769 5456">
     <span class='ocr_line' id='line_1_102' title="bbox 166 5372 1769 5456; baseline -0.006 -20"><span class='ocrx_word' id='word_1_777' title='bbox 166 5381 255 5436; x_wconf 86' lang='grc' dir='ltr'><strong>Τά</strong></span> <span class='ocrx_word' id='word_1_778' title='bbox 283 5379 395 5450; x_wconf 79' lang='grc' dir='ltr'><strong>γάρ</strong></span> <span class='ocrx_word' id='word_1_779' title='bbox 434 5393 518 5431; x_wconf 91' lang='grc' dir='ltr'><strong>τοι</strong></span> <span class='ocrx_word' id='word_1_780' title='bbox 566 5377 686 5431; x_wconf 83' lang='grc' dir='ltr'><strong>κατ’</strong></span> <span class='ocrx_word' id='word_1_781' title='bbox 721 5375 968 5430; x_wconf 77' lang='grc' dir='ltr'><strong>ἐπίνοιαν</strong></span> <span class='ocrx_word' id='word_1_782' title='bbox 999 5373 1270 5444; x_wconf 80' lang='grc' dir='ltr'><strong>λεγόμενα</strong></span> <span class='ocrx_word' id='word_1_783' title='bbox 1311 5375 1368 5427; x_wconf 87' lang='grc' dir='ltr'><strong>ἐν</strong></span> <span class='ocrx_word' id='word_1_784' title='bbox 1403 5372 1630 5443; x_wconf 84' lang='grc' dir='ltr'><strong>ὀνόμασι</strong></span> <span class='ocrx_word' id='word_1_785' title='bbox 1660 5373 1769 5456; x_wconf 45' lang='grc' dir='ltr'><strong>μόπ</strong></span> 
     </span>
    </p>
   </div>
   <div class='ocr_carea' id='block_1_103' title="bbox 166 5460 1757 5542">
    <p class='ocr_par' dir='ltr' id='par_1_103' title="bbox 166 5460 1757 5542">
     <span class='ocr_line' id='line_1_103' title="bbox 166 5460 1757 5542; baseline -0.006 -17"><span class='ocrx_word' id='word_1_786' title='bbox 166 5487 260 5529; x_wconf 79' lang='grc' dir='ltr'><strong>νον</strong></span> <span class='ocrx_word' id='word_1_787' title='bbox 290 5470 401 5542; x_wconf 76' lang='lat' dir='ltr'><strong>(il)</strong></span> <span class='ocrx_word' id='word_1_788' title='bbox 445 5468 541 5522; x_wconf 74' lang='grc' dir='ltr'><strong>καὶ</strong></span> <span class='ocrx_word' id='word_1_789' title='bbox 591 5466 844 5539; x_wconf 70' lang='grc' dir='ltr'><strong>προφορᾷ</strong></span> <span class='ocrx_word' id='word_1_790' title='bbox 879 5465 942 5519; x_wconf 86' lang='grc' dir='ltr'><strong>τὸ</strong></span> <span class='ocrx_word' id='word_1_791' title='bbox 984 5460 1125 5518; x_wconf 74' lang='grc' dir='ltr'><strong>εἶναι</strong></span> <span class='ocrx_word' id='word_1_792' title='bbox 1154 5464 1367 5535; x_wconf 73' lang='grc' dir='ltr'><strong>ἔχοντα,</strong></span> <span class='ocrx_word' id='word_1_793' title='bbox 1402 5465 1522 5526; x_wconf 80' lang='grc' dir='ltr'><strong>ταῖς</strong></span> <span class='ocrx_word' id='word_1_794' title='bbox 1548 5460 1757 5533; x_wconf 77' lang='grc' dir='ltr'><strong>φωναῖς</strong></span> 
     </span>
    </p>
   </div>
   <div class='ocr_carea' id='block_1_104' title="bbox 245 5621 907 5700">
    <p class='ocr_par' dir='ltr' id='par_1_104' title="bbox 245 5621 907 5700">
     <span class='ocr_line' id='line_1_104' title="bbox 245 5621 907 5700; baseline -0.009 -18"><span class='ocrx_word' id='word_1_795' title='bbox 245 5626 323 5700; x_wconf 77' lang='grc'><strong>(8)</strong></span> <span class='ocrx_word' id='word_1_796' title='bbox 357 5625 597 5700; x_wconf 62' lang='lat' dir='ltr'><strong>Basilius</strong></span> <span class='ocrx_word' id='word_1_797' title='bbox 623 5639 748 5700; x_wconf 61' lang='lat' dir='ltr'><strong>pag.</strong></span> <span class='ocrx_word' id='word_1_798' title='bbox 779 5621 907 5676; x_wconf 71' lang='lat' dir='ltr'><strong>2H.</strong></span> 
     </span>
    </p>
   </div>
   <div class='ocr_carea' id='block_1_105' title="bbox 244 5690 1751 5765">
    <p class='ocr_par' dir='ltr' id='par_1_105' title="bbox 244 5690 1751 5765">
     <span class='ocr_line' id='line_1_105' title="bbox 244 5690 1751 5765; baseline -0.005 -14"><span class='ocrx_word' id='word_1_799' title='bbox 244 5690 323 5765; x_wconf 77' lang='lat'><strong>(9&#39;)</strong></span> <span class='ocrx_word' id='word_1_800' title='bbox 367 5697 520 5765; x_wconf 80' lang='lat' dir='ltr'><strong>Apud</strong></span> <span class='ocrx_word' id='word_1_801' title='bbox 559 5690 841 5761; x_wconf 75' lang='lat' dir='ltr'><strong>Basiliam,</strong></span> <span class='ocrx_word' id='word_1_802' title='bbox 887 5706 1010 5763; x_wconf 76' lang='lat' dir='ltr'><strong>pag.</strong></span> <span class='ocrx_word' id='word_1_803' title='bbox 1048 5690 1175 5758; x_wconf 75' lang='lat' dir='ltr'><strong>2N5,</strong></span> <span class='ocrx_word' id='word_1_804' title='bbox 1217 5690 1304 5763; x_wconf 76' lang='grc' dir='ltr'><strong>ἄρ’</strong></span> <span class='ocrx_word' id='word_1_805' title='bbox 1334 5704 1447 5757; x_wconf 87' lang='grc' dir='ltr'><strong>ουν,</strong></span> <span class='ocrx_word' id='word_1_806' title='bbox 1490 5700 1544 5746; x_wconf 89' lang='grc' dir='ltr'><strong>ει</strong></span> <span class='ocrx_word' id='word_1_807' title='bbox 1600 5704 1751 5756; x_wconf 69' lang='lat' dir='ltr'><strong>mox,</strong></span> 
     </span>
    </p>
   </div>
   <div class='ocr_carea' id='block_1_106' title="bbox 169 5765 549 5845">
    <p class='ocr_par' dir='ltr' id='par_1_106' title="bbox 169 5765 549 5845">
     <span class='ocr_line' id='line_1_106' title="bbox 169 5765 549 5845; baseline -0.011 -22"><span class='ocrx_word' id='word_1_808' title='bbox 169 5768 312 5845; x_wconf 69' lang='grc' dir='ltr'><strong>μήτε</strong></span> <span class='ocrx_word' id='word_1_809' title='bbox 341 5765 549 5836; x_wconf 70' lang='grc' dir='ltr'><strong>ἕτερον.</strong></span> 
     </span>
    </p>
   </div>
   <div class='ocr_carea' id='block_1_107' title="bbox 424 5850 1114 5919">
    <p class='ocr_par' dir='ltr' id='par_1_107' title="bbox 424 5850 1114 5919">
     <span class='ocr_line' id='line_1_107' title="bbox 424 5850 1114 5919; baseline -0.004 -3"><span class='ocrx_word' id='word_1_810' title='bbox 424 5858 695 5918; x_wconf 70' lang='lat' dir='ltr'><strong>Pnaoc.</strong></span> <span class='ocrx_word' id='word_1_811' title='bbox 735 5855 853 5919; x_wconf 80' lang='lat' dir='ltr'><strong>GI.</strong></span> <span class='ocrx_word' id='word_1_812' title='bbox 901 5850 1114 5915; x_wconf 72' lang='lat' dir='ltr'><strong>XXX.</strong></span> 
     </span>
    </p>
   </div>
   <div class='ocr_carea' id='block_1_108' title="bbox 1940 5000 3432 5075">
    <p class='ocr_par' dir='ltr' id='par_1_108' title="bbox 1940 5000 3432 5075">
     <span class='ocr_line' id='line_1_108' title="bbox 1940 5000 3432 5075; baseline 0.006 -16"><span class='ocrx_word' id='word_1_813' title='bbox 1940 5003 1993 5060; x_wconf 86' lang='lat'><strong>8.</strong></span> <span class='ocrx_word' id='word_1_814' title='bbox 2027 5000 2251 5071; x_wconf 87' lang='lat' dir='ltr'><strong>Quando</strong></span> <span class='ocrx_word' id='word_1_815' title='bbox 2280 5012 2457 5060; x_wconf 85' lang='lat' dir='ltr'><strong>autem</strong></span> <span class='ocrx_word' id='word_1_816' title='bbox 2484 5005 2781 5074; x_wconf 77' lang='lat' dir='ltr'><strong>ingenitum</strong></span> <span class='ocrx_word' id='word_1_817' title='bbox 2823 5005 3055 5061; x_wconf 84' lang='lat' dir='ltr'><strong>dicimus</strong></span> <span class='ocrx_word' id='word_1_818' title='bbox 3102 5005 3291 5075; x_wconf 88' lang='lat' dir='ltr'><strong>Deum,</strong></span> <span class='ocrx_word' id='word_1_819' title='bbox 3324 5028 3432 5069; x_wconf 90' lang='lat' dir='ltr'><strong>non</strong></span> 
     </span>
    </p>
   </div>
   <div class='ocr_carea' id='block_1_109' title="bbox 1862 5096 3431 5169">
    <p class='ocr_par' dir='ltr' id='par_1_109' title="bbox 1862 5096 3431 5169">
     <span class='ocr_line' id='line_1_109' title="bbox 1862 5096 3431 5169; baseline 0.005 -17"><span class='ocrx_word' id='word_1_820' title='bbox 1862 5097 2191 5152; x_wconf 89' lang='lat' dir='ltr'><strong>arbitramur</strong></span> <span class='ocrx_word' id='word_1_821' title='bbox 2240 5097 2457 5153; x_wconf 88' lang='lat' dir='ltr'><strong>nomine</strong></span> <span class='ocrx_word' id='word_1_822' title='bbox 2508 5097 2665 5152; x_wconf 84' lang='lat' dir='ltr'><strong>tenus</strong></span> <span class='ocrx_word' id='word_1_823' title='bbox 2714 5096 2906 5153; x_wconf 85' lang='lat' dir='ltr'><strong>saltem</strong></span> <span class='ocrx_word' id='word_1_824' title='bbox 2943 5098 3095 5169; x_wconf 64' lang='lat' dir='ltr'><strong>ju’xla</strong></span> <span class='ocrx_word' id='word_1_825' title='bbox 3130 5101 3431 5160; x_wconf 88' lang='lat' dir='ltr'><strong>humanum</strong></span> 
     </span>
    </p>
   </div>
   <div class='ocr_carea' id='block_1_110' title="bbox 1861 5189 3435 5252">
    <p class='ocr_par' dir='ltr' id='par_1_110' title="bbox 1861 5189 3435 5252">
     <span class='ocr_line' id='line_1_110' title="bbox 1861 5189 3435 5252; baseline 0.004 -8"><span class='ocrx_word' id='word_1_826' title='bbox 1861 5199 2228 5245; x_wconf 89' lang='lat' dir='ltr'><strong>commentum</strong></span> <span class='ocrx_word' id='word_1_827' title='bbox 2262 5196 2385 5246; x_wconf 81' lang='lat' dir='ltr'><strong>esse</strong></span> <span class='ocrx_word' id='word_1_828' title='bbox 2430 5189 2717 5246; x_wconf 84' lang='lat' dir='ltr'><strong>colendum</strong></span> <span class='ocrx_word' id='word_1_829' title='bbox 2747 5211 2760 5247; x_wconf 91' lang='lat'><strong>:</strong></span> <span class='ocrx_word' id='word_1_830' title='bbox 2795 5192 2889 5248; x_wconf 88' lang='lat' dir='ltr'><strong>sed</strong></span> <span class='ocrx_word' id='word_1_831' title='bbox 2936 5208 3124 5248; x_wconf 86' lang='lat' dir='ltr'><strong>revera</strong></span> <span class='ocrx_word' id='word_1_832' title='bbox 3185 5195 3291 5252; x_wconf 88' lang='lat' dir='ltr'><strong>hoc</strong></span> <span class='ocrx_word' id='word_1_833' title='bbox 3324 5212 3435 5251; x_wconf 87' lang='lat' dir='ltr'><strong>ma-</strong></span> 
     </span>
    </p>
   </div>
   <div class='ocr_carea' id='block_1_111' title="bbox 1859 5280 3433 5354">
    <p class='ocr_par' dir='ltr' id='par_1_111' title="bbox 1859 5280 3433 5354">
     <span class='ocr_line' id='line_1_111' title="bbox 1859 5280 3433 5354; baseline 0.004 -17"><span class='ocrx_word' id='word_1_834' title='bbox 1859 5283 2006 5337; x_wconf 81' lang='lat' dir='ltr'><strong>xime</strong></span> <span class='ocrx_word' id='word_1_835' title='bbox 2030 5284 2400 5338; x_wconf 86' lang='lat' dir='ltr'><strong>necessarium</strong></span> <span class='ocrx_word' id='word_1_836' title='bbox 2432 5283 2670 5337; x_wconf 85' lang='lat' dir='ltr'><strong>debitum</strong></span> <span class='ocrx_word' id='word_1_837' title='bbox 2703 5280 2812 5339; x_wconf 84' lang='lat' dir='ltr'><strong>Deo</strong></span> <span class='ocrx_word' id='word_1_838' title='bbox 2856 5285 3296 5354; x_wconf 89' lang='lat' dir='ltr'><strong>persolvendum,</strong></span> <span class='ocrx_word' id='word_1_839' title='bbox 3348 5290 3433 5344; x_wconf 90' lang='lat' dir='ltr'><strong>in-</strong></span> 
     </span>
    </p>
   </div>
   <div class='ocr_carea' id='block_1_112' title="bbox 1855 5372 3430 5451">
    <p class='ocr_par' dir='ltr' id='par_1_112' title="bbox 1855 5372 3430 5451">
     <span class='ocr_line' id='line_1_112' title="bbox 1855 5372 3430 5451; baseline 0.004 -23"><span class='ocrx_word' id='word_1_840' title='bbox 1855 5389 2092 5444; x_wconf 64' lang='lat' dir='ltr'><strong>genuam</strong></span> <span class='ocrx_word' id='word_1_841' title='bbox 2124 5374 2335 5430; x_wconf 87' lang='lat' dir='ltr'><strong>scilicet</strong></span> <span class='ocrx_word' id='word_1_842' title='bbox 2358 5372 2780 5439; x_wconf 88' lang='lat' dir='ltr'><strong>confessionem,</strong></span> <span class='ocrx_word' id='word_1_843' title='bbox 2811 5377 2956 5444; x_wconf 89' lang='lat' dir='ltr'><strong>quod</strong></span> <span class='ocrx_word' id='word_1_844' title='bbox 3013 5376 3266 5432; x_wconf 86' lang='lat' dir='ltr'><strong>nimirum</strong></span> <span class='ocrx_word' id='word_1_845' title='bbox 3313 5379 3430 5451; x_wconf 76' lang='lat' dir='ltr'><strong>ipse</strong></span> 
     </span>
    </p>
   </div>
   <div class='ocr_carea' id='block_1_113' title="bbox 1861 5465 3429 5537">
    <p class='ocr_par' dir='ltr' id='par_1_113' title="bbox 1861 5465 3429 5537">
     <span class='ocr_line' id='line_1_113' title="bbox 1861 5465 3429 5537; baseline 0.006 -17"><span class='ocrx_word' id='word_1_846' title='bbox 1861 5465 1932 5520; x_wconf 90' lang='lat' dir='ltr'><strong>sit</strong></span> <span class='ocrx_word' id='word_1_847' title='bbox 1966 5466 2069 5520; x_wconf 84' lang='lat' dir='ltr'><strong>hoc</strong></span> <span class='ocrx_word' id='word_1_848' title='bbox 2093 5465 2265 5537; x_wconf 87' lang='lat' dir='ltr'><strong>ipsum</strong></span> <span class='ocrx_word' id='word_1_849' title='bbox 2297 5465 2441 5535; x_wconf 89' lang='lat' dir='ltr'><strong>quod</strong></span> <span class='ocrx_word' id='word_1_850' title='bbox 2472 5473 2578 5520; x_wconf 84' lang='lat' dir='ltr'><strong>est.</strong></span> <span class='ocrx_word' id='word_1_851' title='bbox 2600 5466 2946 5535; x_wconf 69' lang='lat' dir='ltr'><strong>Qumcunque</strong></span> <span class='ocrx_word' id='word_1_852' title='bbox 2988 5467 3132 5523; x_wconf 90' lang='lat' dir='ltr'><strong>enim</strong></span> <span class='ocrx_word' id='word_1_853' title='bbox 3169 5484 3300 5527; x_wconf 83' lang='lat' dir='ltr'><strong>voce</strong></span> <span class='ocrx_word' id='word_1_854' title='bbox 3326 5470 3429 5529; x_wconf 65' lang='grc' dir='ltr'><strong>διιε-</strong></span> 
     </span>
    </p>
   </div>
   <div class='ocr_carea' id='block_1_114' title="bbox 1926 5619 3213 5698">
    <p class='ocr_par' dir='ltr' id='par_1_114' title="bbox 1926 5619 3213 5698">
     <span class='ocr_line' id='line_1_114' title="bbox 1926 5619 3213 5698; baseline 0.005 -23"><span class='ocrx_word' id='word_1_855' title='bbox 1926 5621 2037 5698; x_wconf 82' lang='lat'><strong>(_</strong></span> <span class='ocrx_word' id='word_1_856' title='bbox 2066 5619 2439 5698; x_wconf 62' lang='lat' dir='ltr'><strong>Basiliuspag.</strong></span> <span class='ocrx_word' id='word_1_857' title='bbox 2465 5621 2595 5698; x_wconf 63' lang='lat' dir='ltr'><strong>2w,</strong></span> <span class='ocrx_word' id='word_1_858' title='bbox 2631 5620 2934 5698; x_wconf 74' lang='grc' dir='ltr'><strong>ἐκτιννύναι</strong></span> <span class='ocrx_word' id='word_1_859' title='bbox 2961 5623 3017 5676; x_wconf 74' lang='grc' dir='ltr'><strong>δὲ</strong></span> <span class='ocrx_word' id='word_1_860' title='bbox 3043 5624 3213 5698; x_wconf 79' lang='grc' dir='ltr'><strong>αὐτῷ.</strong></span> 
     </span>
    </p>
   </div>
   <div class='ocr_carea' id='block_1_115' title="bbox 1925 5690 2890 5765">
    <p class='ocr_par' dir='ltr' id='par_1_115' title="bbox 1925 5690 2890 5765">
     <span class='ocr_line' id='line_1_115' title="bbox 1925 5690 2890 5765; baseline 0.004 -21"><span class='ocrx_word' id='word_1_861' title='bbox 1925 5691 1973 5762; x_wconf 72' lang='grc'><strong>(1</strong></span> <span class='ocrx_word' id='word_1_862' title='bbox 1990 5690 2038 5764; x_wconf 80' lang='grc' dir='ltr'><strong>Ι)</strong></span> <span class='ocrx_word' id='word_1_863' title='bbox 2068 5692 2144 5748; x_wconf 86' lang='lat' dir='ltr'><strong>Ita</strong></span> <span class='ocrx_word' id='word_1_864' title='bbox 2175 5690 2363 5760; x_wconf 55' lang='lat' dir='ltr'><strong>Basili,</strong></span> <span class='ocrx_word' id='word_1_865' title='bbox 2385 5693 2480 5749; x_wconf 86' lang='lat' dir='ltr'><strong>sed</strong></span> <span class='ocrx_word' id='word_1_866' title='bbox 2507 5708 2663 5760; x_wconf 76' lang='lat' dir='ltr'><strong>mss.,</strong></span> <span class='ocrx_word' id='word_1_867' title='bbox 2688 5694 2890 5765; x_wconf 87' lang='grc' dir='ltr'><strong>μόνοις.</strong></span> 
     </span>
    </p>
   </div>
   <div class='ocr_carea' id='block_1_116' title="bbox 3069 5838 3150 5913">
    <p class='ocr_par' dir='ltr' id='par_1_116' title="bbox 3069 5838 3150 5913">
     <span class='ocr_line' id='line_1_116' title="bbox 3069 5838 3150 5913; baseline 0 0"><span class='ocrx_word' id='word_1_868' title='bbox 3069 5838 3150 5913; x_wconf 71' lang='lat'><strong>2&#39;1</strong></span> 
     </span>
    </p>
   </div>
  </div>
