3802 6216
354 312 461 379 si:

1347 323 1692 381 APPENDIX
1725 318 2014 381 OPERUM
2059 323 2117 380 S.
2161 319 2403 379 BASlLll
2444 320 2684 382 MAGNI.

3521 333 3631 386 ειι

347 457 453 514 qua
487 441 763 497 hominum
813 435 1047 499 artiﬁcio
1090 444 1394 513 e‘scogitata
1443 442 1817 515 proteruntur,
1862 459 1922 498 ea

2053 443 2444 498 ςυνδιαλύεσθαι
2497 442 2759 513 πέφυκεν.
2808 438 2865 499 ⁶0
2893 439 2948 496 δὲ
2988 444 3122 507 Θεὸς
3152 445 3246 498 καὶ
3290 443 3632 500 σιωπώντων

339 551 470 590 cum
501 535 553 589 in
581 534 710 590 solis
746 536 1051 591 nominibus
1089 541 1144 592 et
1190 538 1303 606 ipsa
1364 536 1738 591 enuntiatione
1791 551 1914 592 esse

349 642 504 680 suum
535 626 791 693 habeant,
820 637 943 682 cum
973 628 1127 698 ipsis]
1148 628 1372 684 vocibus
1414 643 1522 683 una
1570 628 1793 685 dissolvi
1836 644 1925 683 so.

342 719 479 774 ient.
514 717 659 773 Deus
686 728 865 774 autem
900 728 963 774 ut
990 723 1084 791 qui
1118 721 1261 778 Deus
1289 728 1373 778 est
1401 731 1455 778 et
1491 737 1681 779 eorum
1701 722 1794 792 qui
1839 731 1922 775 ta-

341 815 495 873 cent,
531 818 585 864 et
608 810 698 879 qui
746 810 1075 880 loquuntur,
1115 822 1170 867 et
1206 816 1295 883 qui
1330 823 1474 880 sunt,
1507 814 1573 880 is,
1604 813 1845 883 inquam,
1873 822 1927 867 et

340 910 466 954 erat
499 911 552 955 et
582 913 664 956 est
693 902 965 973 ingenitus
995 913 1288 975 antequam
1341 913 1520 960 rerum
1553 915 1743 959 natura
1777 905 1923 961 exsi-

348 998 534 1046 steret.
559 989 746 1061 Neque
785 1001 965 1047 tamen
995 997 1292 1048 secundum
1319 993 1677 1063 privationem
1725 1000 1809 1047 est
1839 993 1925 1044 iu-

348 1082 595 1152 genitus;
622 1081 957 1152 privationes
977 1084 1121 1137 enim
1146 1084 1471 1137 naturalium
1499 1097 1677 1137 rerum
1706 1083 1927 1153 proprie

347 1173 678 1242 privationes
706 1183 856 1238 sunt,
879 1186 934 1230 et
958 1175 1090 1245 ipsis
1118 1177 1394 1231 habitibus
1422 1176 1775 1247 posteriores.
1804 1173 1924 1229 Jani

347 1278 477 1321 vero
500 1281 673 1336 neque
697 1266 784 1321 illa
814 1269 925 1324 Deo
949 1270 1243 1323 secundum
1269 1278 1520 1353 naturam
1555 1268 1812 1338 competit
1833 1282 1928 1336 ge-

351 1360 587 1423 neratio,
625 1376 801 1431 neque
850 1377 912 1415 ea
946 1365 1157 1418 ratione
1207 1363 1406 1417 dicitur
1453 1362 1744 1433 ingenitus,
1772 1361 1926 1430 quasi

351 1448 502 1517 prius
529 1448 763 1518 aliquam
789 1451 869 1505 sui
895 1455 1295 1522 generationem
1335 1451 1606 1518 habuerit,
1652 1461 1708 1505 et
1744 1459 1929 1519 postea

354 1537 444 1594 illa
472 1540 542 1595 sit
566 1542 832 1609 privatus,
872 1545 1306 1613 quandoquidem
1362 1543 1515 1598 valde
1562 1544 1664 1598 hoc
1714 1551 1796 1598 est
1827 1543 1929 1597 int-

351 1631 524 1700 pium,
560 1643 615 1688 et
647 1633 722 1688 ita
755 1634 1001 1703 impium,
1022 1635 1140 1690 utsi
1166 1636 1218 1688 id
1246 1634 1512 1701 obtineat,
1539 1635 1717 1689 omnis
1734 1634 1799 1690 de
1818 1634 1927 1689 Deo

2033 536 2127 589 καὶ
2149 537 2438 606 λεγόντων,
2472 537 2569 590 καὶ
2598 537 2909 608 γενομένων
2930 555 2945 569 ·
2993 541 3089 592 καὶ
3121 538 3228 609 πρὸ
3250 537 3344 590 τοῦ
3370 536 3632 606 γενέσθαι

2029 629 2098 683 τὰ
2121 628 2276 690 ὄντα,
2312 623 2379 697 ἦν
2406 644 2466 680 τε
2496 627 2591 681 καὶ
2612 627 2762 681 ἐστιν
2798 628 3112 700 ἀγέννητος.
3160 627 3322 682 Ἀλλὰ
3367 627 3477 699 μὴν
3507 627 3627 701 (19..)

2030 720 2150 774 οὐδὲ
2179 719 2321 772 κατὰ
2352 719 2641 791 στέρησιν·
2665 718 2721 772 εί
2735 736 2800 789 γε
2838 719 2949 773 τῶν
2977 720 3122 773 κατὰ
3152 720 3314 788 φύσιν
3337 721 3396 773 αἱ
3415 718 3629 792 ’στερή-

2033 828 2148 875 σεις
2173 811 2280 864 εἰσὶ
2308 812 2612 882 περήσεις,
2631 811 2728 865 καὶ
2754 810 2864 863 τῶν
2892 809 3059 876 ἕξεων
3092 811 3362 882 δεύτεραι.
3406 810 3546 865 Οὔτε
3567 810 3628 864 δὲ

2034 903 2176 957 κατὰ
2206 900 2370 971 φύσιν
2415 896 2484 973 ἦν
2522 919 2606 965 τις
2635 900 2715 972 τῷ
2762 900 2882 973 Θεῷ
2911 902 3148 970 γένεσις,
3192 901 3318 955 οὔτε
3346 903 3629 974 προτέραν

2034 993 2172 1063 ἔχων
2186 992 2412 1063 ταύτην,
2439 989 2559 1045 εἶτα
2579 992 2864 1066 στερηθεὶς
2886 995 3108 1062 γέγονεν
3130 993 3444 1065 ἁγέννητος.
3472 994 3629 1048 Ἐπεὶ

2034 1084 2129 1137 καὶ
2169 1082 2289 1136 λίαν
2332 1083 2479 1136 ἐστὶν
2528 1083 2742 1147 ἀσεϐὲς,
2774 1082 2853 1145 ὡς
2888 1083 3221 1152 λυμαντικὸν
3259 1083 3361 1153 τῆς
3387 1082 3632 1154 ἀληθοῦς

2036 1176 2164 1247 περὶ
2185 1173 2321 1228 Θεοῦ
2357 1173 2566 1237 ἐννοίας
2586 1174 2681 1227 καὶ
2705 1175 2806 1246 τῆς
2826 1174 3163 1245 τελειότητος
3197 1172 3386 1238 αὐτοῦ,
3423 1173 3632 1244 μᾶλλον

2034 1266 2090 1320 δὲ
2126 1266 2228 1335 τῆς
2272 1265 2379 1319 τῶν
2421 1266 2763 1337 ἐφευρόντων
2811 1266 3084 1331 διανοίας,
3138 1265 3203 1319 τὸ
3250 1265 3433 1335 λέγειν
3489 1264 3633 1329 ὅλως

2035 1358 2360 1431 ἐστερῆσθαι
2379 1375 2525 1423 τινος
2543 1359 2632 1412 τὸν
2663 1358 2817 1422 Θεὸν,
2848 1358 3091 1430 δηλονότι
3130 1358 3237 1411 τῶν
3266 1357 3429 1428 φύσει
3454 1374 3634 1429 προσ-

2014 1452 2223 1504 .όντων.
2296 1451 2373 1504 Οὐ
2400 1450 2509 1519 γὰρ
2549 1450 2615 1504 ἄν
2655 1467 2740 1513 τις
2769 1449 2913 1503 εἴποι
2951 1448 3247 1520 σωφρονῶν
3296 1449 3636 1521 ὲστερῆσθαί

2037 1543 2158 1597 τινά
2181 1559 2325 1607 τινος
2351 1542 2459 1596 τῶν
2490 1542 2567 1613 μὴ
2618 1540 2887 1615 πρότερον
2914 1542 3296 1612 ὑπαρχόντων.
3327 1542 3394 1594 Εἰ
3424 1541 3484 1594 δὲ
3514 1539 3633 1610 (13)

2041 1637 2177 1707 μήτε
2216 1637 2340 1688 κατ’
2381 1635 2626 1688 ἐπίνοιαν
2649 1673 2666 1699 ,
2719 1635 2857 1705 μήτε
2911 1633 3058 1687 κατὰ
3113 1633 3407 1703 στέρησιν,
3468 1632 3546 1695 ὡς
3602 1630 3637 1683 ὁ

350 1724 581 1794 ejusque
612 1725 952 1795 perfectione
981 1742 1105 1781 vera
1154 1727 1432 1797 cogitatio,
1479 1728 1588 1781 imo
1617 1739 1802 1780 eorum
1834 1724 1922 1796 qui

2053 1727 2225 1800 δηθεὶς
2254 1726 2420 1794 ἔδειξε
2469 1726 2649 1794 λόγος,
2708 1729 2848 1798 μήτε
2893 1726 2952 1779 ἐν
2989 1726 3148 1797 μέρει
3179 1725 3240 1778 τὸ
3290 1724 3593 1793 ἀγέννητον
3618 1738 3635 1752 ·

352 1814 469 1870 haec
497 1817 982 1872 comminiscuntur
999 1820 1253 1889 proprius
1281 1819 1583 1873 intellectus
1603 1818 1761 1887 plane
1778 1831 1908 1872 ever

2053 1821 2248 1893 ιμερὴς
2272 1820 2383 1891 γάρ
2408 1835 2423 1850 ο
2464 1818 2605 1890 μήτε
2644 1819 2703 1872 ὲν
2746 1816 2898 1888 αὐτῷ
2925 1818 3001 1880 ὡς
3030 1817 3251 1888 ἕτερον·
3281 1815 3490 1879 ἁπλοῦς
3517 1814 3644 1886 γὰρ·

352 1912 530 1962 tatur':
570 1909 751 1965 dicere
804 1909 1103 1975 nimirum,
1159 1910 1326 1965 Deum
1384 1912 1608 1966 omnino
1655 1909 1834 1980 aliqua
1874 1924 1922 1963 re

2053 1909 2133 1963 sui.
2181 1907 2476 1972 ἀσύνθετος
2495 1923 2507 1936 ·
2556 1908 2697 1979 μήτε
2737 1909 2867 1979 παρ’
2911 1906 3074 1960 αὐτὸν
3120 1906 3309 1977 ἕτερον
3328 1923 3344 1936 ο
3393 1899 3476 1969 εἷς
3518 1905 3641 1976 γὰρ

351 2003 621 2070 privatum
658 2018 803 2067 esse,
859 2018 1046 2058 earum
1092 2005 1532 2074 nimirum,qu
1588 2014 1684 2057 sua
1737 2014 1922 2056 natura

2053 1999 2135 2053 tat
2167 1999 2327 2068 μόνος
2352 1997 2514 2061 αὐτός
2558 1999 2709 2049 ἐστιν
2736 1996 3034 2067 ἀγέννητος
3054 2011 3069 2025 ο
3111 1995 3245 2048 αὐτὸ
3272 1994 3385 2066 (ιι)
3432 1993 3502 2049 ἂν
3535 1994 3636 2065 εἴη

351 2107 562 2165 εεηιρθι·
589 2096 688 2164 ipsi
711 2099 930 2151 adsunt.
980 2093 1166 2165 Neque
1216 2095 1367 2149 enim
1399 2094 1523 2164 quis
1547 2107 1694 2148 sanae
1733 2091 1922 2147 mentis

2053 2092 2197 2147 ιύσία
2220 2091 2536 2163 ἀγέννητος.

350 2183 550 2241 dixerit
583 2201 909 2255 quemquam
981 2185 1162 2255 aliqua
1230 2202 1287 2240 re
1326 2201 1392 2240 ex
1425 2184 1512 2250 iis,
1548 2197 1667 2252 quze
1716 2195 1994 2251 nunquam
2035 2197 2200 2253 penes
2229 2183 2405 2252 ipsum
2435 2181 2681 2247 fuerunt,
2703 2181 2978 2253 privatum
3015 2194 3161 2236 esse.
3205 2176 3374 2250 694
3408 2175 3468 2231 Si
3495 2186 3643 2229 vero

353 2288 527 2349 neQue
554 2279 900 2349 Cogitatione,
933 2289 1107 2346 neque
1134 2276 1288 2343 juxta
1321 2274 1796 2346 privationem,uti
1821 2272 1932 2341 jam
1973 2274 2179 2341 prolata
2215 2275 2612 2329 demonstravit
2636 2276 2836 2341 oratio,
2875 2289 3050 2343 neque
3076 2282 3329 2342 respectu
3392 2270 3637 2338 alicujus

352 2369 523 2439 partis
586 2367 886 2436 ingenitum
948 2367 1117 2435 accipi
1170 2376 1376 2436 potest;
1412 2374 1498 2420 est
1545 2365 1690 2418 enim
1731 2365 1850 2434 ipse
1902 2365 2295 2434 iuipartibilis:
2362 2381 2541 2434 neque
2574 2381 2638 2419 ea
2678 2368 2890 2421 ratione
2934 2364 3091 2436 quasi
3146 2364 3201 2418 in
3236 2364 3353 2432 ipso
3414 2362 3639 2430 aliquid

354 2456 427 2510 sit
449 2455 818 2509 diversitatem
844 2453 1133 2522 quamdam
1168 2454 1411 2517 habens;
1452 2452 1684 2523 simplex
1745 2453 1890 2508 enim
1909 2466 1992 2507 est
2029 2462 2084 2508 et
2116 2454 2542 2525 incompositus;
2601 2467 2776 2525 neque
2827 2456 2899 2510 ita
2953 2454 3109 2524 quasi
3169 2452 3313 2507 aliud
3360 2452 3493 2522 quid
3531 2452 3617 2509 sit

352 2562 550 2623 praeter
586 2552 760 2623 ipsum
787 2550 950 2605 fuerit
980 2550 1067 2605 illa
1092 2550 1329 2606 essentia
1359 2564 1483 2620 qua:
1535 2551 1737 2605 dicitur
1777 2550 2039 2620 ingenita.

424 2665 478 2722 9.
504 2661 778 2735 ingenitus
803 2672 980 2719 autem
1015 2678 1139 2719 cum
1172 2664 1242 2717 sit
1272 2662 1425 2732 juxta
1466 2663 1802 2733 praemissam
1845 2662 1922 2718 de-

2112 2664 2165 2719 9.
2211 2656 2531 2734 Ἀγέννητος
2568 2660 2625 2714 δὲ
2666 2657 2743 2713 ὢν
2773 2660 2884 2731 (15)
2933 2658 3076 2713 κατά
3113 2659 3214 2731 τὴν
3242 2657 3637 2731 προλαϐοῦσαν

354 2756 826 2824 monstrationem,
868 2754 983 2811 ﬁeri
1021 2771 1125 2810 non
1160 2763 1335 2824 potest
1364 2765 1422 2809 ut
1449 2756 1729 2824 generatio
1751 2756 1922 2825 aliqua

2053 2755 2333 2822 ίιπὸδειξιν,
2369 2755 2469 2808 ούκ
2509 2753 2575 2807 ἄν
2603 2762 2733 2806 ποτε
2760 2753 3015 2824 πρόσοιτο
3052 2752 3325 2824 γέννησιν,
3357 2750 3503 2805 ὥστε
3532 2751 3642 2822 τῆς

354 2849 499 2904 sitin
527 2847 645 2918 ipso
681 2847 828 2912 talis,
858 2857 914 2901 ut
954 2848 1186 2917 propria)
1253 2862 1365 2901 suae
1420 2856 1624 2902 natura:
1688 2848 1922 2919 genitum

2053 2848 2179 2912 ἰδίας
2207 2847 2529 2918 μεταδοῦναι
2560 2844 2638 2916 τῷ
2701 2844 3027 2916 γεννωμένῳ
3062 2843 3276 2914 φύσεως
3308 2843 3443 2916 (l6),
3469 2844 3640 2917 ἐκφύ-

353 2939 673 3011 participem
709 2937 909 2993 faciat:
948 2950 1003 2993 et
1029 2953 1251 2993 necesse
1277 2938 1442 2992 etiam
1469 2949 1577 3005 est,
1609 2948 1668 2994 ut
1702 2939 1922 2994 excedat

2053 2958 2128 3010 γοι
2150 2957 2210 2994 τε
2240 2939 2305 2994 ἂν
2344 2941 2527 2993 πᾶσαν
2559 2939 2848 3010 σύγκρισιν
2887 2938 2982 2991 καὶ
3026 2937 3312 2991 κοινωνίαν
3343 2937 3445 3009 τὴν
3492 2935 3640 3009 πρὸς

352 3045 573 3087 omnem
600 3031 1058 3100 comparationem
1091 3046 1155 3086 ac
1195 3027 1541 3096 societatem,
1572 3046 1690 3101 quae
1725 3031 1922 3084 institui

2053 3035 2101 3088 τὸ
2132 3035 2409 3106 γεννητόν.
2448 3035 2510 3087 El
2541 3034 2651 3104 γάρ
2684 3050 2769 3097 τις
2810 3033 3137 3086 κοινοποιεῖν
3175 3029 3312 3101 πρὸς
3346 3028 3561 3100 ἕτερον,

354 3120 572 3190 quidem
601 3090 781 3188 posset
806 3130 1052 3188 respectu
1102 3118 1220 3186 ejus
1257 3119 1399 3189 quod
1453 3090 1691 3189 genitum
1742 3126 1845 3173 est.
1873 3116 1922 3173 Si

2053 3090 2378 3177 ιεταδιδέναι
2411 3124 2519 3177 τινὶ
2684 3090 2874 3185 οὐσίας
2905 3120 3112 3191 ταύτης
3140 3090 3474 3189 ἐθελήσειεν,

354 3209 479 3280 quis
506 3210 652 3264 enim
680 3210 970 3264 essentiam
1001 3209 1145 3264 hanc
1172 3224 1519 3264 communem
1556 3208 1783 3265 reddere
1811 3226 1922 3264 cun:

2053 3212 2179 3267 (ατὰ
2230 3213 2514 3267 διάστασιν
2566 3214 2660 3266 καὶ
2700 3210 2990 3283 μερισμὸν,
3042 3210 3076 3281 ἢ
3136 3209 3280 3263 κατὰ
3335 3207 3643 3280 σύγκρισιν

355 3299 538 3368 aliqua
571 3313 631 3353 re
661 3298 791 3361 alia,
822 3299 908 3353 vel
956 3299 1022 3354 de
1082 3299 1184 3354 hac
1231 3302 1473 3355 essentia
1532 3293 1737 3370 aliquid
1773 3302 1931 3356 alicui

355 3385 638 3456 impertire
663 3386 916 3453 voluerit,
937 3389 1250 3443 necessario
1274 3390 1376 3444 hoc
1421 3387 1599 3445 facere
1621 3392 1933 3458 atten'tahit,
1970 3416 1979 3424 -

353 3478 440 3533 vel
481 3479 777 3535 secundum
837 3478 1253 3550 diremptionem
1310 3496 1374 3536 ac
1438 3482 1815 3552 partitionem,
1848 3485 1934 3538 vel

355 3569 652 3625 secundum
693 3569 1106 3625 similitudinem
1139 3586 1204 3625 ac
1231 3573 1717 3643 comparationem.
1742 3570 1933 3629 Utrum

354 3674 533 3717 autem
562 3676 630 3717 ex
659 3662 744 3716 his
771 3660 1051 3727 aﬂ‘eratur,
1084 3663 1282 3719 multas
1313 3662 1555 3735 profecto
1608 3681 1791 3721 secum
1840 3670 1936 3722 ah-

354 3755 669 3821 surditates,
709 3753 791 3809 vel
826 3756 1005 3824 petitis
1032 3755 1401 3827 blasphemias
1430 3757 1612 3813 trahet
1657 3767 1712 3813 et
1740 3760 1937 3815 inferet

358 3846 472 3916 ipsa
501 3846 749 3901 assertio.
784 3846 995 3901 Etenim
1047 3848 1162 3902 sive
1189 3849 1480 3916 dividatur,
1518 3860 1611 3907 aut
1667 3854 1723 3907 in
1756 3864 1936 3924 partes

355 3947 593 4004 secetur,
620 3954 728 3993 non
749 3939 979 4009 amplius
1008 3939 1098 3993 illa
1128 3954 1249 3995 esse
1275 3952 1458 4012 potest
1488 3943 1754 4016 ingenita,
1813 3961 1934 4002 cum

355 4027 606 4084 videlicet
638 4031 751 4101 ipsa
786 4029 1101 4103 illud,quod
1133 4041 1292 4087 antea
1335 4049 1441 4088 non
1471 4046 1613 4100 erat,
1644 4050 1711 4090 ex
1735 4037 1827 4091 tali
1855 4038 1936 4092 di-

352 4119 567 4174 visione
590 4119 680 4172 fiat
703 4136 716 4172 :
743 4120 850 4174 imo
878 4121 980 4175 hoc
1014 4129 1173 4190 pacto
1207 4124 1575 4194 corruptionis
1619 4142 1819 4197 expers
1844 4128 1934 4183 illa

354 4224 477 4264 esse
504 4210 705 4280 nequit,
738 4210 1003 4280 siquidem
1040 4215 1259 4280 partitio
1294 4215 1397 4270 ista
1447 4224 1615 4271 totam
1670 4218 1931 4273 incorru-

344 4299 656 4368 mtibilitatis
688 4300 1023 4370 majestatem
1052 4302 1359 4358 labefactat.
1407 4304 1534 4362 Sive
1585 4306 1749 4364 etiam
1775 4323 1930 4363 com-

2037 3300 2194 3354 τοῦτο
2229 3301 2690 3355 κατασκευάσειεν
2736 3300 2822 3356 ἄν.
2880 3300 3173 3372 Ὀπότερον
3207 3298 3254 3352 δ’
3285 3298 3352 3353 ἂν
3396 3298 3638 3369 λέγηται

2035 3389 2261 3454 τούτων,
2306 3391 2527 3456 πολλαῖς
2562 3392 2839 3455 ἀτοπίαις,
2868 3390 3243 3462 βλασφημίαις
3276 3389 3335 3443 δὲ
3359 3390 3571 3460 μᾶλλον
3606 3391 3644 3444 ὁ

2035 3481 2191 3551 λόγος
2213 3482 2582 3554 ἐνεχϐήσεται.
2612 3483 2736 3536 Εἴτε
2760 3485 2869 3555 γὰρ
2905 3482 3166 3554 διαιροῖτο
3200 3483 3294 3535 καὶ
3329 3482 3640 3553 μερίζοντο,

2036 3577 2136 3629 οὐκ
2166 3576 2246 3629 ἔτι
2280 3577 2574 3647 ἀγέννητος
2608 3574 2715 3647 εἴη,
2753 3574 2783 3628 ὅ
2823 3576 2897 3648 μὴ
2936 3576 3202 3646 πρότερον
3219 3570 3308 3647 ἦν,
3355 3574 3523 3628 τοῦτο
3570 3578 3641 3632 ὲκ

2036 3669 2137 3739 τῆς
2174 3668 2492 3739 διαιρέσεως
2520 3669 2864 3739 γιγνόμενος.
2916 3667 3080 3720 Ἀλλὰ
3109 3668 3216 3738 μὴν
3247 3666 3372 3720 οὗτε
3413 3667 3639 3742 ἄφθαρ·

2035 3766 2161 3823 τοςο
2192 3759 2287 3814 τοῦ
2323 3759 2593 3831 μερισμοῦ
2627 3759 2688 3812 τὸ
2712 3760 2810 3830 τῆς
2834 3758 3145 3830 ἀφθαρσίας
3170 3756 3390 3829 ἀξίωμα
3420 3757 3636 3829 λυμαι-

2038 3851 2284 3925 νομένου.
2331 3852 2459 3906 Εἴτε
2495 3853 2593 3924 τὴν
2634 3848 2770 3925 πρὸς
2821 3853 3015 3925 ἓτερον
3054 3853 3263 3924 δέχοιτο
3311 3851 3637 3924 σύγκρισιν,

2036 3945 2137 4016 τῆς
2206 3945 2553 4016 συγκρίσεως
2597 3945 2699 3997 οὐκ
2734 3943 2795 4009 ἐξ
2825 3945 3210 4016 ἀκοινωνήτων
3263 3944 3635 4016 γιγνομένης.

2037 4036 2544 4107 κοινοποιηθήσεται
2578 4037 2754 4107 τὸτῆς
2777 4035 2966 4100 ούσίας
2997 4035 3234 4106 ἀξίωμα.
3266 4037 3331 4089 Εί
3358 4034 3418 4088 δὲ
3441 4037 3636 4100 τοῦτο,

2036 4130 2130 4182 καὶ
2168 4128 2424 4199 τοῦνομα,
2464 4128 2593 4182 ὥστ’
2623 4128 2683 4194 ἐξ
2714 4128 2959 4198 ἀνάγκης
2992 4128 3104 4181 δεῖν
3139 4128 3269 4192 τοὺς
3322 4127 3509 4198 τούτῳ
3551 4128 3640 4200 τῷ

2037 4218 2178 4290 λόγῳ
2214 4220 2589 4291 βιαζομένους,
2638 4220 2672 4293 ἢ
2702 4219 2801 4292 τὴν
2833 4220 3206 4292 προσηγορίαν
3255 4219 3640 4290 ἀκοινώνητον

2038 4312 2327 4382 φυλάττειν
2373 4311 2751 4383 βουλομένους,
2788 4310 3149 4381 ἀκοινώνητον
3186 4310 3358 4381 ταύτῃ
3408 4311 3635 4365 συνδια-

1967 4428 2013 4485 9

422 4545 539 4630 il?)
567 4546 730 4630 assit
753 4562 871 4618 vas.
898 4548 1024 4630 22L-

372 4670 375 4675 ,
413 4618 539 4689 1'13)
573 4618 797 4672 Basilius
832 4634 954 4688 pag.
987 4619 1111 4675 223.

572 4687 824 4769 [fortasse
856 4688 1201 4769 leg.,Ac_z‘916;,
1236 4698 1296 4744 ιιι
1327 4704 1449 4761 με,
1486 4688 1611 4747 σεο,

455 4757 538 4820 i5)
572 4757 800 4828 Basilius
829 4757 949 4828 pag.
985 4759 1110 4814 228.

374 4854 377 4859 ν
426 4827 542 4898 (l6)
593 4827 708 4899 Hoc
761 4827 1079 4899 palmarium
1125 4828 1372 4884 Eunomii
1431 4841 1808 4899 argumentum
1858 4847 1923 4887 ac

352 4897 786 4970 Irrupeunicunt,
814 4897 929 4970 ﬁeri
958 4915 1072 4970 noti
1112 4915 1260 4963 posse
1294 4912 1345 4954 ut
1375 4917 1439 4955 ea:
1471 4897 1703 4970 ingenita
1745 4903 1920 4956 divina

354 4965 577 5042 essentia
604 4965 791 5042 similis
821 4966 1122 5042 ipsifilius
1153 4981 1442 5042 generetur.
1480 4965 1630 5025 Unde
1663 4972 1921 5042 quidquid

355 5039 424 5091 de
447 5037 794 5107 generatione
822 5035 939 5090 Filii
982 5040 1034 5092 in
1061 5035 1231 5092 sacris
1258 5039 1452 5095 litteris
1484 5035 1700 5106 dicitur,
1731 5035 1827 5095 ille
1852 5041 1920 5097 de

356 5106 631 5180 creatione
655 5106 871 5180 accipit.
902 5109 1008 5161 Sed
1039 5125 1142 5162 non
1180 5111 1399 5178 tuajoris
1438 5112 1525 5165 illa
1564 5123 1918 5180 argumenta-

356 5177 434 5251 tio
477 5176 610 5231 mihi
654 5177 867 5251 videtur
908 5176 1353 5251 esseponderis,
1382 5197 1543 5248 quam
1575 5176 1828 5251 si'neges
1854 5182 1922 5236 ab

355 5245 595 5320 increata
635 5246 814 5320 divina
859 5245 1092 5301 essentia
1115 5248 1328 5320 aliquid
1375 5245 1614 5320 potuisse
1652 5245 1823 5305 creari
1855 5267 1920 5306 ac

353 5317 599 5384 produci.
649 5314 871 5390 Deinde,
896 5318 1163 5390 quomodo
1211 5314 1292 5390 de,
1315 5314 1581 5376 re'creata
1611 5321 1716 5373 dici
1747 5330 1922 5390 potest

352 5389 493 5460 quod
533 5390 606 5460 sit
642 5387 1444 5460 xapaxsijpjﬁgt'amo’tdosw;
1492 5390 1624 5445 Dei?
1666 5387 1835 5460 Empta.
1867 5398 1921 5446 et

350 5453 506 5524 λόγος
529 5453 702 5510 Patris
717 5453 1044 5526 ’διιιιιόῑδιος
1066 5458 1192 5523 Υἱός
1214 5458 1238 5511 ?
1261 5453 1509 5529 proprius
1534 5460 1700 5515 Filius
1720 5453 1775 5514 et
1800 5463 1923 5515 uni-

348 5530 563 5594 genitus
588 5544 603 5581 :
634 5545 662 5579 a
693 5542 799 5596 quo
827 5529 1288 5600 Spiritussanctus
1309 5530 1519 5600 accipit.
1535 5531 1811 5597 Quomodo
1842 5532 1922 5584 fa-

350 5608 472 5649 ctus
496 5605 581 5650 est
609 5610 713 5671 per
726 5613 888 5671 quem
913 5600 1109 5671 omnia,
1136 5598 1275 5653 facta
1305 5598 1452 5666 sunt,
1476 5613 1530 5655 et
1557 5603 1672 5655 sine
1699 5617 1806 5671 quo
1839 5600 1922 5655 fa-

349 5673 497 5718 ctum
533 5677 617 5721 est
666 5668 798 5722 nihil
851 5682 951 5722 nec
998 5669 1206 5724 visibile
1250 5684 1349 5724 nec
1400 5671 1669 5727 invisibile
1687 5668 1733 5724 ?'
1760 5671 1920 5726 Hisce

371 5744 530 5803 taque
585 5746 641 5790 et
690 5736 810 5794 aliis
864 5737 1181 5796 clarissimis
1244 5739 1540 5814 Scriptura:
1593 5742 1917 5800 testimoniis

2028 4560 2530 4629 argumentationes
2555 4559 2937 4629 metaphysicae
2960 4558 3185 4628 argutiae
3204 4573 3504 4626 opponere,
3526 4559 3633 4614 En-

2028 4629 2192 4681 nomii
2222 4636 2308 4682 est
2338 4628 2429 4696 qni
2468 4629 2534 4681 al)
2564 4629 2722 4682 Aétio
2759 4628 3017 4696 magistro
3059 4630 3283 4683 edoctus
3322 4631 3624 4683 essentiam

2025 4696 2265 4751 divinam
2308 4700 2523 4765 penitus
2571 4713 2636 4752 at:
2681 4700 2919 4768 perfecte
2967 4698 3173 4768 scilicet
3201 4701 3475 4768 cognitam
3511 4700 3625 4753 sibi

2028 4768 2228 4839 habere
2255 4767 2635 4839 persuadehat.
2683 4767 2950 4839 Τοσοῦτον
2988 4767 3486 4839 αύτρνᾲὲπίσταμαι
3524 4771 3624 4822 καὶ

2023 4831 2161 4898 οἴδα.
2195 4831 2336 4889 ὥστε
2364 4837 2438 4908 μὴ
2467 4836 2662 4891 εἰδέναι
2684 4838 2950 4961 ἐμαυτὸν,
2983 4837 3060 4900 ὡς
3090 4836 3223 4890 Θεὸν
3262 4831 3468 4908 μᾶλλον
3497 4840 3625 4892 ἐπί-

2028 4923 2251 4961 σταμαι.
2288 4905 2417 4959 Ταηι
2443 4909 2681 4961 nersuicu
2737 4907 2905 4961 Deum
2935 4908 3113 4961 unalis
3154 4912 3227 4960 sit
3271 4910 3389 4961 novi
3412 4925 3476 4960 ac
3503 4920 3624 4961 tan-

2028 4923 2251 4977 σταμαι.
2288 4905 2711 4975 Tant—perspicue
2728 4905 2905 4961 Deum
2935 4908 3113 4977 qualis
3154 4912 3227 4960 sit
3265 4905 3389 4961 novi
3412 4925 3476 4960 ac
3503 4920 3624 4963 tan-

2025 4986 2131 5028 tam
2159 4978 2302 5029 illius
2331 4977 2569 5029 notitiam
2604 4994 2718 5031 sum
2745 4989 3120 5032 consecutus...
3154 4988 3211 5029 ut
3246 4993 3307 5029 ne
3335 4995 3415 5029 me
3439 4978 3621 5045 ipsum

2059 5047 2233 5098 uillam
2290 5046 2475 5099 melius
2520 5062 2680 5114 quam
2734 5048 2883 5099 illum
2933 5046 3182 5099 noverim.
3233 5046 3422 5101 Aétius
3471 5049 3619 5114 apud

2047 5115 2383 5185 Epiphanium
2424 5115 2661 5180 LXXVI,
2712 5131 2834 5184 pag.
2879 5115 2985 5170 916
3031 5127 3086 5168 et
3116 5114 3263 5185 7989.
3316 5116 3623 5185 Euuomius

2029 5183 2142 5254 ipse
2170 5186 2370 5251 majore
2396 5188 2559 5239 etiam
2589 5183 2875 5239 insolentia
2906 5185 3050 5254 apud
3097 5184 3377 5239 Socratem
3414 5183 3502 5243 ιν,
3535 5187 3570 5240 7
3598 5205 3616 5241 :

2036 5253 2262 5326 'oess;
2309 5255 2446 5326 crept
2472 5255 2572 5326 τῆς
2608 5254 2802 5326 ἑαυτοῦ
2837 5253 3024 5326 οὐσίας
3060 5254 3214 5326 οὐδὲν
3252 5254 3413 5326 πλέον
3452 5254 3620 5326 ἡμῶν

2022 5321 2484 5398 ἐπίσταται,ούδέ
2517 5321 2664 5378 ἐστιν
2695 5324 2834 5398 αὕτη
2868 5324 3077 5398 ᾲμᾷλλον
3114 5324 3214 5394 μὲν
3233 5321 3619 5398 ᾃὲκείνιρξῆτ·

2021 5412 2114 5450 τον
2160 5395 2217 5448 δὲ
2256 5396 2388 5466 ἡμῖν
2424 5392 2833 5466 γινωσκομένη(
2867 5392 3004 5466 ’Ἀλλ’
3034 5392 3187 5465 ὅπερ
3228 5395 3295 5447 ἂν
3337 5392 3620 5466 εἰδείημεν

2023 5466 2185 5537 ῄμεζς
2386 5458 2578 5537 αὐτῆς,
2615 5458 2802 5537 τοῦτο’
2822 5465 3040 5537 πάντως
3090 5458 3563 5537 κᾶκεῐνοςλοῖᾅνο
3587 5463 3620 5518 ὃ

2023 5531 2077 5589 δ”
2098 5531 2164 5589 αὖ
2199 5531 2361 5606 πάλιν
2397 5531 2625 5599 ἐκεῖνος,
2667 5535 2828 5589 τοῦτο
2866 5534 3119 5606 εὑρήσεις
3168 5533 3614 5606 ᾲτιαραλλάκτως

2023 5606 2083 5659 ὲν
2109 5607 2261 5677 ἡμῖν.
2284 5604 2360 5658 De
2382 5621 2479 5658 sua
2502 5607 2666 5673 ipsius
2691 5604 2918 5677 essentia
2936 5602 3083 5658 om
3101 5602 3237 5677 nihil
3258 5602 3488 5677 amplius
3510 5612 3616 5656 scit

2021 5673 2176 5745 quoin
2201 5691 2318 5739 nos,
2357 5690 2450 5728 nec
2479 5676 2571 5733 illa
2602 5677 2703 5745 ipsi
2747 5676 2955 5745 quidem
3004 5673 3200 5741 notior,
3246 5674 3391 5728 nobis
3426 5683 3615 5725 autem

2022 5747 2293 5797 obscurior
2318 5751 2428 5797 etc.

2022 5747 2293 5799 obscurior
2318 5751 2428 5800 etc.
