3802 6216
185 310 289 367 845

1244 301 1530 370 ΕιιΝοιιιι
1568 299 1770 367 LIBER
1811 295 2364 370 APOLOCETICUS,

3336 313 3442 374 διδ

182 427 380 491 σώζειν
417 427 512 480 καὶ
541 426 640 499 τὴν
688 421 897 480 οὐσίαν.
948 429 1018 479 Ἦ
1053 426 1254 496 ταύτης
1292 426 1622 497 μεταδιδόναι

1882 430 2210 495 parationem
2239 430 2531 499 quamdam
2561 430 2810 486 admittat
2861 431 2930 486 ad
2981 432 3150 499 aliud,
3197 441 3441 506 quando-

181 519 596 592 πειρωμένους,
662 519 1002 589 μεταδιδόναι
1057 520 1149 572 καὶ
1197 520 1297 589 τῆς
1359 519 1766 590 προσηγορίας,

180 611 372 682 ῶσπερ
395 611 490 664 καὶ
504 611 602 681 τῆς
622 610 828 674 οὐσίας.
851 609 1092 663 Χωλεὺοι
1109 610 1218 682 γὰρ
1237 611 1300 664 ἂν
1319 611 1500 674 αὑτοῖς
1519 613 1551 682 η
1570 611 1770 680 φιλοτι-

184 702 304 773 μία,
333 701 666 772 λειπομένην
702 701 1015 772 παρέχουσα
1046 701 1260 772 θατέρῳ
1285 701 1440 772 μέρει
1474 701 1570 772 τὴν
1595 702 1776 773 χάριν,

183 793 326 865 μετά
353 793 451 846 τοῦ
483 793 606 865 μηδ’
628 793 775 859 ἄξιον
807 793 1138 866 ἐργάζεσθαι
1166 795 1342 862 Λόγου
1363 794 1459 864 τὴν
1481 793 1767 866 διαφοράν,

179 885 748 958 ἀκριϐολογουμένους
779 886 906 956 περὶ
933 885 1032 956 τὴν
1061 885 1454 958 προσηγορίαν,
1495 887 1548 938 ei
1569 904 1630 954 γε
1655 887 1772 939 όνό-

185 985 316 1046 ματι
349 978 499 1049 μόνῳ
524 978 553 1029 ό
589 979 688 1048 μὲν
721 978 997 1048 ὑπερέχοι,
1033 979 1062 1030 ὁ
1091 979 1146 1030 δὲ
1176 977 1466 1031 ὲλαττοῖτο.
1499 979 1562 1031 Ei
1590 978 1645 1030 δὲ
1669 979 1770 1049 τῆς

179 1055 356 1140 αὑτῆς
374 1071 716 1142 μεταδιδόναι
744 1072 926 1140 φωνῆς
955 1073 983 1122 ὁ
1007 1070 1108 1141 τῆς
1128 1069 1449 1133 ἀκολουθίας
1469 1072 1772 1139 ἀναγκάζει

180 1161 362 1228 λόγος,
405 1161 837 1231 μεταδιδότωσαν
872 1159 1281 1231 φιλοτιμότερον
1319 1161 1411 1214 καὶ
1450 1161 1549 1232 τῆς
1589 1161 1770 1232 ἰσότη-

178 1270 310 1317 τος,
355 1255 456 1324 οὑχ
505 1253 894 1324 εὑρισκομένου
945 1253 1090 1316 τινὸς
1127 1254 1185 1305 ὲν
1237 1253 1345 1323 ὅτῳ
1393 1251 1648 1324 θήσονται
1673 1253 1772 1325 τὴν

180 1345 290 1400 ὑπε
299 1348 482 1417 ροχήν.

1873 519 2092 589 quidem
2123 521 2267 574 nulla
2295 523 2630 591 comparatio
2659 537 2726 576 ex
2757 523 2864 578 illis
2897 524 2979 589 lit,
3006 527 3095 582 ubi
3123 527 3281 597 plane
3311 530 3446 584 nihil

1874 621 1956 666 est
1991 627 2306 679 commune;
2337 615 2589 668 essentia:
2617 617 2802 685 utique
2836 617 3093 686 majestas
3142 621 3446 676 communi-

1877 703 2105 758 cationis
2135 706 2341 760 subibit
2365 719 2589 762 sortem.
2617 707 2674 762 Si
2703 725 2833 762 vero
2861 711 2962 766 hoc
3003 727 3190 768 revera
3245 715 3316 767 ita
3352 713 3445 780 sit,

1873 809 2003 864 ergo
2034 805 2090 850 et
2121 812 2314 851 nomen
2346 799 2518 865 ipSutn
2571 815 2857 856 commune
2886 803 3010 867 erit,
3043 805 3115 857 ita
3171 814 3228 858 ut
3259 821 3448 860 neces-

1873 887 2021 940 Sario
2052 899 2300 956 oporteat
2323 903 2437 954 eos,
2473 892 2562 960 qui
2610 891 2712 947 hae
2771 895 2982 949 ratione
3036 899 3318 966 urgentur,
3362 900 3446 954 vcl

1871 979 2041 1048 ipsam
2069 980 2484 1049 appellationem
2521 984 3077 1042 incommunicahilem
3121 999 3448 1048 conservare

1873 1084 1936 1124 ac
1969 1071 2128 1124 tueri.
2156 1071 2210 1125 Si
2242 1088 2369 1128 vero
2395 1073 2668 1130 voluerint
2694 1077 2870 1131 eidem
2903 1081 3196 1134 essentiam
3237 1083 3305 1136 ab
3330 1092 3444 1138 0m-

1872 1164 1925 1215 ni
1960 1163 2123 1216 etiam
2179 1167 2676 1222 communicatione
2731 1181 2934 1224 sartam
2981 1177 3174 1227 teetam
3223 1174 3448 1228 Conser-

1873 1268 2022 1319 vare,
2044 1255 2126 1309 vel
2159 1257 2202 1310 si
2240 1259 2531 1328 quidqiiam
2564 1263 2830 1329 impertiri
2883 1264 2948 1317 de
2987 1279 3050 1319 ea
3085 1266 3239 1320 alteri
3273 1283 3440 1322 cona-

1872 1344 2093 1409 buntur,
2132 1351 2358 1417 perinde
2403 1350 2605 1420 aliquid
2645 1351 2712 1406 de
2756 1353 3114 1422 appellatione
3153 1356 3450 1426 largiantur

182 1455 417 1496 necesse
479 1450 586 1506 est,
626 1441 1078 1506 quemadmodum
1143 1441 1210 1495 de
1246 1440 1359 1509 ipsa
1426 1439 1639 1493 faciunt
1686 1441 1945 1517 essentia.
1976 1442 2374 1500 ClaudiCaverit
2432 1447 2575 1501 enim
2606 1447 2757 1517 ipsis,
2792 1451 2894 1504 nisi
2930 1450 3136 1507 scilicet
3173 1453 3277 1508 hoc
3308 1453 3451 1510 l'ece-

199 1533 338 1598 rint,
381 1534 624 1597 ambitio,
658 1547 777 1600 qua:
803 1531 956 1585 alteri
1014 1529 1152 1600 parti
1201 1529 1328 1584 doni
1364 1529 1593 1597 alicujus
1624 1527 1890 1582 delectum
1958 1531 2178 1595 tribuit;
2242 1545 2299 1587 et
2342 1536 2552 1589 a'cccdit
2609 1551 2738 1600 una,
2804 1539 2944 1606 quod
3005 1555 3177 1609 neque
3221 1543 3440 1611 dignum

177 1625 316 1692 quid
386 1623 593 1678 faciunt
660 1623 944 1692 majestate
975 1621 1161 1686 Verbi,
1208 1623 1426 1690 quando
1459 1631 1565 1674 tam
1615 1621 1842 1674 subtiles
1877 1632 2001 1677 sunt
2046 1624 2098 1678 in
2157 1625 2530 1697 distinguenda
2588 1629 2974 1698 appellatione,
3006 1633 3050 1687 si
3103 1635 3320 1702 quidem
3353 1635 3443 1690 hic

177 1717 404 1784 quidem
435 1716 552 1768 solo
583 1717 798 1769 nomine
827 1716 899 1768 sit
929 1715 1122 1784 major,
1161 1713 1298 1768 alter
1325 1728 1454 1766 vero
1483 1713 1678 1767 minor.
1710 1706 1766 1766 Si
1807 1729 1936 1768 vero
1970 1719 2372 1785 consequentia:
2394 1719 2534 1773 ratio
2566 1721 2686 1777 illos
2733 1723 2878 1794 cogit
2925 1734 2982 1779 ut
3036 1726 3281 1780 eamdem
3315 1728 3453 1782 utri.

180 1817 294 1878 que
348 1810 592 1866 tribuant
645 1811 854 1874 vocem,
932 1810 1230 1880 largiantur
1287 1809 1474 1872 etiam,
1529 1810 1673 1880 'quod
1722 1819 1809 1864 eet
1847 1809 2310 1878 ltdnoriﬁe‘eutius,
2377 1814 2781 1883 aequalitatem,
2835 1826 2960 1873 cuin
3017 1824 3125 1874 non
3176 1812 3454 1877 inveniant

177 1904 404 1956 ubinam
444 1911 686 1957 Statuere
711 1903 920 1972 pdssint
959 1902 1104 1955 illam
1133 1900 1622 1968 prmemincntiam.

252 1994 341 2048 10.
377 1997 452 2047 Οὑ
483 1996 592 2066 γάρ
614 1996 678 2066 δὴ
703 1994 848 2047 τοῦτ’
880 1993 947 2048 ἂν
981 1993 1210 2056 εἴποιεν,
1245 1993 1320 2054 ὡς
1347 1994 1500 2064 κοινὴ
1525 1993 1622 2064 μὲν

1938 1987 2026 2043 10.
2069 1986 2184 2042 Non
2213 1990 2358 2044 enim
2389 1990 2636 2061 profecto
2671 1989 2775 2047 hoc
2817 1992 3093 2058 dixerint,
3125 1995 3268 2065 quod
3295 1999 3450 2052 cum;

180 2089 308 2157 φοῖν
330 2088 363 2157 ή
384 2087 562 2150 οὐσία,
592 2086 741 2151 τάξει
768 2085 847 2148 δὲ,
866 2086 960 2138 καὶ
987 2087 1102 2147 τοῖς
1124 2085 1188 2136 ἐκ
1210 2083 1403 2154 χρόνου
1436 2083 1622 2155 πρεσϐε

1882 2080 2052 2134 munis
2083 2080 2303 2148 quidem
2349 2082 2613 2136 ambobus
2661 2086 2896 2138 essentia
2935 2087 3045 2150 est,
3080 2087 3271 2142 ordine
3305 2092 3436 2144 vero

177 2177 209 2228 ὁ
253 2176 356 2247 μέν
393 2177 511 2228 ἐστι
553 2175 806 2245 πρῶτος,
845 2175 873 2226 ὁ
913 2175 970 2227 δὲ
1015 2173 1306 2242 δεύτεροςο
1347 2173 1535 2244 ἐπειδή
1586 2185 1621 2242 γ

1882 2183 1928 2228 et
1966 2175 2030 2227 iis
2059 2173 2178 2244 qua:
2205 2184 2270 2228 ex
2299 2182 2540 2241 tempore
2571 2176 2892 2242 promauant
2920 2179 3314 2246 praerogativis,
3339 2180 3430 2234 hic

180 2268 437 2337 προεῖναι
475 2266 691 2328 πάντως
714 2266 824 2336 (17)
863 2268 975 2328 τοῖς
1007 2265 1333 2336 ὑπερέχουσι
1380 2264 1441 2318 τὸ
1473 2266 1573 2335 τῆς
1605 2265 1622 2316 t‘

1882 2265 2087 2334 quidem
2119 2266 2288 2332 prior,
2319 2263 2407 2318 ille
2439 2280 2568 2318 vero
2593 2266 2859 2333 posterior
2888 2283 2980 2320 seu
3013 2269 3284 2324 secundus
3315 2269 3400 2324 est
3426 2291 3449 2326 :‘

179 2358 315 2428 οχῆς
376 2358 572 2418 αἴτιον,
628 2358 689 2410 οὑ
725 2356 1080 2420 συνέζευκται
1104 2357 1160 2408 δὲ
1189 2359 1254 2426 τῇ
1273 2357 1432 2428 οὑσίᾳ
1463 2355 1555 2408 τοῦ
1580 2357 1622 2408 Θ

1882 2356 2308 2426 quandoquidem
2335 2356 2388 2409 iu
2413 2355 2496 2410 his
2521 2372 2638 2424 qua:
2663 2358 3039 2425 prmemineut,
3071 2361 3448 2429 prmexsistere

181 2450 377 2520 χρόνος
421 2447 554 2511 (l8),
588 2449 688 2500 οὑκ
730 2447 884 2512 αἰὼν,
931 2449 992 2501 οὑ
1029 2448 1201 2512 τάξις.
1228 2446 1303 2500 ’Ἢ
1355 2465 1416 2500 τε
1460 2446 1570 2518 γὰρ
1623 2445 1775 2510 τάξις

181 2531 420 2612 δευτέρα
449 2541 543 2594 τοῦ
587 2541 894 2604 τάττοντος,
938 2539 1092 2594 οὐδὲν
1127 2540 1184 2593 δὲ
1225 2540 1333 2592 τῶν
1363 2537 1460 2592 τοῦ
1493 2538 1626 2592 Θεοῦ
1684 2539 1774 2608 ὑφ’

183 2633 378 2704 ἑτέρου
411 2632 690 2687 τέτακται.
710 2620 779 2685 ’⁵0
801 2648 860 2684 τε
894 2632 1085 2703 χρόνος
1113 2631 1360 2703 ἀστέρων
1393 2631 1522 2683 ποιά
1545 2631 1629 2694 τίς
1659 2632 1774 2684 ἐστι

185 2722 424 2794 κίνησις.
457 2722 709 2793 Ἀστέρες
737 2721 792 2773 δὲ
821 2722 882 2773 οὑ
909 2720 1008 2789 τῆς
1041 2722 1338 2791 ἀγεννήτου
1377 2721 1534 2790 μόνον
1563 2721 1774 2784 οὐσίας,

185 2813 284 2865 καὶ
310 2811 521 2882 νοητῶν
559 2812 836 2874 ἁπάντων,
870 2811 1007 2865 ἀλλὰ
1049 2813 1144 2864 καὶ
1177 2810 1286 2864 τῶν
1314 2809 1547 2883 πρώτων
1591 2810 1777 2881 σωμά-

184 2923 296 2958 των
331 2905 622 2974 γεγόνασιν
656 2905 891 2976 ὕστεροι.
924 2905 1058 2976 Περὶ
1090 2903 1199 2974 γὰρ
1229 2901 1442 2956 αἰώνων
1481 2903 1535 2956 τί
1571 2903 1652 2956 δεῖ
1681 2905 1776 2956 καὶ

184 2997 388 3066 λέγειν,
423 2997 525 3067 τῆς
559 2998 782 3067 Γραφῆς
817 2997 1001 3065 σαφῶς
1041 2994 1485 3067 διαγορευοὺσης,
1533 2995 1640 3066 πρὸ
1668 2994 1776 3047 τῶν

186 3087 405 3142 αἰώνων
431 3089 697 3159 ὑπάρχειν
729 3089 817 3142 τὸν
847 3087 998 3152 Θεὸν,
1029 3087 1123 3141 καὶ
1142 3087 1249 3141 τῶν
1275 3087 1471 3140 κοινῶν
1502 3085 1777 3157 λογισμῶν

187 3181 746 3252 ἐπιμαρτυρούντων;
786 3181 858 3234 Οὑ
905 3181 1014 3253 γὰρ
1059 3181 1217 3250 μόνον
1258 3178 1475 3242 ἀσεϐὲς.
1511 3177 1646 3231 ἀλλά
1684 3178 1780 3232 καὶ

187 3276 388 3346 κομιδῇ
426 3274 852 3341 καταγέλαστον,
887 3275 1015 3337 τοὺς
1067 3273 1126 3325 ἓν
1178 3271 1339 3342 μόνον
1396 3270 1780 3342 παραδεξαμέ-

1875 2448 2097 2502 omnino
2121 2458 2338 2516 oportet
2372 2463 2592 2502 causam
2623 2448 2744 2516 ejus
2773 2451 3213 2518 praeeuninentiae.
3245 2452 3448 2508 Essen-

1879 2538 1966 2592 tia:
2013 2548 2191 2592 autem
2236 2537 2328 2592 Dei
2385 2553 2491 2592 non
2539 2541 2800 2609 competit
2855 2556 2954 2595 nec
3002 2542 3316 2611 adjunctum
3368 2554 3454 2600 est

1878 2639 2112 2700 tempus,
2147 2645 2251 2684 non
2277 2645 2474 2694 aevum,
2509 2646 2614 2685 non
2638 2633 2771 2686 ordo
2799 2651 2812 2687 ε
2842 2636 2977 2687 ordo
3003 2635 3146 2688 enim
3181 2637 3454 2704 posterior

1877 2733 1962 2777 est
1997 2723 2282 2776 ordinante
2319 2739 2333 2776 :
2375 2723 2507 2776 nihil
2556 2733 2736 2778 autem
2779 2740 2966 2778 eorum
3011 2740 3131 2794 quae
3166 2727 3260 2781 Dei
3295 2738 3454 2794 sunt,

1877 2816 1946 2869 ab
1972 2813 2078 2868 alio
2111 2824 2192 2868 est
2218 2815 2566 2880 ordinatum;
2598 2825 2652 2868 et
2685 2825 2896 2885 tempus
2926 2817 3206 2871 stellarum
3233 2820 3452 2886 quidem

1879 2917 2058 2962 motus
2095 2917 2216 2972 est;
2251 2906 2420 2961 stella:
2454 2922 2580 2960 vero
2615 2922 2721 2960 non
2765 2909 2938 2962 solum
2981 2919 3101 2978 post
3151 2910 3447 2980 ingenitam

1877 2998 2170 3052 essentiam
2226 3008 2280 3051 et
2323 2998 2504 3051 omnia
2553 2996 2948 3068 intelligihilia,
2985 3000 3078 3053 sed
3115 3001 3281 3054 etiam
3331 3005 3458 3070 post

1879 3092 2051 3160 prima
2100 3107 2331 3160 corpora
2363 3092 2714 3156 exstiterunt,
2768 3092 2981 3162 illisque
3026 3095 3278 3151 Omnibus
3324 3106 3453 3152 sunt

1879 3183 2227 3252 posteriores.
2269 3182 2342 3236 De
2372 3181 2616 3236 monibus
2653 3194 2832 3236 autem
2869 3197 2963 3238 seu
3009 3200 3126 3240 αξνο
3163 3186 3292 3256 quid
3324 3187 3452 3241 atti-

1886 3284 1978 3330 net
2008 3275 2225 3340 dicere,
2259 3291 2382 3329 cum
2429 3273 2711 3343 Scriptura
2759 3276 2962 3330 diserte
3010 3275 3276 3343 allirmet,
3329 3289 3456 3334 ante

186 3382 315 3429 νους
336 3365 652 3435 ἀγέννητον,
700 3364 734 3435 ἢ
761 3364 1135 3436 προϋπάρχειν
1163 3381 1216 3416 τι
1249 3362 1437 3416 τούτου
1467 3363 1622 3431 φάσκε

1885 3367 2078 3421 sa-cula
2104 3382 2222 3421 esse
2255 3367 2422 3420 Deum
2447 3367 2513 3431 ⁸⁵,
2546 3367 2689 3435 quod
2723 3367 2863 3421 idem
2897 3375 3209 3424 communes
3240 3384 3455 3440 quoque

190 3455 562 3528 συνυπάρχειν
590 3456 795 3527 ἕτερον.
832 3455 952 3508 Εἴτε
990 3455 1098 3527 γάρ
1135 3455 1481 3526 προϋπάρχοι
1515 3472 1588 3520 τι,
1617 3454 1775 3508 τοῦτο

186 3549 418 3614 δικαίως
448 3549 646 3620 λέγοιτ’
672 3549 738 3603 ἂν
779 3548 1093 3619 ἀγέννητον,
1125 3548 1185 3601 οὑ
1227 3548 1290 3601 τὸ
1330 3547 1613 3618 δεύτερον·
1661 3547 1772 3600 εἴτε

191 3641 554 3712 συνυπάρχοι,
585 3641 652 3712 τῇ
679 3639 814 3711 πρὸς
839 3637 1063 3708 Θάτερον
1085 3637 1339 3709 κοινωνίᾳ
1373 3636 1469 3690 τοῦ
1501 3636 1776 3708 συνυπάρ·

186 3750 308 3805 χειν
330 3733 610 3804 ἑκάτερον,
642 3730 1071 3803 ἀφαιρεθήσεται
1091 3729 1152 3782 τὸ
1171 3729 1229 3782 ἓν
1250 3729 1410 3800 μόνον
1436 3724 1577 3782 εἶναι
1598 3729 1694 3782 καὶ
1715 3728 1778 3782 τὸ

189 3824 490 3896 ἀγέννητον
513 3819 672 3888 εἶναι,
697 3820 784 3876 οἷα
813 3823 877 3894 δὴ
896 3823 1032 3892 μετά
1057 3823 1154 3893 τῆς
1181 3822 1368 3886 οὐσίας
1385 3820 1776 3893 ἀποκλήρωσίν

189 3937 314 3974 τινα
354 3917 452 3972 καὶ
483 3915 826 3987 περιγραφὴν
863 3916 1065 3986 ἀμφοῖν
1100 3913 1548 3982 συνεισαγόντων,
1579 3913 1779 3983 συνθή-

191 4030 300 4085 κην
318 4028 379 4066 τε
408 4005 620 4075 αὗ,⁶καὶ
646 4008 706 4062 τὸ
736 4011 836 4080 τῆς
869 4007 1141 4079 συνθήκης
1162 4007 1352 4061 αἴτιον.

1885 3460 2210 3510 attestautur
2265 3455 2751 3511 ratiocinationes?
2789 3455 2974 3524 Neque
3036 3460 3179 3512 enim
3234 3459 3457 3529 impium

1883 3547 2290 3610 tantummodo,
2343 3547 2438 3601 sed
2482 3547 2642 3617 plane
2676 3561 2891 3616 quoque
2929 3557 2983 3603 et
3018 3547 3222 3602 aﬂ‘atim
3261 3551 3459 3604 ridicu-

1884 3639 1995 3693 lum
2028 3649 2132 3702 est,
2177 3638 2221 3692 si
2261 3639 2334 3692 illi
2372 3639 2463 3708 qui
2501 3640 2718 3708 quidem
2767 3642 3074 3694 concedunt
3121 3656 3288 3695 unum
3336 3650 3458 3696 esse

1885 3731 2216 3801 ingenitum,
2251 3730 2602 3784 nihilominus
2637 3729 2909 3786 allirmare
2939 3747 3044 3786 non
3078 3731 3348 3799 dubitant,
3375 3731 3462 3788 vel

1884 3833 2009 3877 ante
2039 3823 2166 3877 illud
2200 3823 2480 3878 exstitisse
2518 3822 2647 3893 quid
2692 3822 2858 3886 aliud,
2898 3822 2981 3878 vel
3025 3832 3130 3877 una
3160 3825 3455 3880 exstitisse.

1886 3915 2013 3970 Sive
2046 3916 2186 3970 enim
2224 3916 2374 3984 prius
2405 3915 2534 3984 quid
2582 3915 2832 3979 exsistat,
2865 3913 2967 3968 hoc
2994 3913 3121 3983 jure
3154 3915 3464 3984 meritoque

1885 4007 1990 4062 diei
2045 4007 2246 4076 peterit
2295 4006 2630 4074 ingenitum,
2667 4021 2772 4058 non
2821 4005 2949 4058 illud
2999 4005 3143 4073 quod
3195 4006 3466 4075 posterius

192 4109 295 4163 fuit
324 4125 340 4162 :
372 4108 488 4162 sive
521 4122 624 4160 una
656 4106 782 4174 quid
830 4105 1094 4158 exsistere
1125 4104 1299 4171 potuit
1327 4143 1342 4168 ,
1373 4103 1584 4156 ratione
1623 4101 1766 4156 illius
1804 4103 2100 4166 societatis,
2135 4115 2299 4170 quam
2332 4110 2622 4169 utrumque
2688 4107 2940 4167 respectu
2986 4097 3213 4151 alterius
3276 4096 3464 4159 habet,

193 4202 321 4271 quia
352 4211 644 4269 utrumque
678 4215 781 4252 una
818 4197 936 4266 fuit,
966 4207 1020 4253 et
1044 4197 1272 4251 alterum
1341 4209 1448 4252 non
1509 4199 1626 4252 sine
1691 4197 1863 4251 altero
1901 4198 2037 4262 fuit;
2088 4197 2216 4252 hinc
2259 4211 2392 4251 sane
2445 4196 2720 4250 evertetur
2764 4193 3089 4262 tolleturque
3138 4192 3268 4248 illud
3321 4192 3467 4262 quod

197 4300 342 4353 Deus
370 4313 536 4352 unum
570 4297 698 4365 quid
723 4297 814 4360 sit,
855 4306 910 4349 et
937 4295 1154 4365 quidem
1220 4295 1554 4364 ingenitum;
1616 4297 1667 4348 id
1731 4297 1872 4365 quod
1911 4295 2132 4363 perinde
2169 4300 2366 4358 est,'ac
2392 4291 2558 4364 695
2597 4291 2642 4346 si
2678 4296 2961 4361 postquam
2987 4289 3137 4358 prius
3160 4288 3324 4343 certis
3352 4285 3467 4341 om-

193 4393 298 4447 ciis
328 4407 448 4460 quze
485 4392 864 4444 distributione
891 4405 986 4458 per
1011 4397 1211 4444 so‘rtem
1246 4388 1389 4443 facta
1451 4390 2003 4459 circumscripserunt
2039 4392 2208 4457 ip‘sam
2243 4388 2528 4443 amborum
2595 4387 2917 4452 essentiam,

2991 4394 3179 4453 postea
3248 4382 3405 4438 illoru
3415 4399 3467 4438 ιιι

192 4484 488 4552 quamdam
517 4481 953 4544 conventionem,
983 4481 1210 4549 ejusque
1232 4481 1614 4534 conventionis
1642 4497 1864 4534 causam
1899 4481 2158 4535 inferant.

267 4577 356 4632 Η.
390 4574 554 4629 Ἀλλὰ
591 4576 696 4647 μὴν
735 4575 856 4628 οὑδὲ
881 4574 1210 4647 ἐνυπάρχειν
1251 4580 1304 4628 τι
1335 4573 1510 4648 ταύτῃ
1533 4575 1783 4639 δυνατὸν,
1819 4581 1866 4637 D

191 4663 307 4722 οἷον
339 4663 479 4732 εἶδός
508 4684 708 4738 φαμεν,
751 4667 784 4736 ἢ
821 4666 982 4735 ὄγκον
1012 4669 1107 4720 καὶ
1147 4666 1254 4738 (19)
1293 4667 1652 4740 πηλικότητά,
1692 4668 1784 4721 διὰ

190 4761 256 4812 τὸ
286 4760 466 4829 πάντη
508 4757 781 4829 συνθήκης
829 4757 1110 4828 ἐλεύθερον
1142 4753 1280 4813 εἶναι
1320 4759 1410 4812 τὸν
1437 4758 1590 4812 Θεόν.
1631 4760 1694 4812 Εἰ
1729 4759 1786 4812 δὲ

191 4852 404 4905 τούτων
449 4851 545 4904 καὶ
583 4851 692 4903 τῶν
727 4849 986 4903 τοιούτων
1020 4867 1072 4902 τι
1126 4852 1262 4922 μήτε
1299 4849 1437 4916 ἐστι,
1489 4853 1626 4922 μήτε
1656 4849 1788 4903 ποτὲ

193 4943 393 5012 γένοιτ’
423 4942 508 5006 ἂν,
546 4943 742 5010 εὐαγὲς
774 4943 1061 5013 ἐπινοῆσαι
1086 4942 1584 5013 συμπεπλεγμένον
1612 4944 1678 5012 τῇ
1702 4943 1793 4994 οὑ-

196 5036 292 5106 cf;
327 5034 464 5104 (‘20),
488 5035 638 5096 ποῖος
669 5033 749 5086 ἔτι
773 5033 1119 5104 συγχωρήσει
1148 5032 1305 5101 λόγος
1335 5032 1473 5103 πρὸς
1507 5032 1605 5103 τὴν
1626 5032 1790 5100 ἀγέν-

195 5141 360 5195 νητον
377 5123 600 5194 ὁμοιοῦν
625 5123 724 5196 τὴν
745 5124 1041 5194 γεννητήν;
1069 5122 1168 5194 τῆς
1185 5123 1305 5176 κατ’
1326 5121 1517 5174 οὑσίαν
1547 5121 1794 5192 ὁμοιότη-

193 5229 289 5282 τος
327 5219 361 5289 ἢ
392 5217 788 5288 συγκρίσεωςῆ
817 5215 1102 5280 κοινωνίας
1135 5213 1708 5286 μηδεμίανοὺπεροχὴν
1751 5213 1784 5282 ἦ

193 5307 464 5380 διαφορὰν
487 5308 914 5379 καταλιπούσης,
953 5306 1171 5377 ἰσότητα
1193 5305 1250 5358 δὲ
1279 5304 1466 5374 σαφῶς
1491 5303 1794 5376 ἐργαζομέ-

194 5416 314 5472 νης,
374 5403 514 5472 μετά
545 5400 601 5453 δὲ
624 5403 725 5472 τῆς
759 5401 1004 5470 ἰσότητος
1035 5399 1330 5466 ἀγέννητον
1375 5395 1785 5466 ἁποφαινοὺσης

269 5540 316 5574 ⁸³
357 5539 506 5596 Psal.
529 5555 700 5596 ιιιιιι
726 5580 742 5606 ,
770 5539 857 5594 12.

298 5677 385 5740 Π)
421 5674 561 5732 Male
586 5675 727 5744 apud
757 5673 1013 5744 Basilium
1047 5670 1250 5744 p.230,
1285 5672 1567 5744 προσεῖναι
1590 5670 1670 5724 ιν.

299 5749 388 5817 18)
422 5747 522 5804 Ils.
555 5741 916 5813 Lindenbrog.
939 5742 1000 5796 οὑ
1027 5741 1238 5813 χρόνος,
1269 5742 1459 5797 eodem
1489 5754 1671 5796 sensu.

1966 4577 2053 4630 ll.
2113 4569 2254 4641 Quin
2293 4576 2398 4628 imo
2449 4589 2624 4644 neque
2659 4573 2774 4628 ﬁeri
2828 4579 3008 4640 potest
3067 4579 3126 4624 ut
3167 4569 3467 4640 quidquam

1895 4667 2019 4721 huic
2045 4667 2297 4720 essentiaa'
2323 4665 2473 4731 insit,
2499 4662 2798 4734 cujosmodi
2825 4663 3053 4716 dicimus
3083 4675 3203 4715 esse
3224 4659 3467 4729 specien’t

1886 4758 1971 4810 vel
2001 4752 2193 4812 molem
2221 4755 2692 4825 autquantitatem
2713 4794 2727 4817 ,
2757 4762 3044 4822 propterea
3075 4753 3217 4820 quod
3247 4753 3466 4820 penitus

1887 4841 1956 4902 ab
1980 4847 2127 4903 omni
2161 4847 2553 4916 compositione
2596 4846 2730 4899 liber
2757 4845 2828 4897 sit
2856 4843 3017 4897 Deus.
3045 4843 3103 4897 Si
3135 4848 3271 4897 vero'
3292 4854 3468 4911 neque

1889 4940 2032 5008 pium
2084 4948 2202 5004 εει,
2249 4954 2423 5008 neque
2463 4937 2664 5007 poterit
2704 4948 2830 4990 esse
2863 4949 3141 5004 unquam,
3187 4933 3382 4987 horum
3414 4939 3469 4986 et

1892 5030 2152 5085 similiqu
2183 5029 2309 5098 quid
2346 5028 2714 5092 comminisci,
2746 5025 2888 5095 quod
2931 5025 2982 5079 id
3021 5024 3221 5080 divina:
3251 5038 3470 5092 compe-

1895 5133 1971 5179 tat
1999 5124 2274 5187 essentim,
2305 5137 2458 5192 quze,
2501 5136 2684 5190 qnazso
2704 5159 2720 5186 ,
2756 5119 2898 5174 ratio
2922 5118 3182 5174 concedet
3211 5115 3465 5185 amplius,

1892 5223 1951 5268 ut
1983 5215 2301 5270 siihstantize
2332 5213 2584 5284 ingenita:
2613 5212 2853 5282 genitam
2905 5207 3310 5264 assimilemus‘l
3346 5215 3471 5262 cum‘

1891 5309 2189 5364 similitudo
2237 5309 2319 5364 vel
2374 5307 2713 5374 comparatio
2766 5311 2864 5359 aut
2907 5304 3174 5368 societas,
3223 5315 3348 5372 qua:
3388 5307 3475 5356 eat

1889 5402 2183 5455 secundum
2231 5401 2566 5463 essentiam,
2615 5396 2815 5451 nullam
2865 5393 3334 5468 praeminentiam
3385 5388 3474 5448 vel

1962 5665 2076 5739 (19)
2104 5664 2336 5739 Basilius
2364 5678 2489 5739 93.8.:
2517 5662 2659 5739 935..
2677 5662 2733 5739 '1.-
2795 5728 2821 5739 -

1962 5731 2079 5807 (‘20)
2104 5734 2336 5790 Basilius
2370 5731 2539 5800 addit,
2566 5731 2663 5786 τοῦ
2685 5731 2852 5785 8505.-
