3802 6216
351 296 456 356 8η

351 409 711 468 differentiam
749 406 1062 476 relinquat,
1094 404 1464 474 aequalitatem
1499 414 1680 458 autem
1707 404 1919 473 perspi-
1953 415 1998 466 Α

350 519 450 556 one
488 510 714 562 astruat,
748 514 854 552 una
889 512 1018 551 vero
1052 512 1176 551 cum
1207 497 1523 565 mqualitate
1568 494 1917 550 manifestum

351 594 515 648 faciat
536 630 551 656 ,
577 589 938 645 assimilatum
970 604 1123 657 mque
1155 599 1410 657 oportere
1440 602 1562 643 esse
1593 587 1916 657 ingenitum.

349 682 519 736 Nemo
549 690 729 734 autem
760 678 898 732 adeo
932 677 1155 732 demens
1186 688 1240 731 et
1274 676 1438 745 impie
1467 677 1646 730 audax
1678 690 1798 729 esse
1824 690 1921 744 po-

348 782 492 835 test,
541 777 600 821 ut
628 767 890 836 :equalem
938 766 1171 820 allirmet
1200 765 1345 820 Patri
1393 765 1612 830 Filium,
1645 780 1770 819 cum
1794 765 1921 833 ipse

351 860 607 914 Dominus
651 858 852 912 diserte
884 857 1197 926 pronuntiet
1236 873 1250 909 :
1303 854 1467 911 Pater
1502 858 1591 925 qui
1630 857 1770 910 misit
1804 872 1919 918 me,

347 950 518 1021 major
548 966 628 1004 me
661 961 733 1004 est
759 950 826 1003 ⁸⁸.
857 947 949 1003 νει
982 959 1038 1002 ut
1070 948 1285 1016 copulet
1314 948 1468 1002 alteri
1511 962 1575 1002 ex
1612 947 1922 1001 nominibus

344 1043 612 1107 alterum,
645 1054 879 1111 utroque
910 1051 1097 1095 contra
1133 1042 1200 1095 ad
1239 1057 1299 1096 se
1339 1041 1469 1096 illud
1515 1040 1765 1096 certatim
1807 1051 1917 1094 tra-

345 1134 539 1197 hente,
569 1134 783 1202 sibique
832 1136 1258 1203 appropriante,
1309 1148 1484 1202 neque
1533 1132 1706 1187 altero
1757 1132 1919 1185 ullam

344 1225 657 1279 societatem
707 1235 952 1293 respectu
1005 1226 1231 1280 alterius
1272 1226 1613 1278 admittente.
1666 1223 1723 1278 Si
1774 1223 1918 1277 enim

344 1317 633 1385 ingenitus,
664 1331 768 1370 non
796 1317 901 1371 erit
927 1316 1109 1370 illius:
1147 1326 1205 1371 et
1238 1317 1282 1371 si
1318 1318 1456 1369 tilius
1480 1354 1495 1379 ,
1527 1331 1632 1369 non
1686 1315 1793 1369 erit
1834 1314 1918 1368 in-

343 1411 577 1477 genitus.
614 1409 679 1464 At
708 1411 845 1478 quod
880 1425 1019 1463 unus
1060 1408 1148 1462 ille
1197 1421 1520 1462 cunetorum
1558 1406 1697 1460 Deus
1732 1406 1802 1460 sit
1836 1406 1918 1458 in-

1307 284 1649 346 APPENDIX
1685 282 1973 345 OPERUM
2015 283 2073 344 S.
2111 282 2355 343 BASlLll
2391 280 2627 344 MAGNI.

3506 288 3633 344 8ῑ5ι

2031 404 2121 456 τὸν
2172 403 2526 474 ὁμοιούμενον
2559 402 2593 474 ἦ
2629 402 3076 472 συγκρινόμενον.
3120 401 3309 465 Οὐδεὶς
3344 402 3402 455 δὲ
3434 401 3617 464 οὕτως

2019 496 2241 565 ἀνόητος
2263 497 2354 549 καὶ
2379 495 2515 566 πρὸς
2544 494 2798 548 ἀσέϐειαν
2818 495 3108 566 τολμηρὸς,
3138 494 3279 547 ὥστε
3296 496 3411 548 ἴσον
3432 498 3620 552 εἰπεῖν

2016 585 2095 656 τῷ
2136 588 2310 658 Πατρὶ
2353 588 2446 639 τὸν
2493 588 2651 650 Υίὸν,
2698 586 2865 639 αὐτοῦ
2906 586 2998 639 τοῦ
3050 586 3258 658 Κυρίου
3308 585 3621 659 διαρρήδην

2018 681 2300 744 εἰπόντος’
2360 681 2422 733 '0
2466 680 2669 749 Πατὴρ
2706 683 2738 734 ὁ
2786 680 3033 748 πέμψας
3084 696 3179 748 με,
3234 677 3444 747 μείζων
3486 694 3619 747 μου

2018 770 2190 825 ἐστίν
2229 772 2363 842 (21)·
2392 770 2427 845 ἢ
2460 772 2715 839 συζεῦξαι
2745 772 2957 842 θατέρῳ
2999 772 3105 825 τῶν
3140 771 3421 841 ὀνομάτων
3453 768 3620 823 θάτε-

2033 879 2143 934 ρον,
2167 863 2515 928 ἀνθέλκοντος
2539 864 2801 936 ἐκατέρου
2831 864 2965 931 πρὸς
2990 864 3170 928 ἑαυτὸ,
3208 863 3301 916 καὶ
3331 863 3457 933 μηδ’
3493 862 3618 915 ἑτέ-

2023 970 2115 1024 ρου
2164 956 2522 1025 προσιεμένου
2559 955 2658 1026 τὴν
2706 954 2843 1026 πρὸς
2891 954 3117 1025 θάτερον
3159 955 3470 1008 κοινωνίαν.
3506 956 3618 1006 "Av

2016 1063 2076 1097 τε
2110 1044 2218 1116 γὰρ
2249 1046 2564 1118 ἀγέννητος,
2579 1048 2678 1117 οὐχ
2698 1046 2833 1110 υἱύς’
2855 1046 2918 1100 ἄν
2943 1064 3000 1099 τε
3023 1048 3156 1109 υίὸς,
3171 1047 3269 1098 οὐκ
3288 1045 3613 1116 ἀγὲννητος.

2043 1136 2206 1188 Ἀλλά
2241 1137 2325 1189 ὅτι
2371 1138 2468 1207 μὲν
2504 1131 2586 1200 εἷς
2612 1139 2640 1189 ὁ
2666 1139 2775 1189 τῶν
2830 1137 3085 1190 ἁπάντων
3122 1132 3255 1193 Θεὸς
3314 1132 3618 1203 ἀγέννητος

2018 1225 2115 1277 καὶ
2147 1225 2500 1295 ἀσύγκριτος,
2545 1227 2808 1280 πλειόνων
2845 1226 3015 1280 ὄντων
3041 1226 3149 1279 τῶν
3174 1225 3619 1299 παραλελειμμέ-

2017 1333 2143 1379 νων,
2190 1318 2502 1389 ἀποχρῆναι
2528 1318 2772 1390 ἡγοῦμαι
2799 1317 2912 1389 (‘22)
2940 1317 3007 1371 τὰ
3030 1318 3264 1390 ρηθέντα
3297 1318 3433 1391 πρὸς
3469 1316 3618 1370 ἀπό-

2014 1407 2202 1474 δειξιν.

343 1502 555 1567 genitus
608 1509 663 1553 et
717 1498 1178 1568 incomparabilis,
1228 1497 1473 1565 pluribus
1525 1496 1745 1550 omissis
1797 1512 1917 1565 quae
1959 1498 2059 1551 diei
2095 1510 2357 1569 possent,
2385 1500 2633 1557 snlﬁcere
2664 1501 2778 1556 hmc
2817 1517 2937 1572 quae
3002 1500 3113 1569 jam
3181 1501 3321 1556 dicta
3350 1509 3499 1564 sunt,
3539 1500 3617 1555 ad

343 1589 859 1644 demonstrationem
889 1588 1168 1642 existimo.

413 1681 501 1735 12.
542 1679 693 1747 Quod
723 1689 905 1734 autem
942 1679 1109 1733 Filius
1143 1679 1215 1733 sit
1246 1693 1386 1733 unus
1415 1688 1472 1734 et
1505 1678 1698 1733 unicus
1757 1676 1907 1751 (uni«

2087 1678 2175 1731 ii.
2198 1678 2320 1731 Ὅτι
2341 1676 2397 1729 δὲ
2431 1677 2527 1730 καὶ
2547 1671 2628 1741 εἷς
2662 1677 2793 1742 Υἱὸς
2831 1677 3148 1750 (μονογενὴς
3166 1678 3317 1749 γὰρ),
3355 1678 3479 1749 ἐνῆν
3507 1677 3614 1748 μὲν

342 1773 552 1841 genitus
594 1772 737 1825 enim
785 1775 948 1839 est),
978 1771 1158 1826 allatis
1209 1770 1263 1825 in
1317 1771 1553 1826 medium
1598 1780 1913 1825 sanctorum

343 1865 584 1929 vocibus,
616 1864 815 1934 quibus
853 1872 964 1917 tum
1005 1862 1255 1933 genimen
1292 1872 1405 1914 tum
1437 1869 1746 1916 creaturam
1783 1875 1915 1929 pra:-

340 1958 546 2024 dicant,
577 1966 631 2012 et
674 1971 769 2026 per
798 1955 1017 2010 nomina
1061 1955 1428 2025 discrepantia
1462 1954 1717 2009 essentia:
1743 1955 1910 2008 etiam

341 2048 758 2117 discrepantiam
788 2046 1136 2101 manifestam
1169 2046 1379 2101 faciunt
1407 2065 1420 2101 :
1461 2060 1757 2116 possemus
1807 2044 1911 2099 ista

342 2139 550 2193 ratione
598 2140 745 2195 omni
796 2154 959 2210 porro
1005 2154 1138 2192 cura
1188 2149 1243 2192 et
1289 2138 1473 2191 labore
1526 2136 1912 2206 supersedere.

340 2229 535 2286 Verum
567 2242 794 2300 propter
824 2231 944 2285 illos
975 2230 1065 2299 qui
1102 2230 1243 2283 hanc
1277 2228 1682 2296 generationem
1713 2242 1911 2295 corpo-

339 2322 506 2379 ralem
535 2337 658 2378 esse
701 2322 1014 2391 Opinantur,
1054 2331 1108 2374 et
1160 2319 1680 2388 tequivdcationibus
1715 2318 1913 2387 impiu-

334 2428 489 2487 gunt,
518 2415 884 2470 necessarium
913 2413 1165 2468 fortasds
1193 2413 1339 2479 erit,
1373 2413 1539 2466 etiam
1569 2414 1633 2466 de
1663 2412 1749 2466 his
1777 2427 1912 2481 pau-

334 2508 414 2562 cis
445 2506 790 2575 breviterque
826 2506 1029 2560 dicere.
1065 2503 1304 2558 Dicimus
1332 2507 1514 2571 itaque
1549 2502 1749 2556 Filium
1783 2516 1906 2556 esse

333 2599 584 2667 genimen
606 2637 620 2661 ,
648 2595 801 2665 juxta
828 2596 1231 2664 Scripturarum
1256 2593 1558 2647 doctrinam
1583 2632 1599 2658 ,
1626 2609 1731 2646 non
1765 2593 1908 2645 aliud

335 2689 463 2759 quid
490 2690 783 2744 essentiam
828 2686 1204 2756 intelligendo,
1248 2684 1378 2737 item
1417 2684 1564 2738 aliud
1592 2684 1722 2753 quid
1754 2683 1901 2754 quod

334 2791 529 2852 prteter
560 2781 735 2850 ipsum
781 2778 1147 2850 signiﬁcetur;
1179 2779 1278 2831 sed
1306 2777 1454 2829 illum
1485 2790 1605 2830 esse
1639 2777 1777 2830 hanc
1808 2777 1906 2847 hy-

334 2873 600 2942 postasin,
640 2886 801 2940 quam
825 2885 1020 2924 nomen
1065 2869 1239 2938 ipsum
1273 2867 1565 2936 signiﬁcat,
1606 2867 1680 2921 ita
1711 2876 1768 2922 ut
1797 2883 1895 2937 ap-

333 2964 548 3033 pellatio
592 2962 694 3033 ipsi
742 2960 994 3016 essentne
1042 2961 1322 3013 veritatem
1368 2967 1598 3025 astruat,
1634 2958 1902 3027 siquidem

329 3057 562 3110 essentia
609 3069 712 3107 non
751 3052 930 3107 verius
973 3067 1135 3122 quam
1185 3051 1299 3120 ipsa
1344 3049 1707 3119 appellatione
1744 3065 1900 3104 mon-

2020 1766 2117 1829 τὰς
2148 1766 2254 1819 τῶν
2282 1766 2455 1833 ἁγίων
2486 1768 2672 1836 φωνὰς
2699 1767 3134 1840 παραθεμένους,
3162 1768 3226 1821 δι’
3255 1763 3329 1821 ὧν
3356 1767 3471 1820 υἱὸν
3510 1767 3616 1820 καὶ

2019 1860 2264 1929 γέννημα
2301 1859 2397 1911 καὶ
2445 1861 2657 1929 ποίημα
2692 1861 3146 1930 καταγγέλλουσι,
3178 1865 3298 1923 ταῖς
3338 1861 3445 1913 τῶν
3487 1860 3614 1911 tivo—

2022 1953 2205 2022 μάτων
2248 1952 2533 2021 διαφοραῖς
2583 1954 2678 2007 καὶ
2718 1954 2817 2025 τὴν
2867 1954 2968 2024 τῆς
3012 1954 3203 2015 οὐσίας
3248 1950 3613 2023 παραλλαγὴν

2017 2037 2452 2108 ἐμφανίσαντας,
2489 2041 2836 2113 ἀπηλλάχθαι
2894 2043 3173 2110 φροντίδος
3201 2041 3313 2113 (23)
3343 2043 3436 2095 καὶ
3461 2058 3614 2112 πρα-

2016 2132 2261 2202 γμάτων.
2300 2132 2397 2186 Διά
2448 2132 2506 2186 δὲ
2538 2135 2667 2196 τοὺς
2709 2136 3030 2206 σωματικὴν
3074 2136 3173 2207 τὴν
3204 2132 3454 2204 γέννησιν
3471 2136 3613 2186 ὑπο-

2014 2221 2411 2292 λαμϐάνοντας,
2459 2225 2554 2276 καὶ
2595 2226 2717 2287 ταῖς
2762 2225 3105 2295 ὁμωνυμίαις
3142 2225 3611 2296 προσπταίοντας,

2013 2314 2305 2381 ἀναγκαῖον
2342 2314 2472 2378 ἴσως
2502 2316 2595 2368 καὶ
2622 2317 2751 2387 περὶ
2775 2317 2981 2369 τούτων
3012 2317 3100 2370 διὰ
3123 2316 3366 2388 βραχέων
3403 2318 3605 2371 εἰπεῖν.

2013 2404 2268 2476 Γέννημα
2306 2406 2420 2475 (24)
2462 2407 2643 2460 τοίνυν
2680 2408 2771 2460 τὸν
2807 2408 2935 2461 Υἰόν
2979 2425 3157 2479 φαμεν
3196 2407 3336 2461 κατά
3360 2407 3459 2478 τὴν
3490 2406 3607 2458 τῶν

2012 2497 2244 2569 Γραφῶν
2287 2498 2659 2567 διδασκαλίαν,
2693 2501 2793 2570 ούχ
2821 2500 3009 2572 ἓτερον
3043 2501 3143 2572 μέν
3183 2518 3236 2553 τι
3274 2500 3373 2572 τὴν
3409 2500 3612 2553 οὐσίαν

2011 2591 2278 2655 νοοῦντες,
2315 2591 2501 2662 ἕτερον
2530 2592 2587 2645 δέ
2621 2609 2674 2645 τι
2706 2594 2834 2664 παρ’
2874 2593 3045 2663 αὐτὴν
3073 2593 3135 2645 τὸ
3161 2591 3566 2663 σημαινόμενον
3585 2628 3605 2655 ,

2010 2683 2123 2736 ἀλλ’
2156 2683 2323 2755 αὐτὴν
2343 2680 2598 2754 εἶναιτὴν
2630 2684 2929 2737 ὑπόστασιν
2951 2685 3016 2755 ἥν
3045 2684 3303 2754 σημαίνει
3336 2682 3603 2754 τοῦνομα,

2009 2774 2452 2845 ὲπαληθευούσης
2500 2778 2566 2846 τῇ
2614 2775 2773 2847 οὐσίᾳ
2805 2776 2901 2847 τῆς
2952 2775 3341 2848 προσηγορίας.
3375 2774 3602 2845 Ταύτην

2008 2865 2062 2919 δὲ
2106 2865 2216 2937 ('25)
2258 2867 2616 2936 γεγεννῆσθαι
2660 2868 2760 2937 μὲν
2799 2868 2898 2920 οὐκ
2949 2863 3113 2920 οὖσαν
3147 2867 3256 2936 πρὸ
3306 2867 3406 2936 τῆς
3463 2866 3602 2929 ἰδίας

2010 2957 2345 3023 συστάσεως,
2372 2953 2515 3011 εἶναι
2538 2958 2594 3011 δὲ
2628 2959 2981 3029 γεννηθεῖσαν
3008 2959 3112 3029 πρὸ
3128 2959 3367 3023 πάντων,
3401 2957 3605 3029 γνώμῃ

2006 3048 2100 3103 τοῦ
2136 3049 2269 3101 Θεοῦ
2311 3050 2405 3102 καὶ
2428 3050 2661 3121 Πατρός.

332 3160 554 3204 stratur.
602 3149 844 3203 Dicimus
897 3158 1076 3201 autem
1123 3162 1287 3216 porro
1348 3147 1489 3201 hanc
1535 3122 1896 3200 substantiam
1936 3147 2173 3214 genitam
2243 3160 2400 3210 esse,
2447 3161 2571 3199 cum
2641 3161 2748 3201 non
2793 3153 2941 3200 esset
2985 3155 3108 3197 ante
3157 3144 3431 3214 pr0priam
3461 3159 3598 3199 con-

330 3242 694 3305 stitutionem;
739 3248 1026 3309 postquam
1074 3254 1201 3294 vero
1232 3237 1411 3308 genita
1448 3237 1587 3304 fuit,
1615 3237 1893 3292 exstitisse
1935 3239 2078 3291 illam
2113 3248 2236 3290 ante
2267 3239 2449 3290 omnia
2474 3277 2490 3303 ,
2527 3238 2752 3291 decreto
2781 3236 2872 3289 Dei
2905 3245 2960 3289 et
3004 3235 3205 3290 Patris.

400 3333 490 3388 l5.
550 3331 608 3387 Si
662 3346 791 3387 vero
837 3332 999 3385 alicui
1048 3333 1153 3385 boe
1198 3331 1374 3399 ipsum
1417 3346 1553 3384 ausu
1608 3331 1898 3384 temerario
1928 3336 1974 3394 ο

330 3424 531 3479 dictum
560 3424 791 3487 videtur,
826 3423 1135 3477 consideret
1171 3422 1285 3491 ipse
1333 3438 1517 3476 secum
1540 3462 1555 3487 ,
1589 3429 1770 3475 utrum
1812 3437 1902 3476 ve-

331 3532 448 3570 rum
482 3515 586 3570 hoc
629 3515 700 3569 sit
746 3530 815 3569 an
858 3513 1076 3569 falsum.
1109 3514 1167 3567 Si
1220 3515 1402 3582 prius,
1437 3512 1703 3581 ejusmodi
1739 3529 1905 3569 ausus

327 3609 480 3677 culpa
506 3618 657 3661 caret
683 3607 901 3677 pr0prlio
931 3607 1090 3661 istius
1117 3605 1361 3659 hominis
1391 3603 1624 3672 judicio,
1657 3605 1902 3674 quando-

328 3701 543 3769 quidem
592 3700 724 3753 nihil
773 3714 952 3752 rerum
1000 3713 1289 3760 verarum,
1332 3697 1479 3765 quod
1528 3711 1630 3752 suo
1679 3697 1900 3766 quidem

330 3802 570 3859 tempore
612 3799 668 3843 et
712 3788 869 3844 modo
919 3790 1140 3857 dicitur,
1179 3788 1381 3842 habere
1434 3790 1649 3859 culpam
1699 3797 1903 3857 potest.

327 3882 419 3934 Sin
454 3895 582 3934 vero
628 3880 822 3934 falsum
860 3889 981 3944 est,
1019 3895 1233 3933 summa
1277 3879 1529 3948 profecto
1571 3881 1901 3934 necessitate

323 3972 449 4035 erit,
482 3979 539 4025 ut
564 3971 706 4040 quod
739 3970 843 4024 illis
869 3986 987 4039 qua:
1018 3971 1127 4025 dixi
1174 3972 1510 4025 contrarium
1547 3980 1630 4025 est
1656 4010 1675 4036 ,
1706 3986 1895 4025 verum

325 4069 592 4128 putemus.
628 4059 739 4113 lloc
776 4075 902 4114 vero
934 4070 1053 4125 est,
1104 4061 1298 4115 Filium
1334 4062 1575 4131 genitum
1617 4077 1736 4116 esse
1770 4078 1893 4116 cum

322 4162 477 4206 antea
519 4138 829 4216 exsisteret,
875 4152 926 4205 id
966 4152 1114 4220 quod
1164 4167 1269 4228 non
1325 4155 1502 4207 solum
1542 4152 1901 4208 absurditatis

322 4243 407 4298 rel
435 4242 813 4312 blasphemize,
847 4244 941 4297 sed
980 4243 1146 4297 etiam
1190 4258 1414 4297 summa:
1448 4258 1553 4297 non
1586 4253 1762 4313 potest
1789 4261 1899 4299 non

321 4349 443 4389 csse
467 4333 751 4389 fatuitatis.
787 4332 893 4387 Res
920 4333 1065 4386 enim
1094 4348 1214 4402 quae
1246 4343 1351 4398 est,
1369 4332 1519 4402 quid,
1539 4348 1741 4401 quaeso,
1760 4348 1897 4402 opus

322 4427 482 4481 habet
520 4427 901 4497 generatione,
944 4426 1044 4478 nisi
1090 4427 1157 4479 ad
1201 4424 1611 4478 similitudinem
1658 4426 1890 4494 alicujus

319 4519 543 4573 ulterius
569 4519 645 4572 rei
673 4517 1090 4572 transformetur
1116 4515 1273 4584 juxta
1306 4532 1490 4571 rerum
1521 4517 1887 4571 animatarum

320 4609 605 4664 naturam?
627 4608 756 4676 Quae
790 4610 1007 4677 quidem
1042 4622 1171 4661 vere
1202 4607 1319 4662 ﬁeri
1360 4608 1464 4662 dici
1509 4619 1739 4678 possunt
1768 4624 1890 4662 cmn

2076 3330 2160 3384 15.
2195 3331 2260 3383 Εἰ
2298 3330 2355 3382 δέ
2389 3346 2466 3400 τῳ
2499 3329 2647 3382 δοκεῖ
2674 3328 2949 3400 τολμηρὸν
2982 3323 3122 3381 εἶναι
3152 3327 3214 3380 τὸ
3249 3325 3435 3397 ῥηθὲν,
3469 3325 3599 3377 ἐπιδ

2007 3422 2301 3491 σκεψάσθω
2334 3422 2463 3493 παρ’
2493 3420 2674 3493 ἑαυτῷ
2701 3423 2928 3493 πότερον
2962 3421 3037 3484 ὼς
3063 3420 3259 3491 ἀληθὲς
3287 3420 3368 3482 ὃν,
3400 3419 3433 3491 ἢ
3460 3420 3580 3489 4,55-

2003 3515 2111 3579 δος.
2142 3517 2205 3568 Ei
2245 3516 2346 3586 μὲν
2373 3514 2483 3587 γὰρ
2518 3515 2580 3568 τὸ
2624 3515 2911 3587 πρότερον,
2966 3515 3285 3578 ἀνυπαίτιος
3333 3515 3367 3584 ὴ
3414 3514 3603 3584 τόλμαι

2004 3607 2145 3661 κατὰ
2176 3608 2273 3679 τὴν
2305 3607 2469 3660 αὐτοῦ
2502 3606 2705 3677 κρίσιν,
2758 3609 2987 3679 ἐπείπερ
3033 3607 3199 3679 μηδὲν
3231 3605 3335 3660 τῶν
3370 3606 3594 3674 ἀληθῶν

2003 3702 2062 3753 ὲν
2095 3698 2272 3771 καιρῷ
2299 3701 2392 3753 καὶ¹
2424 3700 2609 3770 μέτρῳ
2644 3699 2938 3770 λεγόμενον
2968 3700 3235 3753 ὑπαίτιον.
3272 3700 3336 3752 Εἰ
3364 3699 3423 3753 δὲ
3451 3699 3595 3769 ψεῦ-

2002 3794 2109 3856 δος,
2153 3794 2366 3862 ἀνάγκη
2407 3793 2578 3862 δήπου
2619 3795 2789 3856 πᾶσα,
2820 3793 3025 3846 τούτων
3047 3794 3356 3846 τούναντίον
3386 3792 3596 3863 ἀληθὲς

2003 3884 2271 3955 ἡγεῖσθαι.
2298 3884 2467 3937 Τοῦτο
2496 3884 2541 3936 δ’
2567 3885 2737 3949 ἐστὶν,
2780 3885 2909 3939 ὄντα
2932 3884 3289 3957 γεγεννῆσθαι
3315 3885 3407 3938 τὸν
3435 3886 3589 3941 Υἰόν.

2005 3977 2180 4047 Ὅπερ
2219 3977 2318 4029 οὐκ
2367 3977 2597 4040 ἀτοπίας
2632 3979 2794 4049 μόνον
2828 3978 2860 4049 ἢ
2894 3977 3274 4049 βλασφημίας,
3317 3979 3457 4033 ἀλλά
3492 3981 3592 4035 καὶ

2002 4068 2179 4139 πάσης
2210 4068 2460 4138 εὐηθείας
2489 4069 2794 4141 ὑπερϐολὴν
2823 4070 2890 4124 ἂν
2922 4070 3053 4141 ἔχοι.
3086 4070 3175 4142 Τῴ
3202 4072 3311 4143 γὰρ
3333 4072 3446 4125 ὄντι
3472 4072 3587 4144 (26)

1999 4157 2051 4210 τί
2075 4157 2155 4210 δεῖ
2176 4160 2456 4227 γενέσεως,
2482 4163 2529 4213 εί
2549 4162 2624 4232 μὴ
2647 4162 2782 4233 πρὸς
2799 4161 2985 4234 ἕτερον
3007 4181 3060 4217 τι
3088 4163 3598 4236 μεταρῤυθμίζοιτο

2000 4250 2140 4303 κατὰ
2166 4252 2263 4321 τὴν
2306 4252 2567 4323 ἐμψύχων
2600 4271 2657 4308 τε
2690 4256 2781 4307 καὶ
2826 4254 3050 4325 ἀψύχων
3084 4256 3353 4327 σωμάτων
3398 4256 3587 4326 φύσιν,

1999 4341 2141 4413 ἅπερ
2169 4341 2429 4409 γενέσθαι
2463 4343 2661 4411 λέγοιτ’
2692 4343 2757 4396 ἂν
2793 4343 3028 4415 ἀληθῶς,
3055 4345 3186 4399 ὄντα
3223 4346 3320 4416 μὲν
3349 4345 3385 4399 ᾶ
3412 4348 3585 4411 ἐστιν,

1996 4430 2096 4483 οὐκ
2119 4430 2247 4482 ὄντα
2277 4431 2333 4483 δὲ
2364 4430 2399 4484 ἃ.
2426 4431 2637 4500 γίνεται
2663 4452 2677 4500 ;
2711 4434 2849 4487 Οὔτε
2875 4434 2986 4505 γὰρ
3022 4436 3084 4488 τὸ
3118 4435 3339 4506 σπέρμα
3368 4434 3586 4507 ἄνθρωο

1998 4539 2117 4586 πος,
2153 4521 2277 4576 οὔτε
2306 4523 2451 4587 λίθος
2480 4521 2657 4589 οἶκος·
2692 4525 2901 4593 γίνεται
2929 4526 3008 4590 δὲ,
3048 4527 3109 4579 τὸ
3143 4527 3240 4598 μὲν
3274 4526 3592 4599 ἄνθρωπος,-

1996 4614 2056 4666 τὸ
2084 4612 2141 4667 δὲ
2177 4609 2342 4678 οἶκος.
2392 4617 2454 4668 Ei
2503 4616 2559 4669 δὲ
2605 4618 2811 4670 τούτων
2849 4619 3101 4682 ἕκαστον,
3147 4613 3230 4683 οἷς
3272 4620 3367 4673 καὶ
3406 4637 3588 4691 παρα-

317 4698 743 4767 exsistantquod
780 4707 934 4763 sunt,
994 4713 1099 4751 non
1136 4706 1323 4752 autem
1355 4698 1622 4751 exsistant
1656 4712 1719 4751 ea
1769 4714 1890 4769 qua!

2042 4704 2212 4758 ίλλειν
2234 4705 2331 4777 τὴν
2363 4706 2494 4759 Υἱοῦ
2529 4706 2745 4775 γένεσιν
2776 4709 2992 4762 πάντων
3037 4708 3449 4775 εὐσεϐέστατον,
3482 4713 3589 4764 οὐκ

320 4789 473 4843 ﬁunt.
508 4789 717 4843 Etenim
756 4790 997 4844 hominis
1045 4804 1234 4844 semen
1270 4805 1376 4843 non
1412 4789 1597 4845 statim
1647 4789 1763 4860 ipse
1804 4800 1893 4844 est

2042 4814 2120 4849 Ita.
2146 4798 2354 4866 γίνεται
2398 4800 2478 4869 (οὐ
2511 4800 2621 4872 γὰρ
2652 4803 2831 4855 ἐκεῖνο
2860 4802 3070 4871 γίνεται
3113 4803 3141 4856 ὃ
3172 4805 3438 4875 πρότερον
3466 4801 3580 4879 ἦν),

318 4880 500 4945 homo,
531 4896 707 4950 neque
730 4881 869 4951 lapis
905 4883 1095 4936 domus
1126 4901 1138 4936 :
1182 4885 1239 4935 tit
1273 4891 1455 4935 autem
1502 4882 1720 4936 tandem
1752 4883 1881 4937 illud

2042 4889 2151 4942 aiav
2184 4889 2394 4955 δέξεται
2437 4891 2581 4944 ἴασιν
2614 4893 2643 4944 ὁ
2675 4892 2765 4945 τὸν
2790 4894 2915 4946 Υίὸν
2941 4893 3071 4949 ὄντα
3096 4897 3456 4967 γεγεννῆσθαι
3491 4898 3583 4951 λέ-

315 4969 532 5040 quidem
580 4972 778 5037 homo,
839 4971 929 5025 hie
980 4987 1109 5026 vero
1161 4972 1373 5028 domus.
1427 4971 1483 5025 Si
1537 4987 1669 5026 vero
1726 4990 1888 5028 unum

2042 4996 2133 5046 nv;
2170 4981 2233 5033 Ei
2263 4983 2373 5053 γὰρ
2400 4983 2511 5053 (27)
2548 4986 2654 5056 πρὸ
2673 4986 2772 5056 τῆς
2806 4991 3115 5057 γεννήσεως
3146 4984 3237 5060 ἦν,
3284 4990 3585 5061 ἀγέννητος

316 5063 595 5132 quodlibet
620 5079 809 5119 eorum
839 5065 1035 5135 quibus
1064 5065 1359 5119 assimilari
1403 5064 1526 5119 Filii
1576 5067 1887 5134 generatio-
1989 5065 2077 5140 ἦν.

317 5173 438 5214 nem
466 5161 706 5216 omnium
736 5171 822 5216 est
852 5161 1186 5231 piissimum,
1214 5176 1338 5217 eum
1378 5177 1486 5216 non
1507 5162 1614 5218 sint
1643 5163 1841 5234 fprius,
1880 5168 2093 5220 tandem
2114 5180 2291 5222 tamen
2322 5170 2451 5238 quid
2484 5172 2617 5225 nant
2644 5171 2776 5241 (non
2801 5172 2942 5227 enim
2973 5173 3206 5229 tieridici
3237 5183 3417 5245 potest
3437 5177 3591 5245 quo-J-

387 5298 435 5330 ⁸⁸
473 5296 635 5354 Joan.
661 5314 772 5364 nv,
804 5301 896 5355 28.

384 5431 666 5506 (2i)_l‘luic
688 5434 831 5489 dicto
858 5434 1087 5491 Basilius
1105 5451 1229 5506 pag.
1260 5436 1386 5506 25d.
1409 5436 1631 5505 opponit
1651 5435 1886 5506 Philipp.

312 5518 374 5563 ιι,
398 5504 451 5567 6,
473 5504 858 5578 _Non_rapinam
886 5502 1287 5562 arbitratus'est
1316 5502 1459 5561 εἷναί
1484 5502 1576 5560 ἴσα
1608 5506 1748 5578 Θεῷ,
1779 5502 1887 5563 an

311 5574 567 5643 tequidem
591 5570 718 5643 Deo.

530 5639 697 5721 ἔδει),
726 5643 938 5721 p.255,
968 5646 1215 5721 ἀποχρῆν
1243 5645 1484 5721 ἡγοῦμαι
1515 5645 1632 5702 καί.

382 5709 494 5778 (23)
530 5709 755 5769 Basilius
776 5715 870 5770 lib.
901 5730 964 5784 tt,
1000 5732 1052 5785 ρ.
1078 5709 1208 5785 958,
1249 5709 1564 5787 ᾧροντίδων.

2060 5442 2172 5513 (ει)
2205 5442 2366 5513 Basil.
2404 5459 2457 5513 p.
2486 5444 2613 5508 242.
2645 5444 2773 5499 att.

2058 5508 2171 5583 (25)
2207 5512 2371 5583 Basil.
2487 5515 2592 5568 246
2619 5528 2674 5570 et
2700 5514 2831 5572 248.

2058 5581 2172 5651 (26)
2204 5581 2435 5638 Basilius
2467 5601 2585 5653 pag.
2618 5585 2747 5641 248.

2059 5653 2172 5724 p7)
2205 5653 2365 5709 Basil.
2397 5672 2450 5725 p.
2484 5655 2613 5710 sse.
