3802 6216
219 343 328 403 849

1297 352 1584 411 EUNOMII
1623 354 1826 410 LIBER
1865 355 2413 413 APCLOGETICUS.

3384 350 3491 407 850

216 479 376 523 antea
404 468 555 537 erat)
587 484 602 520 :
634 467 1177 539 cuiusmo.li,qna~so,
1204 472 1523 525 medicinam
1551 471 1819 531 admittet,
1861 476 1953 538 qut
1988 469 2205 536 Filium,
2233 486 2354 525 cum
2385 477 2511 524 ante
2550 468 2846 537 exstiterit,
2881 468 3011 524 dicit
3054 469 3295 540 genitum
3326 466 3488 525 esse?

218 560 278 616 Si
308 562 458 615 enint
489 571 615 616 ante
660 565 1062 628 generationem
1104 574 1258 628 erat,
1309 575 1428 620 erat
1472 568 1657 635 utique
1706 567 2003 637 ingenitus.

286 650 378 706 Η.
425 651 585 706 Ἀλλά
616 653 785 709 πάλαι
811 672 876 724 γε
899 655 1079 720 καλῶς
1115 656 1463 728 ὡμολόγηται
1495 658 1660 730 μηδὲν
1686 658 1805 712 ἓτε-
1834 664 1876 721 Α

216 760 310 816 ρον
331 743 628 815 ἀγέννητον
660 742 800 800 εἶναι
835 748 985 820 παρὰ
1018 748 1109 802 τὸν
1140 748 1292 806 Θεόν,
1324 751 1396 803 Ἢ
1427 751 1608 804 τοίνυν
1636 768 1799 823 μετα-

214 834 495 889 θέςθωσαν
523 836 624 905 τῆς
650 837 959 907 ὁμολογίας,
1000 838 1188 911 ἕτερον
1217 841 1530 908 εἰσάγοντες
1568 842 1801 912 ἀγέννη-

211 943 306 980 τον
331 943 344 957 ·
388 926 423 997 ἦ
465 927 677 992 τούτοις
719 930 1050 1000 ἐμμένοντες
1102 932 1576 1002 παραιτείςθωσαν
1622 932 1801 1000 λέγειν

210 1018 342 1073 ὄντα
362 1020 725 1089 γεγεννῆσθαι
758 1021 848 1074 τὸν
876 1022 1005 1076 Υίόν
1028 1038 1041 1051 ·
1074 1023 1195 1076 ἐπεὶ
1240 1024 1373 1095 μηδὲ
1408 1025 1798 1097 συγχωρείτοῦ

209 1110 330 1163 υἱοῦ
383 1111 480 1164 καὶ
526 1110 619 1164 τοῦ
669 1113 1011 1184 γεννήματος
1058 1116 1093 1186 ἡ
1145 1117 1490 1188 προσηγορία
1536 1117 1673 1190 πρὸς
1701 1118 1799 1191 τὴν

208 1201 528 1273 ἀγέννητον.
583 1205 742 1258 Πᾶσα
801 1205 909 1276 γὰρ
961 1205 1174 1274 γένοιτο
1210 1206 1471 1279 σύγχυσις
1520 1210 1799 1280 ὀνομάτων

206 1311 268 1348 τε
289 1295 387 1348 καὶ
432 1298 798 1367 πραγμάτων,
838 1300 968 1369 μιᾶς
1019 1299 1120 1368 μὲν
1156 1299 1353 1364 οὐσίας
1397 1300 1563 1370 οὑσης
1601 1318 1660 1354 τε
1702 1303 1798 1356 καὶ

206 1384 513 1457 λεγομένης
545 1388 877 1459 ἀγεννήτου,
926 1391 1361 1461 ὲπεισαγομένης
1412 1391 1470 1446 δὲ
1521 1392 1599 1462 τῷ
1654 1393 1797 1465 λόγῳ

205 1476 373 1529 πάλιν
403 1479 620 1548 ἑτέρας,
658 1475 776 1532 εἶτα
820 1481 1026 1552 ταύτης
1065 1484 1329 1554 γεννητῆς
1369 1483 1793 1554 ὀνομαζομένης,

208 1568 343 1622 Υξοῦ
366 1585 429 1622 τε
461 1570 538 1642 μὴ
565 1571 918 1643 γεννηθέντος
946 1576 1066 1627 κατ’
1098 1575 1319 1640 αὐτοὺς,
1346 1577 1441 1628 καὶ
1476 1576 1691 1648 Πατρδς
1723 1576 1795 1648 μὴ

203 1662 590 1731 γεννήσαντος,
623 1662 882 1734 ὀνόματα,
917 1665 1031 1734 εἴγε
1070 1667 1145 1738 μὴ
1190 1666 1474 1738 γεννηθεὶς
1520 1664 1609 1738 ἦν.
1649 1669 1795 1741 Πλὴν

201 1754 253 1804 εί
302 1753 377 1822 μή
422 1770 528 1816 τις,
568 1753 714 1809 κατά
756 1757 850 1810 τὸν
888 1757 1067 1825 λόγον,
1114 1758 1283 1812 κακὸν
1325 1758 1481 1830 κακῷ
1531 1759 1791 1826 ἰώμενος,

205 1842 418 1913 μείζονι
453 1843 515 1897 τὸ
559 1843 800 1909 ἔλαττον,
835 1847 1134 1921 αὐξητικὴν
1166 1850 1200 1920 ἢ
1242 1849 1644 1923 μεταϐλητικὴν
1670 1853 1791 1904 ἐπι-

200 1938 424 2006 νοήσειε
450 1936 688 2005 γένεσιν,
725 1940 863 2011 πρὸς
904 1941 1076 1994 ἅπασι
1102 1946 1213 2006 τοῖς
1238 1942 1423 2006 ἀλλοις
1455 1943 1584 2014 μήτ’
1619 1945 1793 1997 ἐκεῖνο

198 2025 386 2088 καλῶς
415 2006 794 2099 λογισάμενος..
835 2030 912 2094 ὡς
949 2030 1059 2099 εἴτε
1107 2032 1330 2098 αὐξάνοι
1378 2006 1469 2096 τι,“
1506 2006 1794 2109 προσθήκῃ
1828 2006 1845 2061 1

198 2118 349 2183 τινος
381 2119 493 2172 τῶν
529 2112 727 2186 ἔξωθεν
759 2123 1045 2195 αὐξήσειεν
1074 2124 1158 2180 ἄν.
1195 2125 1365 2179 Πόθεν
1398 2121 1491 2180 οὖν
1529 2127 1590 2179 τὸ
1619 2144 1790 2198 προσ·

197 2213 380 2278 τεθὲν,
428 2218 478 2268 εί
524 2216 598 2287 μὴ
643 2218 739 2271 καὶ
776 2217 962 2290 ἓτερον
1010 2219 1377 2291 ὑποθοίμεθα;
1415 2220 1575 2273 Ἀλλὰ
1611 2222 1660 2274 εί
1693 2220 1791 2291 μὲν

197 2306 381 2369 τοῦτο,
413 2306 586 2361 πολλά
604 2307 676 2362 τὰ
699 2308 830 2363 ὅντα
848 2312 940 2366 καὶ
970 2311 1244 2381 ἀγέννητα
1274 2312 1404 2365 ὄντα
1435 2315 1514 2375 εἰς
1543 2313 1794 2383 συμπλή-

199 2414 373 2468 ρωσιν
390 2398 511 2463 ἐνὸς
543 2401 777 2456 ἐπινοεῖν
805 2404 1121 2471 ἀναγκαῖον.
1155 2405 1219 2457 El
1248 2404 1293 2457 δ’
1316 2406 1380 2458 ἐκ
1409 2402 1505 2458 τοῦ
1539 2404 1613 2475 μὴ
1641 2404 1793 2467 ὄντος

198 2489 235 2550 ἡ
272 2486 529 2559 αὔξησις.
552 2491 779 2562 πότερον
807 2493 1029 2563 ἄμεινον
1050 2494 1331 2565 ὁμολογεῖν
1363 2495 1472 2547 πᾶν
1508 2493 1582 2565 μὴ
1610 2493 1668 2546 ὃν
1698 2510 1793 2561 γε·

196 2580 497 2651 γεννῆσθαι
555 2583 749 2655 γνώμῃ
795 2584 888 2638 τοῦ
946 2586 1387 2656 παραγαγόντος,
1445 2584 1479 2655 ἦ
1540 2584 1795 2661 σύνθετον

192 2671 381 2740 λέγειν
412 2671 514 2743 τὴν
539 2675 731 2728 οὐσίαν
759 2672 820 2741 ἐξ
838 2675 991 2740 ὄντος
1026 2678 1120 2731 καὶ
1156 2680 1230 2749 μὴ
1257 2677 1441 2742 ὅντος;
1479 2675 1606 2730 Είτε
1638 2692 1795 2746 μετα-

198 2764 439 2828 ϐάλοιτο,
479 2765 706 2834 μηδενὸς
722 2767 875 2832 ὄντος
891 2771 968 2833 εἰς
987 2770 1015 2822 ὃ
1039 2770 1427 2840 μεταϐληθείη,
1443 2771 1524 2833 είς
1549 2767 1609 2820 τὸ
1633 2768 1707 2838 μὴ
1729 2766 1788 2820 ὃν

195 2855 257 2919 ἐξ
287 2856 534 2928 ἀνάγκης
562 2859 1054 2931 μεταϐληθήσεται.
1075 2862 1183 2915 Καὶ
1212 2861 1326 2924 πῶς
1345 2861 1445 2914 οὐκ
1470 2859 1685 2931 εὔηθες,
1703 2859 1789 2911 ἵνα

197 2948 276 3019 μὴ
298 2947 547 3018 λέγωμεν
583 2951 798 3015 ἀσεϐὲς,
823 2953 883 3005 τὸ
914 2951 974 3006 ὃν
1001 2954 1081 3017 εἰς
1110 2953 1173 3005 τὸ
1206 2953 1280 3024 μὴ
1310 2951 1369 3006 ὃν
1402 2951 1788 3022 κεχωρηκέναι

194 3038 545 3107 λέγεινςδὲον
573 3042 880 3112 ἀφεμένους
896 3042 993 3117 τῆς
1019 3043 1259 3114 ἀμέτρου
1277 3041 1482 3112 ταύτης
1512 3040 1785 3111 εὐηθείας,

194 3134 501 3205 παρανοίας
520 3134 578 3188 δὲ
614 3135 836 3206 μᾶλλον,
860 3136 1152 3208 σωφρόνως
1183 3133 1590 3207 παραδέξασθαι
1618 3132 1786 3206 τάλησ-

194 3224 313 3287 θές.

1981 661 2070 715 14.
2112 662 2312 716 Verum
2359 670 2571 717 vetusta
2611 668 2758 715 recte
2802 657 2970 713 habet
3010 656 3296 724 confessio,
3343 663 3487 729 quod

1909 752 2043 806 nihil
2075 759 2269 822 printer
2312 752 2478 807 Deum
2523 752 2594 806 sit
2638 749 2954 819 ingenitum.
2982 747 3091 803 Aut
3134 749 3297 821 igitur
3338 767 3490 806 rece-

1902 844 2033 897 dant
2086 843 2155 896 ab
2193 843 2283 897 illa
2326 842 2705 904 confessione,
2742 849 2797 893 et
2848 839 2997 893 aliud
3041 838 3170 907 quid
3207 839 3487 909 proferant

1904 934 2047 1004 quod
2086 934 2251 1007 696
2278 934 2350 990 sit
2376 933 2704 1003 ingenitum;
2736 931 2820 986 vel
2860 932 2905 986 si
2945 930 3209 985 inhaerere
3249 930 3324 985 illi
3357 946 3486 986 sen-

1904 1027 2085 1081 tentia:
2115 1027 2319 1093 volent,
2354 1035 2584 1081 caveant
2616 1027 2669 1099 in
2722 1036 2997 1095 posterum
3033 1024 3105 1079 ita
3137 1024 3304 1095 loqui,
3340 1027 3482 1095 quod

1900 1118 2070 1174 Filius
2104 1135 2225 1175 cum
2262 1130 2420 1173 antea
2456 1119 2640 1184 fuerit,
2669 1119 2882 1188 genitus
2907 1118 3000 1181 sit,
3030 1118 3153 1187 quia
3178 1119 3271 1172 ﬁlii
3303 1128 3357 1174 et
3386 1134 3480 1189 ge-

1901 1211 2121 1267 niminis
2168 1213 2460 1281 appellatio
2523 1228 2627 1264 tton
2677 1211 2985 1280 ingreditur
3018 1226 3183 1264 unum
3233 1223 3288 1267 et
3337 1211 3478 1267 idem

1900 1304 2202 1375 anltjectum
2236 1320 2358 1359 cum
2387 1303 2754 1373 appellatione
2804 1303 3053 1373 ingeniti.
3086 1303 3306 1358 Summa
3333 1305 3478 1359 enim

1899 1407 1952 1452 et
1980 1408 2224 1452 extrema
2250 1395 2498 1451 confusio
2523 1398 2653 1450 oriri
2682 1404 2859 1462 potest
2885 1407 2993 1449 tant
3020 1396 3294 1450 nominum
3317 1412 3477 1467 quant

1902 1504 2083 1542 rerum
2108 1528 2123 1552 ,
2156 1489 2200 1542 si
2251 1505 2373 1544 cum
2407 1505 2514 1543 una
2557 1503 2748 1543 revera
2794 1490 2867 1543 sit
2901 1497 2956 1542 et
2998 1487 3212 1542 dicatur
3244 1489 3476 1542 essentia

1897 1580 2139 1647 ingenita
2161 1620 2174 1642 ,
2213 1581 2377 1635 verbo
2410 1590 2590 1634 autem
2620 1580 2725 1633 alia
2755 1588 2953 1649 praeter
2991 1579 3135 1632 illam
3164 1580 3480 1634 introducu—

1899 1680 2004 1734 tttr,
2037 1683 2335 1742 posteaque
2374 1673 2490 1726 hzcc
2519 1673 2702 1743 genita
2737 1672 3074 1736 nominetur,
3103 1670 3271 1728 Filius
3298 1681 3476 1727 autem

1897 1777 2001 1816 non
2042 1762 2115 1818 sit
2157 1763 2375 1832 genitus
2411 1760 2566 1829 juxta
2614 1762 2855 1829 ipsorum
2903 1761 3231 1816 sententiam
3257 1805 3271 1827 ,
3303 1776 3478 1831 neque.

1897 1852 2059 1908 Pater
2106 1853 2447 1925 generaverit
2498 1854 2716 1908 nomine
2766 1863 2944 1919 tenus,
2995 1854 3039 1908 si
3101 1854 3320 1925 quidem
3368 1868 3475 1907 non

1896 1945 2127 2001 exsistat
2156 1946 2368 2016 genitus
2398 1964 2412 1999 :
2462 1956 2823 2013 praeterquam
2857 1945 2960 1998 nisi
3000 1946 3143 2014 quis,
3175 1944 3327 2010 juxta
3375 1942 3477 1996 tri-

1846 2008 1868 2059 ³
1900 2046 2009 2090 ιιιιιι
2035 2051 2365 2098 sermoaem,
2397 2036 2597 2089 malum
2632 2037 2810 2089 minus
2849 2034 2996 2089 malo
3028 2049 3228 2089 curans
3261 2032 3471 2104 majori,

1894 2126 2285 2197 excogitaverit
2334 2126 2573 2195 aliquam
2623 2123 3025 2194 generationem
3051 2164 3066 2189 ,
3095 2138 3215 2193 quae
3256 2122 3350 2178 ﬂat
3379 2138 3475 2193 per

1895 2220 2429 2286 augmentationent,
2466 2228 2560 2272 aut
2610 2218 3139 2273 trattsntutationem.
3191 2217 3257 2271 Et
3300 2232 3473 2285 neque

1894 2311 1995 2364 hoc
2029 2309 2188 2363 modo
2228 2317 2428 2376 praeter
2458 2307 2638 2361 omnia
2679 2307 2781 2360 alia
2813 2308 2976 2377 pr‘obe
3008 2307 3425 2361 ratiocinaretur
3453 2320 3469 2358 :

1892 2412 2176 2470 prOpterca
2212 2400 2355 2468 quod
2400 2399 2443 2452 si
2496 2399 2626 2467 quid
2664 2408 3065 2466 augmentetur,
3099 2408 3322 2450 necesse
3365 2397 3469 2461 sit,

1893 2500 1951 2544 ut
1979 2491 2223 2544 attctario
2251 2490 2430 2559 aliquo
2454 2500 2685 2545 externo
2710 2498 3061 2559 augmentum
3090 2488 3290 2556 capiat.
3314 2486 3471 2541 Unde

1893 2583 2053 2653 igitur
2080 2582 2275 2650 poterit
2299 2596 2419 2635 esse
2461 2580 2548 2633 illa
2583 2580 2819 2644 additio,
2853 2581 2968 2634 sive
2998 2579 3049 2633 id
3073 2578 3217 2649 quod
3255 2578 3473 2646 apposi-

1892 2680 2003 2724 tum
2035 2682 2310 2732 censetur,
2342 2671 2443 2723 nisi
2480 2669 2684 2735 aliquid
2729 2669 2873 2723 aliud
2902 2671 3052 2737 prius
3083 2669 3307 2739 subjecti
3349 2668 3468 2722 loco

1890 2762 2197 2832 p0ttattttts?
2225 2759 2388 2829 Atqui
2421 2761 2465 2815 si
2493 2776 2581 2815 res
2610 2761 2682 2814 ita
2711 2776 2770 2814 se
2815 2760 2979 2814 habet
3006 2799 3021 2823 ,
3053 2773 3277 2813 necesse
3309 2759 3471 2812 fuerit

1889 2855 2201 2922 excogitare
2242 2854 2434 2915 multa,
2473 2868 2591 2921 quae
2618 2867 2774 2906 suum
2806 2866 2927 2906 esse
2956 2851 3007 2904 itt
3052 2859 3224 2904 semet
3263 2848 3466 2902 habent

1887 2955 1941 3001 et
1969 2946 2203 3015 ingenita
2233 2954 2392 3006 sunt,
2427 2953 2485 2996 ut
2514 2959 2680 2997 unum
2711 2943 2839 2997 illud
2865 2940 3105 3012 perfecte
3136 2940 3466 3011 compleant.

1887 3039 1982 3092 Sin
2012 3052 2140 3092 vero
2170 3044 2517 3104 augmentum
2550 3034 2679 3088 illud
2707 3034 2916 3089 accedit
2941 3048 3005 3088 ex
3033 3032 3210 3102 aliqua
3247 3047 3304 3087 re
3335 3047 3456 3100 quae

1888 3145 1992 3183 non
2023 3138 2134 3193 est,
2166 3137 2372 3190 utrum,
2405 3141 2609 3196 quaeso,
2632 3134 2852 3196 praestat
2880 3124 3124 3180 confiteri
3147 3164 3165 3189 ,
3208 3139 3275 3178 an
3325 3123 3468 3194 quod

1810 3217 1857 3279 C
1891 3237 1993 3275 non
2021 3222 2144 3283 fuit,
2174 3221 2222 3273 id
2254 3220 2399 3289 gigni
2436 3222 2656 3273 decreto
2687 3218 2831 3273 illius
2857 3219 2951 3288 qui
2985 3219 3037 3271 id
3064 3217 3358 3289 produxit,
3391 3230 3461 3268 an

192 3334 327 3373 Vero
350 3320 555 3387 dicere,
583 3323 876 3377 essentiam
902 3333 1157 3379 constare
1182 3338 1246 3377 ex
1277 3332 1401 3378 ente
1459 3330 1513 3376 et
1571 3335 1677 3373 non
1700 3329 1846 3386 ente,
1885 3332 1980 3373 seu
2018 3332 2086 3372 ex
2129 3330 2187 3368 re
2219 3315 2399 3383 aliqua
2432 3328 2549 3382 qua:
2593 3323 2678 3366 est
2721 3312 2802 3368 vel
2845 3312 2975 3377 fuit,
3019 3324 3075 3367 et
3112 3328 3218 3366 non
3243 3323 3327 3367 est
3368 3310 3452 3364 vel

195 3426 310 3464 non
356 3411 498 3467 fuit?
540 3415 707 3482 Siqne
739 3425 1152 3480 transntutatur,
1196 3415 1341 3469 nulla
1386 3430 1444 3469 re
1510 3415 1812 3468 cxsistcnte
1853 3411 1905 3463 itt
1970 3423 2130 3477 quam
2160 3407 2335 3476 possit
2361 3406 2750 3469 transmutari,
2787 3403 3240 3460 transmutahitur
3271 3418 3465 3459 neces-

191 3505 341 3561 sario
377 3505 430 3559 in
458 3505 511 3560 id
540 3506 681 3575 quod
707 3523 811 3562 nou
854 3517 959 3562 est.
999 3507 1068 3563 Et
1101 3510 1395 3578 quomodo,
1425 3522 1630 3576 qnmso,
1662 3520 1767 3557 uon
1808 3503 1881 3556 sit
1905 3501 2186 3565 stolidum,
2222 3514 2290 3554 ne
2348 3497 2595 3551 dicamus
2622 3497 2883 3565 impium,
2947 3496 3217 3551 aﬂirmare
3243 3497 3294 3551 id
3322 3498 3466 3567 quod

192 3609 307 3659 est,
331 3597 532 3651 abiisse
593 3597 648 3651 in
715 3597 916 3667 aliquid
978 3602 1122 3668 quod
1187 3616 1292 3655 non
1332 3598 1450 3653 cst?
1483 3599 1591 3651 lmo
1626 3610 1755 3648 vero
1788 3591 2118 3646 conveniens
2149 3602 2229 3646 est
2262 3598 2320 3644 ut
2355 3589 2520 3643 missa
2553 3598 2605 3641 et
2636 3589 2844 3657 ahjecta
2874 3589 3164 3644 immodica
3198 3589 3299 3644 hac
3325 3589 3465 3645 stul-

192 3693 313 3748 titia
352 3700 450 3743 aut
495 3691 674 3760 potius
718 3693 962 3758 insania,
1011 3694 1191 3748 debita
1228 3694 1488 3747 modestia
1529 3692 1581 3745 id
1622 3689 1762 3758 quod
1803 3701 1991 3740 verum
2025 3695 2112 3739 est
2148 3694 2487 3753 acceptetur.

268 3783 348 3838 l5,
393 3781 554 3836 Ἀλλά
582 3777 727 3838 οὑτοι
755 3784 853 3855 μὲν
873 3785 1096 3849 ταύταις
1126 3786 1220 3839 καὶ
1238 3784 1415 3856 πολλῷ
1433 3783 1643 3837 πλείοσι
1663 3779 1777 3834 τού-

185 3893 300 3930 των
330 3874 582 3938 ἀτοπίαις
618 3874 771 3939 ὄντες
802 3876 1046 3931 ὑπόδικοι
1084 3876 1344 3949 λελήθασί
1378 3894 1519 3948 σφας
1554 3874 1773 3937 αὐτοὺς,

185 3968 291 4037 οὑχ
323 3967 474 4037 ἡμᾶς
500 3966 707 4037 τόλμης
748 3966 999 4032 εὐθύναις
1036 3969 1263 4032 δικαίως
1298 3970 1621 4038 ὑπάγοντες,
1657 3965 1774 4019 ἀλλ’

186 4058 423 4120 δαυτοὺς
447 4056 704 4121 ἀσεϐείας
728 4059 897 4131 ὲγκλή
910 4076 1096 4130 μασιν.
1132 4062 1324 4133 Ἡμεῖς
1348 4060 1405 4113 δὲ
1437 4064 1549 4125 τοῖς
1584 4061 1688 4114 ὑπό
1713 4076 1774 4112 τε

182 4144 298 4197 τῶν
328 4147 502 4214 ἁγίων
525 4146 691 4200 πάλαι
713 4148 845 4219 (28),
887 4130 982 4202 καὶ
1013 4148 1108 4202 νῦν
1144 4130 1236 4219 ἀφ’
1262 4130 1303 4222 ἢ
1303 4150 1418 4221 μῶν
1443 4150 1621 4204 αὐτῶν
1639 4152 1775 4203 ἀπο-

182 4234 555 4307 δεδειγμένοις
602 4238 952 4309 ὲμμένοντες.
993 4242 1132 4311 μήτε
1161 4242 1262 4311 τῆς
1291 4243 1479 4305 οὐσίας
1504 4242 1597 4296 τοῦ
1643 4241 1779 4295 Θεοῦ

184 4329 559 4400 προσιεμένης
597 4331 872 4402 γέννησιν,
905 4333 981 4395 ὼς
1018 4333 1336 4404 ἀγεννήτου,
1386 4336 1524 4406 μήτε
1554 4334 1780 4389 διάστα-

185 4437 272 4474 σιν
304 4423 337 4492 ῆ
366 4423 633 4494 μερισμὸν
665 4424 741 4488 ὡς
775 4423 1075 4496 ἀφθάρτου,
1108 4427 1246 4497 μήτε
1278 4427 1385 4498 μὴν
1416 4427 1610 4496 ἑτέρας
1635 4426 1781 4491 τινὸς

184 4512 553 4586 ὑποκειμένης
568 4518 647 4579 εἰς
660 4516 788 4569 Υίοῦ
802 4517 1073 4588 γέννησιν,
1096 4517 1169 4589 μὴ
1188 4519 1317 4571 ὄντα
1329 4519 1506 4588 φαμὲν
1528 4521 1779 4591 γεγεννῆ-

183 4602 313 4656 σθαι
339 4604 431 4657 τὸν
460 4605 607 4660 Υλίόν.
640 4607 715 4660 Οὐ
747 4607 1159 4681 κοινοποιούμεν
1181 4609 1291 4679 (29)
1327 4610 1448 4667 οὐδὲ
1480 4610 1574 4663 τοῦ
1606 4613 1770 4667 Move-

179 4693 375 4764 γενοῦς
407 4695 506 4766 τὴν
538 4698 726 4750 οὐσίαν
763 4700 900 4769 πρὸς
936 4700 1003 4753 τὰ
1048 4703 1112 4753 ὲκ
1142 4700 1217 4773 μὴ
1250 4701 1418 4755 ὄντων
1464 4702 1765 4774 γενόμενα,

180 4786 417 4858 ἐπείπερ
435 4788 536 4841 οὐκ
564 4788 721 4842 οὐσία
751 4790 811 4842 τὸ
845 4790 921 4861 μὴ
975 4791 1054 4845 ὅν.
1092 4792 1169 4864 Τῇ
1226 4793 1283 4846 δὲ
1316 4794 1409 4847 τοῦ
1442 4796 1767 4867 ποιήσαντος

182 4876 382 4950 γνώμῃ
404 4877 503 4949 τὴν
528 4878 790 4951 διαφορὰν
810 4884 922 4947 τοῖς
954 4884 1118 4937 πᾶσιν
1150 4884 1475 4956 ὁριζόμενοι,
1499 4887 1766 4959 τοσαύτην

178 4965 332 5037 αὐτῷ
364 4966 598 5038 νέμομεν
633 4970 926 5043 ὑπεροχὴν,
980 4974 1113 5045 ὅσην
1138 4974 1282 5044 ἔχειν
1324 4978 1621 5045 ἀναγκαῖον
1658 4980 1766 5031 τῶν

182 5053 330 5107 ίδίων
356 5058 694 5126 Δνιτοιημὸιτων
722 5059 815 5112 τὸν
858 5064 1108 5133 ποιητήν.
1141 5065 1324 5118 Πάντα
1354 5067 1463 5137 γὰρ
1499 5067 1566 5120 δι’
1599 5068 1763 5122 αὐτοῦ

176 5145 541 5217 γεγεννῆσθαι
570 5150 711 5203 κατά
741 5152 831 5203 τὸν
868 5155 1139 5225 μακάριον
1172 5158 1425 5229 Ἰωάννην
1468 5160 1752 5229 ὁμολογοῦ-

178 5254 302 5306 μεν,
341 5241 906 5315 συναπογεννηθείσης
934 5245 1139 5300 ἄνωθεν
1174 5249 1322 5321 αὐτῷ
1357 5251 1459 5321 τῆς
1500 5252 1763 5325 δημιουρ-

172 5327 343 5398 γικῆς
378 5328 663 5401 δυνάμεως
683 5372 696 5396 ,
742 5332 874 5387 ὥστ’
908 5331 1049 5389 εἶναι
1082 5338 1216 5392 Θεὸν
1247 5342 1509 5413 μονογενῆ
1551 5344 1766 5399 πάντων

170 5415 286 5471 τῶν
320 5421 440 5489 μετ’
464 5420 627 5474 αὑτὸν
661 5423 891 5477 καὶτῶν
921 5425 988 5478 δι’
1014 5428 1181 5482 αὑτοῦ
1221 5433 1548 5502 γενομένων.
1589 5434 1766 5499 Μόνος

169 5506 284 5581 γὰρ
306 5509 374 5579 τῇ
412 5507 509 5561 τοῦ
535 5510 801 5582 ἀγενήτου
827 5513 1053 5584 δυνάμει
1079 5516 1359 5588 γεννηθεὶς
1386 5522 1478 5574 καὶ
1502 5522 1761 5590 κτισθεὶς,

251 5644 300 5677 ⁸⁷
339 5645 496 5701 Joztn.
527 5665 565 5716 I,
587 5649 642 5704 5.

246 5804 362 5871 (Ξδ)
398 5806 629 5863 Basilius
656 5822 776 5877 pag.
810 5807 936 5874 9.53,
972 5808 1066 5862 καὶ
1097 5808 1285 5866 πάλαι.

1955 3778 2045 3832 l5.
2092 3775 2292 3831 Verum
2320 3777 2373 3829 hi
2414 3775 2661 3829 homines
2689 3790 2793 3829 non
2828 3775 3191 3830 videnthisre
3217 3786 3271 3831 et
3304 3776 3464 3846 longe

1882 3869 2127 3939 pluribus
2172 3868 2605 3923 absurditatibtts
2649 3883 2772 3922 esse
2824 3882 2885 3923 se
2934 3867 3243 3933 obnoxios,
3288 3884 3463 3938 neque

1884 3977 1981 4015 nos
2008 3960 2155 4030 juste
2190 3962 2243 4014 in
2274 3959 2478 4014 crimen
2512 3959 2755 4014 audacia:
2780 3975 2845 4014 ac
2874 3960 3316 4029 praesumptionis
3347 3976 3461 4016 me-

1885 4054 1992 4108 rito
2019 4055 2311 4118 abducere,
2346 4053 2439 4107 sed
2471 4053 2619 4119 ipsos
2643 4060 2818 4106 semet
2849 4051 3144 4120 impietatis
3173 4067 3460 4109 accusare.

1888 4145 1998 4201 Nos
2034 4161 2160 4201 vero
2194 4146 2247 4199 in
2290 4145 2375 4199 his
2418 4160 2541 4213 qua:
2586 4144 2714 4199 olim
2754 4159 2783 4197 a
2823 4148 3031 4200 sanctis
3072 4144 3356 4206 Patribus,
3408 4155 3463 4199 et

1885 4252 2028 4293 nunc
2062 4251 2093 4291 a
2128 4237 2284 4291 ttobis
2316 4236 2715 4299 demonstrata,
2763 4252 3146 4306 permanemus
3182 4256 3197 4292 :
3237 4247 3293 4294 et
3334 4253 3460 4292 cum

1880 4346 2057 4400 neque
2089 4328 2327 4384 essentia
2372 4327 2466 4382 Dei
2505 4328 2760 4383 admittat
2798 4331 3230 4398 generationem,
3270 4338 3459 4398 utpote

1877 4438 1997 4491 qua:
2022 4430 2105 4475 est
2149 4418 2385 4490 ingenita
2408 4459 2423 4482 ,
2471 4434 2647 4488 neque
2691 4419 3008 4472 distantiam
3031 4462 3047 4484 ,
3080 4429 3173 4473 aut
3206 4420 3458 4489 partitio-

1879 4527 2025 4575 nem,
2063 4510 2329 4583 siquidem
2372 4518 2457 4563 est
2503 4510 2983 4579 incorruptibilis;
3025 4526 3261 4579 cumque
3307 4510 3456 4566 nulla

1809 4585 1855 4643 ο
1881 4604 1983 4659 alia
2017 4603 2133 4657 dari
2167 4604 2339 4672 possit
2371 4602 2438 4656 ad
2472 4602 2593 4657 Filii
2626 4602 3055 4672 generationem,
3107 4602 3339 4657 dicimus
3363 4602 3458 4658 Fi-

1877 4697 2004 4751 lium
2035 4698 2272 4766 genitum
2317 4711 2437 4750 esse
2465 4712 2588 4749 cum
2637 4704 2798 4748 antea
2838 4709 2943 4748 non
2985 4696 3311 4759 exsisteret;
3351 4710 3458 4748 non

1875 4790 2019 4857 quod
2043 4803 2385 4842 communem
2412 4787 2676 4841 faciamus
2697 4787 2996 4841 essentiam
3026 4784 3298 4856 Unigeniti
3330 4801 3453 4841 cum

1876 4881 1976 4942 iis,
2007 4895 2128 4951 quae
2164 4878 2235 4935 de
2282 4880 2450 4934 nihilo
2501 4879 2643 4934 facta
2699 4888 2827 4933 sunt
2859 4878 3160 4950 (siquidem
3216 4894 3323 4933 non
3374 4888 3459 4933 est

1874 4971 2111 5027 essentia
2145 4971 2196 5024 id
2242 4969 2383 5038 qttod
2416 4983 2522 5023 non
2563 4976 2721 5038 est),
2761 4970 2857 5024 sed
2907 4970 3024 5037 ejus
3053 4970 3145 5039 qtti
3189 4968 3321 5023 fecit
3363 4971 3458 5022 de-

1878 5074 2028 5118 creto
2085 5077 2182 5117 seu
2238 5064 2542 5127 sententia,
2597 5063 2725 5116 dttnt
2784 5060 3149 5118 diﬂ‘erentiam
3198 5063 3457 5118 omnibus

1882 5158 2043 5212 rebus
2090 5157 2366 5211 definitam
2398 5157 2761 5227 assignamus,
2798 5158 2901 5227 ipsi
2934 5168 3140 5212 tantam
3184 5171 3295 5227 pra:
3329 5156 3453 5210 aliis

1876 5247 2128 5301 omnibus
2167 5246 2552 5300 excellentiam
2590 5247 2904 5311 tribuimus,
2941 5258 3200 5317 quantam
3229 5247 3449 5317 quidem

1875 5338 2123 5404 Opiﬁcctn
2156 5338 2355 5392 habere
2381 5354 2605 5395 necesse
2635 5351 2719 5394 est
2749 5354 2861 5409 pra:
2896 5340 3132 5409 propriis
3162 5355 3283 5409 qua:
3323 5339 3452 5393 fecit

1872 5430 2146 5501 operibus.
2200 5430 2413 5485 Etenim
2451 5432 2634 5487 omnia
2687 5448 2785 5502 per
2836 5433 3014 5503 ipsum
3064 5431 3207 5489 iacta
3255 5447 3377 5487 esse
3402 5431 3448 5463 ⁸⁷

1869 5525 2165 5580 secundum
2217 5525 2433 5577 beatum
2464 5521 2730 5580 Joannem
2766 5524 3113 5591 conﬁtemur,
3161 5523 3447 5595 congcnita

1936 5815 2047 5886 (29)
2078 5816 2238 5875 Basil.
2267 5835 2385 5889 pag.
2419 5822 2550 5905 235.
2628 5843 2637 5852 ο
