3802 6216
182 284 277 342 853

1222 287 1509 347 EUNOMII
1549 289 1753 347 LIBER
1785 291 2331 363 Αροιοςετιουε,

3308 296 3413 355 εει

185 400 472 473 ἀπροσδεὴς
513 398 590 455 ὢν
627 401 724 455 καὶ
750 400 994 466 δυνατός·
1023 401 1306 472 ἀλόγιστος
1339 406 1685 461 παντάπασιν
1707 409 1741 478 ὴ

1871 409 1984 464 eria
2031 409 2274 481 indiget,
2328 420 2514 481 utpote
2551 413 2642 477 qui
2679 412 2824 469 nulla
2870 398 2937 473 re
2970 426 3109 483 opus
3139 402 3332 483 habet,
3361 429 3418 477 et

184 491 269 549 τοῦ
320 492 616 564 κτίσματος
645 493 997 565 παραίτησις.
1040 494 1137 548 Ἐκ
1189 494 1255 567 δὴ
1280 496 1487 551 τούτων
1519 499 1744 554 καὶτῶν

184 586 423 642 τοιούτων
455 586 840 656 δεικνυμένους
863 587 1076 658 (ἐχρῆν)
1110 590 1249 659 μήτε
1272 590 1449 663 πάντη
1493 594 1608 658 τοῖς
1633 592 1748 646 ὀνό-

1853 511 2046 569 potens
2075 512 2158 557 est
2190 520 2204 557 :
2247 504 2467 558 omnino
2501 505 2763 561 rationem
2817 505 3016 561 nullam
3051 506 3242 570 habet.
3273 509 3419 579 quod

1852 591 2047 647 Filiunt
2077 602 2384 648 creaturam
2420 595 2526 650 diei
2560 596 2766 652 nolunt.
2798 597 2876 652 Ex
2910 599 2996 653 his
3026 614 3160 655 sane
3186 608 3242 656 et
3273 603 3420 670 ejus-

187 696 307 752 μασι
344 677 721 750 συνεξομοιοῦν
768 678 1064 750 πειρᾶσθαι
1096 678 1196 743 τὰς
1250 683 1551 752 σημασίας,
1606 683 1747 754 μήτε

1869 681 1994 736 nodi
2057 684 2181 739 aliis
2229 699 2351 739 cum
2410 685 2755 741 manifestum
2807 688 2914 753 sit,
2968 688 3077 744 imo
3120 690 3419 747 adversarii

187 773 282 844 μὴν
310 774 702 844 παραλλάττειν
724 772 1195 844 παρηλλαγμένων
1213 789 1228 804 ·
1261 778 1383 839 ταῖς
1402 776 1459 829 δὲ
1478 775 1586 829 τῶν
1619 777 1751 830 ὐπο-

185 864 434 935 κειμένων
462 865 694 929 ἐννοίαις
716 868 1104 939 προσέχοντας,
1136 866 1444 932 ἀκολούθως
1477 870 1751 940 ἐφαρμότ-

182 973 285 1010 τειν
309 956 405 1019 τὰς
421 952 814 1029 προσηγορίας,
844 959 967 1012 ἐπεὶ
991 958 1126 1030 μηδὲ
1142 961 1264 1023 ταῖς
1277 962 1480 1029 φωναῖς
1509 960 1750 1029 πέφυκεν

186 1047 482 1104 ἀκνλουθεῖν
539 1050 649 1103 τῶν
695 1051 1036 1122 πραγμάτων
1068 1054 1100 1122 ἡ
1133 1050 1319 1120 φύσις,
1375 1055 1486 1116 τοῖς
1517 1052 1575 1104 δὲ
1607 1054 1750 1125 πρά-

187 1153 375 1207 γμασιν
403 1138 810 1210 ὲφαρμόζεσθαι
832 1140 976 1193 κατά
995 1140 1094 1212 τὴν
1119 1139 1273 1204 ἀξίαν
1291 1144 1324 1212 ἡ
1348 1140 1455 1194 τῶν
1474 1142 1751 1212 ὀνομάτων

115 1237 121 1245 ’
185 1228 417 1302 δύναμις.
447 1230 886 1302 Καταμέμψαιτο
917 1230 963 1284 δ’
995 1230 1060 1285 ἄν
1092 1249 1177 1296 τις
1211 1233 1310 1303 οὐχ
1326 1228 1486 1303 ἦττον
1507 1235 1602 1286 καὶ
1628 1234 1753 1297 τοὺς

188 1320 416 1392 γέννημα
451 1322 554 1392 μὲν
580 1323 676 1376 καὶ
708 1322 920 1394 ποίημα
945 1321 1037 1376 τὸν
1066 1323 1194 1376 Υἱὺν
1216 1319 1355 1377 εἶναι
1377 1323 1749 1393 πειθομένους,

187 1412 469 1483 ἀγέννητόν
505 1429 566 1466 τε
595 1414 691 1467 καὶ
719 1413 973 1468 ἄκτιστον
1023 1414 1115 1467 τὸν
1146 1414 1278 1468 Θεὸν
1310 1413 1751 1486 συντιθεμένους,

187 1508 245 1576 τῇ
284 1505 337 1558 δὲ
379 1505 487 1559 τῶν
525 1505 794 1577 δευτέρων
830 1506 1138 1582 προσθήκῃ,
1174 1508 1270 1561 καὶ
1314 1507 1380 1579 τῇ
1423 1511 1543 1562 κατ’
1567 1508 1753 1562 οὐσίαν

188 1597 449 1668 ὁμοιότητι
488 1601 611 1660 ταῖς
649 1597 1053 1670 προλαϐούσαις
1074 1600 1387 1671 ὁμολογίαις
1414 1601 1755 1671 ἐναντιουμέ-

1850 773 2059 828 oculari
2082 775 2237 845 quasi
2262 777 2726 834 demonstratione
2756 779 3072 847 doceantur,
3105 796 3210 837 non
3240 782 3421 839 ubivis

1853 864 2278 933 significationes
2307 869 2490 923 verbis
2524 884 2645 924 esse
2673 872 3034 941 coaequandas
3054 914 3070 940 ,
3108 887 3285 942 neque
3335 872 3421 927 al-

1824 955 2149 1035 iteruandas
2181 969 2303 1011 esse
2333 972 2417 1013 res
2439 974 2534 1013 sua
2562 968 2754 1014 natura
2781 960 3125 1017 differentes:
3155 961 3421 1030 subjectis

1853 1054 2034 1100 autem
2063 1047 2225 1100 rebus
2253 1057 2502 1103 accurata
2524 1049 2955 1106 consideratione
2976 1052 3215 1107 adhibita
3240 1062 3424 1121 aptas,

1857 1139 2252 1194 convenientes
2280 1150 2333 1193 et
2366 1142 2613 1211 proprias
2644 1142 3066 1213 signiﬁcationes
3102 1159 3223 1199 esse
3252 1145 3425 1215 appli-

1856 1230 2101 1284 candas:
2152 1231 2417 1301 siquidem
2465 1243 2661 1287 natura
2702 1249 2884 1289 rerum
2932 1250 3040 1291 non
3091 1236 3235 1307 ipsas
3266 1236 3423 1306 sequi

1858 1337 2024 1378 voces
2057 1323 2216 1386 solet,
2246 1325 2340 1379 sed
2375 1340 2597 1381 necesse
2620 1336 2704 1381 est
2731 1336 2790 1381 ut
2821 1343 3014 1382 vocum
3037 1329 3189 1385 valor
3212 1340 3335 1399 apte
3370 1337 3427 1385 et

1860 1415 2246 1469 convenienter
2294 1415 2454 1471 rebus
2497 1417 2736 1472 indatur.
2782 1418 3094 1488 Culpaverit
3136 1435 3267 1475 sane
3303 1421 3428 1491 quis

1862 1521 1968 1560 non
2015 1520 2208 1575 parum
2255 1508 2419 1561 etiam
2449 1522 2544 1563 eos
2566 1549 2581 1573 ,
2612 1510 2706 1581 qui
2739 1511 2956 1580 quidem
2990 1511 3184 1566 Filium
3232 1527 3428 1583 proge-

1859 1598 2002 1653 niem
2055 1607 2112 1653 et
2164 1598 2434 1654 facturam
2488 1615 2608 1655 esse
2653 1601 2901 1670 persuasi
2950 1611 3110 1669 sunt,
3160 1603 3430 1671 simulque

189 1705 319 1752 νους.
360 1690 470 1758 (55)
502 1688 613 1753 Οὓς
640 1691 827 1764 ἐχρῆν,
859 1693 907 1745 εἰ
945 1692 1044 1763 μέν
1074 1709 1160 1756 τις
1197 1688 1265 1764 ἦν
1288 1693 1472 1758 αὐτοῖς
1497 1694 1756 1766 ἀληθείας

1869 1684 2158 1755 ingenitum
2191 1694 2248 1741 et
2275 1688 2574 1742 increatnm
2610 1687 2780 1744 Deum
2810 1690 3078 1758 fatentur;
3112 1708 3299 1748 verum
3328 1707 3429 1762 po—

190 1782 413 1853 φροντὶς,
434 1782 907 1854 παρηλλαγμένων
923 1784 1031 1838 τῶν
1054 1785 1355 1856 ὀνομάτων,
1374 1803 1449 1839 πα
1456 1786 1661 1858 ρηλλαγ
1670 1786 1755 1858 μέ-

190 1888 275 1935 νας
311 1872 594 1943 ὁμολογεῖν
627 1873 722 1926 καὶ
765 1873 865 1938 τὰς
911 1875 1119 1939 οὐσίας.
1155 1870 1232 1928 Ἦ
1256 1876 1365 1948 γὰρ
1394 1876 1459 1930 ἂν
1487 1876 1630 1931 οὐτω
1661 1878 1757 1931 καὶ

193 1962 353 2032 μόνως
383 1964 484 2035 τὴν
508 1963 727 2017 δικαίαν
744 1964 1042 2033 ἐφύλαττον
1075 1965 1249 2033 τάξιν,
1287 1967 1525 2038 ἑκατέρᾳ
1555 1967 1757 2020 τούτων

192 2054 277 2125 τὴν
309 2056 697 2126 προσήκουσαν
736 2056 1078 2121 ἀποδιδόντες
1114 2058 1428 2128 ὁμολογίαν.
1477 2059 1541 2117 El
1589 2058 1648 2110 δὲ
1682 2057 1756 2130 μὴ

193 2144 376 2216 ταύτης
402 2146 687 2200 ποιοῦνταί
710 2164 831 2201 τινα
862 2148 1037 2217 λόγον,
1068 2150 1168 2220 τῆς
1198 2149 1329 2219 γοῦν
1359 2151 1496 2215 ίδίας
1518 2150 1759 2216 ἐπινοίας

194 2234 409 2304 φυλάξαι
447 2237 551 2309 τὴν
584 2238 931 2305 ἀκολουθίαν,
958 2240 1053 2293 καὶ
1090 2239 1164 2311 μὴ
1201 2241 1302 2307 τῆς
1338 2242 1512 2312 αὐτῆς
1545 2242 1760 2311 φύσεως

195 2325 664 2397 παραχωροῦντας,
691 2327 1004 2399 ἀλλοτριοῦν
1037 2330 1137 2400 τῆς
1182 2330 1533 2401 ἁρμοζούσης
1561 2332 1759 2403 ὀνομα-

195 2412 322 2478 σίας,
349 2414 812 2486 ἀποδεδειγμένου
853 2416 943 2469 διὰ
999 2417 1215 2471 πάντων
1246 2419 1379 2487 ἡμῖν
1416 2418 1526 2471 τῶν
1559 2418 1761 2490 πρόλα-

195 2502 379 2559 δόντων
399 2506 585 2560 αὐτῶν
608 2502 749 2560 εἶναι
770 2506 881 2561 τῶν
902 2507 1099 2561 οὐσιῶν
1118 2509 1457 2582 σημαντικὰς
1478 2510 1576 2574 τὰς
1598 2527 1767 2582 προσ-

196 2595 422 2669 ηγσρίας.

1858 1781 2147 1834 steriormn
2184 1779 2546 1835 assertionum
2603 1785 2913 1839 accessione
2964 1793 3020 1839 et
3060 1784 3434 1854 exaequatione

1856 1867 1945 1922 illa
1972 1884 2135 1939 quam
2166 1869 2374 1924 faciunt
2417 1872 2626 1927 ratione
2654 1874 2903 1928 essentia:
2923 1915 2938 1939 ,
2968 1875 3118 1930 hisce
3141 1877 3255 1931 suis
3282 1877 3435 1946 prio-

1861 1960 2014 2015 ribus
2079 1960 2516 2015 confessionibus
2571 1964 2976 2021 contradicunt.
3040 1964 3189 2032 Quos
3247 1968 3433 2038 utique

1863 2051 2120 2117 deceret,
2170 2054 2215 2107 si
2266 2068 2371 2123 qua
2417 2055 2665 2110 veritatis
2714 2070 2843 2110 cura
2895 2066 3261 2127 moverentur,
3306 2075 3431 2114 cum

1866 2141 2079 2196 diversa
2121 2143 2231 2197 sint
2259 2145 2496 2211 nomina,
2532 2146 2776 2202 diversas
2807 2148 2969 2202 etiam
3002 2151 3276 2205 essentias
3303 2166 3434 2206 cou-

1875 2233 2037 2288 fiteri.
2066 2232 2200 2288 Nam
2231 2235 2314 2290 vel
2356 2237 2455 2291 hac
2485 2246 2541 2290 et
2577 2236 2792 2307 quidem
2826 2239 2940 2293 sola
2987 2241 3200 2295 ratione
3225 2240 3433 2312 justum

1871 2334 2152 2379 servarent
2187 2327 2460 2394 ordinem,
2504 2339 2559 2383 et
2589 2331 2667 2384 sic
2700 2331 2878 2399 quoad
2923 2339 3213 2400 utrumque
3240 2332 3434 2386 borum

1871 2416 2281 2472 convenientem
2305 2418 2528 2474 ederent
2553 2420 2969 2479 confessionem.
2995 2422 3052 2477 Si
3079 2437 3208 2478 vero
3238 2423 3437 2478 nullam

1870 2523 2095 2580 prorsus
2144 2512 2395 2568 veritatis
2449 2513 2690 2568 habeant
2721 2514 3027 2580 rationem,
3066 2515 3257 2571 saltem
3297 2517 3441 2585 prio.

1877 2616 1998 2656 rum
2053 2613 2486 2664 commentorum
2540 2607 2986 2675 consequentiam
3047 2607 3441 2672 observarent,

196 2705 359 2760 neque
421 2691 730 2747 recedendo
795 2690 864 2746 ab
929 2707 1036 2746 una
1113 2694 1414 2760 eademque
1440 2704 1631 2748 natura
1660 2697 2052 2767 appellationes
2086 2713 2114 2751 a
2152 2698 2529 2753 convenientia
2561 2702 2778 2768 propria
2824 2700 3146 2766 alienarent,
3176 2715 3296 2756 cum
3320 2714 3447 2770 pas-

196 2782 287 2839 sim
319 2785 372 2839 in
417 2778 860 2855 praecedentibus
892 2797 922 2837 a
979 2784 1134 2839 nobis
1175 2784 1245 2839 sit
1288 2785 1758 2854 demonstratum,
1798 2804 1956 2853 voces
1983 2804 2106 2845 esse
2133 2791 2491 2846 essentiarum
2523 2790 2931 2860 signiticativas.

260 2940 344 2996 i9.
372 2943 536 2996 Εῐποι
559 2942 604 2995 δ’
633 2942 698 2997 ἄν
720 2960 804 3006 τις
833 2942 966 3008 ἴσως
996 2943 1132 3014 πρὸς
1159 2943 1467 3012 ἀντιλογίαν
1488 2945 1765 3016 ἠκονημέ-

1945 2945 2034 3001 l9.
2065 2945 2274 3001 Dixerit
2303 2954 2483 3000 autem
2534 2945 2769 3000 fortasse
2807 2945 2930 3014 quis
2971 2946 3039 3001 ad
3077 2944 3444 3001 contradicen-

197 3048 298 3097 νος,
339 3034 415 3097 ὡς
452 3034 618 3106 εἴπερ
654 3034 737 3088 δεῖ
766 3037 880 3098 τοῖς
929 3035 1155 3106 ὀνόμασι
1198 3036 1505 3107 προσέχειν,
1555 3037 1651 3090 καὶ
1673 3037 1766 3091 διὰ

1869 3028 2000 3092 dum
2037 3039 2355 3105 instructus,
2377 3053 2440 3093 ac
2464 3039 2628 3093 veluti
2659 3048 2782 3094 cote
2806 3046 2996 3093 acutus
3027 3038 3286 3103 redditus,
3304 3039 3446 3108 quod

197 3124 387 3179 τούτων
416 3126 794 3199 προσάγεσθαι
818 3129 938 3191 ταῖς
969 3127 1078 3180 τῶν
1108 3129 1483 3199 ὑποκειμένων
1515 3131 1765 3194 ἐννοίαις,

198 3217 323 3271 καθὸ
361 3220 456 3290 μὲν
485 3218 782 3290 ἀγέννητον
820 3219 916 3272 καὶ
959 3221 1218 3291 γεννητὸν
1249 3220 1630 3292 παρηλλάχθαι
1667 3239 1771 3291 φα-

201 3308 313 3379 μὲν,
336 3311 474 3365 καθδ
503 3312 563 3364 δὲ
590 3311 705 3380 φῶς
737 3312 832 3364 καὶ
873 3310 1011 3379 φῶς,
1041 3310 1152 3382 ζωή
1176 3329 1236 3364 τε
1263 3312 1358 3365 καὶ
1385 3311 1519 3382 ζωὴ,
1543 3312 1772 3382 δύναμις

199 3398 286 3452 καὶ
318 3400 569 3472 δύναμις,
611 3401 866 3455 ἐοικέναι.
895 3401 1040 3472 Πρὸς
1071 3402 1130 3454 ὃν
1162 3418 1362 3472 φαμεν,
1404 3403 1463 3454 οὐ
1501 3401 1772 3479 βακτηρία

200 3494 459 3565 χρώμενοι
494 3494 634 3566 πρὸς
672 3493 771 3565 τὴν
803 3491 1067 3564 ἐρώτησιν
1096 3494 1208 3546 ἀντ’
1240 3492 1585 3564 ἀποκρίσεως
1632 3495 1773 3548 κατὰ

199 3588 284 3642 τὸν
318 3590 606 3659 Διογένους
642 3568 965 3658 ἐπαινέτην
990 3585 1125 3639 πολὺ
1157 3584 1267 3656 γὰρ
1307 3586 1570 3658 κυνισμὸς
1598 3585 1771 3656 κεχώ-

206 3697 371 3751 ρισται
429 3679 906 3752 Χριστιανισμοῦ·
962 3678 1055 3732 τὸν
1107 3678 1164 3731 δὲ
1232 3679 1501 3752 μακάριον
1561 3678 1773 3731 Παῦλον

202 3767 551 3840 ἐζηλωκότες,
588 3772 647 3834 ὃς
680 3787 815 3841 φησι
842 3770 953 3823 δεῖν
978 3771 1036 3821 ἐν
1059 3769 1229 3841 πολλῇ
1254 3770 1606 3841 μακροθυμία
1649 3787 1776 3822 παι-

202 3860 365 3916 δεύειν
396 3863 529 3925 τούς
557 3860 1106 3931 ἀντιδιατιθεμένους,
1135 3860 1217 3913 ὅτι
1247 3860 1308 3912 τὸ
1323 3861 1422 3928 μέν
1438 3861 1585 3913 ἐστιν
1610 3860 1771 3927 ἀγέν-

203 3969 351 4024 νητον
373 3954 513 4024 φῶς,
546 3954 607 4006 τὸ
632 3952 688 4006 δὲ
718 3951 991 4022 γεννητόν.
1019 3952 1255 4024 Πότερον
1284 3952 1410 4006 ἄλλο
1436 3970 1488 4005 τι
1520 3951 1774 4023 σημαίνει

204 4043 260 4096 τὸ
288 4045 400 4113 φῶς
425 4045 515 4099 ἐπ’
538 4045 838 4116 ἀγεννήτου
876 4043 1168 4114 λεγόμενον
1211 4044 1361 4115 παρά
1391 4044 1451 4097 τὸ
1490 4044 1772 4114 γεννητὸν,

205 4133 450 4205 ἢταυτὸν
497 4135 798 4205 ἑκάτερονς
834 4134 897 4185 Εἰ
944 4132 1042 4203 μὲν
1084 4132 1194 4202 γὰρ
1226 4132 1412 4204 ἕτερόν
1439 4149 1493 4185 τι
1523 4133 1618 4186 καὶ
1655 4133 1775 4185 ἕτε-

210 4243 312 4297 ρον,
345 4227 588 4300 εὔδηλον,
615 4228 697 4281 ὅτι
722 4228 817 4280 καὶ
850 4226 1101 4279 σύνθετον
1129 4226 1191 4279 τὸ
1216 4226 1276 4292 ἐξ
1302 4227 1491 4297 ἐτέρου
1529 4229 1622 4280 καὶ
1656 4227 1775 4279 ἑτέ-

211 4335 295 4391 ρου
329 4320 710 4391 συγκείμενον.
744 4318 817 4371 Τὸ
843 4318 901 4370 δὲ
947 4316 1198 4370 σύνθετον
1225 4317 1323 4371 οὐκ
1358 4318 1676 4388 ἀγέννητον.
1713 4320 1775 4372 Εἰ

1877 3131 1920 3185 si
1957 3131 2139 3184 habita
2186 3131 2398 3185 ratione
2447 3131 2724 3185 nominum
2758 3130 2810 3184 in
2860 3145 3038 3187 rerum
3082 3129 3446 3201 subiectarum

1877 3220 2363 3275 considerationem
2407 3230 2491 3274 est
2530 3219 2786 3283 eundum,
2824 3228 3093 3287 quatenus
3123 3220 3338 3288 quidem
3371 3219 3450 3273 in-

1878 3311 2118 3379 genitum
2148 3321 2202 3365 et
2223 3311 2460 3381 genitum
2484 3310 2699 3365 dill'erre
2729 3311 2988 3366 dicimus:
3011 3304 3453 3384 quatenns‘698

1876 3415 2008 3454 vero
2034 3401 2215 3455 lumen
2269 3411 2325 3455 et
2369 3401 2573 3464 lumen,
2603 3404 2709 3457 vita
2750 3413 2803 3456 et
2830 3405 2960 3468 vita,
2992 3402 3230 3472 potentia
3262 3412 3316 3456 et
3358 3418 3454 3471 po-

1881 3493 2077 3555 tentia,
2109 3509 2214 3547 non
2256 3493 2491 3560 differre,
2535 3496 2628 3549 sed
2661 3495 2896 3563 ejusdem
2926 3511 3045 3551 esse
3077 3494 3321 3548 rationis.
3353 3492 3451 3547 Cui

1883 3587 2307 3653 respondemus,
2344 3601 2450 3641 non
2498 3588 2686 3641 baculo
2726 3598 2934 3642 utentes
2985 3588 3052 3641 ad
3102 3586 3452 3655 quaestionem

1880 3677 1996 3730 loco
2028 3678 2415 3744 responsionis,
2470 3678 2520 3730 id
2563 3679 2704 3747 quod
2757 3678 2823 3733 de
2868 3679 3103 3750 Diogene
3146 3678 3311 3732 refert
3337 3675 3456 3746 ejus

1880 3768 2147 3835 laudator,
2182 3771 2458 3842 eynismus
2491 3772 2632 3825 enim
2670 3771 2895 3825 multum
2919 3770 3101 3826 differt
3129 3787 3159 3824 a
3185 3769 3455 3824 Christia-

1882 3860 2093 3914 nismo:
2126 3863 2219 3914 sed
2271 3870 2517 3915 sanctum
2567 3860 2790 3915 Pa‘ulum
2845 3860 3139 3924 imitantes,
3189 3860 3280 3930 qui
3329 3859 3460 3914 dicit

1881 3950 2289 4020 longanimitate
2340 3953 2678 4006 adversarios
2720 3966 2840 4006 esse
2889 3952 3211 4007 erudiendos
3244 3951 3314 4004 ⁸⁸.
3356 3949 3462 4005 Rc-

1882 4047 2226 4115 spondemus,
2268 4048 2668 4116 inquam,qnod
2692 4049 2935 4118 quasdam
2977 4046 3066 4101 lux
3090 4057 3174 4102 est
3198 4048 3457 4120 ingenita,

1882 4138 2124 4206 quaedam
2145 4153 2271 4191 vero
2298 4139 2493 4209 genita.
2517 4138 2706 4194 Utrum
2739 4154 2866 4195 vero
2895 4139 3163 4195 diversum
3192 4155 3284 4195 seu
3316 4137 3462 4194 aliud

1882 4228 2010 4295 quid
2038 4226 2127 4281 lux
2167 4228 2439 4297 significat
2478 4245 2598 4281 cum
2640 4229 2707 4283 de
2759 4230 3017 4300 ingenita,
3047 4245 3209 4298 quam
3244 4244 3364 4282 cum
3396 4228 3465 4284 de

1883 4319 2060 4380 genita
2099 4327 2291 4372 natura
2323 4328 2628 4388 usurpatur.
2654 4318 2737 4374 vel
2767 4335 2833 4372 an
2866 4335 3029 4391 unum
3058 4329 3110 4373 et
3144 4320 3282 4374 idem
3315 4323 3467 4374 notat

207 4408 257 4462 δὲ
294 4412 511 4474 ταυτὸν,
548 4410 672 4463 ὅσον
712 4408 1094 4481 παρήλλακται
1128 4408 1190 4461 τὸ
1232 4408 1524 4479 ἀγέννητον
1553 4410 1686 4477 πρὸς
1720 4411 1766 4462 τε

1889 4411 2173 4480 utrubique
2206 4410 2229 4463 ?
2265 4410 2501 4474 Etenim,
2538 4409 2583 4463 si
2619 4410 2834 4479 quidem
2862 4410 3136 4469 diversum
3177 4408 3305 4476 quid
3354 4408 3462 4473 hic,

207 4501 454 4571 γεννητὸν
469 4501 627 4569 (55‘),
656 4498 909 4551 τοσοῦτον
938 4496 1321 4571 παρηλλάχθαι
1354 4497 1434 4550 δεῖ
1455 4498 1549 4550 καὶ
1575 4498 1636 4550 τὸ
1663 4497 1778 4567 φῶς

208 4590 338 4662 πρὸς
357 4591 417 4643 τὸ
453 4590 590 4659 φῶς,
614 4590 709 4641 καὶ
727 4590 826 4660 τὴν
866 4589 1011 4660 ζωὴν
1031 4574 1183 4661 ’πρὸς
1209 4587 1307 4659 τὴν
1340 4587 1507 4659 ζωὴν,
1550 4588 1643 4642 καὶ
1683 4588 1777 4660 τὴν

211 4679 430 4753 δύναμιν
460 4682 598 4750 πρὸς
625 4681 724 4752 τὴν
751 4679 1002 4750 δύναμιν.
1049 4681 1107 4735 ‘0
1133 4679 1242 4752 γὰρ
1281 4679 1443 4744 αὐτὸς
1487 4679 1666 4733 κανὼν
1686 4679 1780 4733 καὶ

211 4774 400 4844 τρόπος
426 4773 564 4845 πρὸς
594 4772 692 4843 τὴν
725 4773 978 4826 ἁπάντων
999 4771 1108 4825 τῶν
1134 4772 1390 4825 τοιούτων
1421 4771 1682 4825 διάλυσιν.
1715 4773 1777 4825 Ei

211 4865 384 4919 τοίνυν
434 4867 543 4919 πᾶν
586 4865 721 4935 ὅπερ
773 4864 990 4931 λέγεται
1040 4862 1141 4933 τῆς
1193 4861 1285 4916 τοῦ
1333 4862 1548 4932 Πατρός
1593 4863 1779 4927 οὐσίας

217 4954 561 5024 σημαντικὸν,
581 4952 695 5005 ἴσον
715 4953 831 5005 ἐστὶ
848 4951 990 5005 κατὰ
1028 4952 1127 5023 τὴν
1144 4953 1243 5023 τῆς
1262 4951 1537 5023 σημασίας
1555 4952 1784 5023 δύναμιν

215 5042 289 5115 τῷ
316 5045 426 5116 (54)
440 5045 720 5116 ἀγεννήτῳ
744 5043 832 5098 διὰ
850 5045 913 5096 τὸ
941 5044 1145 5116 ἀμερὲς
1176 5045 1271 5097 καὶ
1299 5042 1611 5107 ἀσύνθετον,
1642 5042 1785 5097 κατὰ

216 5134 271 5189 δὲ
292 5137 382 5221 thy
400 5138 562 5192 αὐτὸν
595 5136 753 5206 λόγον
785 5136 924 5191 κάπὶ
956 5136 1067 5211 τοῦ.
1099 5136 1440 5206 Μονογενοῦς
1479 5136 1639 5189 αὐτὸν
1668 5135 1781 5205 (55)

216 5227 291 5301 τῷ
321 5231 640 5303 γεννήματι.
666 5228 1059 5303 Παρηλλάχθαι
1100 5228 1158 5282 δὲ
1198 5227 1371 5282 ταῦτά
1388 5243 1521 5297 φασι
1556 5225 1650 5280 καὶ
1686 5226 1784 5279 αὐ-

253 5407 272 5419 ’
309 5421 317 5429 ’
364 5426 408 5481 ιι
445 5425 587 5481 Tim.
617 5441 680 5493 ιι,
706 5425 796 5483 25.

290 5620 413 5696 (ss)
431 5622 596 5696 satu,
625 5640 680 5696 p.
707 5624 834 5680 εει.

288 5692 423 5764 (⁵55⁸)
443 5692 672 5768 Basilius
701 5710 823 5766 pag.
858 5693 985 5765 262,
1011 5694 1073 5749 τὸ
1099 5695 1357 5767 γεννητὸν
1388 5696 1521 5768 πρὸς
1540 5695 1600 5751 τὸ
1625 5696 1787 5766 ἀγέν-

224 5775 396 5831 νητον,
433 5766 619 5822 eodem
658 5780 838 5822 sensu.

1884 4512 1941 4556 et
1984 4502 2256 4556 diversum
2316 4502 2423 4555 illic
2483 4501 2777 4572 signiﬁcat,
2818 4498 3161 4554 manifestum
3194 4499 3315 4554 inde
3355 4507 3464 4564 est,

1884 4595 2029 4663 quod
2059 4595 2223 4648 etiam
2263 4594 2623 4663 compositum
2675 4591 2804 4661 quid
2852 4592 2943 4657 sit,
2972 4606 3039 4651 ex
3076 4590 3183 4646 alio
3214 4590 3467 4665 videlicet

1881 4691 1936 4738 et
1968 4684 2074 4737 alio
2107 4693 2384 4738 constans.
2419 4684 2571 4750 Quod
2603 4693 2780 4737 autem
2832 4682 3189 4761 compositum
3245 4692 3350 4749 est,
3383 4683 3468 4736 in-

1888 4775 2128 4842 genitum
2164 4789 2285 4830 esse
2338 4791 2445 4830 non
2487 4784 2683 4844 potest.
2715 4772 2810 4828 Sin
2853 4788 2986 4830 vero
3010 4790 3202 4831 .unum
3230 4786 3286 4829 et
3322 4774 3464 4828 idem

1886 4865 2179 4934 utrobique
2227 4875 2403 4933 notat,
2453 4874 2714 4939 quantum
2759 4865 2940 4921 differt
2987 4867 3282 4937 ingenitum
3314 4882 3343 4920 a
3375 4880 3467 4936 ge-

1885 4956 2019 5020 nito,
2046 4966 2254 5010 tantum
2287 4956 2451 5010 etiam
2476 4953 2697 5019 diﬂferre
2726 4965 2941 5026 oportet
2978 4956 3157 5011 lumen
3187 4972 3215 5010 a
3240 4957 3465 5023 lumine,

1883 5054 1936 5100 et
1969 5047 2133 5101 vitam
2165 5062 2196 5100 a
2225 5049 2354 5112 vita,
2376 5058 2431 5102 et
2464 5048 2758 5117 potentiam
2791 5062 2822 5109 a
2851 5049 3106 5117 potentia.
3140 5044 3293 5111 Unus
3323 5050 3466 5103 enim

1881 5148 1937 5191 et
1964 5136 2108 5192 idem
2134 5137 2221 5192 hic
2248 5154 2421 5203 canon
2453 5153 2518 5195 ac
2548 5138 2742 5194 modus
2769 5139 2835 5201 ad
2873 5137 3193 5194 solutionem
3226 5139 3469 5195 omnium

1881 5226 2144 5295 ejusmodi
2164 5227 2532 5298 objectionum
2557 5230 2800 5286 adhiberi
2827 5237 3023 5299 potest.
3048 5226 3106 5284 Si
3131 5228 3293 5300 igitur
3313 5228 3468 5299 quid-

1965 5628 2078 5699 (54)
2111 5626 2218 5699 Τῷ,
2257 5623 2420 5699 Edit_i,
2449 5623 2526 5677 τό.
2560 5620 2733 5699 Eutr}
2807 5689 2847 5699 __
2998 5690 3005 5697 ο

1968 5689 2082 5771 (55)
2113 5689 2328 5756 Αὐτόν.
2362 5695 2542 5761 Forte,
2568 5691 2780 5746 ταυτόν.
2807 5689 2907 5746 EI.
