3802 6216
342 192 444 248 853

340 308 467 375 quid
512 308 924 380 significatirum
953 320 1040 375 est
1066 313 1316 369 essentia:-
1346 312 1545 379 Patris,
1585 318 1791 387 aequale
1830 330 1912 373 est

340 399 391 452 vi
450 398 857 468 significationis
898 403 974 473 τῷ
1020 403 1574 473 ingenito.pr0pterea
1624 409 1766 477 quod
1824 408 1912 464 hic

339 489 574 556 partium
605 500 693 544 aut
723 492 1128 562 compositionis
1161 502 1244 550 est
1271 495 1405 550 nihil
1434 515 1450 550 :
1483 496 1668 551 eadem
1698 513 1912 567 quoque

340 582 557 637 ratione
608 582 676 643 de
725 584 1016 655 Unigenito
1062 586 1343 642 dicendum
1397 597 1502 659 est,
1545 589 1689 657 quod
1740 599 1795 644 et
1835 590 1905 645 ibi

339 672 546 740 asqnale
578 682 658 727 est
684 674 763 745 τῷ
791 677 990 739 genito.
1026 677 1095 731 At
1126 676 1225 746 ipsi
1281 692 1492 747 quoque
1540 678 1655 734 haec
1693 679 1909 735 differre

1299 197 1640 257 APPENDIX
1681 200 1964 260 OPEBUM
1998 203 2055 258 S.
2098 202 2345 258 BASILII
2384 201 2627 258 ΜΑΟΝΙ.

3484 202 3598 257 858

1941 360 1981 408 Α
2015 320 2119 373 τοί.
2145 319 2241 382 Τίς
2257 319 2337 372 ἔτι
2360 321 2706 391 συγχωρήσει
2722 319 2879 388 λόγον
2899 319 2999 389 τὴν
3017 319 3116 388 τῆς
3140 318 3330 383 ούσίας
3345 318 3598 391 ὁμοιότη-

2017 430 2087 466 τα
2111 412 2426 483 προσάγειν,
2467 413 2500 483 ἦ
2538 428 2643 466 τινι
2687 412 2786 483 τὴν
2826 412 3096 484 ὑπεροχὴν
3137 410 3279 465 κατὰ
3308 412 3371 465 τὺ
3407 411 3597 483 μεῖζον

2016 503 2325 575 ὁρίσασθαι.
2348 505 2547 567 παντὸς
2571 504 2671 575 μὲν
2700 503 2889 573 δγκου,
2919 506 3123 567 παντὸς
3143 504 3198 557 δὲ
3239 503 3458 575 χρόνου,
3492 504 3597 557 καὶ

2012 595 2121 649 τῶν
2146 595 2399 649 τοιούτων
2427 597 2800 667 ἐξῃρημένων,
2820 596 2999 668 ἁπλῆς
3023 613 3083 649 τε
3105 595 3198 650 καὶ
3228 596 3396 667 μόνης
3422 593 3599 668 οὔσης

2012 703 2073 738 τε
2096 686 2196 755 τῆς
2226 685 2414 751 οὐσίας
2442 688 2536 741 καὶ
2566 688 2899 758 νοουμένης;

343 766 546 821 dicunt.
583 765 734 833 Quis,
770 783 969 837 quaeso,
1030 771 1257 840 amplius
1286 775 1542 828 concedet
1586 790 1888 842 sermonem
1952 781 2205 835 essentia;
2252 781 2611 851 aequalitatem
2663 781 2950 844 adducere,
2980 788 3074 833 aut
3112 779 3196 834 cui
3239 780 3474 849 aliquam
3506 782 3588 834 ita

342 857 811 927 prateminentiam
843 870 1115 925 statuere,
1179 865 1321 932 quod
1363 865 1502 922 alter
1535 868 1706 923 altero
1739 870 1810 924 sit
1875 873 2048 942 major
2105 875 2252 929 omni
2305 875 2523 945 quidem
2557 873 2719 936 mole,
2744 874 2891 926 omni
2924 888 3055 927 vero
3096 882 3340 943 tempore
3375 885 3433 931 et
3467 876 3597 932 aliis

342 948 604 1017 ejusmodi
642 953 805 1007 rebus
837 953 1080 1017 remotis,
1112 968 1476 1027 concessoque
1506 961 1648 1029 quod
1682 961 1910 1032 simplex
1949 974 2004 1019 et
2034 981 2139 1020 una
2164 966 2237 1021 sit
2257 974 2313 1020 et
2344 966 2568 1036 intelligi
2608 969 2800 1023 debeat
2832 967 2857 1022 ἓ

411 1109 504 1165 20.
545 1111 809 1166 Videntur
850 1128 980 1167 vero
1026 1115 1178 1169 nobis
1223 1118 1445 1173 omnino
1477 1118 1551 1172 illi
1592 1121 1681 1188 qui
1713 1121 1909 1177 nullius

350 1200 588 1255 dominio
621 1204 886 1256 subditam
916 1215 970 1264 et
1008 1206 1151 1259 omni
1185 1222 1347 1266 causa
1369 1210 1726 1278 superiorem,
1763 1223 1817 1265 et
1843 1213 1911 1265 ab

345 1293 595 1355 omnibus
624 1293 827 1364 legibus
867 1294 1090 1350 liberam
1143 1300 1432 1360 essentiam
1474 1311 1678 1360 natura:
1721 1304 1913 1372 genitae

345 1394 401 1444 et
422 1386 659 1454 paternis
690 1385 895 1454 legibus
934 1390 1194 1443 servienti
1239 1405 1557 1460 comparare
1606 1394 1719 1447 ausi
1769 1404 1911 1458 sunt,

349 1490 523 1543 Deque
556 1476 666 1531 ullo
696 1479 854 1545 plane
883 1477 1040 1534 modo
1063 1480 1433 1538 universitatis
1456 1498 1635 1539 rerum
1663 1485 1911 1540 conside-

346 1580 496 1621 rasse
517 1576 786 1641 naturam,
812 1580 904 1622 aut
930 1570 972 1624 si
1004 1571 1219 1638 quando
1246 1572 1344 1627 hoc
1384 1571 1612 1638 faciunt,
1646 1590 1749 1629 non
1779 1590 1910 1644 pura

2081 1124 2171 1180 20.
2201 1126 2311 1197 Τὴν
2332 1125 2505 1197 ἀρχὴν
2537 1126 2593 1179 δὲ
2624 1125 2840 1179 δοκοῦσί
2865 1142 2954 1196 μοι
2977 1126 3027 1178 οί
3052 1123 3152 1194 τὴν
3174 1123 3467 1177 ἀδέσποτον
3494 1123 3597 1179 καὶ

2015 1214 2197 1286 πάσης
2232 1216 2330 1285 μὲν
2363 1215 2542 1278 αἰτίας
2574 1215 2882 1283 κρείττονα,
2913 1215 3130 1269 πάντων
3152 1213 3407 1283 δὲνόμων
3442 1212 3600 1265 ἐλευ-

2016 1302 2178 1372 θέραν
2199 1304 2409 1365 οὐσίαν,
2444 1306 2508 1373 τῇ
2548 1306 2780 1373 γεννητῇ
2818 1305 2913 1357 καὶ
2933 1304 3117 1371 νόμοις
3147 1300 3598 1372 πατρικοῖςδου-

2015 1392 2245 1465 λευούσῃ
2298 1395 2583 1462 συγκρῖναι
2623 1392 2736 1462 (36)
2775 1394 3165 1464 τολμήσαντες,
3206 1391 3240 1462 ἦ
3295 1390 3431 1462 μηδὲ
3455 1392 3599 1454 ὅλως

2017 1483 2116 1552 τὴν
2144 1482 2253 1535 τῶν
2297 1481 2434 1536 ὅλων
2493 1481 2653 1550 φύσιν
2684 1481 3107 1552 ἐπεσκέφθαι,ἦ
3147 1481 3220 1552 μὴ
3266 1480 3487 1551 καθαρᾷ
3534 1484 3597 1553 τῇ

2016 1574 2221 1646 διανοίᾳ
2241 1574 2338 1638 τὰς
2366 1574 2713 1645 περὶτούτων
2740 1573 3011 1628 ποιεῖσθαι
3040 1575 3271 1646 κρίσεις.
3305 1576 3467 1626 Δυεῖν
3484 1573 3599 1644 γὰρ

346 1668 525 1713 mente
550 1659 784 1715 dehisce
813 1661 971 1720 rebus
1005 1660 1147 1716 ferre
1167 1661 1392 1728 judicia.
1428 1664 1636 1717 Etenim
1661 1679 1783 1717 cum
1812 1679 1910 1724 no-

2042 1665 2147 1734 ιμῖν
2190 1664 2543 1738 τετμημένων
2587 1663 2723 1717 ὁδῶν
2772 1663 2910 1734 πρὸς
2950 1663 3051 1734 τὴν
3090 1664 3199 1716 τῶν
3242 1662 3603 1734 ζητουμένων

345 1750 429 1804 bis
463 1751 580 1804 dure
602 1759 727 1805 sunt
758 1751 1025 1816 distinctae
1046 1752 1144 1806 via:
1168 1754 1233 1805 ad
1265 1768 1451 1807 earum
1484 1770 1663 1807 rerum
1694 1754 1760 1808 de
1797 1753 1917 1821 qui-

344 1841 444 1907 bus
465 1842 721 1911 quaeritur
755 1842 1114 1898 inventionem
1163 1844 1474 1911 excogitatae
1511 1861 1526 1898 :
1563 1860 1671 1897 una
1699 1845 1914 1914 quidem

341 1929 492 2000 juxta
512 1946 671 1999 quam
704 1929 848 1999 ipsas
878 1932 1137 1988 essentias
1168 1934 1594 1998 consideramus,
1620 1942 1675 1987 et
1696 1934 1769 1987 ita
1801 1933 1915 1987 sin-

343 2033 467 2079 cera
509 2020 576 2075 de
622 2021 750 2089 ipsis
787 2021 991 2076 ratione
1032 2022 1450 2091 unumquodque
1496 2023 1597 2078 sub
1633 2036 1915 2076 censuram

346 2120 582 2167 nostram
612 2128 867 2169 vocamus
899 2129 912 2164 :
938 2113 1104 2167 altera
1138 2123 1313 2166 autem
1338 2128 1461 2183 quae
1488 2114 1545 2167 ﬁt
1576 2128 1671 2182 per
1698 2114 1919 2184 indaga-

345 2206 544 2269 tionent
585 2206 981 2272 operaliomtm,
1025 2220 1117 2259 seu
1171 2220 1291 2263 cum
1342 2220 1440 2273 per
1489 2206 1830 2274 operationes
1862 2204 1919 2258 fit

345 2296 638 2364 indagatio,
658 2311 818 2363 quam
848 2312 915 2350 ex
940 2296 1069 2365 ipsis
1095 2295 1202 2362 iam
1235 2296 1391 2351 factis
1416 2304 1469 2350 et
1495 2295 1758 2351 absolutis
1783 2311 1917 2366 ope-

344 2387 495 2440 ribus
550 2386 923 2455 dijudicamus.
965 2386 1203 2440 Tertiam
1258 2388 1400 2439 viam
1448 2402 1568 2455 qum
1614 2397 1803 2441 neutra
1849 2389 1918 2442 sit

345 2477 561 2539 ltarum,
591 2486 645 2531 et
693 2491 813 2546 quae
862 2486 1055 2547 praeter
1100 2476 1212 2545 jam
1264 2478 1441 2533 dictas
1479 2478 1636 2532 talem
1671 2478 1918 2533 essentize

344 2569 705 2639 aequalitatem
735 2571 1271 2645 monstret,reperire
1297 2580 1380 2629 est
1407 2571 1758 2641 impossibile.
1778 2571 1912 2626 Nam

346 2661 458 2717 sive
489 2659 611 2728 quis
633 2659 1026 2729 disquisitionis
1062 2660 1273 2714 initium
1310 2675 1505 2729 capere
1539 2661 1669 2716 velit
1690 2677 1756 2717 ex
1789 2662 1918 2730 ipsis

344 2747 613 2812 essentiis,
647 2746 733 2803 illa
765 2747 979 2817 quidem
1031 2762 1151 2817 quae
1189 2750 1438 2818 superior
1468 2758 1571 2813 est,
1612 2764 1733 2802 cum
1785 2748 1919 2805 alte-

346 2840 459 2894 rius
486 2838 779 2901 dominium
822 2840 907 2893 vel
954 2840 1115 2894 ullam
1166 2841 1569 2911 generationem
1607 2840 1917 2911 neutiquam

348 2933 622 3010 admittat,
651 2942 708 2987 et
749 2931 1013 3001 ejusmodi
1058 2932 1219 2987 rebus
1247 2942 1482 2986 mentem
1528 2940 1765 2988 nostram
1797 2946 1917 2985 cum

2016 1751 2253 1824 εὕρεσιν,
2310 1754 2440 1823 μιᾶς
2485 1753 2605 1821 μὲν,
2644 1752 2767 1806 καθ’
2802 1753 2869 1823 ἢν
2905 1751 3005 1815 τὰς
3044 1753 3235 1814 οὐσίας
3269 1751 3442 1814 αὐτὰς
3468 1754 3599 1804 ἐπι-

2018 1840 2408 1911 σκοπούμενοι,
2466 1840 2694 1912 καθαρῷ
2739 1840 2819 1912 τῷ
2879 1842 3010 1913 περὶ
3059 1841 3239 1907 αὐτῶν
3293 1841 3439 1911 λόγῳ
3498 1843 3601 1911 τὴν

2017 1930 2247 2004 ἐκάστου
2280 1930 2581 2000 ποιούμεθα
2614 1930 2817 2002 κρίσιν,
2865 1929 3101 2002 θατέρας
3226 1931 3326 2001 τῆς
3371 1929 3465 1982 διὰ
3487 1930 3601 1982 τῶν

2017 2019 2309 2091 ἐνεργειῶν
2354 2020 2679 2086 ἐξετάσεως,
2710 2022 2777 2091 ἢν
2822 2024 2886 2074 ἐκ
2938 2022 3047 2074 τῶν
3092 2021 3600 2092 δημιουργημᾶτων

2017 2111 2111 2164 καὶ
2140 2111 2249 2164 τῶν
2285 2111 2742 2185 ἀποτελεσμάτων
2769 2112 3138 2184 διακρίνομεν,
3167 2112 3461 2187 ούδετέραν
3486 2112 3599 2171 τῶν

2018 2202 2322 2273 εἰρημένων
2389 2203 2570 2273 εὑρεῖν
2634 2204 3039 2275 ἐμφαινομένην
3091 2205 3190 2275 τὴν
3250 2204 3349 2274 τῆς
3406 2203 3599 2266 οὐσίας

2016 2291 2309 2361 ὁμοιότητα
2331 2290 2572 2346 δυνατόν.
2613 2291 2739 2345 Εἴτε
2773 2293 2881 2365 γὰρ
2920 2294 2986 2346 ἐκ
3014 2293 3122 2346 τῶν
3162 2293 3362 2357 οὐσιῶν
3391 2293 3601 2354 ποιοῖτύ

2016 2397 2104 2445 τις
2134 2381 2232 2452 τῆς
2264 2382 2607 2451 ἐπισκέψεως
2630 2382 2728 2453 τὴν
2761 2384 2959 2455 ἀρχὴν,
3001 2387 3034 2454 ἠ
3073 2385 3169 2454 μὲν
3204 2384 3314 2452 (37)
3338 2384 3601 2454 ἀνωτέρω

2020 2470 2294 2541 βασιλείας
2345 2473 2440 2526 καὶ
2473 2473 2649 2544 πάντη
2684 2477 2989 2543 γεννήσεως
3037 2473 3387 2537 ἁνεπίδεκτος
3437 2470 3597 2546 οὖσα,

2015 2564 2224 2628 τούτοις
2260 2583 2319 2621 τε
2356 2566 2684 2620 παιδεύουσα
2727 2566 2826 2638 τὴν
2875 2569 2989 2637 μετ’
3033 2566 3240 2630 ἐννοίας
3267 2567 3600 2638 προσιοῦσαν

2017 2653 2286 2719 διάνοιαν,
2341 2654 2582 2708 ἀπωθεῖν
2645 2655 2721 2720 ὡς
2778 2658 3114 2730 πορρωτάτω
3164 2655 3601 2731 παρακελεύεται

2018 2743 2166 2815 νόμῳ
2193 2743 2412 2814 φύσεως
2443 2745 2554 2816 (58)
2582 2746 2684 2819 τὴν
2729 2748 2861 2817 πρὸς
2894 2748 3083 2817 ἕτερον
3114 2748 3421 2819 σύγκρισιν,
3468 2748 3601 2803 (":26-

2017 2833 2204 2888 λουθον
2237 2837 2332 2890 καί⁵
2364 2838 2752 2908 προσήκουσαν
2802 2839 2881 2909 τῷ
2934 2840 3038 2909 τῆς
3083 2839 3273 2903 οὐσίας
3325 2838 3601 2911 ἀξιώματι

2023 2926 2371 2997 παρέχουσαν
2419 2931 2560 2981 νοεῖν
2608 2927 2851 3000 καὶ“τὴν
2901 2930 3199 2999 ἐνέργειαν.
3247 2931 3361 2984 Εἶτ’
3389 2932 3455 2984 ἐκ
3494 2930 3602 2983 τῶν

346 3039 530 3081 amore
563 3022 807 3084 veritatis
862 3022 1205 3077 accedentem
1260 3024 1491 3087 erudiat,
1525 3040 1687 3093 quam
1721 3022 1916 3087 longis-

2042 3020 2523 3090 ξημιουργημάτων
2553 3020 2932 3092 σκοπούμενος
2968 3023 3104 3091 (59),
3145 3024 3212 3086 ἐκ
3255 3023 3464 3074 τούτων
3510 3021 3606 3091 ἐπὶ

344 3117 661 3187 simejubet
712 3111 973 3183 repellere
1029 3112 1143 3181 lege
1182 3124 1392 3167 natura:
1440 3113 1600 3175 talem
1657 3113 1725 3167 ad
1773 3112 1916 3166 aliud

344 3208 823 3279 comparationem,
875 3204 1186 3275 praebetque
1239 3207 1608 3271 occasionem,
1643 3215 1701 3260 ut
1752 3206 1913 3260 talem

347 3311 525 3360 mente
568 3311 844 3363 versemus
875 3298 1267 3376 operatiOnem,
1308 3315 1428 3368 quae
1468 3299 1796 3353 conveniens
1849 3298 1920 3353 sit

347 3393 593 3459 essentia;
639 3391 929 3462 maiestati.
962 3393 1059 3449 Sin
1105 3406 1234 3447 vero
1259 3406 1323 3444 es
1370 3389 1598 3459 opificiis
1624 3389 1746 3458 quis
1775 3389 1910 3458 judi-

348 3486 490 3538 cium
517 3485 797 3541 inatituere
839 3486 986 3549 velit,
1018 3482 1248 3551 indeque
1279 3482 1346 3535 ad
1385 3481 1649 3535 essentias
1681 3480 1919 3533 feratur:

349 3572 442 3630 ubi
490 3573 684 3630 Filium
741 3574 964 3645 ingeniti
1018 3572 1260 3627 inveniet
1317 3570 1602 3635 facturam,
1650 3567 1921 3639 Unigeniti

347 3675 528 3727 autem
552 3664 928 3741 Paracletum,
962 3680 1191 3730 cumque
1239 3679 1303 3717 ex
1355 3662 1626 3732 Unigeniti
1679 3662 1920 3732 pratenti-

350 3756 530 3815 nentia
559 3756 625 3810 de
662 3757 993 3826 operationis
1027 3755 1332 3809 differentia
1374 3756 1595 3809 edoctus
1626 3755 1809 3817 fuerit,
1839 3755 1922 3808 in-

351 3848 650 3903 dubitatam
701 3848 895 3916 accipit
934 3848 1002 3902 de
1042 3847 1377 3905 diversitate.
1426 3847 1587 3911 etiam
1624 3846 1918 3902 secundum

2022 3109 2123 3173 τὰς
2164 3111 2351 3175 ούσίας
2394 3113 2669 3181 ἅνᾴγοιτο,
2716 3113 2810 3167 τοῦ
2855 3113 2954 3184 μὲν
2994 3115 3291 3185 ἁγεννήτου
3331 3113 3425 3166 τὸν
3474 3113 3603 3166 Υἱὸν

2022 3202 2293 3273 εὑρίσκων
2322 3206 2555 3277 ποίημα,
2597 3205 2694 3258 τοῦ
2729 3206 2786 3259 δὲ
2823 3208 3160 3275 Μονογενοῧς
3192 3207 3283 3260 τὸν
3315 3205 3607 3277 Παράκλητ

2023 3311 2136 3358 τον,
2170 3295 2280 3348 κάκ
2306 3295 2408 3365 τῆς
2438 3297 2533 3351 τοῦ
2564 3297 2904 3368 Μονογενοῦς
2931 3299 3203 3369 ὑπεροχῆς
3232 3297 3342 3369 (40)
3373 3296 3476 3368 τὴν
3502 3295 3607 3374 τῆς

2025 3385 2303 3456 ἐνεργείας
2346 3387 2609 3460 διαφορὰν
2652 3388 3046 3460 πιστούμενος,
3116 3386 3608 3457 ἀναμφισϐήτητον

2025 3474 2289 3546 λαμϐάνει
2315 3478 2409 3530 καὶ
2442 3480 2539 3549 τῆς
2568 3480 2688 3532 κατ’
2718 3480 2905 3534 οὐσίαν
2953 3478 3311 3555 παραλλαγῆς
3336 3477 3439 3549 τὴν
3466 3476 3608 3531 rimis
3694 3552 3703 3555 Π

2024 3566 2207 3632 δειξιν,
2245 3569 2333 3621 ἴνα
2375 3569 2450 3641 μὴ
2492 3571 2672 3640 τρίτον
2698 3571 2969 3642 λέγωμεν,
3007 3571 3088 3625 ὅτι
3134 3569 3397 3640 πάμπολυ
3430 3568 3610 3637 διενή-

1971 3668 1979 3677 ’
2026 3676 2179 3730 νοχεν
2218 3661 2247 3712 ὁ
2285 3661 2628 3733 δημιουργῶν
2668 3662 2887 3734 ἐξουσία
2933 3663 3027 3716 τοῦ
3070 3661 3299 3732 νεύματι
3352 3658 3611 3730 πατρικῷ

2030 3752 2332 3815 ποιοῦντος,
2358 3754 2452 3807 καὶ
2481 3754 2647 3824 μηδὲν
2664 3755 2756 3824 ἀφ’
2786 3754 2977 3808 ἑαυτοῦ
3003 3757 3178 3807 ποιεῖν
3192 3750 3609 3823 ὁμολογοῦντος.

2028 3843 2057 3896 ὃ
2090 3861 2152 3896 τε
2183 3846 2657 3915 προσκυνούμενος
2685 3845 2779 3900 ¹τοῦ
2813 3846 3261 3918 προσκυνοῦντος.

350 3940 661 4005 essentiam,
693 3938 1234 4000 demonstrationem,
1267 3946 1321 3989 ut
1371 3951 1476 3989 non
1538 3951 1673 4004 opus
1730 3935 1899 3989 nobis
1931 3932 2002 3995 sit
2040 3934 2255 3986 tertium
2299 3936 2585 3989 nominare
2628 3952 2642 3989 :
2677 3937 2939 4004 siquidem
2970 3937 3063 4007 qui
3100 3935 3318 4006 propria
3344 3941 3610 4004 potestate

351 4035 554 4105 aliquid
601 4043 885 4111 operatur,
916 4033 1205 4103 plurimum
1262 4030 1444 4085 dill‘ert
1480 4032 1546 4085 ab
1572 4047 1637 4085 co
1672 4031 1762 4102 qui
1801 4039 1928 4084 nutu
1965 4038 2191 4098 paterno
2229 4029 2357 4098 quid
2404 4028 2553 4099 facit,
2585 4040 2641 4086 et
2694 4030 2890 4087 fatetur
2953 4046 3013 4086 se
3056 4029 3189 4084 nihil
3248 4046 3280 4084 ε
3318 4031 3612 4101 semetipso

355 4129 535 4187 facere
563 4125 632 4192 '9,
678 4124 878 4195 quique
912 4124 1189 4190 aduratur,
1217 4126 1285 4177 ab
1322 4138 1388 4187 eo
1418 4123 1509 4194 qui
1540 4126 1747 4183 adorat.

420 4278 512 4333 2i.
543 4276 599 4332 Si
631 4276 793 4345 igitur
817 4275 966 4339 nullo
1007 4277 1166 4328 modo
1220 4277 1516 4335 absurdum
1551 4294 1671 4333 esse
1714 4284 1916 4349 putant,

2102 4285 2192 4339 2|.
2232 4286 2293 4337 Εί
2318 4287 2415 4357 μὲν
2442 4284 2537 4343 οὖν
2566 4291 2732 4362 μηδὲν
2765 4292 2965 4347 ἄτοπον
3004 4293 3261 4365 ἡγοῦνται
3290 4296 3404 4351 τῶν
3435 4298 3609 4353 αὐτῶν

352 4369 544 4438 mquali
583 4368 791 4422 ratione
828 4367 1072 4435 utrisque
1113 4369 1227 4421 haec
1274 4367 1464 4429 eadem
1505 4373 1927 4448 communicare,

353 4462 610 4518 nimirum
668 4461 983 4524 essentiam,
1016 4461 1410 4529 operationem,
1450 4471 1800 4535 potestatem,
1835 4482 1933 4518 n0-

355 4570 503 4619 men,
554 4553 779 4617 sublatis
807 4569 1031 4624 prorsus
1060 4555 1337 4609 nominum
1377 4566 1429 4609 et
1464 4572 1640 4615 rerum
1682 4557 1935 4614 differen-

360 4647 480 4713 tiis;
707 4651 1057 4717 pronuntient
1088 4663 1196 4701 una
1230 4662 1391 4715 opera
1419 4647 1641 4714 diserte,
1666 4649 1772 4702 duo
1818 4665 1937 4705 esse

360 4741 621 4812 ingenita.
652 4741 748 4794 Sin
781 4755 913 4797 vero
965 4738 1249 4793 manifeste
1292 4740 1395 4803 hoe
1447 4739 1670 4808 impium
1700 4749 1805 4807 est,
1841 4757 1939 4810 age

356 4833 614 4905 probent,
665 4847 771 4886 non
837 4832 924 4887 illa
979 4831 1353 4901 similitudinis
1401 4832 1790 4901 appellatione,
1831 4849 1937 4902 qua

358 4941 458 4982 ceu
516 4926 823 4981 velamento
875 4924 1106 4994 quodam
1151 4924 1529 4995 utuntur,lsed
1568 4925 1734 4980 certis
1774 4939 1938 4997 argu-

360 5018 581 5083 mentis,
613 5017 755 5087 quod
803 5016 1042 5069 omnium
1079 5015 1422 5070 confessione
1461 5014 1722 5085 impietati
1759 5017 1935 5069 datur.

360 5110 628 5177 Caeterum
659 5123 727 5163 ne
752 5108 1032 5179 videamur
1069 5105 1222 5192 juxta
1257 5107 1575 5162 intentatam
1614 5106 1769 5162 nobis
1792 5116 1846 5175 et
1885 5108 1938 5162 in

430 5336 479 5372 ⁸³
499 5335 655 5411 Joan.
673 5354 725 5402 v,
757 5336 844 5392 19.

433 5494 546 5565 (‘56)
576 5494 726 5565 ᾼβιιιι
752 5493 914 5547 Basil.
939 5508 1064 5565 pag.
1089 5494 1219 5564 261,
1257 5490 1588 5565 συγκρίνειν,

436 5563 549 5633 (57)
581 5563 741 5619 Basil.
779 5579 897 5631 pag.
924 5564 1051 5633 266,

436 5633 549 5714 ea»
580 5633 742 5705 estsit.
780 5648 832 5696 υ.
860 5632 987 5702 268.

2032 4378 2229 4449 ἐπίσης
2274 4380 2550 4449 ἑκατέρων
2599 4383 2934 4453 μεταδιδόναι
2971 4385 3197 4449 τούτων,
3245 4380 3357 4440 οἷον
3389 4388 3610 4459 οὐσίας,

2033 4470 2334 4540 ἐνεργείας,
2378 4469 2646 4535 ἐξουσίας,
2684 4473 2970 4543 ὀνόματος,
3021 4473 3304 4539 ἀνελόντες
3353 4475 3458 4539 τὰς
3507 4478 3613 4533 τῶν

2033 4562 2313 4631 ὀνομάτων
2338 4563 2432 4616 καὶ
2459 4563 2795 4635 πραγμάτων
2824 4563 3106 4635 διαφορὰς,
3127 4564 3220 4617 δύο
3249 4565 3438 4633 σαφῶς
3457 4566 3615 4635 ἀγέν-

2033 4674 2171 4727 νητα
2209 4657 2537 4725 λεγέτωσαν.
2578 4658 2642 4710 Εἰ
2675 4657 2732 4710 δὲ
2766 4656 2924 4710 τοῦτο
2959 4657 3249 4730 προφανῶς
3278 4659 3497 4729 ἀσεϐὲς,
3540 4660 3611 4729 μὴ

2036 4750 2102 4804 δι’
2132 4749 2578 4821 ἑπικαλύμματος
2603 4750 2917 4821 ὁμοιότητος
2957 4749 3180 4820 ὀνόματι
3202 4749 3611 4813 καταηευαζέο
3688 4782 3697 4791 -

2036 4856 2220 4900 τωσαν
2255 4839 2316 4891 τὸ
2351 4840 2516 4893 πᾶσιν
2564 4839 2997 4909 ὁμολογούμενον
3037 4841 3117 4904 εἰς
3153 4839 3428 4893 ἀσέϐειαν.
3473 4838 3610 4892 Ἀλλ’

2040 4931 2126 4983 ἴνα
2158 4946 2222 4997 γε
2253 4929 2328 5001 μὴ
2349 4929 2529 5000 δοκοίη
2540 4947 2637 5000 μεν
2660 4930 2803 4984 κατὰ
2829 4930 2928 5001 τὴν
2950 4930 3332 5002 ἐπενεχθεῖσαν
3357 4933 3489 5003 ἡμῖν
3516 4931 3604 4984 καὶ

2038 5017 2188 5091 παρὰ
2214 5018 2428 5083 πολλοῖς
2457 5019 2860 5091 θρυλλουμένην
2886 5019 3231 5091 βλασφημίαν
3261 5019 3416 5085 ἰδίοις
3478 5020 3606 5072 πλά-

2041 5127 2209 5181 σμασι
2238 5110 2332 5164 καλ⁵
2376 5108 2556 5179 λόγοις
2573 5110 2919 5175 ἐκϐιάζεσθαι
2953 5110 3050 5183 τὴν
3095 5110 3375 5185 ἀλήθειαν,
3409 5112 3474 5166 ἐκ
3503 5109 3600 5169 τῶν

2114 5488 2223 5559 (59)
2251 5487 2411 5559 Basil.
2437 5503 2559 5556 pag.
2586 5486 2713 5559 2‘69,
2741 5485 2870 5543 270.

2119 5556 2227 5633 (40)
2258 5557 2419 5625 Basil-
2449 5573 2568 5641 pag.
2607 5556 2731 5619 269.
