3802 6216
134 265 226 320 851
1160 266 1451 327 EUNDHH
1488 266 1689 337 LIBER

1882 268 2275 340 LOGETICUS,
3259 269 3364 325 sas

372 380 547 437 αὐτῶν
584 383 924 455 ποιησόμεθα
975 385 1182 440 τούτων
1228 387 1327 459 τὴν
1379 386 1674 451 ἀπόδειξιν.

1882 387 2080 443 ltorum
2109 403 2208 444 ore
2255 395 2563 442 venantem
2609 385 3000 454 blasphemiam
3041 386 3275 456 propriis
3304 388 3365 441 fi-

139 472 218 538 Εἷς
249 472 347 528 ὑπὸ
396 474 556 545 νόμου
595 476 690 529 καὶ
728 476 1022 547 προφητῶν
1059 476 1485 546 καταγγέλλεται
1523 476 1676 539 Θεός.

1882 479 2015 535 entis
2059 482 2170 536 vim
2223 481 2360 536 velle
2412 481 2629 535 veritati
2685 478 2896 540 afferre.
2931 477 3044 548 jam
3094 494 3256 548 porro
3299 493 3365 533 ex

138 561 281 626 Οὗτος
315 563 407 620 καὶ
446 563 537 616 τοῦ
562 564 900 633 Μονογενοῦς
936 561 1075 619 εἶναι
1106 563 1240 628 Θεὸς
1264 564 1355 617 ὐπ’
1390 562 1557 616 αὐτοῦ
1586 561 1679 616 τοῦ

1886 585 1914 625 s
1953 571 2252 641 Scripturis
2279 572 2367 626 illa
2407 587 2530 641 quae
2583 572 2818 626 diximus
2847 570 3368 625 demonstrabimus.

139 654 359 725 Σωτῆρος
385 655 747 725 ὁμολογεῖται.
784 656 1115 726 Πορεύομαι
1153 655 1285 727 γὰρ,
1332 656 1486 724 φησὶ,
1532 654 1681 722 πρὸς

1882 678 1936 719 us
1949 679 1976 717 a
1995 665 2112 734 lege
2123 666 2465 734 etprnphetis
2481 665 2799 734 perhibetur
2811 677 2932 717 esse
2948 662 3109 718 Deus.
3138 660 3205 715 Et
3226 659 3369 730 quod

138 745 228 796 τὸν
255 745 395 797 Θεόν
414 763 534 814 μου
554 745 652 809 καὶ
679 745 826 800 Θεὸν
846 745 1030 815 ὑμῶν.
1056 747 1232 810 Μόνος
1259 744 1508 815 ἀληθινὸς
1529 744 1681 809 Θεὸς,

142 831 277 900 μόνος
327 832 505 901 σοφὸς,
551 833 710 904 μόνος
760 833 984 902 ἀγαθὸς,
1031 834 1191 906 μόνος
1232 835 1476 900 δυνατὸς,
1525 836 1683 907 μόνος

138 923 254 992 ἔχων
275 923 584 988 ἀθανασίαν.
608 924 954 998 Θορυϐείσθω
985 926 1042 980 δὲ
1077 927 1286 998 μηδεὶς,
1314 928 1449 1000 μηδὲ
1475 945 1682 1000 ταρασ-

139 1014 288 1070 σέσθω
334 1015 429 1085 τὴν
470 1016 731 1084 διάνοιαν.
769 1019 846 1071 Οὐ
883 1018 992 1089 γὰρ
1029 1019 1116 1071 ἐπ’
1143 1019 1420 1092 ἀναιρέσει
1461 1021 1561 1090 τῆς
1588 1019 1682 1074 τοῦ

137 1107 441 1176 Μονογενοῦς
489 1106 766 1178 θεότητος,
816 1109 851 1181 ἢ
895 1098 997 1178 τῆς
1036 1110 1252 1180 σοφίας,
1291 1112 1324 1183 ἢ
1355 1112 1451 1182 τῆς
1483 1112 1685 1166 ἀθανα-

1784 755 1956 825 isipse
1986 757 2057 811 sit
2083 756 2351 822 Uuigeuiti
2374 771 2588 827 qucque
2611 757 2769 819 Deus,
2794 769 2860 809 ex
2887 753 3055 823 ipsius
3075 751 3368 807 Salvatoris

1781 849 2126 903 confessione
2153 858 2322 918 patet.
2342 848 2475 902 Nam
2506 847 2674 913 Vada,
2695 845 2971 914 inquit,ad
3000 844 3166 898 Deum
3196 857 3367 897 meum

1788 946 1839 990 et
1873 938 2035 991 Deum
2079 950 2303 995 vestrum
2334 939 2400 988 ".
2439 939 2598 994 Solus
2623 954 2782 991 verus
2835 937 2973 989 Deus
2991 934 3062 1001 “,
3096 932 3243 988 solus
3281 946 3368 986 sa-

1783 1029 1937 1097 piens
1964 1031 2032 1095 ⁹²,
2057 1032 2205 1085 solus
2229 1029 2481 1097 bonus",
2511 1030 2657 1085 solus
2686 1039 2875 1098 potens
2891 1027 2960 1092 ",
2985 1025 3133 1081 solus
3164 1026 3373 1081 habenti

393 1124 441 1214 fi
489 1116 766 1214 ξἐόῖτξτοςν
816 1116 851 1181 ἢ
1036 1116 1260 1214 σξφίαςῖ
1291 1116 1324 1183 ἢ
1355 1116 1451 1214 τῆς
1483 1116 1685 1214 ἀθανα-
1782 1120 2329 1176 immortalitatem".
2360 1122 2549 1187 Nemo,
2587 1136 2806 1192 quaeso,
2838 1121 3018 1175 animo
3047 1116 3373 1172 tumultuoso

297 1199 327 1268 ἦ
359 1200 458 1307 fit;
483 1199 819 1307 ἀγαθότητος
870 1199 1135 1272 χρῴμεθα
1176 1203 1290 1265 τοῖς
1335 1202 1645 1273 εἰρημένοις
1665 1242 1681 1268 ,

1882 1222 2141 1268 :ommoto
2173 1214 2288 1268 hac
2313 1214 2570 1282 excipiat,
2607 1227 2767 1267 nemo
2798 1214 2848 1265 in
2880 1219 3060 1265 mente
3091 1208 3373 1278 perturbe-

136 1291 231 1346 ἀλλ’
252 1294 336 1345 ἐπὶ
358 1292 631 1363 διακρίσει
673 1292 776 1363 τῆς
807 1293 900 1345 τοῦ
930 1293 1147 1364 Πατρὸς
1180 1294 1478 1365 ὑπεροχῆς.
1516 1294 1684 1348 Μονο-

1882 1341 1897 1356 .
1918 1303 2105 1374 Neque
2128 1306 2272 1359 enim
2300 1306 2421 1359 ideo
2451 1304 2551 1359 hoc
2581 1304 2749 1358 allato
2777 1317 3029 1358 sermone
3052 1315 3239 1355 sumus
3267 1299 3371 1363 usi,

135 1387 245 1490 τενῇ
284 1386 376 1458 μὲν
424 1386 538 1489 ιζάρ
576 1385 950 1457 ὁμολογοῦμεν
995 1385 1129 1439 θεὸν
1179 1387 1274 1440 καὶ
1333 1386 1427 1440 τὸν
1482 1387 1688 1461 Κύριον

1896 1397 2170 1466 Unigeniti
2223 1398 2598 1462 divinitatem,
2633 1397 2720 1451 vel
2765 1395 3108 1470 sapientiam,
3141 1393 3226 1449 vel
3277 1393 3374 1448 im-

139 1477 266 1548 ἡμῶν
306 1476 528 1549 Ἰησοῦν,
560 1477 836 1549 ἄφθαρτον
862 1478 960 1532 καὶ
1005 1477 1296 1549 ἀθᾴνατον,
1323 1478 1508 1548 σοφὸν,
1546 1479 1686 1549 ἀγα-

1882 1487 2202 1555 rtalitatem,
2254 1489 2339 1543 vel
2411 1488 2704 1545 bonitatem
2763 1464 3105 1549 tolleremus,
3160 1482 3256 1539 sed
3309 1481 3377 1535 ad

135 1569 228 1622 θόν.
276 1569 407 1623 Ἀλλ’
456 1571 631 1638 αὐτῆς
681 1586 745 1638 γε
785 1570 884 1640 τῆς
933 1571 1266 1635 συστάσεως.
1317 1571 1412 1624 καὶ
1463 1571 1686 1636 παντὸς,

1882 1580 2179 1634 endendam
2238 1579 2598 1635 differentiam
2661 1588 2910 1649 respectu
2960 1575 3378 1647 prmeminentiae

136 1662 250 1735 ὅπερ
268 1663 398 1726 ἐστὶ,
430 1662 524 1716 τὸν
554 1661 778 1732 Πατέρα
801 1661 983 1732 φαμὲν
1015 1662 1208 1727 αἴτιον,
1233 1663 1333 1716 οὐκ
1359 1660 1553 1733 ἔχοντα
1581 1662 1683 1734 τῆς

1882 1671 1991 1725 .ris.
2027 1672 2239 1726 Etenim
2272 1671 2611 1741 unigenitum
2647 1671 2970 1725 confitemur
2997 1669 3162 1722 Deum
3194 1674 3249 1728 et
3275 1664 3377 1719 Do-

137 1753 250 1818 ιδίας
270 1755 451 1818 οὐσίας
478 1754 512 1825 ἢ
536 1755 636 1825 τῆς
662 1752 998 1824 ἀγαθότητος
1042 1751 1214 1806 αἴτιον
1256 1751 1332 1816 ὡς
1368 1753 1681 1824 ἀγέννητον,

1882 1777 2002 1814 num
2060 1773 2304 1816 nostrum
2349 1760 2531 1816 Jesnm
2567 1760 2866 1823 Christum,
2918 1754 3379 1827 incorruptibilem

139 1844 310 1917 ταύτην
330 1848 460 1917 ἡμῖν
488 1846 842 1919 παρεχόντων
878 1845 979 1917 τὴν
1012 1843 1224 1899 ἔννοιαν
1258 1843 1369 1906 τῶν
1396 1845 1689 1918 προτεθένέ

1882 1852 2257 1914 immortalem,
2278 1853 2603 1921 sapientem,
2630 1853 2849 1906 bonum.
2884 1848 2988 1905 Sed
3014 1848 3172 1917 hujus
3206 1846 3380 1916 ipsius

310 2026 322 2039 .
360 2026 372 2040 .
1197 2026 1210 2040 .
1793 1945 2179 2009 consistentia),
2220 1945 2446 2014 ejusqne
2501 1944 2553 1999 in
2605 1944 2917 1998 universum
2964 1940 3239 2010 quodest,
3280 1938 3378 1999 Pa.

138 2034 250 2080 trem
275 2026 498 2082 dicimus
530 2042 654 2083 esse
694 2042 938 2092 causam,
998 2041 1121 2081 cum
1196 2026 1315 2095 ipse
1343 2043 1456 2084 suae
1482 2032 1731 2088 essentia:
1762 2042 1816 2087 et
1842 2035 2102 2089 bonitatis
2129 2035 2329 2089 nullam
2357 2035 2554 2089 habeat
2576 2049 2819 2095 causam,
2859 2039 3045 2101 utpote
3090 2028 3380 2100 ingenitus,

138 2124 253 2178 sicut
272 2137 329 2177 ea
358 2141 474 2194 qua:
509 2127 658 2192 prius
690 2134 814 2178 sunt
848 2123 1142 2194 proposita,
1204 2126 1368 2178 menti
1422 2136 1622 2183 nostra:
1656 2128 1954 2200 ingenitum
1980 2131 2435 2188 considerandum
2464 2129 2849 2184 exbibuerunt.

192 2307 269 2363 22.
295 2308 500 2362 Οὔκουν
530 2311 578 2362 εί
610 2308 768 2380 μόνος
796 2309 894 2380 μὲν
914 2308 1168 2380 ἀληθινὸς
1197 2311 1225 2363 ὁ
1241 2309 1374 2374 Θεὸς
1399 2311 1492 2365 καὶ
1510 2312 1695 2382 σοφὸς,

1883 2310 1978 2373 92.
2017 2307 2134 2363 Non
2194 2306 2379 2378 igitur,
2425 2305 2691 2375 siquidem
2735 2301 2884 2359 solus
2931 2301 3046 2372 ipse
3086 2307 3171 2354 est
3224 2312 3383 2353 verus

140 2400 294 2472 ἐπειδὴ
323 2402 413 2454 καὶ
447 2401 610 2472 μόνος
639 2400 955 2471 ἀγέννητος,
985 2400 1280 2472 μονογενὴς
1313 2400 1474 2465 Υἱὸς,
1505 2402 1696 2474 ἐπειδὴ

1882 2418 1966 2466 us,
2001 2411 2057 2456 et
2106 2400 2347 2468 sapiens,
2396 2408 2583 2466 utpote
2627 2395 2719 2467 qui
2763 2394 2910 2451 solus
2948 2401 3032 2447 est
3077 2390 3380 2462 ingenitus,

141 2490 273 2560 μόνος
308 2492 605 2560 ἀγεννήτου
651 2490 921 2560 γέννημα,
958 2490 1061 2543 οὐκ
1100 2488 1167 2542 ἂν
1206 2490 1263 2543 δέ
1294 2507 1348 2543 τι
1393 2490 1555 2561 μόνον
1584 2492 1694 2561 εἴη,

139 2584 586 2655 κοινοποιουμένης
628 2581 766 2654 πρὸς
800 2582 990 2653 ἕτερον
1020 2581 1091 2634 δι’
1130 2583 1425 2653 ὁμοιότητα
1462 2586 1563 2655 τῆς
1605 2582 1701 2650 φύ-

140 2688 272 2737 σεως.
308 2675 424 2747 Χρὴ
450 2675 636 2738 τοίνυν
658 2673 756 2746 τὴν
789 2674 909 2727 κατ’
935 2672 1120 2738 οὐσίαν
1156 2674 1448 2744 ὁμοιότητα
1478 2672 1697 2726 ἀνελόν-

1796 2494 2107 2565 unigenittts
2152 2490 2347 2556 Filius,
2383 2489 2475 2560 qui
2513 2487 2665 2542 solus
2707 2496 2790 2541 est
2825 2483 3045 2552 ingeniti
3080 2481 3382 2553 progenies,

1794 2599 2033 2654 unquam
2089 2596 2213 2637 esse
2269 2581 2445 2635 solum
2501 2578 2631 2647 quid
2685 2584 3227 2647 potest,pr0pterea
3261 2572 3384 2641 quia

1796 2675 1915 2742 ejus
1945 2682 2141 2728 natura
2186 2672 2257 2725 ob
2304 2669 2714 2725 similitudinem
2743 2683 2866 2721 cum
2909 2666 3088 2734 aliquo
3132 2663 3301 2716 altero
3327 2661 3389 2715 fit

138 2779 230 2828 τες,
278 2768 372 2836 τὴν
411 2767 469 2820 δὲ
507 2765 605 2818 τοῦ
643 2764 774 2818 Υίοῦ
818 2764 954 2836 πρὸς
999 2764 1093 2817 τὸν
1147 2765 1367 2836 Πατέρα
1412 2765 1694 2836 δεξάμενοι

1884 2765 2123 2818 nmunis.
2158 2760 2395 2816 Necesse
2428 2760 2592 2830 igitur
2637 2767 2742 2820 est.
2782 2768 2841 2811 ut
2871 2757 3083 2810 sublata
3117 2754 3264 2809 omni
3298 2766 3387 2807 se-

141 2856 259 2925 κατὰ
301 2857 388 2911 τὸν
441 2860 644 2911 οἰκεῖον
676 2857 856 2924 λόγον,
892 2859 973 2920 είς
1009 2856 1106 2909 ἕνα
1153 2857 1248 2910 καὶ
1288 2857 1448 2928 μόνον
1480 2856 1697 2929 ἀληθῶς

140 2949 323 3018 ὲνάγειν
357 2951 453 3022 τὴν
474 2950 588 3003 τῶν
624 2950 841 3004 πάντων
873 2947 1054 3001 αἰτίαν
1095 2965 1156 3001 τε
1193 2948 1290 3001 καὶ
1323 2949 1522 3019 ἀρχὴν,
1565 2950 1696 3001 ὐπο-

138 3042 438 3112 ςεταγμένου
478 3040 686 3112 δηλαδὴ
720 3040 815 3094 τοῦ
853 3038 985 3092 Υἱοῦ
1011 3038 1089 3109 τῷ
1112 3038 1312 3111 Πατρὶ,
1348 3041 1447 3112 τὴν
1481 3039 1538 3092 δὲ
1570 3039 1699 3111 περὶ

138 3131 313 3189 τούτων
333 3134 540 3190 ἔννοιαν
578 3132 820 3206 ἀκριϐῶς
850 3133 1324 3202 διακαθαίροντας,
1357 3132 1451 3185 καὶ
1478 3133 1570 3185 τὸν
1599 3135 1699 3204 τῆς

139 3225 386 3299 ἐνεργείας
408 3227 614 3298 τρόπον
640 3226 741 3279 οὐκ
769 3222 1108 3296 ἀνθρώπειον
1158 3221 1400 3292 νομίζειν
1420 3261 1435 3285 ,
1480 3221 1696 3293 εὐμαρῆ

138 3314 183 3370 δὲ
226 3320 311 3373 καὶ
353 3320 533 3374 θεῖον⁸
581 3316 730 3372 οὗτοι
790 3316 1059 3389 μερισμὸν
1108 3315 1142 3386 ἢ
1196 3313 1411 3385 κίνησίν
1445 3331 1569 3367 τινα
1596 3312 1700 3381 τῆς

139 3412 301 3477 οὐσίας
345 3413 443 3485 τὴν
500 3413 788 3483 ἐνέργειαν
843 3408 1211 3480 ἡγουμένους,
1264 3409 1407 3480 ἆπερ
1463 3408 1699 3461 ἐπινοεῖν

140 3507 401 3574 ἀναγκαῖον
426 3508 556 3570 τοὺς
588 3503 969 3574 ὐπαγομένους
992 3505 1107 3565 τοῖς
1134 3500 1402 3574 Ἐλλήνων
1430 3500 1701 3570 σοφίσμα-

142 3612 230 3661 σιν,
259 3597 518 3651 ένούντων
544 3597 611 3666 τῇ
638 3593 797 3665 οὐσίᾳ
822 3592 919 3663 τὴν
965 3591 1266 3663 ἐνέργειαν,
1302 3590 1396 3644 καὶ
1429 3590 1518 3666 διὰ
1553 3590 1700 3643 τοῦθ’

141 3656 240 3758 ἅμα
269 3690 361 3760 μὲν
383 3688 462 3761 τῷ
494 3656 618 3758 Θεῷ
661 3685 753 3739 τὸν
771 3656 1001 3755 ’κόσμον
1026 3656 1500 3752 ἀποφαινομένιόν,
1541 3681 1694 3735 οὐδὲν

140 3778 185 3832 δὲ
230 3780 417 3849 μᾶλλον
470 3781 542 3833 ὲκ
586 3777 779 3832 τούτου
829 3776 930 3849 τὴν
986 3773 1218 3828 ἀτοπίαν
1271 3773 1692 3842 διαφευγόντων.

150 3872 321 3944 Ἐχρῆν
350 3874 456 3945 γάρ
494 3888 579 3925 τοι
622 3869 759 3941 πρὸς
803 3867 904 3940 τὴν
936 3864 1038 3936 τῆς
1081 3863 1441 3937 δημιουργίας
1490 3863 1700 3919 παῦλαν

142 3967 421 4031 ἀπιδόντας,
471 3964 638 4037 μηδὲν
676 3961 814 4033 πρὸς
854 3958 951 4030 τὴν
998 3959 1174 4031 ἀρχὴν
1213 3955 1517 4012 ἀνανεύειν.
1564 3955 1701 4009 Οὐδὲ

142 4059 235 4129 γὰρ
276 4057 606 4131 ἀντιλήξειεν
645 4052 759 4126 (41)
792 4053 873 4116 είς
901 4050 1054 4114 τέλος
1082 4049 1157 4122 μὴ
1191 4050 1284 4103 ἀπ’
1319 4049 1493 4119 ἀρχῆς
1519 4045 1701 4119 ὁρμώ-

146 4166 304 4219 μενον.

1798 2855 2032 2909 cundum
2057 2852 2418 2907 substantiam
2442 2849 2822 2915 similitudine,
2849 2848 3086 2902 admissa
3115 2856 3293 2899 autem
3323 2857 3385 2896 ea

1798 2961 1965 3017 quam
2012 2945 2182 2999 Filius
2244 2949 2495 3012 respectu
2535 2941 2713 2996 Patris
2762 2935 2963 2995 habere
2993 2946 3187 3007 potest,
3219 2934 3307 2987 uni
3335 2941 3390 2987 et

1799 3036 1899 3092 soli
1926 3051 2054 3090 vere
2099 3035 2208 3090 Deo
2253 3034 2410 3104 juxta
2464 3032 2744 3103 propriqu
2789 3043 3097 3084 sermonem
3144 3025 3386 3079 omnium

1800 3145 1921 3200 quae
1949 3143 2178 3198 usquam
2204 3136 2331 3182 sunt
2364 3141 2544 3180 rerum
2590 3138 2810 3179 causam
2843 3133 2898 3176 et
2929 3119 3250 3191 principium
3291 3115 3391 3170 tri-

1799 3221 2070 3274 buamus:
2104 3219 2360 3289 quoniam
2413 3200 2666 3273 videlicet
2717 3214 2881 3270 etiam
2942 3213 3056 3283 ipse
3101 3210 3269 3265 Filius
3319 3209 3391 3262 sit

1800 3312 2076 3382 subjectus
2128 3309 2294 3372 Patri,
2331 3317 2497 3376 utque
2551 3321 2683 3376 pura
2737 3304 2961 3358 omnino
3007 3302 3092 3356 his
3130 3300 3184 3354 in
3221 3299 3384 3353 rebus

1801 3412 1982 3458 mente
2014 3411 2317 3466 versantes,
2347 3400 2510 3454 etiam
2538 3398 2752 3470 modum
2778 3394 3110 3465 operationis
3131 3392 3201 3445 ab
3233 3390 3383 3447 omni

1803 3495 2083 3551 hominum
2114 3493 2431 3548 conditione
2470 3490 2703 3544 alienum
2743 3497 3024 3558 putemus,
3064 3485 3273 3538 facilem
3304 3490 3390 3536 ta-
3463 3536 3479 3559 ‘

1806 3602 1931 3642 men
1962 3594 2017 3641 et
2045 3586 2311 3640 divinum.
2342 3582 2458 3637 Non
2493 3595 2648 3645 sane,
2670 3580 2824 3648 quasi
2872 3577 3201 3631 arbitremur
3230 3572 3392 3644 parti-

1809 3677 1953 3731 tione
1981 3684 2076 3729 aut
2106 3684 2252 3728 motu
2281 3673 2515 3743 quodam
2560 3668 2756 3723 factam
2785 3681 2906 3722 esse
2930 3664 3076 3719 illaut
3113 3662 3390 3731 operatio-

1802 3783 1924 3822 nem
1955 3762 2427 3836 :cujnsmodiquid
2452 3774 2670 3815 necesse
2684 3756 3141 3827 habentcogitare
3170 3754 3270 3813 illi.
3301 3753 3393 3822 qni

1802 3856 2116 3912 Gratcorum
2165 3852 2393 3924 argutiis
2423 3851 2788 3922 operationem
2812 3846 3065 3902 essentia;
3088 3843 3394 3900 unientium

1805 3960 1970 4020 atque
2003 3947 2121 4002 ideo
2144 3946 2399 4000 mundum
2414 3945 2526 3998 Deo
2541 3942 2881 3999 coexstitisse
2895 3940 3210 4002 dicentium,
3225 3950 3397 4005 neque

1804 4043 1909 4096 hoc
1938 4041 2054 4110 ipso
2071 4039 2459 4094 absurditatem
2476 4035 2819 4105 fugientium,
2842 4042 2968 4087 sunt
2989 4029 3398 4102 pellecti.0por«

1732 4128 1775 4182 Ι)
1805 4133 2118 4187 teretenim
2162 4132 2307 4201 ipsos
2349 4129 2689 4199 respiciendo
2729 4129 2796 4181 ad
2844 4125 3203 4181 cessationem
3242 4137 3398 4177 crea-

145 4213 304 4306 iionis,
340 4250 683 4309 nequaquam
728 4233 999 4303 principio
1039 4246 1159 4284 eam
1197 4242 1488 4295 equnare
1523 4223 1853 4280 extollendo.
1920 4219 2067 4276 Fieri
2125 4219 2271 4276 enim
2320 4233 2429 4273 non
2494 4225 2671 4289 potest
2699 4226 2756 4272 ut
2788 4215 2898 4271 fine
2943 4214 3127 4286 aliquo
3189 4213 3400 4269 desinat

145 4348 267 4400 esse,
291 4334 428 4403 quod
459 4346 567 4386 non
599 4330 667 4384 ab
695 4327 878 4397 aliquo
903 4322 1170 4396 principio
1198 4323 1364 4389 coepit
1387 4334 1529 4373 esse.

201 4510 282 4565 25.
331 4508 473 4564 Ἀλλ’
515 4498 663 4561 οὗτοι
712 4503 809 4575 μὲν
852 4500 980 4573 μήθ’
1021 4496 1361 4568 ὑγιαίνουσιν
1410 4493 1708 4566 ὀφθαλμοῖς

148 4601 232 4672 τὴν
275 4602 378 4656 τῶν
428 4601 602 4655 ὅντων
658 4592 1128 4664 κατανενοηκότες
1182 4588 1450 4661 διαφορὰν
1478 4627 1492 4652 ,
1571 4588 1709 4658 μήτε

150 4693 320 4748 δίκαιοι
349 4693 537 4765 κριταὶ
577 4688 864 4759 γενόμενοι
911 4684 1020 4737 τῶν
1051 4682 1416 4755 πραγμάτων,
1449 4678 1713 4748 ἀφιέσθω-

154 4800 263 4837 σανο
298 4784 383 4838 διὰ
414 4782 705 4838 κακόνοιαν
738 4771 1186 4845 ἐπικρυπτούσης
1229 4769 1414 4832 αὐτοῖς
1442 4766 1540 4838 τὴν
1578 4765 1709 4836 ἀλή-

152 4870 279 4927 θειαν
308 4873 405 4943 τῆς
434 4873 611 4941 δίκης.
645 4868 837 4937 Ἡμεῖς
872 4863 929 4918 δὲ
957 4859 1099 4916 κατά
1145 4858 1215 4912 τὰ
1271 4856 1452 4929 μικρῷ
1478 4854 1712 4929 πρόσθεν

156 4964 367 5035 ρηθέντα
394 4964 494 5036 τὴν
527 4961 812 5035 ἐνέργειαν
845 4959 910 5012 ἐκ
939 4955 1049 5008 τῶν
1083 4953 1261 5035 ἔργων
1283 4950 1581 5020 κρίνοντες,
1612 4947 1714 5000 οὐκ

155 5054 367 5123 ἀσφαλὲς
387 5040 757 5125 οἰόμεθαδεῖν
790 5044 944 5101 ἑνοῦν
972 5046 1041 5116 τῇ
1079 5042 1258 5112 οὐσίᾳ,
1283 5040 1383 5111 τὴν
1417 5038 1514 5108 μὲν
1548 5038 1714 5107 ἀναρ-

155 5156 237 5211 χον
262 5142 428 5214 ἁπλῆν
458 5158 520 5194 τε
554 5139 648 5193 καὶ
675 5134 1033 5206 ἀτελεύτητον
1067 5131 1290 5200 εἰδότες,
1324 5128 1423 5200 τὴν
1471 5127 1529 5180 δὲ
1562 5127 1713 5199 ἐνέρ-

156 5242 291 5296 γειαν
303 5231 399 5284 οὐκ
411 5231 670 5301 ἄναρχον.
683 5221 761 5280 Ἦ
777 5224 888 5299 γὰρ
906 5223 972 5281 ἂν
1002 5219 1071 5295 ἦν
1089 5221 1184 5276 καὶ
1197 5220 1259 5274 τὸ
1277 5218 1438 5292 ἔργον
1453 5217 1709 5288 ἄναρχον,

1881 4483 1976 4538 25.
2020 4480 2221 4536 Verum
2252 4481 2398 4537 enim
2431 4495 2562 4535 vero
2587 4478 2638 4533 hi
2669 4477 2935 4542 homines,
2969 4492 3090 4531 cum
3117 4475 3289 4530 sciant
3318 4489 3402 4530 re-

1820 4590 1939 4628 rum
1965 4574 2017 4627 in
2035 4583 2227 4627 natura
2243 4571 2621 4627 exsistentium
2640 4568 3022 4634 differentiam,
3052 4566 3403 4622 nihilominus

1810 4668 1997 4722 morbo
2027 4666 2260 4736 quodam
2285 4667 2566 4723 oculorum
2612 4665 2862 4719 laborare
2898 4663 3169 4726 videntur,
3224 4674 3403 4729 neque

1812 4769 1942 4814 sunt
1968 4759 2106 4828 acqui
2147 4774 2326 4813 rerum
2347 4759 2582 4829 jndices.
2622 4756 2920 4811 Facessant
2954 4769 3113 4817 sane,
3152 4755 3428 4821 quando-.

1813 4851 2030 4921 quidem
2061 4852 2235 4921 ipsum
2267 4852 2357 4921 jus
2388 4851 2494 4906 illis
2523 4850 2593 4905 ob
2622 4847 2882 4903 malitiam
2908 4848 3189 4900 veritatem
3221 4844 3402 4900 occul-

1814 4952 1911 4996 tat.
1947 4942 2057 4997 Nos
2111 4954 2291 4998 autem
2325 4944 2620 4999 secundum
2649 4955 2712 4995 ea
2745 4953 2865 5008 quae
2901 4937 3060 5007 paulo
3088 4938 3235 5007 prius
3276 4943 3404 4992 sunt

1812 5034 1977 5101 dicta,
2011 5035 2196 5090 habito
2223 5037 2289 5090 de
2319 5035 2636 5105 operatione
2668 5046 2733 5085 cx
2758 5030 3013 5099 operibus
3037 5028 3262 5098 judicio,
3293 5042 3399 5082 non

1810 5140 2101 5182 censemus
2122 5136 2295 5181 tutum
2336 5141 2460 5183 esse
2493 5125 2636 5180 illam
2675 5123 2751 5177 illi
2790 5122 3043 5176 essentite
3073 5119 3228 5172 unire
3248 5132 3401 5186 opor-

1813 5211 1955 5288 tere;
1985 5236 2112 5278 cum
2140 5222 2383 5278 sciamus
2421 5219 2564 5274 hanc
2605 5216 2723 5272 sine
2765 5212 3054 5286 principio,
3079 5211 3199 5266 sine
3246 5224 3400 5265 com-

220 5499 263 5534 '°
288 5501 437 5556 .loan.
458 5516 551 5567 xx,
583 5499 670 5555 17.
744 5499 788 5531 ⁸⁸
823 5496 978 5552 Joan.
1014 5508 1146 5561 xvii,
1179 5493 1233 5548 5.
1310 5494 1354 5526 "
1384 5490 1403 5545 Ι
1428 5489 1573 5545 Tim.
1600 5505 1639 5556 t,
1671 5488 1757 5545 l7.
1833 5490 1880 5524 "
1913 5489 2103 5547 Matth.
2129 5503 2244 5558 xtx,
2279 5487 2364 5544 l7.
2438 5484 2488 5519 ”
2518 5482 2539 5539 Ι
2569 5481 2712 5541 Tim.
2748 5497 2823 5549 vt,
2865 5481 2951 5537 i6.
3039 5479 3089 5514 "
3118 5474 3251 5535 ibid.
3284 5470 3379 5535 15.

225 5700 330 5767 (ιι)
363 5700 772 5783 ’Δνζιλήξειεκ
807 5699 990 5768 Forte,
1024 5698 1089 5769 ἀν
1118 5715 1168 5753 τι
1197 5695 1426 5771 λήξειεν.
1452 5696 1611 5767 Epit.
