3802 6216
439 287 542 342 859

1403 282 1742 341 APPENDIX
1779 278 2064 338 OPERUM
2109 277 2169 335 S.
2210 276 2453 332 BASILII
2493 274 2730 330 MAGNI.

3593 280 3695 325 σου

437 382 708 474 positione
735 410 790 456 et
811 400 929 455 sine
961 400 1066 454 line
1087 413 1230 454 esse.
1254 399 1407 463 Nam,
1428 401 1472 454 si
1498 409 1643 456 esset
1674 400 1791 455 sine
1819 398 1984 469 princi

2123 392 2237 446 οὔτ’
2263 391 2636 463 ἀτελεύτητον,
2660 391 2781 443 ἐπεὶ
2806 388 2941 460 μηδὲ
2972 380 3084 440 οἷόν
3105 402 3165 439 τε
3197 385 3567 456 παυσαμένων
3592 387 3694 438 τῶν

417 479 550 563 ’ρίο,
580 493 742 547 etiam
774 492 947 560 ipsum
980 505 1117 559 opus
1147 499 1294 545 esset
1321 491 1568 559 principii
1590 505 1805 560 expers,
1837 504 2014 558 neque

436 587 554 639 sine
589 585 694 637 line
725 599 739 635 ι
771 582 1203 650 quandoquidem
1237 583 1349 636 lieri
1374 599 1479 637 non
1518 583 1862 652 potest,quin
1891 597 2012 636 ces-

437 675 682 728 santibus
703 673 964 740 operibus
1004 676 1113 738 Ipsa
1137 688 1350 743 quoque
1372 684 1546 728 cesset
1565 675 1824 742 operatio.
1849 671 2016 729 Valde

435 765 578 818 enim
611 765 812 831 puerile
841 775 893 817 et
939 765 1160 818 infantis
1211 767 1408 821 mentis
1439 775 1524 820 est
1563 767 1823 833 judicium
1864 766 2014 836 inge-

436 859 601 911 nitam
632 869 683 910 et
719 859 823 911 [ine
853 869 1128 912 carentem
1183 860 1366 914 dicere
1421 861 1815 928 operationem,
1851 868 2013 926 atque

432 952 513 1002 sic
545 951 686 1001 iilam
716 967 834 1002 cum
870 952 1100 1004 essentia
1137 969 1298 1005 unam
1336 953 1688 1021 eamdemque
1717 967 1824 1005 rem
1856 967 2008 1015 esse,

431 1056 554 1094 cunt
599 1040 796 1092 nullum
829 1041 986 1108 plane
1028 1057 1164 1107 opus
1214 1044 1329 1097 fieri
1362 1044 1523 1111 possit
1553 1045 1786 1112 ingenite
1812 1053 1862 1097 et
1891 1043 2012 1096 inli-

431 1133 560 1185 nite.
607 1130 662 1182 Si
715 1133 857 1184 eniut
902 1135 1001 1185 hoc
1049 1134 1212 1203 700
1270 1136 1398 1203 quis
1437 1135 1805 1197 aﬂirmaverit,
1837 1135 2005 1189 alter-

431 1233 614 1274 ntrutn
637 1237 699 1275 ex
730 1224 937 1278 duobus
989 1224 1112 1276 inde
1145 1240 1480 1294 consequens
1518 1227 1617 1279 erit
1645 1244 1657 1280 :
1694 1237 1785 1278 aut
1808 1240 2000 1294 opera-

432 1315 630 1364 tionem
671 1311 759 1365 Dei
797 1328 915 1366 esse
951 1314 1067 1367 sine
1098 1315 1329 1376 actione,
1364 1316 1448 1368 vel
1477 1330 1610 1382 opus
1649 1317 1814 1368 etiam
1839 1316 2011 1383 ipsum

429 1401 550 1454 esse
584 1401 903 1468 ingenitum.
940 1401 994 1456 Si
1029 1419 1156 1457 vero
1208 1415 1494 1473 utrumque
1540 1406 1730 1459 ltornm
1767 1406 2008 1460 onmium

430 1491 773 1546 confessione
812 1502 894 1544 est
926 1495 1243 1557 absurdum,
1278 1511 1464 1548 verum
1498 1498 1603 1549 erit
1633 1497 1683 1548 id
1708 1498 1847 1563 quod
1880 1497 2008 1550 reli-

427 1597 592 1649 quum
625 1591 725 1644 est,
758 1583 1006 1638 videlicet
1034 1600 1154 1637 cum
1181 1599 1345 1654 opera
1377 1586 1585 1638 initium
1611 1587 1860 1652 habeant,
1882 1602 2011 1655 ope-

2119 483 2298 556 έργων
2356 485 2634 539 ἄπαυστον
2682 477 2822 534 εἶναι
2873 479 2972 550 τὴν
3036 478 3340 548 ἐνέργειαν.
3389 477 3526 530 Λίαν
3590 476 3694 548 γὰρ

2124 576 2503 648 μειρακιῶδες,
2535 573 2628 627 καὶ⁵
2659 572 2853 644 φρενὸς
2882 571 3103 642 νηπίας,
3135 570 3426 638 ἀγέννητον
3453 569 3548 620 καὶ
3577 569 3693 620 ἀτεο

2115 667 2372 738 λεύτητον
2428 665 2608 734 λέγειν
2660 664 2757 735 τὴν
2805 663 3110 734 ἐνέργειαν,
3165 660 3359 714 ταυτὸν
3414 662 3479 728 τῇ
3538 659 3694 731 οὐσίᾳ

2113 758 2448 828 τιθεμένους,
2475 756 2698 826 μηδενὸς
2726 755 2834 807 τῶν
2865 754 3041 825 ἔργων
3072 752 3384 820 ἀγεννήτως
3412 748 3692 818 γίγνεσθαι

2113 850 2433 920 δυναμένου,
2463 849 2587 918 μήτ’
2617 846 3004 916 ἀτελευτήτως.
3053 845 3147 897 Ἐκ
3175 843 3283 913 γὰρ
3309 841 3512 895 τούτων
3555 859 3692 912 συμ-

2115 942 2286 994 ϐαίνοι
2316 941 2426 1011 (42)
2458 939 2601 992 δυοῖν
2625 939 2870 1008 θάτερον,
2908 936 2940 1007 ἢ
2970 936 3068 1007 τὴν
3098 935 3378 1005 ἐνέργειαν
3412 934 3692 1003 ἄπρακτον

2114 1026 2252 1085 εἶναι
2277 1032 2371 1083 τοῦ
2397 1028 2555 1092 Θεοῦ,
2587 1028 2619 1098 ἢ
2653 1029 2714 1081 τὸ
2746 1028 2904 1098 ἔργον
2938 1026 3250 1096 ἀγέννητον.
3273 1025 3334 1077 Εἰ
3363 1024 3405 1077 δ’
3433 1025 3694 1094 ἑκάτερον

2115 1123 2316 1176 τούτων
2341 1120 2787 1191 ὁμολογουμένως
2819 1119 3040 1183 ἄτοπον,
3093 1115 3292 1187 ἀληθὲς
3338 1116 3398 1168 τὺ
3435 1113 3692 1184 λειπόμε·

2111 1232 2222 1277 νον,
2257 1213 2574 1284 ἀρχομένων
2605 1228 2664 1262 τε
2688 1210 2795 1264 τῶν
2820 1209 3017 1282 ἔργων,
3059 1208 3131 1279 μὴ
3166 1209 3398 1279 ἄναρχον
3429 1203 3570 1260 εἶναι
3595 1207 3693 1278 τὴν

2112 1305 2416 1376 ἐνέργειαν,
2474 1303 2799 1372 παυομένων
2854 1319 2937 1364 τε,
2997 1301 3071 1370 μὴ
3116 1301 3410 1355 ἄπαυστον.
3462 1299 3536 1352 Οὐ
3590 1299 3694 1370 χρὴ

2109 1398 2286 1450 τοίνυν
2339 1394 2694 1465 πειθομένους
2747 1392 2996 1464 γνώμαις
3053 1392 3258 1463 ἐτέρων
3316 1392 3692 1457 ἀνεξετάστοις

2109 1488 2264 1542 ἐνοῦν
2296 1490 2361 1558 τῇ
2414 1485 2570 1556 οὐσίᾳ
2602 1485 2701 1554 τὴν
2747 1485 3049 1555 ἐνέργειαν,
3102 1483 3473 1552 ἀληθεστάτην
3506 1483 3564 1535 δὲ
3601 1481 3693 1534 καὶ

2109 1579 2230 1650 Θεῷ
2277 1576 2739 1650 πρεπωδεστάτην
2777 1575 3058 1646 ἐνέργειαν
3087 1574 3337 1646 ἡγεῖσθαι
3371 1573 3468 1644 τὴν
3502 1572 3693 1642 βούλη-

429 1672 691 1725 rationem
743 1672 905 1726 etiam
962 1690 1064 1726 non
1112 1674 1230 1728 sine
1282 1675 1549 1743 principio
1582 1691 1702 1729 esse
1734 1691 1984 1745 :cutnqtu

2118 1688 2218 1734 σιν,
2263 1668 2542 1741 ἀρκοῦσαν
2584 1667 2723 1738 πρός
2764 1684 2824 1719 τε
2866 1667 2928 1719 τὸ
2971 1663 3110 1720 εἶναι
3163 1667 3256 1719 καὶ
3303 1664 3576 1730 σώζεσθαι
3627 1663 3692 1717 τὲ

427 1772 658 1824 cessent,
693 1767 936 1817 eamdem
967 1767 1128 1817 etiam
1171 1781 1275 1818 non
1309 1781 1498 1820 carere
1528 1765 1651 1820 ﬁne.
1674 1765 1788 1820 Non
1826 1767 2005 1834 itaque

426 1855 577 1907 decet
609 1870 706 1908 nos
727 1855 958 1908 aliorum
986 1858 1275 1913 sententiis
1298 1860 1480 1911 statim
1513 1869 1802 1928 antequam
1834 1860 2004 1928 probe

423 1945 825 2010 examinentur,
885 1945 1041 1999 ﬁdem
1083 1949 1303 2009 habere,
1329 1958 1381 2002 et
1424 1950 1496 2002 ita
1529 1950 1778 2004 essentia
1805 1967 2003 2018 opera-

426 2032 622 2086 tionem
681 2035 863 2096 uuire;
899 2036 990 2088 sed
1027 2036 1342 2090 existimare
1375 2037 1517 2106 quod
1556 2038 1669 2090 haec
1711 2037 1994 2092 verissima

2111 1764 2308 1825 πάντα,
2347 1759 2730 1832 μαρτυρούσης
2755 1758 2850 1812 καὶ
2878 1758 3221 1830 προφητικῆς
3245 1759 3452 1827 φωνῆς’
3488 1757 3694 1811 Πάντα

2103 1855 2213 1925 γὰρ
2267 1853 2386 1906 ὅσα
2434 1851 2759 1920 ἠθέλησεν,
2801 1850 3112 1917 ἐποίησεν.
3155 1849 3229 1903 Οὐ
3275 1849 3386 1919 γὰρ
3414 1845 3692 1906 ἐπιδέεται

2102 1961 2247 2007 τινος
2280 1943 2417 2015 πρὸς
2460 1942 2556 2013 τὴν
2598 1935 2674 1994 ὧν
2707 1940 2955 2010 βούλεται
2995 1940 3278 2006 σύστασιν,
3309 1939 3423 1993 ἀλλ’
3469 1939 3590 2009 ἅμα
3632 1953 3692 1991 τε

2107 2035 2372 2107 βούλεται,
2395 2033 2490 2087 καὶ
2530 2033 2751 2102 γέγονεν
2779 2034 2915 2103 ὅπερ
2944 2033 3229 2104 ἠθέλησεν.

426 2123 640 2193 Deoque
671 2128 1180 2182 convenientissima
1207 2130 1277 2182 sit
1314 2130 1577 2196 Operatio,
1608 2129 1860 2183 nimirum
1897 2130 2163 2190 voluntas,
2191 2142 2310 2198 qua:
2361 2127 2504 2180 valet
2563 2135 2614 2181 et
2677 2125 2950 2180 sulliciens
3006 2136 3088 2179 est
3120 2127 3184 2177 ad
3227 2139 3408 2178 rerum
3438 2123 3687 2177 omnium

424 2225 533 2270 lum
570 2221 865 2272 essentiam
926 2229 1036 2271 tum
1075 2223 1578 2283 conservationem,
1615 2231 1846 2275 testante
1899 2222 2000 2274 Itoc
2041 2221 2213 2289 ipsum
2250 2219 2411 2274 etiam
2447 2233 2580 2272 voce
2610 2219 2922 2287 prophetica
2956 2237 2968 2272 :
2998 2217 3186 2272 Omria
3238 2219 3383 2270 enim
3437 2233 3688 2286 quiscun-

416 2325 517 2378 que
540 2309 725 2373 voluit,
751 2312 870 2378 {erit
899 2309 1110 2365 ".‘Nou
1145 2314 1285 2366 enim
1323 2315 1428 2366 ulla
1469 2329 1525 2367 re
1567 2315 1770 2382 indiget
1803 2313 1868 2366 ad
1935 2328 2124 2370 earum
2174 2327 2378 2376 rerum,
2446 2325 2581 2389 quas
2619 2324 2740 2364 esse
2817 2309 2958 2377 vult,
3022 2309 3450 2374 consistentiam,
3485 2309 3580 2362 sed
3612 2308 3676 2361 si-

419 2401 695 2470 mulatque
721 2405 851 2468 vult,
881 2405 1128 2458 consistit
1150 2407 1313 2459 etiam
1354 2407 1710 2476 quodcunque
1747 2405 1936 2465 voluit.

407 2613 445 2634 ,ι
488 2576 578 2631 ει.
613 2578 874 2646 Quocirca
907 2581 1172 2650 siquidem
1203 2586 1378 2642 oratio
1400 2597 1585 2642 nostra
1615 2589 1725 2657 jam
1756 2588 1995 2644 ostendit

415 2667 744 2724 voluntatem
772 2686 891 2726 esse
922 2675 1694 2746 operationem,operationem
1732 2695 1860 2735 vero
1887 2697 1991 2734 non

415 2772 536 2813 esse
577 2764 866 2817 essentiam
901 2779 916 2813 :
963 2781 1196 2835 cumque
1251 2769 1565 2839 Unigenitus
1602 2773 1774 2825 subsit
1804 2772 1993 2826 volun-

419 2851 512 2904 tati
541 2849 720 2908 Patris
757 2870 861 2908 non
895 2859 960 2911 ad
993 2861 1308 2926 essentiam,
1341 2861 1434 2916 sed
1459 2863 1847 2931 operationem,
1874 2879 1993 2932 quae

416 2949 470 2993 et
495 2940 607 3010 ipsa
636 2952 718 2997 est
741 2945 990 3001 voluntas
1022 2966 1036 3003 :
1069 2965 1291 3004 necesse
1313 2958 1394 3004 est
1418 2963 1476 3005 ut
1511 2950 1679 3005 Filius
1708 2954 1846 3007 hanc
1876 2969 1992 3007 ser-.-

417 3041 506 3084 vet
560 3044 616 3088 et
659 3044 838 3090 teneat
869 3038 1300 3094 sintilittulinem.
1341 3041 1492 3097 Unde
1519 3040 1630 3109 jam
1659 3059 1838 3112 porro,
1867 3061 1988 3098 eum

414 3124 698 3178 commode
734 3141 797 3180 eo
829 3131 1207 3196 provehantur,
1239 3143 1418 3187 tenere
1451 3149 1546 3188 nos
1571 3143 1780 3204 oportet
1809 3152 1988 3190 veram

413 3228 630 3283 quoque
680 3221 966 3284 rationem,
997 3237 1097 3275 cur
1147 3223 1324 3294 imago
1368 3226 1600 3281 dicatur.
1634 3226 1752 3296 Ipse
1801 3233 1990 3284 beatus

414 3299 611 3358 Paulus
648 3309 917 3373 exposuit,
960 3311 1144 3366 dicens
1175 3332 1188 3367 :
1225 3313 1330 3378 Qui
1373 3325 1446 3368 est
1479 3317 1650 3385 imago
1682 3317 1774 3370 Dei
1807 3319 1992 3371 invisi.

414 3390 565 3458 bih’s,
598 3398 971 3469 primogenita:
1024 3406 1192 3459 omnis
1249 3418 1540 3472 creaturm,
1601 3410 1724 3478 quia
1779 3411 1835 3463 in
1876 3412 1987 3477 ipso

412 3497 585 3541 creata
625 3502 742 3543 sum
791 3495 1120 3558 omnia,tam
1163 3514 1279 3566 qum
1322 3499 1378 3551 in
1420 3501 1546 3552 σωΙο
1591 3518 1748 3570 quam
1781 3519 1899 3572 qua?
1931 3486 1997 3555 in.

413 3587 554 3631 terra
582 3591 723 3645 sunt,
766 3585 992 3638 visibilia
1019 3597 1066 3640 et
1095 3579 1453 3648 invisibilia".
1491 3591 1637 3646 llanc
1669 3594 1736 3647 ob
1768 3609 1984 3648 causam

409 3678 494 3724 est
521 3671 718 3742 imago.
743 3673 935 3730 Omnia
967 3695 1092 3733 vero
1121 3697 1240 3750 quae
1265 3685 1316 3734 in
1345 3684 1460 3752 ipso
1492 3695 1673 3738 creata
1712 3697 1859 3751 sunt,
1880 3703 1983 3741 una

345 3787 352 3794 -
409 3773 531 3812 cum
557 3775 620 3813 eo
649 3763 738 3830 qui
775 3765 1162 3833 primogenitus
1210 3771 1430 3837 dicitur,
1467 3788 1571 3825 non
1610 3783 1759 3828 certe
1787 3775 2020 3844 ingeni-'

413 3859 536 3903 tam.
566 3855 855 3918 quamdam
918 3861 1208 3912 essentiam
1246 3871 1454 3916 notant.
1490 3862 1604 3917 Non
1628 3866 1770 3918 enim
1795 3881 1980 3920 eorum

2164 2577 2255 2631 2L
2289 2575 2498 2629 Οὐκοῦν
2532 2576 2581 2628 εἰ
2603 2574 2701 2646 τὴν
2736 2574 2834 2645 μὲν
2864 2572 3118 2644 βούλησιν
3147 2569 3430 2636 ἀπέδειξεν
3455 2573 3484 2625 ὁ
3527 2571 3683 2642 λόγος

2096 2669 2400 2741 ἐνέργειαν,
2435 2668 2537 2720 οὐκ
2566 2665 2754 2720 οὐσίαν
2795 2666 2852 2718 δέ
2890 2667 2990 2737 τὴν
3031 2666 3335 2735 ἐνέργειαν,
3378 2664 3591 2734 ὑπέστη
3631 2665 3682 2717 δὲ

2098 2758 2349 2830 βουλήσει
2385 2757 2480 2810 τοῦ
2528 2755 2745 2827 Πατρὺς
2773 2756 2800 2807 ὁ
2831 2753 3160 2824 Μονογενὴς,
3196 2755 3258 2806 οὐ
3304 2753 3440 2824 πρὸς
3466 2751 3565 2823 τὴν
3591 2753 3654 2806 οὐ

2095 2849 2240 2914 σίαν,
2269 2849 2405 2921 πρὸς
2429 2849 2486 2901 δὲ
2514 2847 2610 2918 τὴν
2645 2847 2950 2919 ἐνέργειαν.
2985 2849 3109 2916 ἥτις
3139 2847 3256 2899 ἐστὶ
3277 2847 3371 2899 καὶ
3402 2845 3680 2916 βούλησις·

2095 2941 2405 3005 ἀποσώζειν
2429 2940 2528 3011 τὴν
2542 2939 2836 3009 ὁμοιότητα
2850 2938 2942 2992 τὸν
2967 2937 3096 2990 Υἱὸν
3129 2939 3442 3004 ἀναγκαῖον.
3491 2939 3582 3003 Ἐξ
3607 2931 3679 2990 ὧν

2095 3033 2542 3102 προσαγομένους
2575 3031 2657 3083 δεῖ
2677 3032 2768 3082 τὸν
2802 3029 2976 3099 ἀληθῆ
3011 3030 3110 3100 τῆς
3155 3030 3363 3092 εἰκόνος
3394 3028 3678 3092 διασώζειν

2092 3125 2272 3192 λόγον.
2301 3125 2476 3186 Αὐτὸς
2505 3125 2533 3176 ὁ
2567 3121 2834 3193 μακάριος
2858 3121 3070 3184 Παῦλος
3101 3119 3424 3190 ἐξηγήσατο,
3454 3119 3626 3173 εἰπών
3662 3137 3677 3151 ·

2091 3213 2201 3279 ⁸’ος
2239 3213 2412 3266 ἐστιν
2451 3211 2634 3264 εἰκὼν
2665 3210 2770 3263 τοῦ
2813 3208 2962 3262 Θεοῦ
2991 3209 3096 3263 τοῦ
3126 3209 3404 3277 ἀοράτου,
3449 3210 3679 3276 πρωτό-

2091 3320 2268 3370 τοκος
2314 3302 2519 3369 πάσης
2555 3302 2829 3367 κτίσεως,
2875 3301 2963 3353 ὅτι
3010 3302 3078 3354 ὲν
3119 3301 3281 3364 αὐτῷ
3327 3301 3578 3368 ἐκτίσθη
3611 3301 3680 3356 τὰ

2089 3396 2306 3459 πάντα,
2339 3394 2410 3447 τά
2437 3412 2502 3447 τε
2544 3395 2613 3447 ἐν
2645 3393 2899 3463 οὐρανῷ,
2919 3394 3017 3447 καὶ
3053 3393 3151 3446 ἐπὶ
3179 3392 3312 3463 γῆς,
3353 3394 3541 3460 ὁρατὰ
3579 3395 3679 3448 καὶ

2087 3487 2329 3553 ἀιῖρατα.
2392 3485 2493 3538 Διὰ
2545 3484 2700 3538 τοῦτο
2755 3483 2939 3536 εἰκών.
2998 3484 3185 3536 Πάντα
3236 3483 3293 3535 δὲ
3328 3485 3396 3537 τὰ
3424 3488 3484 3538 ἐν
3529 3485 3679 3557 αὐτῷ

2087 3577 2376 3630 κτισθέντα
2429 3576 2566 3646 μετά
2615 3576 2707 3629 τοῦ
2737 3575 3083 3646 πρωτοτόκου
3141 3576 3200 3628 οὺ
3243 3575 3340 3646 τὴν
3381 3575 3679 3646 ἀγέννητον

2085 3667 2275 3721 οὐσίαν
2317 3667 2736 3738 χαρακτηρίζει.
2769 3668 2843 3720 Οὐ
2880 3669 2986 3738 γὰρ
3030 3667 3171 3720 κατά
3203 3667 3376 3720 ταῦτα
3424 3670 3458 3738 ἡ
3489 3670 3672 3724 οὐσία.

2085 3756 2127 3807 Τ
2131 3757 2196 3826 ὴν
2225 3756 2282 3809 δέ
2310 3758 2614 3826 ἐνέργειαν,
2653 3758 2718 3810 δι’
2748 3753 2816 3829 ἧς
2852 3758 2879 3810 ὁ
2908 3757 3056 3820 Υἱὸς,
3089 3761 3146 3811 ἐν
3178 3753 3221 3826 ᾧ
3257 3758 3324 3811 τά
3375 3759 3583 3826 πάντα,
3615 3761 3676 3814 οὐ

2055 3848 2223 3920 ’πρὸς
2257 3849 2356 3918 τὴν
2395 3849 2583 3901 οὐσίαν
2627 3850 2781 3920 φέροι
2826 3849 2891 3902 ἂν
2944 3849 3186 3920 ή”εἰκὼν
3226 3851 3323 3920 τὴν
3355 3851 3672 3922 ὁμοιότητα,

408 3953 653 4009 respectu:
685 3947 922 4000 essentia
959 3957 1058 4003 est.
1095 3950 1264 4020 Ipsam
1311 3968 1443 4007 vero
1483 3957 1846 4024 operationem
1884 3973 1984 4026 per

2118 3939 2223 4010 πρὸς
2257 3939 2312 3992 δὲ
2342 3939 2442 4010 τὴν
2467 3940 2746 4010 ἐνέργειαν
2778 3938 3210 4010 ἐναποκειμένην
3240 3941 3559 4010 ἀγεννήτως
3608 3945 3673 4014 τῇ

410 4047 570 4097 quam
606 4033 791 4102 Filius,
818 4037 868 4091 in
927 4054 1035 4108 quo
1086 4043 1289 4107 utnnia,
1327 4043 1532 4098 referre
1579 4046 1756 4117 imago
1793 4049 1858 4100 ad
1898 4065 1986 4103 es-

409 4127 639 4179 sentiam
676 4143 780 4181 non
818 4140 1012 4198 potest,
1043 4148 1141 4186 nec
1165 4145 1378 4201 gestare
1413 4137 1590 4206 imago
1615 4138 1757 4191 illam
1795 4140 1984 4194 simili-

411 4215 646 4269 tudinem
678 4229 854 4286 potest
885 4222 1094 4276 ratione
1132 4227 1404 4290 essentize,
1453 4243 1573 4282 cun:
1604 4231 1676 4282 sit
1719 4232 1977 4296 operatio,

407 4324 526 4375 quae
554 4310 784 4380 ingenita
800 4311 898 4367 fuit
925 4333 1087 4384 penes
1101 4316 1264 4371 Deum
1283 4320 1333 4373 in
1358 4322 1691 4390 prtescientia
1710 4336 1834 4380 ante
1855 4341 1981 4380 con-

406 4403 740 4480 s_titutionem
772 4407 935 4460 etiam
986 4410 1327 4480 primogeniti
1359 4424 1413 4467 et
1453 4416 1695 4470 omnium
1721 4432 1838 4484 qum
1884 4434 1981 4488 per

405 4493 580 4561 ipsum
613 4508 788 4551 creata
815 4509 958 4553 sunt.
979 4501 1108 4566 Quis
1129 4503 1294 4568 enim,
1327 4520 1527 4574 quaeso,
1557 4510 1647 4576 qui
1677 4517 1784 4561 tum
1806 4510 1976 4577 ipsum

412 4585 752 4656 Uuigenitum
786 4593 956 4659 novit,
992 4604 1102 4647 tum
1135 4595 1314 4649 omnia
1339 4613 1458 4665 qua:
1497 4614 1592 4666 per
1627 4600 1798 4668 ipsum
1835 4601 1976 4656 facta

405 4688 530 4732 sunt
557 4680 622 4744 ’°,
656 4681 819 4734 etiam
844 4683 1009 4752 probe
1039 4684 1256 4755 cognita
1291 4685 1475 4750 habet,
1508 4704 1611 4742 non
1653 4693 1977 4744 confiteatur

403 4784 463 4823 se
513 4783 577 4822 eo
609 4770 808 4825 intueri
841 4788 1057 4827 omnem
1094 4774 1272 4829 Patris
1328 4780 1621 4846 potentiam
1652 4780 1810 4846 ?Quo
1851 4797 1972 4835 cum

403 4863 705 4927 respexerit
734 4863 1081 4920 beatissimus
1113 4865 1329 4928 Paulus,
1351 4883 1476 4932 non,
1512 4869 1615 4922 Per
1651 4871 1844 4939 ipsum,
1886 4872 1972 4925 di-

401 4950 497 5012 cit,
531 4954 644 5014 sed,
679 4951 744 5005 In
773 4954 907 5021 ipso,
936 4965 991 5008 et
1029 4969 1159 5009 sane
1183 4957 1426 5011 addendo
1456 4958 1516 5012 τὸ
1551 4958 1880 5030 Um'gem'lus,
1916 4971 1974 5015 ut

403 5042 518 5110 ipse
545 5059 665 5096 cum
687 5044 828 5111 aliis,
851 5062 971 5115 qua:
991 5062 1089 5114 per
1106 5050 1279 5117 ipsum
1309 5049 1448 5104 facta
1477 5062 1622 5118 sunt,
1643 5063 1969 5122 aSStnnptns,

404 5133 547 5188 lianc
595 5136 772 5190 Patris
811 5139 1182 5207 operationem
1233 5141 1574 5197 manifestam
1626 5143 1826 5199 laceret
1869 5146 1971 5201 illis

401 5228 492 5297 qui
521 5228 634 5284 haec
660 5231 908 5286 contueri
939 5231 1141 5286 valent.
1181 5231 1477 5305 Imaginem
1521 5236 1685 5305 igitur
1709 5237 1855 5292 illum
1889 5237 1970 5292 di-

470 5443 518 5479 ”
547 5443 694 5508 Psal.
737 5465 891 5516 cxtn,
923 5452 978 5507 5.
1082 5454 1127 5486 ’τ
1164 5453 1375 5513 Coloss.
1418 5472 1458 5523 ι,
1489 5455 1575 5524 15,
1604 5455 1690 5511 16.

394 5697 397 5722 ⁵
471 5696 582 5764 (η)
615 5701 951 5764 Συμσαίνοι.
990 5702 1168 5770 Forte,
1195 5702 1496 5775 συμϐαίνει.
1527 5702 1681 5762 Εοιτ.

2088 4030 2421 4101 προγνώσει,
2451 4033 2546 4084 καὶ
2575 4031 2680 4102 πρὸ
2709 4033 2806 4101 τῆς
2839 4031 3182 4101 πρωτοτόκου
3219 4033 3554 4096 συστάσεως,
3582 4035 3676 4087 καὶ

2086 4123 2195 4175 τῶν
2231 4124 2289 4175 έν
2320 4123 2468 4193 αὐτῷ
2497 4123 2846 4177 κτισθέντων.
2882 4125 2978 4188 Τίς
3008 4123 3117 4194 γὰρ
3157 4123 3319 4176 αὐτόν
3349 4141 3410 4175 τε
3441 4124 3536 4177 τὸν
3568 4127 3676 4179 Mo-

2085 4219 2274 4286 νογενῆ
2307 4215 2623 4283 γινώσκων,
2661 4217 2752 4269 κα)⁸
2787 4216 2962 4268 πάντα
2994 4215 3060 4268 τά
3100 4215 3166 4266 δι’
3204 4214 3368 4267 αυτ-οὖ
3405 4218 3674 4286 γενόμενα

2083 4305 2437 4376 καταμαθὼν,
2478 4307 2577 4360 οὐκ
2617 4306 2682 4359 ἂν
2723 4306 3107 4376 ὁμολογήσειεν
3151 4305 3300 4376 αὐτῷ
3344 4305 3671 4377 θεωρεῖσθαι

2081 4397 2261 4449 πᾶσαν
2294 4397 2392 4466 τὴν
2417 4395 2509 4450 τοῦ
2541 4398 2752 4468 Πατρὸς
2790 4397 3022 4468 δύναμιν
3049 4415 3062 4462 ;
3101 4398 3244 4467 Πρὸς
3274 4399 3416 4470 ὅπερ
3453 4399 3665 4452 ἀπιδὼν

2079 4488 2107 4540 ὁ
2142 4488 2554 4559 μακαριώτατος
2580 4484 2810 4552 Παῦλος,
2839 4491 2921 4555 οὐ,
2962 4491 3040 4542 Δι’
3080 4489 3266 4554 αὐτοῦ,
3309 4491 3500 4560 φησὶν,
3531 4492 3665 4557 ἀλλ’,

2092 4581 2193 4633 Ἐν
2211 4581 2389 4645 αὐτῷ,
2410 4582 2584 4634 καίτοι
2612 4581 2870 4652 προσθεὶς
2895 4583 2974 4645 τὸ,
3007 4584 3412 4650 Πρωτότοκος,
3447 4586 3537 4639 ἵνα
3560 4590 3667 4650 τοῖς

2077 4672 2142 4726 δι’
2194 4672 2358 4726 αὐτοῦ
2413 4674 2725 4744 γενομένοις
2759 4677 2853 4729 καὶ
2911 4675 3072 4738 αὐτὸς
3134 4677 3661 4749 συμπαραληφθεὶς,

2077 4767 2210 4817 πᾶσι
2249 4766 2490 4837 γνωρίζῃ
2519 4770 2632 4828 τοῖς
2652 4765 2823 4819 ταῦτα
2853 4770 3080 4838 συνορᾷν
3109 4768 3433 4837 δυναμένοις
3449 4771 3550 4840 τὴν
3572 4772 3661 4824 τοῦ

2076 4855 2291 4925 Πατρὸς
2330 4855 2634 4923 ἐνέργειαν.
2697 4856 2897 4909 Εἰκόνα
2929 4859 3106 4908 τοίνυν
3156 4856 3337 4926 φαμὲν
3365 4897 3379 4919 ,
3435 4861 3540 4930 οὐχ
3586 4859 3662 4922 ὡς

2074 4946 2354 5017 ἀγεννήτῳ
2382 4946 2630 5016 γέννημα
2669 4947 3106 5016 παραϐάλλοντες
3155 4948 3521 5018 (ἀνάρμοστον
3551 4951 3660 5022 γάρ

2071 5037 2228 5091 τοῦτό
2261 5055 2324 5106 γε
2362 5040 2456 5092 καὶ
2487 5042 2598 5102 τοῖς
2636 5041 2801 5092 πᾶσιν
2840 5039 3144 5110 ἀδύνατον),
3174 5040 3288 5092 ἀλλ’
3317 5041 3445 5095 Υἱὸν
3498 5061 3657 5113 μονο-

2072 5129 2201 5199 γενῆ
2230 5129 2325 5182 καὶ
2353 5131 2696 5199 πρωτότοκον
2727 5131 2922 5202 Πατρὶ,
2948 5131 3048 5200 τῆς
3085 5131 3184 5202 μὲν
3218 5131 3348 5185 Υἱοῦ
3384 5150 3659 5204 προσηγο-

2079 5221 2199 5292 ρίας
2227 5221 2324 5292 τὴν
2351 5221 2540 5277 οὐσίαν
2584 5221 2869 5294 δηλούσης,
2912 5223 3012 5294 τῆς
3051 5223 3108 5277 δέ
3148 5224 3384 5298 Πατρὺς,
3420 5224 3522 5301 τὴν
3561 5225 3658 5278 τοῦ

1793 5456 1838 5489 ’⁸
1872 5454 2028 5514 Joan.
2063 5475 2116 5528 t,
2149 5460 2204 5516 5.
