3802 6216
135 221 231 278 861

1201 229 1489 289 EUNOMII
1529 234 1735 291 LIBER
1774 237 2324 297 APOLOGETICUS.

3306 240 3412 294 86‘}

134 337 504 408 γεννήσαντος
549 338 846 409 ἐνέργειαν.
890 341 955 395 El
993 341 1053 397 δέ
1102 361 1188 409 τις
1240 346 1560 417 φιλονείκως
1610 353 1722 416 τοῖς

1835 353 2032 420 cimus,
2049 370 2156 410 non
2190 355 2334 424 quod
2369 352 2613 425 ingenito
2639 354 2887 424 genitum
2913 351 3278 409 assimllemus
3308 352 3411 422 (in-

137 429 352 492 δικείοις
384 429 650 499 ἐμμένων
676 431 750 503 μὴ
792 433 1054 504 προσέχοι
1077 439 1192 497 τοῖς
1219 438 1430 510 ῥηθεῖσι
1454 440 1546 501 τὸν
1577 440 1724 508 νοῦν,

138 519 443 584 ὲκῦιάζοιτο
470 520 534 574 δὲ
576 522 673 594 τὴν
719 523 814 577 τοῦ
857 527 1072 598 Πατρδς
1124 533 1499 604 προσηγορίαν
1536 535 1727 599 οὐσίας

140 606 271 665 εἶναι
316 616 693 685 οημαντικὴν.
740 617 1070 686 μεταδιδότω
1103 622 1196 675 καὶ
1231 622 1310 692 τῷ
1349 623 1466 695 Υίῷ
1503 626 1728 697 καὶτῆς

140 704 325 772 ὁμοίας
386 706 613 776 φωνῆς,
677 698 722 775 ᾧ
781 708 1070 780 προλαϐὼν
1131 713 1401 781 μετέδωκε
1471 717 1567 769 καὶ
1624 716 1725 787 τῆς

141 794 322 863 ὁμοίας
360 796 594 861 οὐσίας·
630 798 829 868 μᾶλλον
875 799 933 852 δὲ
989 803 1192 870 ἀμφοῖν
1243 806 1518 877 ἐκατέρῳ.
1554 808 1632 878 τῷ
1662 826 1722 862 τε

139 889 307 961 Πατρὶ
332 891 440 962 τῆς
466 892 624 955 Υίοῦ,
650 894 744 947 καὶ
767 892 846 965 τῷ
885 894 1000 964 Υίῷ
1028 897 1127 966 τῆς
1151 899 1365 968 Πατρός
1383 917 1396 929 ·
1424 903 1456 970 ἡ
1485 901 1594 971 γὰρ
1625 900 1727 971 τῆς

142 982 317 1046 οὗτίας
372 985 640 1055 ὁμοιότης
686 988 808 1050 ταῖς
868 987 1060 1052 αὐταῖς
1106 987 1393 1058 ὀνομάζειν
1454 1009 1727 1064 προσηγο-

143 1072 278 1217 gift;
298 1074 610 1144 ἀναγκάζει
646 1077 770 1141 τοὺς
795 1076 999 1148 ταύτην
1033 1081 1160 1152 περὶ
1185 1081 1361 1135 αὐτῶν
1382 1080 1603 1152 ἔχοντας
1626 1083 1726 1156 τὴν

199 1183 309 1217 ξαν.

199 1183 309 1228 ςαν.

1836 446 2162 500 conveniens
2192 448 2335 500 enim
2358 457 2414 500 et
2439 447 2680 516 ineptum
2708 446 2809 499 hoc
2837 453 3000 511 esset,
3031 457 3206 513 neque
3225 459 3254 497 a
3280 457 3411 511 quo-

1835 553 1996 605 quam
2035 540 2278 607 prarstari
2314 539 2535 609 potest),
2593 539 2688 594 sed
2740 539 2936 593 Filium
2988 537 3323 605 unigenitum
3359 544 3412 589 et

1834 631 2249 700 primogenitum
2292 632 2471 687 Patris
2501 632 2751 694 dicimus,
2793 631 2881 684 ubi
2916 630 3132 700 quidem
3162 628 3281 683 Filii
3319 641 3410 698 ap-

1834 724 2051 792 pellatio
2092 726 2386 780 essentiam
2432 728 2675 785 denotat.
2707 724 2883 784 Patris
2927 737 3106 777 autem
3143 722 3411 791 gignentis

1830 815 2218 881 operationem.
2239 817 2295 872 Si
2327 831 2452 869 vero
2479 817 2601 883 quis
2630 814 2988 869 contendendi
3014 813 3193 866 studio
3218 811 3271 862 in
3289 823 3408 877 pro~

1834 905 1969 973 priis
2021 916 2302 973 permanet
2356 907 2723 975 opinionibus,
2773 915 2829 957 et
2850 921 2934 967 ea,
2966 918 3084 972 quze
3105 900 3218 969 jam
3266 900 3410 951 dicta

1835 1005 1982 1061 sunt,
2014 1011 2143 1051 sana
2186 1010 2365 1051 mente
2416 999 2722 1068 ponderare
2767 1005 3005 1054 recusat,
3037 994 3298 1045 violenter
3317 1005 3408 1044 eu-

1837 1094 1943 1139 tem
1996 1086 2183 1148 instat,
2239 1085 2416 1140 Patris
2472 1086 2883 1155 appellationem
2938 1080 3191 1136 essentia:
3243 1074 3407 1144 signi-

1840 1175 2109 1231 ilcativam
2158 1191 2315 1241 esse,
2356 1176 2521 1232 faciat
2566 1177 2658 1230 ille
2709 1179 2873 1229 etiam
2927 1172 3173 1227 eamdem
3223 1180 3409 1222 vocem

143 1271 483 1313 communem
543 1274 664 1312 cum
696 1260 854 1323 Filio,
896 1276 1057 1330 quem
1094 1272 1252 1318 antea
1315 1264 1558 1329 ejusdem
1635 1264 1797 1319 etiam
1837 1268 2093 1324 essentia
2144 1270 2464 1339 participem
2505 1270 2631 1323 fecit
2667 1285 2682 1320 :
2725 1268 2834 1321 imo
2886 1267 3065 1335 potius
3127 1273 3409 1328 utramque

154 1348 432 1409 antliubns.
469 1348 597 1403 Filii
627 1352 843 1407 Scilicet
906 1354 1320 1421 appellatioaem
1352 1354 1527 1421 Patri,
1596 1364 1652 1411 et
1703 1357 1882 1414 Patris
1940 1361 2358 1430 appeliationem
2396 1361 2635 1415 vicissim
2690 1359 2826 1414 Filio
2867 1357 3100 1422 tribuat;
3166 1354 3409 1412 essentia;

142 1438 275 1585 ξηῗὲ
310 1439 622 1494 similitudo
647 1451 805 1512 coget
848 1455 962 1505 eos,
999 1442 1091 1511 qui
1139 1442 1278 1497 banc
1328 1444 1398 1499 de
1427 1445 1558 1514 ipsis
1602 1446 1912 1516 opinionem
1977 1451 2203 1517 habent,
2277 1452 2467 1507 iisdem
2543 1448 2997 1522 appellationibus
3026 1449 3173 1518 ipsos
3231 1449 3409 1502 nomi-

205 1659 292 1728 25.
328 1660 675 1731 ’Δρκούντων
705 1661 761 1715 δὲ
785 1661 895 1733 (43)
914 1663 1045 1735 ἡμῖν
1062 1664 1331 1719 τοσούτων
1359 1666 1453 1720 καὶ
1476 1667 1604 1740 περὶ
1629 1665 1722 1721 τοῦ

1908 1665 2000 1733 25.
2046 1666 2180 1722 Cum
2208 1679 2338 1720 vero
2370 1665 2487 1720 bac
2522 1665 2677 1720 nobis
2706 1663 2972 1720 sufficiant
3001 1662 3067 1716 de
3097 1659 3410 1729 Uuigeuito,

147 1749 494 1834 Μονογενοῦς,
522 1752 814 1822 ἀκόλουθον
844 1753 911 1806 ἂν
927 1752 1011 1827 εἴη
1037 1755 1133 1808 καὶ
1160 1755 1289 1828 περὶ
1316 1755 1410 1810 τοῦ
1440 1756 1728 1828 Παρακλή-

150 1857 231 1893 του
261 1841 450 1911 λοιπὸν
492 1845 690 1909 εἰπεῖν,
732 1845 793 1897 οὐ
819 1848 940 1909 ταῖς
973 1846 1348 1913 ἀνεξετάστως
1374 1844 1483 1901 τῶν
1515 1847 1726 1902 πολλῶν

151 1932 569 1998 ἀκολουθοῦντας
618 1935 816 2000 δόξαις,
852 1938 950 2008 τὴν
1000 1939 1058 1992 δὲ
1104 1938 1211 1992 τῶν
1243 1938 1415 2007 ἁγίων
1448 1942 1505 1994 ὲν
1551 1939 1726 1993 ἅπασι

151 2021 514 2102 φυλάσσοντας
538 2024 908 2091 διδασκαλίαν,
942 2028 1072 2101 παρ’
1098 2022 1175 2082 ὧν
1201 2029 1383 2101 τρίτον
1406 2030 1537 2083 αὐτὸ
1566 2029 1729 2094 ἀξιώ-

154 2127 271 2198 ματι
308 2113 404 2165 καὶ
446 2114 604 2179 τάξει
638 2114 920 2185 μαθόντες,
966 2120 1147 2188 τρίτον
1181 2115 1441 2173 εἶναικαὶ
1473 2122 1539 2192 τῇ
1566 2120 1727 2189 φύσει

154 2204 606 2276 πε·ιτιστεύκαι.ι.εν⁸
638 2207 739 2260 οὐκ
773 2208 1221 2282 ὲπαμειῦομένων
1253 2213 1372 2275 ταῖς
1396 2210 1590 2280 φύσεσι
1616 2210 1726 2265 τῶν

154 2295 466 2367 ἀξιωμάτων
494 2300 638 2353 κατὰ
673 2300 771 2372 τὴν
799 2303 857 2355 ὲν
883 2288 1192 2374 ἀνθρώποις
1236 2305 1301 2356 ἐκ
1326 2304 1600 2368 πολιτείας
1632 2321 1728 2376 με·

156 2388 392 2457 ταϐολὴν,
446 2389 565 2443 οὔτ’
610 2392 1020 2477 ὲνηλλαγμένης
1065 2397 1165 2468 τῆς
1212 2396 1420 2464 τάξεως
1460 2397 1599 2451 κατὰ
1629 2396 1727 2469 τὴν

154 2477 496 2552 δημιουργίαν
533 2484 794 2548 ἐναντίως
831 2488 950 2550 ταῖς
977 2488 1210 2553 οὐσίαις,
1229 2487 1342 2542 ἀλλ’
1372 2489 1727 2560 εὐαρμόστως

156 2569 369 2642 ἐχούσης
396 2573 536 2644 πρὸς
569 2574 666 2646 τὴν
688 2576 872 2645 φύσιν,
890 2576 968 2640 ὡς
991 2579 1126 2650 μήτε
1159 2579 1450 2650 τὸπρῶτον
1481 2583 1549 2651 τῇ
1571 2578 1723 2645 τάξει

154 2658 388 2733 δεύτερον
421 2658 683 2737 εἶναιτὴν
717 2667 900 2736 φύσιν,
927 2670 1066 2740 μήτε
1103 2671 1210 2742 μὴν
1238 2672 1297 2725 τὸ
1321 2672 1480 2740 φύσει
1510 2672 1727 2744 πρῶτον

156 2749 393 2856 δευτέρας
425 2756 458 2828 ἢ
485 2757 680 2856 τρίτης
709 2758 893 2830 λαχεῖν
922 2753 1150 2828 τάξεως.
1188 2762 1397 2817 Οὐκοῦν
1427 2764 1588 2835 εἴπερ
1629 2764 1725 2836 ἥδε

155 2847 241 2914 τῆς
272 2847 377 2902 τῶν
401 2848 611 2921 νοητῶν
635 2850 997 2923 δημιουργίας
1028 2854 1223 2927 ἀρίστη
1253 2853 1427 2920 τάξις,
1463 2856 1643 2926 τρίτον
1664 2854 1724 2910 ὃν

157 2939 211 3005 τὸ
225 2940 439 3013 Πνεῦμα
458 2943 523 2996 τὸ
554 2943 707 3013 ἆγιον
728 2946 828 3016 τὴν
848 2945 1022 3010 τάξιν.
1051 2947 1151 3009 οὐκ
1181 2947 1247 3000 ἂν
1282 2949 1497 3019 πρῶτον
1521 2950 1604 3021 εἴη
1625 2948 1723 3021 τὴν

1828 1775 2170 1829 consequens
2226 1759 2392 1812 fuerit
2451 1758 2710 1826 deinceps
2762 1756 2830 1811 de
2883 1753 3165 1809 Paracletu
3197 1762 3410 1819 quoque

1827 1855 2030 1918 dicere,
2058 1869 2164 1907 non
2198 1850 2460 1906 sectanda
2500 1850 2795 1903 multorum
2829 1847 3113 1917 opiniones
3146 1860 3249 1897 non
3286 1856 3409 1911 pro-

1826 1945 1982 1999 batas
2005 1955 2099 1997 aut
2145 1941 2278 1996 satis
2327 1954 2619 2011 expensas,
2654 1938 2747 1993 sed
2777 1937 3043 1992 servando
3075 1934 3127 1987 in
3159 1933 3409 1986 omnibus

1826 2045 2140 2091 sanctorum
2192 2034 2518 2098 doctrinam,
2551 2046 2581 2084 a
2636 2031 2832 2100 quibus
2880 2043 3003 2082 cum
3063 2024 3408 2078 didicerimus

1827 2128 2045 2184 tertium
2077 2126 2340 2208 dignitate
2392 2134 2443 2178 et
2480 2125 2691 2187 ordine,
2728 2123 2945 2175 tertimu
2997 2132 3212 2188 quoque
3253 2115 3406 2183 juxta

1827 2230 2078 2274 naturam
2119 2232 2309 2281 revera
2343 2231 2463 2270 esse
2511 2214 2804 2269 credimus.
2848 2211 2962 2264 Non
2995 2207 3137 2277 quod
3170 2207 3408 2276 dignita-

1828 2320 1911 2367 tes
1944 2325 2092 2364 mure
2119 2309 2400 2363 hominum
2430 2307 2632 2362 usitato
2663 2305 2715 2358 in
2753 2303 3132 2358 vicissitudine
3167 2298 3407 2370 politica,

1825 2401 2036 2454 naturis
2068 2399 2225 2453 biscc
2287 2398 2453 2452 etiam
2502 2412 2601 2467 per
2655 2397 2802 2449 vices
2838 2393 3179 2460 contingant,
3234 2399 3408 2452 neque

1825 2496 1992 2552 etiam
2028 2496 2183 2567 quasi
2212 2494 2346 2549 ordo
2395 2494 2468 2546 ita
2509 2492 2581 2546 sit
2629 2495 2971 2559 permutatas
3016 2484 3069 2539 in
3107 2480 3406 2546 creatione,

1825 2594 1883 2639 ut
1907 2584 2162 2640 essentiis
2198 2584 2244 2638 is
2283 2583 2355 2637 sit
2385 2580 2736 2644 contrarius;
2771 2576 2862 2631 sed
2893 2572 3035 2643 quod
3079 2570 3409 2626 conveniens

1824 2677 1895 2731 sit
1923 2677 2024 2745 ipsi
2063 2685 2269 2729 naturae
2293 2714 2308 2739 ,
2338 2682 2400 2727 ut
2428 2685 2605 2740 neque
2633 2668 2775 2739 quud
2809 2667 3039 2735 primum
3071 2663 3170 2716 fuit
3195 2660 3407 2723 ordine,

1826 2769 2119 2823 secundum
2153 2767 2225 2821 sit
2267 2765 2425 2834 juxta
2463 2772 2735 2826 naturam,
2767 2773 2945 2837 neque
2978 2756 3143 2810 etiam
3184 2754 3236 2807 id
3264 2751 3409 2821 quod

1825 2861 2059 2931 primum
2098 2866 2293 2911 natura
2331 2855 2489 2926 701
2537 2852 2659 2918 fuit,
2712 2850 3008 2905 secmidum
3049 2855 3144 2900 aut
3187 2845 3407 2899 tertium
3472 2892 3481 2897 ,

1825 2950 2084 3005 sortiatur
2112 2948 2378 3002 ordinem.
2424 2944 2688 3011 Quocirca
2739 2941 3006 3011 siquidem
3059 2934 3407 2991 constitutio-

158 3029 321 3093 φύσιν,
359 3034 499 3107 ὅπερ
552 3036 699 3089 ἐστὶν
747 3038 776 3090 ὁ
824 3036 956 3106 Θεὸς
1009 3038 1105 3091 καὶ
1143 3039 1351 3117 Πατήρ.
1385 3035 1462 3093 Ἦ
1509 3042 1618 3110 γὰρ
1652 3040 1719 3095 ἂν

1834 3045 1910 3098 nis
1957 3057 2143 3096 eorum
2191 3056 2311 3111 quae
2363 3048 2545 3094 mente
2600 3046 2806 3091 tantum
2851 3033 3258 3103 percipiuntur,
3297 3040 3405 3082 non

160 3121 335 3191 εὔηθες
367 3126 461 3179 καὶ
507 3127 762 3198 περιττὸν
803 3128 895 3181 τὸν
938 3129 1100 3195 αὐτὸν
1146 3130 1277 3183 ποτὲ
1327 3131 1427 3202 μὲν
1473 3130 1719 3203 πρώτην,

159 3210 347 3265 Ιποτὲδὲ
372 3215 569 3287 τρίτην
603 3215 747 3287 ἔχειν
777 3216 985 3290 χώραν,
1010 3219 1068 3283 ἓν
1096 3235 1157 3271 τε
1184 3218 1352 3290 ἄμφω
1384 3215 1544 3283 εἶναι,
1572 3221 1633 3274 τό
1660 3239 1720 3275 τε

161 3306 635 3378 προσκυνούμενον,
667 3308 759 3361 καὶ
785 3311 842 3362 ἐν
862 3302 906 3376 ᾧ
931 3313 1334 3382 προσκυνεῖται,
1357 3312 1477 3375 καθ’
1496 3312 1530 3377 ᾇ
1558 3329 1723 3383 φησιν

160 3392 185 3443 ὁ
204 3394 414 3466 Κύριος·
449 3399 700 3469 Πνεῦμα
726 3404 759 3455 ό
795 3401 958 3468 Θεὸς,
1001 3402 1097 3456 καὶ
1127 3402 1271 3469 τοὺς
1298 3390 1722 3472 προσκυνοῦν-

162 3499 256 3550 τας
280 3488 482 3556 αὑτὸν,
514 3491 585 3543 ἐν
607 3492 906 3561 Πνεύματι
933 3493 1029 3546 καὶ
1064 3478 1319 3561 ἀληθείᾳ
1345 3494 1441 3547 δεῖ
1460 3509 1725 3560 προσκυ-

162 3574 292 3630 νεῖν.
332 3580 465 3634 Οὐδὲ
517 3581 622 3651 μὴν
660 3582 858 3644 ταυτὸν
897 3581 974 3652 τῷ
1014 3584 1326 3651 Μονογενεί.
1376 3584 1451 3637 Οὐ
1497 3585 1606 3657 γὰρ
1656 3585 1723 3640 ἂν

164 3665 496 3744 ὖπηριθμήθη
516 3672 690 3742 τούτῳ
710 3673 786 3733 ὼς
816 3674 952 3741 ἰδίαν
983 3673 1122 3745 ἔχων
1154 3675 1475 3742 ὑπόστασιν,
1523 3676 1724 3747 ἀρκού-

167 3773 252 3827 σης
278 3764 366 3815 καὶ
392 3765 499 3837 πρὸ
523 3764 731 3818 τούτων
769 3765 869 3834 τῆς
900 3765 995 3819 τοῦ
1019 3752 1274 3839 Σωτῆρος
1309 3767 1516 3838 φωνῆς,
1552 3753 1619 3821 δι’
1654 3764 1723 3840 ἦς

163 3846 328 3921 {tepuit
372 3856 476 3929 ἔφη
524 3858 711 3925 σαφῶς
741 3857 834 3911 τὸν
869 3858 1379 3930 ἀποσταλησόμενον
1412 3856 1551 3915 εἶναι
1586 3861 1724 3933 πρὸς

168 3938 446 4016 ὑπόμνησιν
487 3949 582 4002 καὶ
606 3949 956 4019 διδασκαλίαν
979 3950 1087 4019 τῶν
1120 3951 1455 4006 ἀποστόλων.
1493 3934 1724 4007 Οὐδέτεέ-

171 4046 248 4115 ρον
275 4037 363 4104 μὲν
391 4039 613 4111 ἀριθμῷ
646 4039 801 4113 παρὰ
843 4041 933 4095 τὸν
968 4041 1123 4103 Θεὸν,
1174 4043 1469 4114 ἀγέννητον
1515 4044 1590 4097 δέ.
1628 4039 1723 4110 Εἷς

169 4124 260 4196 γὰρ
288 4132 374 4185 καὶ
410 4136 573 4205 μόνος
610 4134 928 4206 ἁγέννητος,
970 4133 1029 4199 ὲξ
1071 4130 1131 4190 οὗ
1161 4136 1231 4189 τὰ
1263 4138 1441 4191 πάντα
1471 4138 1720 4207 γέγονεν.

172 4215 231 4269 Ἥ
254 4219 369 4275 ἄλλο
391 4225 490 4296 μὲν
531 4225 681 4298 παρὰ
707 4226 797 4280 τὸν
814 4226 964 4289 Υίὺν,
994 4212 1237 4298 γέννημα
1260 4228 1336 4282 δέ.
1366 4224 1460 4293 Εἷς
1490 4230 1597 4303 γὰρ
1629 4230 1724 4284 καὶ

174 4317 457 4388 μονογενὴς,
488 4320 518 4371 ὁ
556 4318 761 4387 Κύριος
800 4321 831 4390 ἡ
843 4318 980 4389 μῶν,
1011 4320 1090 4373 Δι’
1117 4315 1190 4376 οὗ
1224 4320 1296 4374 τὰ
1324 4319 1541 4385 πάντα,
1578 4320 1723 4375 κατὰ

167 4393 246 4455 ’ἦν
279 4404 607 4462 Ἀπόστολον.
640 4409 801 4463 Ἀλλὰ
821 4410 915 4467 καὶ
933 4411 1115 4481 τρίτον
1139 4412 1234 4464 καὶ
1258 4410 1415 4481 φύσει
1436 4412 1532 4466 καὶ
1546 4411 1721 4478 τάξει,

172 4498 522 4571 προστάγματι
549 4499 645 4553 τοῦ
665 4499 895 4571 Πατρὸς,
925 4500 1174 4572 ἐνεργείᾳ
1202 4500 1259 4553 δὲ
1284 4499 1377 4553 τοῦ
1401 4500 1532 4553 Υἱοῦ
1563 4500 1721 4568 γενό-

174 4598 328 4687 μενον,
352 4592 508 4664 τρίτῃ
534 4590 689 4663 χώρα
717 4590 1044 4661 τιμώμενον,
1072 4590 1148 4654 ὡς
1181 4591 1395 4663 πρῶτον
1421 4592 1513 4646 καὶ
1539 4593 1723 4662 μεῖζον

175 4682 380 4745 πάντων,
403 4684 496 4737 καὶ
536 4682 695 4753 μόνον
720 4682 932 4735 τοιοῦτο
962 4682 1057 4735 τοῦ
1085 4682 1423 4752 Μονογενοῦς
1464 4684 1677 4756 ποίημα
1701 4700 1715 4713 ·

175 4760 392 4840 θεότητος
415 4776 515 4847 μὲν
543 4776 638 4828 καὶ
668 4775 1069 4847 δημιουργικῆς
1110 4775 1391 4846 δυνάμεως
1425 4776 1719 4831 ἀπολειπό-

179 4871 330 4927 μενον,
366 4866 688 4939 ἁγιαστικῆς
717 4867 775 4922 δὲ
801 4868 896 4920 καὶ
927 4866 1314 4938 διδασκαλικῆς
1350 4868 1718 4940 πεπληρωμέ-

176 4958 266 5001 νον.
293 4952 420 5020 Τοὺς
442 4957 552 5028 γάρ
577 4974 660 5010 τοι
689 4957 1124 5021 πεπιστευκότας
1137 4958 1415 5029 ἐνέργειαν
1438 4955 1576 5013 εἷναί
1596 4976 1719 5024 τινα

1823 3142 2000 3204 potest
2044 3147 2148 3186 non
2202 3131 2440 3200 optimus
2491 3142 2613 3182 esse
2675 3126 2808 3180 ordo
2852 3142 2864 3176 :
2906 3120 3139 3191 Spiritus
3187 3127 3406 3173 sanctus

1824 3238 1945 3276 cum
1992 3223 2064 3276 sit
2098 3222 2313 3275 tertium
2375 3220 2586 3275 ordine.
2621 3217 2855 3287 primum
2890 3228 3011 3268 esse
3059 3228 3164 3267 non
3209 3210 3406 3279 poterit

1824 3325 2056 3379 natura,
2094 3313 2145 3367 id
2192 3312 2334 3380 quod
2385 3320 2469 3366 est
2520 3309 2666 3363 Deus
2706 3317 2761 3362 et
2816 3307 2997 3360 Pater.
3057 3303 3271 3359 Etenim
3320 3301 3405 3357 vel

1823 3407 2064 3476 ineptum
2093 3415 2148 3460 et
2190 3404 2472 3460 abundans
2527 3409 2691 3462 esset,
2731 3401 2776 3455 si
2819 3399 3068 3452 emndem
3100 3396 3405 3451 diceremus

1824 3501 1983 3554 modo
2014 3499 2270 3568 prinmm,
2303 3498 2459 3551 modo
2498 3497 2713 3549 tertium
2752 3501 2939 3547 tenere
2966 3489 3178 3554 locum;
3209 3503 3406 3541 unum-

1823 3607 1930 3662 que
1952 3601 2008 3645 et
2033 3592 2175 3643 idem
2221 3602 2364 3652 esse,
2397 3588 2449 3641 id
2479 3587 2621 3656 quod
2653 3585 2911 3638 aduratur
2943 3590 2997 3635 et
3027 3580 3157 3633 illud
3202 3578 3257 3632 iu
3297 3589 3404 3644 quo

1823 3687 2115 3749 aduratur;
2143 3681 2593 3755 quemadmodum
2625 3680 2738 3748 ipse
2768 3676 3027 3730 Dominus
3055 3673 3186 3727 dicit
3221 3686 3237 3726 :
3264 3669 3404 3724 Deus

1823 3787 1898 3834 est
1928 3778 2168 3846 spiritus,
2193 3786 2240 3829 et
2268 3791 2378 3841 eos,
2412 3773 2502 3844 qui
2527 3771 2677 3824 illum
2706 3770 2956 3829 adorant,
2982 3771 3183 3835 oportet
3216 3764 3267 3816 in
3293 3761 3405 3827 spi-

1824 3871 1929 3923 ritu
1958 3878 2005 3926 et
2036 3867 2254 3921 veritate
2279 3865 2507 3917 adorare
2523 3863 2591 3914 ’°.
2611 3860 2797 3929 Neque
2824 3858 2967 3912 enim
2994 3871 3159 3910 unum
3184 3863 3237 3909 et
3262 3854 3404 3906 idem

1823 3971 1906 4016 est
1928 3977 2050 4016 cum
2080 3957 2410 4027 Unigeuitu;
2446 3955 2582 4008 alias
2636 3954 2779 4006 enim
2817 3966 2922 4003 non
2956 3948 3185 4003 haberet
3214 3959 3406 4000 nume-

1825 4069 1943 4108 rum
1996 4067 2152 4106 sumu
2209 4058 2331 4120 post
2384 4046 2613 4107 Filium;
2643 4052 2831 4112 utpote
2871 4042 2962 4110 qui
3013 4055 3165 4094 suam
3195 4051 3406 4109 quoque

1824 4145 2096 4225 propriam
2136 4141 2494 4207 substantiam
2554 4137 2740 4201 habet,
2790 4133 3089 4189 sulliciente
3136 4132 3301 4186 etiam
3342 4129 3407 4184 ad

1824 4238 2017 4291 borum
2075 4233 2546 4289 conﬁrmationem
2589 4230 2702 4298 ipsa
2761 4226 3063 4282 Salvator-is
3117 4237 3272 4288 voce,
3302 4236 3407 4290 qua

1826 4326 2113 4381 manifeste
2145 4327 2417 4379 diversum
2452 4323 2591 4376 dixit
2618 4323 2634 4352 ί
2675 4335 2799 4375 esse
2829 4336 2954 4374 eum
2987 4317 3077 4387 qui
3111 4314 3407 4370 mittendus

1824 4429 1943 4485 erat
1984 4420 2051 4475 ad
2103 4418 2536 4481 recordationem
2588 4413 2982 4487 apostolorum.
3037 4409 3219 4479 Neque
3256 4423 3410 4462 .saue

1824 4527 2052 4568 numero
2106 4511 2399 4591 quidquam
2435 4519 2518 4563 est
2565 4509 2708 4562 aliud
2760 4515 2958 4576 praeter
3007 4503 3196 4567 Deum,
3253 4502 3410 4571 quasl

1823 4606 1984 4660 etiam
2043 4603 2314 4673 ingenitus
2343 4602 2561 4670 quidam
2599 4619 2612 4655 :
2647 4614 2787 4653 unus
2824 4599 2967 4652 enim
3019 4596 3133 4665 ipse
3177 4604 3234 4649 et
3264 4594 3407 4648 solus

1827 4696 2103 4768 ingenitus
2131 4704 2234 4756 est,
2281 4710 2346 4749 ex
2384 4709 2492 4764 quo
2519 4694 2702 4748 omnia
2748 4692 2888 4745 facta
2921 4699 3089 4757 sunt;
3122 4700 3213 4742 aut
3264 4685 3407 4740 aliud

1822 4805 1956 4845 sane
1983 4797 2180 4859 przeter
2206 4785 2423 4852 Filium,
2451 4784 2758 4855 progenies,
2784 4783 3026 4850 inquam,
3048 4796 3139 4833 seu
3172 4789 3407 4848 propago

1823 4880 2248 4951 quzedam,unus
2301 4877 2444 4930 enim
2477 4874 2702 4928 etsulus
2734 4884 2817 4929 est
2857 4873 3189 4940 unigeuilus,
3226 4868 3406 4921 Domi-

1822 4986 1924 5026 nus
1956 4978 2157 5035 noster,
2182 4966 2288 5021 Per
2314 4983 2465 5039 quem
2494 4973 2618 5018 sunt
2643 4966 2820 5019 omnia
2839 4966 2881 5028 ³,
2899 4962 3048 5032 juxta
3073 4959 3408 5030 Apustolum.

178 5037 256 5090 τεῦ
286 5043 406 5100 Θεοῦ
441 5049 535 5103 τὸν
579 5048 960 5121 Παράκλητον,
996 5045 1113 5102 εῐτα
1159 5052 1282 5113 ταῖς
1334 5050 1548 5114 οὐσίαις
1605 5050 1714 5103 ὐπ-

1834 5063 2025 5117 Verum
2061 5061 2277 5114 tertium
2313 5037 2440 5127 quid
2485 5065 2569 5112 est
2614 5067 2726 5111 tum
2777 5064 2968 5109 natura
3032 5063 3145 5106 tum
3192 5050 3405 5116 ordine,

179 5131 529 5222 ⁴ξριθμιοιῖντας,
550 5139 628 5204 ὡς
642 5139 760 5193 λίαν
790 5140 1008 5212 εὐήθεις
1051 5140 1144 5193 καὶ
1182 5139 1314 5193 πολὺ
1341 5140 1440 5209 τῆς
1460 5138 1718 5209 ἀληθείας

1845 5167 1971 5207 ussu
1995 5150 2211 5218 quidem
2239 5147 2435 5215 Patris,
2454 5147 2770 5219 Operatione
2800 5155 2979 5198 autem
3018 5141 3139 5196 Filii
3171 5140 3405 5204 faelium;

182 5219 685 5369 ὰπεργοινισμένους.
730 5229 829 5285 νῦν
866 5231 1195 5302 διελέγχειν,
1248 5233 1465 5305 μακρᾶς
1513 5230 1579 5286 ἂν
1628 5231 1713 5304 εἴη

182 5325 259 5369 σγο
286 5335 363 5369 τις.

182 5325 363 5394 mltis.

237 5493 274 5530 ”
298 5495 527 5571 Joanqv,
555 5503 646 5559 24.

239 5668 333 5736 (43)
359 5676 581 5738 Basilius
614 5680 708 5738 lib.
736 5697 817 5751 ιιι,
849 5696 902 5753 p.
935 5682 1033 5749 271
1059 5692 1111 5739 et
1133 5681 1259 5741 276.

724 5504 739 5535 ¹
764 5502 1056 5573 Joan.xv1,
1078 5504 1165 5579 l6,
1190 5504 1284 5560 ‘26.
1358 5507 1378 5538 ²
1404 5503 1633 5573 Coloss.,
1663 5520 1702 5572 ι,
1729 5503 1817 5563 16.

1827 5242 1992 5297 tertio
2020 5241 2138 5297 loco
2161 5239 2378 5304 colitur,
2410 5238 2538 5309 quia
2567 5237 2817 5291 videlicet
2844 5233 3035 5288 ordine
3071 5242 3126 5286 et
3148 5230 3405 5299 dignitate

1828 5342 2053 5405 praestat
2100 5332 2243 5403 aliis,
2289 5341 2348 5388 et
2396 5331 2616 5386 unicum
2671 5327 2780 5385 tale
2818 5325 3094 5396 Unigeniti
3121 5337 3257 5395 opus
3301 5329 3405 5393 est,
