3802 6216
403 245 511 301 863
1326 250 1674 308 APPENDIX
1711 252 1991 310 OPERUM
2024 254 2081 319 S.
2123 255 2365 312 BASILII
2401 257 2639 321 MAGNI,
3566 269 3668 323 851

403 355 609 413 deitate
636 358 860 428 quidem
886 369 941 413 et
969 359 1208 430 polentia
1232 365 1450 419 creandi
1512 376 1749 432 remota,
1810 369 2183 425 sanctificandi
2253 380 2434 426 autem
2500 384 2558 427 et
2606 374 3136 433 docendi‘facultate
3185 377 3493 436 abundans.
3541 381 3668 437 Illos

403 454 548 545 enim
593 453 684 523 qui
730 451 1069 508 Paracletnm
1124 458 1493 524 operationem
1534 462 1825 529 quamdam
1881 464 1975 519 Dei
2011 479 2131 521 esse
2183 467 2435 531 credunt,
2483 478 2539 521 et
2584 467 2779 522 deinde
2821 468 2968 523 illum
3005 471 3254 526 essentiis
3310 473 3662 545 subiungunt-

406 530 661 611 tunquam
698 545 855 599 valde
885 546 1122 603 insulsos
1150 559 1207 604 et
1273 564 1306 605 a
1335 552 1563 607 veritate
1628 553 1788 625 longe
1828 564 2066 612 remotos
2104 557 2153 613 si
2182 572 2326 613 nunc
2355 558 2596 614 refutare
2626 547 2906 627 vellemus,
2943 560 3100 633 longa
3145 577 3276 617 sane
3316 530 3472 619 mora
3506 530 3579 621 ad
3612 565 3668 621 id

406 635 563 692 nobis
601 652 736 692 onus
767 638 928 692 foret.

404 638 563 692 nobis
601 652 736 706 opus
767 638 928 695 foret.

473 809 564 865 26.
612 809 830 879 Verum,
870 827 936 868 ne
981 828 1295 870 sermonum
1350 815 1659 886 prolixitate
1719 820 1977 876 auditore:

2163 821 2253 877 26.
2291 824 2430 877 Ἀλλ’
2469 824 2557 879 ἵνα
2580 826 2655 898 μὴ
2680 826 2759 898 τῷ
2794 828 2957 898 μήκει
3001 828 3109 884 τῶν
3135 828 3311 897 λόγων
3340 832 3669 903 ἀποκινήσω-

404 916 718 973 gravemus,
744 903 993 960 minusve
1016 905 1227 961 alacres
1252 907 1563 973 reddamus,
1586 911 1773 978 paucis
1797 926 1977 967 eorum

2096 929 2196 985 μεν
2219 915 2348 977 τοὺς
2379 914 2694 980 ἀκούοντας.
2725 918 2903 973 πᾶσαν
2930 920 2987 971 ἐν
3029 919 3220 990 βραχεῖ
3245 919 3355 974 τῶν
3391 922 3672 993 ῥηθέντων

404 1010 525 1066 qua:
564 997 801 1049 diximus
857 997 964 1050 vim
1000 1012 1228 1052 omnem
1276 1001 1817 1068 comprehendentes,
1853 1002 1977 1056 dici-

2096 1003 2485 1074 περιλαϐόντες
2508 1005 2605 1077 τὴν
2627 1007 2875 1078 δύναμιν,
2908 1009 3086 1079 φαμὲν
3111 1010 3208 1066 ἕνα
3230 1012 3322 1063 καὶ
3346 1012 3511 1082 μόνον
3538 1013 3670 1085 617]-

408 1101 528 1139 mus
560 1102 727 1140 unum
759 1096 815 1141 et
845 1087 1019 1142 solum
1054 1103 1180 1143 vere
1211 1103 1332 1144 esse
1359 1089 1506 1143 illum
1534 1104 1722 1144 verum
1744 1091 1977 1145 omnium

2096 1090 2236 1146 θινὸν
2266 1089 2403 1146 εἶναι
2430 1094 2521 1147 τὸν
2546 1094 2656 1148 τῶν
2687 1096 2905 1151 πάντων
2943 1096 3097 1164 Θεὸν,
3138 1099 3454 1171 ἀγέννητον,
3503 1102 3671 1172 duap-

408 1176 574 1233 Deum
627 1178 943 1247 ingenitum,
989 1178 1106 1234 sine
1163 1179 1450 1248 principio,
1480 1181 1980 1250 incomparabilem,

402 1271 553 1324 omni
576 1285 736 1325 causa
759 1272 1120 1340 superiorem.
1143 1281 1199 1325 et
1226 1273 1475 1327 omnibus
1502 1274 1665 1330 rebus
1686 1274 1828 1338 aliis,
1844 1273 1983 1343 quod

403 1371 460 1416 et
484 1360 614 1432 ipsa:
652 1362 803 1432 quid,
835 1378 934 1417 ceu
970 1362 1288 1417 substantiae
1312 1372 1461 1425 sunt,
1482 1378 1721 1419 causam.
1747 1365 1847 1432 Qui
1877 1380 1983 1419 non

405 1468 472 1508 ex
506 1455 893 1508 communione
950 1454 1184 1523 quadam
1221 1468 1342 1508 cum
1392 1454 1495 1508 alia
1533 1455 1709 1524 aliqua
1742 1471 1802 1510 re
1838 1472 1983 1510 com-

409 1545 833 1600 muuicationem
860 1561 1039 1600 rerum
1066 1547 1480 1613 constituit,nec
1500 1548 1768 1602 antecedit
1790 1557 1981 1602 cuneta

406 1636 617 1702 ordine,
655 1652 755 1691 nec
805 1646 1021 1707 praestat
1050 1637 1336 1695 collatione
1366 1655 1381 1690 :
1413 1639 1479 1694 ad
1520 1655 1708 1695 omnes
1765 1639 1981 1709 quidem

406 1742 495 1781 res
541 1740 843 1799 respectum
876 1730 1161 1799 quemdam
1198 1732 1266 1785 ad
1316 1732 1661 1787 collationem
1692 1731 1980 1799 quamdam

403 1835 556 1875 suam
626 1820 832 1880 habet:
866 1823 960 1876 sed
1028 1824 1240 1877 ratione
1304 1822 1725 1891 prmeminentia:
1777 1821 1976 1877 nullam

402 1913 859 1980 comparationem
908 1915 1176 1977 essentiae,
1232 1913 1509 1982 potentiae,
1548 1914 1828 1982 imperiive
1882 1914 1978 1966 ad-

404 2002 569 2057 mittit
597 2018 612 2054 :
646 2004 736 2072 qui
785 2005 970 2072 genuit
1011 2014 1066 2059 et
1095 1992 1224 2060 fecit
1264 2016 1391 2063 ante
1427 2006 1608 2058 omnia
1639 2003 1977 2075 unigenitum

406 2092 570 2146 Deum
594 2092 873 2148 Dominum
909 2104 1151 2148 nostrum
1181 2094 1364 2149 Jesum
1394 2092 1802 2164 Christum,per
1817 2109 1976 2165 quem

2088 1201 2203 1255 χον,
2227 1184 2590 1258 ἀσύγκριτον,
2631 1187 2813 1259 πάσης
2836 1188 3015 1253 αἰτίας
3043 1192 3350 1260 κρείττονα,
3388 1195 3525 1246 πᾶσι
3567 1196 3673 1258 τοῖς

2085 1270 2205 1328 οὖσι
2247 1276 2342 1330 τοῦ
2385 1272 2526 1330 εἶναι
2570 1278 2777 1331 αἴτιον·
2818 1282 2918 1334 οὑκ
2958 1283 3021 1335 ὲκ
3061 1284 3344 1347 κοινωνίας
3388 1285 3491 1353 τῆς
3535 1284 3672 1356 πρὸς

2084 1366 2272 1439 ἕτερον
2295 1367 2393 1439 τὴν
2414 1368 2524 1421 τῶν
2555 1368 2725 1422 ὄντων
2752 1370 3112 1444 δημιουργίαν
3152 1374 3589 1445 συστησάμενον,
3607 1376 3674 1428 οὐ

2082 1461 2149 1529 τῇ
2176 1458 2330 1523 τάξει
2360 1459 2423 1513 τὸ
2462 1459 2697 1533 πρῶτον,
2736 1462 2798 1514 οὑ
2833 1464 3118 1533 συγκρίσει
3150 1464 3210 1517 τὸ
3237 1467 3489 1536 κρεῖττον
3540 1466 3675 1519 ιατὰ

2084 1549 2302 1602 πάντων
2324 1549 2751 1620 ἀποφερόμενον,
2775 1549 2912 1603 ἀλλά
2941 1551 3061 1605 καθ’
3092 1551 3364 1623 ὑπεροχὴν
3402 1552 3673 1624 ἀσύγκρι-

2082 1658 2173 1694 τον
2200 1640 2390 1705 οὐσίας
2431 1642 2524 1694 καὶ
2561 1641 2844 1713 δυνάμεως
2883 1643 2977 1696 καὶ
3022 1641 3291 1708 ἐξουσίας,
3325 1644 3671 1713 γεννήσαντα

2083 1730 2176 1785 καὶ
2218 1732 2518 1802 ποιήσαντα
2552 1731 2659 1802 πρὸ
2704 1731 2921 1784 πάντων
2971 1732 3233 1802 μονογενῆ
3263 1731 3398 1784 Θεῆν
3439 1732 3535 1785 τὸν
3562 1732 3674 1785 Kai-

2083 1839 2200 1896 ριον
2226 1823 2384 1894 ήμῶν
2427 1822 2634 1894 Ἰησοῦν
2656 1824 2909 1895 Χριστὸν,
2936 1824 3003 1876 δι’
3036 1817 3096 1877 οὗ
3118 1823 3187 1881 τὰ
3215 1825 3396 1878 πάντα
3420 1825 3668 1893 γέγονεν,

2082 1916 2266 1972 εἰκόνα
2302 1918 2398 1971 καὶ
2427 1917 2702 1988 σφραγῖδα
2734 1916 2836 1987 τῆς
2881 1915 3016 1982 ἰδίας
3058 1916 3341 1987 δυνάμεως
3377 1918 3477 1971 καὶ
3515 1920 3672 1989 ἐνερ-

2081 2009 2256 2077 γείας,
2288 2012 2424 2080 μήτε
2458 2008 2535 2079 τῷ
2567 2010 2887 2079 γεννήσαντι
2925 2009 3064 2062 κατὰ
3090 2007 3188 2080 τὴν
3218 2009 3408 2062 οὐσίαν
3436 2025 3670 2079 συγκρι-

2082 2101 2326 2170 νόμενον,
2361 2099 2588 2170 μήτετῷ
2614 2099 2680 2153 δι’
2716 2098 2881 2161 αὑτοῦ
2911 2099 3187 2171 γενομένῳ
3210 2100 3348 2170 ἁγίῳ
3364 2098 3669 2169 Πνεῦματι.

400 2185 583 2240 Omnia
618 2184 759 2239 facta
827 2197 975 2252 sunt,
1003 2188 1204 2257 quique
1237 2190 1414 2259 imago
1443 2196 1500 2243 et
1540 2188 1877 2258 signaculum
1899 2198 1977 2242 est

2096 2192 2189 2245 Γοῦ
2218 2192 2315 2263 μὲν
2340 2191 2450 2264 γὰρ
2467 2191 2703 2245 ἐλάττων
2731 2191 2899 2257 ἐστὶν,
2926 2191 3001 2254 ὡς
3031 2191 3268 2261 ποίημαο
3300 2189 3396 2243 τοῦ
3413 2190 3471 2242 δὲ
3495 2190 3670 2261 κρείτ-

401 2279 634 2349 propria:
662 2280 919 2349 potentiae
957 2288 1012 2334 et
1057 2282 1410 2348 Operationis,
1441 2296 1614 2348 neque
1643 2280 1716 2344 ei,
1750 2281 1839 2348 qui
1889 2295 1980 2349 ge-

402 2370 541 2434 nuit,
566 2371 862 2423 secumlum
891 2372 1181 2425 essentiam
1209 2371 1591 2440 aequiparatur,
1625 2384 1797 2439 neque
1818 2369 1982 2435 Spiri-

406 2460 481 2513 tui
533 2472 725 2514 sancto
750 2500 766 2525 ,
795 2462 884 2530 qui
935 2477 1030 2531 per
1073 2463 1245 2532 ipsum
1270 2443 1469 2515 factus
1491 2472 1601 2526 est;
1640 2461 1729 2515 illo
1762 2461 1977 2528 quidem

402 2551 620 2627 minor,
655 2561 911 2621 tanquam
972 2551 1221 2616 factura,
1259 2555 1361 2607 hoc
1419 2568 1550 2606 vero
1601 2554 1977 2621 praestantior,

403 2649 657 2711 tanquam
699 2643 893 2700 factor.
919 2644 986 2699 Et
1035 2658 1170 2698 sane
1204 2646 1345 2714 quod
1378 2655 1599 2699 creatus
1624 2635 1718 2709 sit,
1764 2645 1868 2699 fide
1899 2644 1981 2698 di-

400 2745 539 2802 gnus
566 2743 649 2788 est
682 2736 839 2789 testis
867 2735 957 2789 ille
992 2735 1083 2804 qui
1107 2736 1173 2791 ab
1209 2736 1325 2805 ipso
1359 2735 1586 2789 Domino
1614 2735 1979 2788 testimonium

404 2824 569 2880 habet
592 2824 632 2890 ³,
660 2828 802 2894 quod
833 2842 892 2881 ex
923 2825 1033 2882 Deo
1054 2829 1334 2882 scientiam
1370 2842 1521 2881 suam
1540 2827 1755 2892 habeat,
1792 2826 1982 2881 Petrus

403 2917 697 2982 nimirum,
752 2933 872 2971 cum
920 2919 1052 2973 dicit
1089 2935 1105 2973 :
1146 2918 1298 2972 Certo
1364 2919 1526 2987 igitur
1567 2919 1698 2971 sciat
1741 2919 1979 2971 universa

401 3009 589 3064 domus
613 3010 637 3063 1
646 3010 804 3074 srael,
820 3014 960 3081 quod
989 3014 1158 3081 ipsum
1184 3013 1462 3067 Dominum
1485 3023 1534 3066 et
1558 3012 1816 3066 Christum
1843 3011 1981 3066 Deus

400 3103 520 3173 fecit
538 3101 582 3168 ⁸,
622 3114 675 3156 et
704 3105 817 3173 ipse
849 3106 944 3175 qui
975 3121 1042 3160 ex
1099 3122 1327 3175 persona
1367 3106 1575 3159 Domini
1639 3105 1830 3174 inquit,
1867 3104 1979 3158 Doe-

400 3194 575 3248 mt'nus
602 3196 794 3248 crearit
828 3212 907 3248 me
936 3198 990 3250 in
1019 3198 1277 3266 principio
1306 3199 1505 3252 viarum
1525 3213 1740 3250 suarum
1766 3197 1808 3249 ⁵.
1829 3196 1979 3263 Quod

400 3297 580 3341 autem
612 3288 730 3357 ipse
755 3289 991 3343 vicissim
1034 3292 1238 3343 creavit
1279 3289 1540 3359 Spiritum
1587 3300 1856 3353 sanetum,
1895 3288 1982 3340 hic

2080 2300 2211 2346 των,
2249 2284 2325 2346 ὠς
2368 2284 2620 2354 ποιητής.
2651 2279 2759 2335 Τοῦ
2807 2280 2907 2352 μὲν
2954 2276 3047 2334 οὖν
3087 2280 3421 2351 πεποιῆσθαι
3458 2280 3670 2352 μάρτυς

2084 2373 2396 2438 ἀξιόπιστος
2423 2377 2451 2427 6
2480 2374 2610 2445 παρ’
2638 2372 2802 2426 αὑτοῦ
2837 2371 2931 2425 τοῦ
2960 2373 3166 2445 Κυρίου
3199 2372 3572 2444 μαρτυρηθεὶς
3604 2375 3668 2425 ἐκ

2080 2464 2217 2517 Θεοῦ
2233 2464 2329 2536 τήν
2349 2464 2549 2532 γνῶσιν
2572 2464 2717 2535 ἔχειν
2745 2463 2971 2535 Πέτρος,
2992 2462 3179 2519 εἰπών’
3218 2461 3537 2531 Ἀσςειιλῶς
3554 2458 3669 2516 οὖν

2079 2553 2545 2623 τινωσκέτωπᾶς
2558 2556 2721 2622 οἷκος
2737 2554 3003 2623 Ἰσραὴλ,
3029 2554 3346 2622 ὄτιΚύριον
3369 2552 3667 2606 αὑτὸν-καὶ

2081 2646 2342 2714 Χριστὸν
2386 2648 2420 2699 ὁ
2465 2644 2612 2709 Θεὸς
2662 2645 2912 2712 ἐποίησε
2932 2662 2946 2676 ·
2978 2646 3072 2698 καὶ
3095 2646 3124 2697 6
3148 2647 3211 2696 ἐκ
3239 2642 3538 2714 προσώπου
3572 2641 3668 2695 τοῦ

2083 2736 2288 2807 Κυρίου
2314 2735 2491 2804 λέγων
2511 2754 2524 2767 ·
2561 2738 2779 2804 Κύριος
2811 2737 3017 2790 ἕκτισέ
3043 2754 3122 2806 με
3152 2734 3349 2810 ἀρχὴν
3376 2734 3538 2788 ὁδῶν
3565 2736 3668 2788 αὐ·

2080 2828 2219 2885 τοῦ·
2275 2826 2371 2880 τοῦ
2402 2827 2458 2880 δὲ
2498 2829 2856 2896 πεποιηκέναι
2898 2828 2960 2881 τὸ
3010 2826 3237 2898 Πνεῦμα
3279 2826 3340 2879 τὸ
3374 2826 3532 2894 ἅγιον
3558 2827 3586 2878 ὃ
3610 2841 3665 2878 τε

2082 2917 2273 2982 εἰπὼν,
2304 2915 2409 2984 Εἷς
2442 2918 2608 2983 Θεὸς,
2642 2917 2712 2982 ἐξ
2737 2915 2808 2973 οὗ
2834 2919 2907 2972 τὰ
2934 2918 3150 2980 πάντα,
3174 2918 3273 2971 καὶ
3302 2913 3393 2983 εἷς
3426 2919 3665 2987 Κύριος,

2095 3009 2334 3077 Ἰησοῦς
2361 3010 2636 3077 Χριστὸς,
2658 3010 2733 3062 δι’
2754 3005 2826 3064 οὗ
2859 3010 2930 3063 τὰ
2965 3009 3182 3074 πάντα,
3210 3009 3307 3063 καὶ
3334 3011 3362 3062 6
3399 3009 3665 3078 μακάριος

2093 3103 2350 3168 Ἰωάννης
2396 3103 2603 3171 φήσας·
2639 3101 2840 3156 Πάντα
2890 3101 2967 3155 δι’
3015 3100 3201 3156 αὐτοῦ
3257 3100 3522 3170 ἐγένετο,
3572 3100 3665 3153 καὶ

2082 3192 2263 3262 χωρὶς
2290 3191 2479 3246 αὐτοῦ
2493 3191 2731 3261 ἐγένετο
2759 3192 2902 3246 οὐδὲ
2921 3192 3011 3254 ἐν,
3049 3192 3138 3256 Ἐξ
3158 3184 3233 3244 ὧν
3257 3190 3555 3245 ἀκόλουθον
3581 3192 3664 3255 ἂν,

2082 3285 2116 3353 ἢ
2141 3285 2432 3354 ἀγέννητον
2464 3283 2666 3352 λέγειν,
2733 3285 2872 3354 ὅπερ
2921 3284 3116 3347 ἀσεϐές
3139 3299 3151 3311 ·
3195 3283 3228 3352 ἦ
3259 3282 3417 3354 εἴπερ
3453 3283 3665 3351 γέγονε,

400 3378 566 3432 etiam
594 3377 835 3434 ostendit
860 3379 951 3447 qui
984 3380 1116 3434 dicit
1150 3397 1164 3433 :
1195 3377 1345 3435 Unus
1379 3390 1454 3432 est
1480 3378 1618 3432 Deus
1645 3393 1709 3431 ea;
1733 3374 1834 3446 quo
1858 3384 1977 3430 sunt

2096 3376 2152 3429 5t‘
2197 3376 2362 3429 αὑτοῦ
2420 3376 2722 3445 γεγονέναι.
2771 3377 2947 3430 Μόνον
2990 3376 3099 3446 γὰρ
3147 3376 3250 3429 ὑπὸ
3302 3375 3398 3427 τοῦ
3455 3375 3665 3445 Πατρὸς

401 3471 599 3535 omnia,
623 3482 671 3524 et
714 3486 852 3523 unus
901 3469 1157 3525 Dominus
1180 3512 1194 3530 .
1223 3472 1380 3526 Iesus
1417 3468 1656 3524 Christus
1706 3484 1798 3538 per
1828 3482 1977 3537 quem

2096 3468 2454 3539 δμολογοῦμεν
2494 3468 2853 3538 γεγεννῆσθαι
2886 3469 2979 3521 τὸν
3025 3469 3174 3529 Υἱδν,
3224 3468 3665 3539 ὑποτεταγμένον

398 3573 524 3617 sunt
555 3565 730 3618 omnia
758 3564 816 3631 ‘;
846 3573 903 3620 et
942 3576 1164 3619 sanctus
1191 3563 1428 3619 Joannes
1458 3563 1552 3632 qui
1582 3561 1714 3615 dixit
1746 3577 1759 3613 :
1791 3558 1977 3614 Omnia

2096 3557 2243 3628 tbsiq.
2281 3558 2374 3611 καὶ
2403 3558 2629 3629 γνώμῃο
2662 3558 2760 3629 ζῇν
2806 3575 2864 3619 τε
2903 3558 3013 3629 γὰρ
3051 3558 3137 3612 διὰ
3164 3558 3257 3611 τὸν
3295 3558 3544 3629 Πατέρα,
3578 3559 3665 3611 καὶ

396 3671 492 3722 per
528 3657 700 3724 ipsum
723 3657 865 3725 facta
894 3668 1035 3722 sunt,
1058 3669 1105 3711 et
1143 3660 1256 3711 sine
1278 3659 1388 3724 ipso
1418 3655 1619 3725 factum
1645 3663 1719 3708 est
1743 3669 1806 3707 ne
1831 3650 1977 3718 quid!

2096 3649 2250 3722 μηδὲν
2302 3649 2394 3717 ἀφ’
2444 3649 2637 3703 ἑαυτοῦ
2699 3652 2875 3702 ποιεῖν
2923 3649 3086 3713 αὑτὸς
3149 3650 3403 3720 ὁμολογεί
3439 3667 3453 3679 ο
3532 3652 3665 3721 μήτε

397 3748 616 3816 quam".
642 3749 720 3802 Ex
757 3749 954 3818 quibus
988 3748 1244 3817 consequi
1292 3760 1512 3802 necesse
1538 3755 1621 3800 est
1643 3785 1658 3809 ,
1681 3743 1766 3798 vel
1808 3743 1977 3811 ipsum

2096 3742 2189 3813 ιὴν
2211 3740 2514 3813 ὁμοούσιον,
2549 3740 2685 3812 μηδὲ
2718 3741 3049 3813 ὁμοιούσιον,
3090 3744 3320 3814 ἐπείπερ
3354 3743 3419 3818 το
3452 3744 3554 3814 μὲν
3581 3744 3664 3812 γέο

366 3820 698 3908 ⁵ἱιιεοιιίιιιιη
757 3841 958 3905 dicere,
1008 3841 1151 3910 quod
1189 3839 1411 3907 impium
1462 3846 1581 3901 est;
1615 3836 1697 3890 vel
1722 3836 1766 3890 si
1802 3834 1977 3889 factus

2096 3851 2223 3886 ιεσιν
2257 3834 2350 3887 καὶ
2385 3834 2650 3905 μερισμὸν
2698 3835 2957 3904 σημαίνει
2986 3835 3084 3906 τῆς
3117 3834 3341 3900 οὑσίας,
3370 3835 3433 3888 τὸ
3466 3834 3527 3888 δὲ
3564 3834 3665 3888 ἰσό-

398 3937 503 3993 est,
527 3931 671 3999 quod
705 3930 820 3999 ipse
850 3947 946 4001 per
974 3932 1145 4000 ipsum
1190 3931 1363 3984 factus
1388 3929 1477 3984 sit.
1508 3926 1740 3981 Tantum
1772 3926 1915 3980 enim
1947 3938 1978 3977 ει
2077 3942 2245 3996 τητα.

396 4020 563 4078 Patre
607 4024 931 4079 confitemur
991 4025 1229 4094 genitum
1294 4038 1414 4079 esse
1451 4022 1671 4087 Filium,
1703 4020 2115 4076 subordinatum
2147 4021 2398 4075 essentia:
2437 4036 2529 4076 seu
2574 4022 2837 4075 voluntati
2876 4021 3063 4076 :sicut
3104 4020 3221 4090 ipse
3254 4019 3426 4076 Filius
3472 4021 3663 4075 fatetur

398 4119 545 4188 quod
603 4125 822 4187 propter
855 4117 1071 4172 Patrem
1108 4117 1307 4181 vivat“,
1369 4130 1543 4186 neque
1582 4129 1612 4169 a
1663 4121 1835 4168 semet
1864 4112 2155 4181 quidquam
2193 4112 2410 4167 faciat’.
2444 4112 2627 4181 Neque
2673 4122 2852 4166 tamen
2891 4111 3124 4166 dicimus
3156 4112 3346 4181 [ipsum
3408 4127 3662 4169 cnesseu-

401 4206 605 4271 tialem,
672 4221 847 4276 neque
879 4207 1072 4262 similis
1143 4209 1413 4274 essentne,
1453 4208 1718 4279 siquidem
1765 4204 1893 4258 illud
1921 4205 2322 4274 generationem
2353 4215 2407 4260 et
2438 4203 2905 4275 participationem
2931 4211 3083 4257 notat
3111 4203 3384 4270 essentia},
3425 4204 3532 4259 hoc
3569 4218 3661 4257 au-

401 4306 510 4354 tem
534 4297 779 4369 ejusdem
814 4286 1263 4365 exaequationem.

470 4484 632 4556 702
659 4483 1314 4553 27.Nequeverogenitus
1332 4493 1416 4537 est
1444 4480 1978 4550 Pater,uequeinge-

401 4577 550 4633 nitus
586 4579 790 4645 Filius;
822 4578 916 4632 sed
964 4577 1016 4631 id
1045 4578 1188 4646 quod
1231 4585 1317 4631 est
1342 4577 1458 4629 sine
1512 4574 1620 4627 ullo
1674 4573 1801 4636 fine,
1836 4571 1976 4626 idem

405 4671 567 4725 etiam
605 4672 778 4740 ipsum
813 4671 996 4727 vocari
1039 4684 1169 4724 vero
1201 4669 1459 4730 fatemur,
1491 4673 1676 4734 utpote
1705 4664 1976 4734 genimen,

406 4760 574 4815 filium
601 4765 1012 4832 obsequentem,
1038 4762 1350 4816 ministrum
1384 4757 1857 4828 perfectissimum,
1887 4757 1978 4829 qui

400 4854 471 4908 ad
509 4869 726 4910 omnem
760 4857 1091 4911 creationem
1131 4854 1576 4921 voluntatemque
1624 4850 1802 4905 Patris
1849 4865 1981 4919 ope-

403 4961 521 5002 ram
566 4963 718 5002 suam
771 4948 1047 5018 praestitit,
1097 4947 1352 5020 nimirum
1399 4945 1463 4999 ad
1512 4944 1753 4998 omnium
1796 4956 1975 4995 rerum

2157 4470 2247 4534 2'1.
2288 4468 2425 4523 Οὔτε
2470 4468 2527 4522 δὲ
2559 4468 2816 4540 γεννητὸς
2848 4470 2877 4522 ὁ
2916 4468 3126 4539 Πατὴρ,
3156 4464 3279 4521 οὔτε
3313 4466 3658 4538 ἀγέννητοςί

2087 4563 2237 4626 Υἱὸς,
2273 4560 2386 4614 ἀλλ’
2418 4561 2555 4632 ὅπερ
2584 4561 2734 4613 ἐστὶν
2761 4559 3154 4629 ἀτελευτήτως,
3199 4557 3358 4611 τοῦτο
3394 4559 3491 4612 καὶ
3521 4559 3654 4626 λεγόο

2088 4670 2247 4725 μενον
2278 4650 2493 4722 ἀληθῶς
2519 4650 2785 4721 γέννημα,
2810 4649 2939 4702 Υίδν
2972 4649 3234 4720 ὑπήκοον,
3265 4649 3549 4722 ὑπουργὸν
3582 4665 3634 4701 τε

2087 4744 2382 4806 λειότατον,
2456 4742 2594 4813 πρὸς
2650 4742 2830 4794 πᾶσαν
2884 4740 3244 4811 δημιουργίαν
3294 4741 3387 4793 καὶ
3444 4740 3655 4810 γνὼμηι

2089 4835 2363 4906 πατρικήν
2391 4833 2833 4903 ὑπηρετήσαντα,
2876 4832 3013 4903 πρὸς
3058 4832 3159 4901 τὴν
3189 4830 3299 4884 τῶν
3338 4832 3514 4885 ὄντων
3568 4830 3651 4884 σύ-

2087 4946 2277 4985 στασιν
2326 4930 2422 4982 καὶ
2473 4926 2757 4998 διαμονὴν,
2804 4926 2941 4997 πρὸς
2972 4925 3290 4995 νομοθεσίαν
3340 4924 3654 4997 ἀνθρώπιον.

404 5056 524 5111 quae
552 5050 679 5095 sunt
703 5014 1175 5110 compositionem,
1192 5014 1264 5092 ad
1281 5036 1744 5099 distributionem,
1759 5034 1824 5088 ad
1841 5034 1977 5101 leges

2096 5021 2222 5093 πρὸς
2249 5018 2581 5089 οἰκονομίαν,
2604 5017 2699 5072 καὶ
2731 5018 2910 5070 πᾶσαν
2935 5017 3192 5087 πρόνοιαν
3210 5033 3226 5047 ο
3253 5018 3505 5091 ὑπηρέτῃ
3525 5014 3654 5087 χρώ-

405 5131 713 5186 bominibus
743 5130 1018 5194 ferendas,
1050 5131 1116 5184 ad
1143 5128 1499 5183 (nconomiam
1541 5135 1594 5181 et
1616 5141 1830 5181 omnem
1860 5139 1977 5192 pro-

2096 5130 2246 5185 μενον
2296 5111 2375 5182 τῷ
2426 5110 2771 5182 Παρακλήτῳ
2827 5109 2963 5180 πρὸς
3000 5108 3292 5178 ἀγιασμδν,
3341 5110 3482 5180 πρὸς
3527 5109 3649 5162 6:61-

403 5224 728 5280 videntiam:
754 5224 1003 5282 ministro
1017 5230 1259 5277 utentem
1280 5219 1569 5275 Paracleto
1589 5218 1657 5272 ad
1681 5218 1988 5272 sanctifica-

402 5312 630 5382 tionem,
663 5312 733 5369 ad
762 5313 1089 5378 doctrinam,
1120 5311 1190 5367 ad
1213 5310 1687 5367 conﬁrmationem
1710 5307 1981 5364 ﬁdelium:

2091 5203 2338 5270 σκαλίαν,
2373 5201 2509 5274 πρὸς
2544 5200 2832 5270 βεϐαίωσιν
2876 5199 2985 5252 τῶν
3023 5199 3231 5253 πιστῶν
3252 5217 3267 5231 ·
3302 5200 3390 5254 ἐπ’
3423 5200 3653 5272 ἐσχάτων

2095 5293 2315 5365 ἡμερῶν
2343 5291 2675 5363 γεννηθέντα
2717 5291 2781 5344 ὲκ
2822 5290 2921 5360 τῆς
2957 5289 3114 5359 ἀγίας
3149 5290 3455 5362 Παρθένου,
3488 5293 3652 5362 νόμοις

473 5602 495 5634 ⁸
525 5602 713 5658 Matth.
750 5619 859 5670 ενι,
893 5602 975 5659 l7.
1052 5605 1075 5635 ⁵
1107 5604 1227 5657 Act.
1261 5616 1320 5665 ll,
1346 5598 1433 5656 36.
1491 5599 1512 5632 '
1546 5596 1706 5655 Prov.
1741 5613 1860 5666 vm,
1882 5595 1973 5653 ΞΩ.
2052 5595 2105 5653 σι
2127 5594 2254 5652 Cor.
2282 5611 2402 5659 vm,
2443 5594 2495 5650 6.
2573 5595 2591 5627 '
2615 5592 2770 5649 Joan.
2797 5593 2902 5658 1,3.
2981 5592 3002 5625 ⁸
3026 5589 3376 5659 Joan.vr,58.
3456 5592 3477 5624 ⁸
3503 5587 3646 5646 Joan.

404 5686 459 5735 γ,
493 5673 575 5725 19.
