3802 6216
108 313 196 360 εδδ
1124 289 1412 355 etiamm
1449 289 1653 353 LIBER
1690 289 2232 359 ApoLoGEt‘lcus.
3210 304 3312 361 sos

101 418 422 492 ἀνθρωπίνοις
478 416 929 488 πολιτευσάμενον
986 415 1170 481 ὁσίως,
1232 414 1602 487 σταυρωθέντα

1810 417 1975 471 nitum
1997 417 2051 473 in
2075 418 2266 475 diebus
2289 419 2493 475 ultimis
2537 435 2602 476 ex
2651 417 3089 489 sanctaVirgine,
3124 430 3311 475 sancte

104 511 426 572 ἀποθανόντα,
458 511 762 564 ἀναστάντα
792 512 859 580 τῇ
890 509 1048 581 τρίτῃ
1075 508 1184 561 τῶν
1215 506 1458 579 ἡμερῶν,
1485 507 1605 561 ἀνελ

1810 524 1832 563 c
1850 519 2122 567 versatum
2141 509 2292 577 juxta
2317 512 2465 581 leges
2495 513 2779 579 humanas,
2806 512 3146 577 cruciﬁxum,
3169 527 3311 567 mor-

106 604 242 656 θόντα
282 602 357 665 είς
385 601 630 672 οὐρανὸν,
660 601 952 671 ἐρχόμενον
981 603 1160 671 κρῖναι
1193 599 1403 663 ζῶντας
1428 600 1523 651 καὶ
1551 616 1607 652 νε

1811 613 1915 662 ιιηι,
1951 601 2246 656 redivivum
2306 605 2463 658 tertia
2511 606 2620 667 die.
2673 620 2946 661 reversum
2995 606 3048 659 in
3097 605 3312 673 malum,

106 693 246 764 κροὶις
281 690 416 745 κατά
453 690 669 745 δικαίαν
697 689 1052 744 ἀνταπόδοσιν
1079 688 1313 752 πίστεώς
1335 706 1395 741 τε
1424 689 1520 742 καὶ
1545 688 1607 760 ἕρ

1810 691 2067 759 :njamque
2099 703 2385 748 venturum
2443 694 2687 764 judicare
2749 698 2900 750 vivos
2939 706 2994 749 et
3049 706 3311 760 mortuos,

106 798 217 851 των,
242 781 581 852 βασιλεῦοντά
616 799 677 836 τε
709 784 788 845 εἰς
820 783 947 846 τοὺς
978 780 1200 845 αἰῶνας,
1237 779 1551 851 σωζομένης
1584 783 1607 834 ὲ

1811 791 1883 835 sta
1924 782 2278 839 retributione
2315 786 2437 840 ﬁdei
2472 797 2527 840 et
2554 801 2775 854 onerum
2804 785 2967 849 iacta,
3002 796 3312 855 regnantem

108 875 250 929 ἅπασι
282 875 504 928 πάντοτε
548 872 650 943 τῆς
694 873 967 943 ὑπεροχῆς
1008 871 1104 926 τοῦ
1149 869 1283 925 Θεοῦ
1320 872 1413 926 καὶ
1443 887 1609 942 μοναρ

1837 873 2071 939 saecula;
2125 883 2273 928 sarta
2318 883 2455 930 tecta
2486 888 2695 930 servata
2733 877 2907 931 ubivis
2966 877 3019 930 in
3066 875 3312 931 omnibus

106 964 222 1036 χίας,
242 964 498 1032 ὑποτεταγ
506 962 666 1033 μένου
686 960 888 1031 δηλαδὴ
916 959 1011 1014 τοῦ
1033 959 1173 1014 Πνεύ
1183 977 1348 1031 ματος
1367 958 1463 1012 τοῦ
1484 960 1607 1026 ἀγίο

1812 962 2151 1017 meminentia
2196 963 2289 1018 Dei
2323 974 2379 1019 et
2424 967 2736 1020 tnonarchia
2771 984 2787 1022 :
2822 967 3036 1021 subdito
3071 966 3313 1020 videlicet

105 1054 168 1125 τῷ
193 1053 397 1127 Χριστῷ
432 1053 572 1124 μετὰ
606 1054 844 1116 πάντων,
872 1051 1038 1107 αὐτοῦ
1068 1052 1126 1106 δὲ
1150 1051 1246 1105 τοῦ
1278 1049 1410 1105 Υιοῦ
1445 1050 1540 1104 καὶ
1567 1068 1606 1103 τι

1813 1064 1937 1109 ncto
1972 1054 2179 1123 Spiritu
2204 1070 2326 1110 eum
2355 1059 2606 1112 onmibus
2637 1059 2734 1128 ipsi
2766 1056 2984 1113 Christo
3010 1075 3023 1112 :
3049 1060 3165 1128 ipso
3186 1072 3314 1115 vero

107 1146 203 1215 Θεῷ
238 1144 324 1198 καὶ
355 1144 550 1217 Πατρὶ.
588 1143 730 1197 κατά
756 1143 855 1214 τὴν
883 1142 979 1196 τοῦ
1021 1144 1292 1215 μακαρίου
1322 1142 1538 1198 Παύλου
1566 1143 1608 1197 δι

1814 1145 1903 1211 lio,
1938 1146 2046 1200 Deo
2084 1162 2148 1201 ac
2189 1145 2356 1212 Patri,
2390 1149 2544 1215 juxta
2573 1150 2716 1204 beati
2745 1150 2971 1217 apostoli
3024 1134 3172 1204 Ριιιιιί
3223 1148 3315 1203 d0-

107 1236 385 1297 δασκαλίαν,
410 1237 467 1300 ὃς
496 1253 659 1305 φησιν
676 1250 693 1264 ·
735 1235 912 1288 Ὅταν
938 1234 1050 1305 γὰρ
1082 1233 1353 1306 imorum"
1383 1233 1544 1300 αὐτῷ
1573 1253 1608 1288 τη

1813 1237 1995 1301 rinam,
2028 1237 2117 1306 qui
2146 1236 2275 1293 dicit
2305 1257 2319 1295 :
2368 1238 2654 1311 Postquam
2686 1243 2823 1295 enim
2852 1242 2952 1308 ipsi
2995 1242 3169 1294 omnia
3195 1243 3314 1294 sub-

106 1326 289 1390 αάντα,
328 1329 458 1382 τότε
490 1328 588 1382 καὶ
621 1328 805 1394 αὐτὸς
841 1331 875 1382 ὁ
933 1327 1065 1395 Υἱός
1096 1326 1539 1397 ὑποταγήσεται
1563 1345 1607 1381 tt

1895 1328 2112 1397 fuerint,
2148 1340 2272 1384 tunc
2313 1332 2468 1385 etiam
2505 1333 2611 1400 ipse
2654 1330 2826 1386 Filius
2858 1333 3108 1386 subdetur
3136 1332 3204 1394 ei,
3228 1332 3316 1399 qui
3384 1382 3396 1389 ,

106 1419 430 1484 ὑποτάξαντι
474 1420 635 1487 αὐτῷ
682 1421 754 1475 τὰ
798 1418 1016 1485 πάντα,
1070 1421 1170 1474 ἵνα
1200 1414 1243 1491 ᾖ
1297 1422 1330 1473 ό
1375 1420 1521 1487 Θεὸς
1571 1437 1604 1473 τ

1815 1420 1847 1474 si
1870 1423 2015 1486 prius
2052 1423 2231 1477 omnia
2254 1423 2511 1485 subdidit,
2544 1432 2603 1476 ut
2620 1422 2761 1478 Deus
2785 1424 2855 1477 sit
2877 1422 3130 1477 omniain
3151 1423 3316 1476 amtti-

108 1510 274 1564 πάντα
316 1512 383 1565 ἐν
427 1510 599 1566 πᾶσι.
640 1512 857 1566 Τούτων
902 1512 958 1565 δὲ
1002 1512 1219 1565 πάντων
1254 1512 1519 1584 εὐκρινῶς
1546 1513 1609 1582 μὲ

1819 1528 1844 1566 ε
1908 1506 1973 1566 ’⁸.
2029 1512 2162 1568 Cum
2207 1524 2387 1565 autent
2443 1513 2694 1567 universa
2753 1514 2870 1567 haec
2920 1511 3155 1582 liquido,
3211 1525 3317 1563 ma-

110 1598 187 1650 καὶ
226 1598 542 1670 πλατύτερον
588 1602 647 1653 ὲν
691 1599 897 1671 ἑτέροις
925 1601 1036 1671 (44)
1070 1605 1203 1672 ἡμῖν
1256 1602 1611 1672 ἀποδεδειγμέ

1817 1618 1939 1673 sque
1964 1604 2173 1674 prolixe
2210 1604 2337 1658 alibi
2367 1620 2395 1657 a
2431 1604 2587 1658 nobis
2613 1605 3002 1667 demmtstrata,
3047 1601 3158 1669 jam
3189 1614 3318 1655 vero

108 1706 212 1751 νων,
246 1692 298 1743 ὲν
338 1689 531 1761 βραχεῖ
578 1690 635 1744 δὲ
676 1690 770 1744 νῦν
817 1693 955 1763 πρὸς
999 1692 1144 1764 ὑμᾶς
1184 1692 1609 1765 ὡμολογημένωι

1837 1696 2058 1749 brevem
2085 1696 2151 1747 ad
2174 1709 2269 1749 vos
2296 1695 2693 1750 conte-sionem
2718 1694 2827 1748 sint
2855 1686 3165 1755 contracta;
3195 1704 3318 1759 pre-

109 1780 339 1850 εὐχόμεθα
375 1781 501 1846 τούς
546 1798 605 1834 τε
652 1782 928 1854 παρόντας
976 1783 1120 1855 ὑμᾶς
1153 1785 1245 1838 καὶ
1283 1785 1491 1849 πάντας
1520 1787 1610 1839 τοῦ

1819 1802 1933 1840 mur
1972 1797 2082 1839 tum
2112 1796 2173 1840 ut
2204 1801 2298 1841 vos
2335 1789 2425 1854 qui
2459 1786 2569 1855 jam
2616 1787 2705 1840 hic
2741 1785 2966 1849 adestis,
3020 1793 3131 1837 tum
3158 1783 3320 1837 etiam

104 1871 191 1924 τῶν
220 1872 386 1928 αὐτῶν
417 1876 551 1945 ⁴ίιμῖν
587 1876 899 1946 μυστηρίων
924 1876 1333 1941 κοινωνοῦντας,
1378 1877 1453 1947 μὴ
1480 1877 1605 1947 ψόγς

1840 1892 2028 1932 omnes
2067 1877 2156 1932 alii
2186 1879 2276 1947 qui
2310 1879 2424 1932 haec
2469 1879 2724 1950 mysteria
2772 1877 3051 1931 nobiscum
3087 1889 3320 1929 commu-

104 1962 366 2034 ἀνθρώπων
407 1966 738 2029 δεδοικότας,
792 1968 930 2037 μήτε
974 1966 1305 2037 σοφίσμασιν
1351 1968 1605 2039 ἀπατωμέ

1818 1986 1833 2023 ι
1863 1969 2083 2037 habent,
2110 1970 2299 2024 .nullas
2333 1970 2609 2024 hominum
2642 1968 3057 2039 vituperationes
3081 1964 3319 2029 reveriti,

108 2056 276 2128 νους,ἥ
320 2058 629 2123 κολακείαις
676 2058 1079 2130 ὑπαγομένους,
1123 2058 1266 2113 κατὰ
1314 2058 1412 2130 τὴν
1470 2059 1604 2130 ἀληο

1822 2062 1973 2115 llisve
2023 2061 2248 2130 argutiis
2298 2062 2509 2130 decepti
2546 2061 2631 2115 vel
2688 2060 3093 2114 adulationibus
3130 2056 3317 2120 illecti,

109 2160 185 2200 και
220 2148 418 2203 δικαίαν
464 2151 646 2222 κρίσιν
692 2150 1125 2220 ἐπιψηφίσασθαι
1155 2153 1267 2214 τοῖς
1304 2151 1610 2222 εἰρημένοις

1840 2168 1961 2222 quae
1981 2152 2092 2222 jam
2122 2152 2266 2209 dicta
2309 2161 2435 2206 sunt
2474 2166 2600 2206 vero
2627 2161 2681 2206 et
2725 2149 2874 2219 justo
2905 2148 3216 2217 approbetis
3235 2145 3316 2214 ju-

107 2239 369 2311 κρατοῦσης
396 2240 598 2313 δηλαδὴ
630 2242 782 2312 παρά
832 2242 967 2294 πᾶσι
994 2242 1094 2313 τῆς
1130 2240 1395 2312 βελτίονος
1428 2241 1608 2312 μοίρας

1818 2247 1908 2309 :io,
1940 2246 2081 2314 apud
2118 2254 2308 2301 omnes
2357 2246 2569 2316 potiore
2611 2244 2867 2298 nimirum
2903 2252 3057 2311 parte
3105 2254 3319 2309 praeva-

106 2330 175 2382 τόν
202 2348 252 2384 τε
289 2331 541 2404 λογισμὸν
580 2332 688 2386 τῶν
735 2332 1091 2403 ἐνοχλούντων
1137 2334 1607 2405 προστησαμένους

1817 2346 1910 2403 tte,
1965 2345 2130 2405 utque
2164 2337 2371 2391 ratione
2410 2335 2863 2391 tumultuantibus
2919 2332 3161 2402 praelata,
3194 2345 3315 2384 om-

106 2421 249 2475 πὰντα
276 2424 514 2496 θήρατρα
540 2424 636 2476 καὶ
662 2423 853 2476 δίκτυα
883 2423 1188 2493 διαφυγεῖν,
1238 2422 1275 2477 ἀ
1308 2423 1386 2494 τῷ
1414 2422 1607 2476 διαὸόλι

1818 2443 1845 2484 s
1873 2428 2095 2497 laqueos
2134 2429 2379 2496 retiaque
2407 2437 2601 2482 cuncta
2642 2424 2889 2487 evitetis,
2908 2439 3026 2491 qua:
3050 2439 3080 2476 a
3103 2420 3318 2477 diabolo

106 2515 200 2565 κατ’
236 2514 527 2587 ἀνθρώπων
578 2519 997 2587 μεμηχάνηται,
1050 2514 1280 2579 πολλοὺς
1331 2518 1555 2585 φυγεῖν,

1826 2518 2067 2572 minibus
2107 2519 2401 2573 tenduntur
2428 2532 2493 2571 eo
2520 2518 2722 2583 animo,
2749 2526 2809 2569 ut
2829 2514 2911 2569 vel
2938 2514 3089 2567 multi
3116 2512 3321 2581 fugiant

106 2602 331 2669 δελεάζειν
367 2606 783 2677 μεμελετηκότι,
827 2607 955 2670 τοὺς
993 2605 1069 2677 μὴ
1104 2606 1210 2676 πρὸ
1251 2605 1359 2658 τῶν
1386 2604 1556 2676 ἡδέων
1582 2622 1607 2657 τ

1822 2608 2059 2674 ritatem,
2110 2605 2193 2659 vel
2238 2607 2403 2661 etiam
2439 2615 2497 2660 ut
2546 2622 2649 2659 non
2682 2620 2885 2674 paucos
2936 2605 3051 2673 ipse
3098 2604 3323 2669 iuescet,

106 2698 340 2767 συμφέρον
377 2697 758 2768 αἱρουμένους,
809 2696 841 2768 ἢ
880 2697 949 2750 τὰ
987 2697 1231 2769 παρόντα
1273 2696 1380 2749 τῶν
1420 2696 1607 2767 μελλόν

1821 2713 1844 2752 s
1893 2698 2161 2763 videlicet,
2194 2698 2287 2767 qui
2320 2712 2424 2752 non
2467 2697 2761 2767 praeferunt
2809 2695 3064 2751 suavitati
3115 2694 3322 2748 utilita-

105 2802 186 2838 των
214 2789 578 2859 ἀσφαλέστερα
619 2785 1035 2857 λογιζομένουςο
1073 2789 1120 2840 εί
1153 2787 1197 2842 δ’
1229 2788 1338 2857 ἄρα
1370 2788 1463 2839 καὶ
1492 2803 1605 2856 παρ

1820 2806 1890 2858 ιι,
1956 2791 2120 2861 quive
2181 2791 2466 2861 prtesentia
2522 2790 2720 2845 futuris
2775 2791 3007 2845 certiora
3054 2787 3321 2855 iudicant.

104 2893 188 2930 τισι
208 2881 405 2950 νικήσει
429 2880 502 2932 τὰ
533 2879 704 2951 χείρω
732 2877 1094 2949 (ἀποστρέψαι
1118 2879 1175 2931 δὲ
1204 2881 1232 2931 ὁ
1267 2878 1400 2942 Θεὸς
1435 2878 1529 2931 τοῦ
1556 2878 1605 2930 λέ

1823 2896 1891 2935 ne
1915 2894 2044 2935 vero
2076 2882 2120 2935 si
2147 2881 2455 2950 contigerit,
2521 2892 2578 2934 ιιι
2605 2882 2683 2936 ita
2730 2880 2895 2934 etiam
2933 2880 3074 2947 apud
3105 2878 3318 2947 aliquos

104 2983 181 3034 γου
214 2971 304 3041 τὴν
348 2971 585 3043 πεῖραν),
640 2969 777 3040 πρὸς
821 2969 920 3041 μὲν
952 2961 1012 3022 τὸ
1055 2969 1250 3040 ψεῦδος
1288 2969 1397 3023 τῶν
1435 2969 1605 3023 πολλῶ

1821 2971 1930 3038 iora
1960 2972 2297 3041 praevaleant
2347 2974 2583 3043 (avertat
2626 2983 2806 3026 autem
2860 2974 3003 3029 Deus
3059 2971 3322 3026 sermonis

107 3062 469 3129 συμπνεόντων,
527 3062 663 3132 πρὸς
704 3060 762 3114 δὲ
806 3060 905 3131 τὴν
956 3060 1211 3133 ἀλήθειαν
1258 3060 1608 3132 διισταμένων

1822 3063 1911 3133 jus
1962 3074 2239 3128 conatum,
2301 3079 2370 3118 ne
2427 3064 2632 3119 scilicet
2690 3065 2796 3118 tale
2831 3064 2979 3132 quid,
3010 3063 3151 3133 quod
3191 3063 3323 3129 dixi,

103 3122 187 3202 τῶν
209 3169 260 3204 τε
288 3122 742 3225 ἀρεσκόντωνντῷ
774 3122 893 3222 Θεῷ
922 3153 1017 3206 καὶ
1047 3122 1211 3224 ’κοινῇ
1258 3122 1604 3223 συμφερόντα

1820 3154 2032 3226 ιιοιιιῑ),
2066 3170 2185 3209 cum
2211 3155 2363 3209 multi
2389 3155 2598 3210 soleant
2643 3155 2959 3223 conspirare
3013 3155 3064 3208 iu
3101 3156 3321 3209 menda-

103 3243 178 3313 τὴν
198 3245 320 3316 πρὸς
346 3246 405 3299 τὸ
433 3238 609 3315 παρδν
651 3243 951 3315 ἀσφάλειαν
982 3245 1076 3297 καὶ
1103 3243 1263 3310 δόξαν
1295 3243 1424 3314 περὶ
1464 3241 1604 3296 πλείι

1823 3267 1852 3313 ι,
1893 3245 2159 3301 dissidere
2206 3256 2386 3300 autem
2451 3246 2505 3300 itt
2549 3247 2775 3313 veritate
2814 3264 2828 3300 :
2870 3258 3103 3315 cumque
3156 3244 3324 3315 pluris

103 3348 172 3398 vo;
207 3337 568 3407 ποιουμένων·
609 3337 735 3400 τοὺς
788 3334 919 3406 γοῦν
971 3328 1294 3405 ἑπομένους,
1348 3332 1604 3388 ἀσάλευτε

1821 3340 1951 3395 :iant
1980 3344 2301 3407 pntrsentem
2342 3338 2708 3392 conditionem
2751 3336 2991 3406 periculo
3026 3345 3322 3402 carentem,

104 3426 176 3478 καὶ
199 3430 388 3497 παγίαν
418 3428 742 3498 διαφυλάξαι
772 3426 850 3498 τῷ
882 3426 1288 3500 παραδεδωκότι
1314 3424 1411 3496 τὴν
1440 3424 1605 3478 πίστιπ

1845 3419 2158 3482 saecularem
2218 3427 2450 3497 quietem
2509 3442 2575 3480 ac
2621 3427 2870 3496 gloriam,
2907 3440 3068 3494 quam
3102 3439 3163 3477 ea
3205 3438 3323 3493 quae

103 3519 456 3589 περιμένοντας
483 3519 547 3573 τὸ
578 3518 673 3573 τοῦ
716 3514 968 3589 Σωτῆρος
999 3516 1155 3588 ἡμῶν
1185 3514 1423 3588 Χριστοῦ
1453 3516 1604 3585 κριτή

1822 3533 1859 3572 :0
1888 3518 2119 3587 placent,
2145 3527 2201 3571 et
2227 3516 2451 3585 publica:
2495 3517 2798 3570 inserviunt
2858 3514 3078 3567 utilitati
3115 3532 3129 3568 :
3165 3522 3323 3582 opta-

106 3624 213 3677 ριον,
240 3606 295 3665 οῦ
321 3611 488 3682 τῦφος
525 3612 624 3683 μὲν
664 3612 757 3664 καὶ
802 3610 929 3674 δόξα
976 3610 1071 3662 καὶ
1103 3608 1297 3678 ψεῦδος
1333 3607 1607 3679 προῤῥίξω

1821 3626 1873 3664 as
1915 3609 2108 3664 saltem
2149 3617 2208 3662 ut
2250 3608 2459 3662 scilicet
2496 3608 2553 3674 ii,
2588 3607 2679 3676 qui
2735 3616 2946 3660 nosmet
2971 3606 3228 3659 docentes
3271 3612 3322 3658 et

107 3699 376 3768 ἠφάνισται,
412 3702 613 3772 γυμνοὶ
661 3701 717 3755 δὲ
752 3701 931 3770 πάσης
965 3700 1158 3772 ἀρχῆς,
1193 3698 1226 3771 ἢ
1277 3698 1572 3769 θεραπείας
1607 3720 1608 3725 η

1822 3709 2034 3754 mentes
2082 3708 2404 3766 sequuntur,
2440 3698 2716 3751 immotam
2748 3706 2802 3750 et
2831 3694 3080 3749 stabilem
3108 3694 3181 3758 ei,
3232 3693 3323 3763 qui

104 3790 351 3857 κολακείας
381 3796 429 3847 οί
479 3792 811 3864 κρινόμενοι,
846 3790 1164 3862 πολυχειρία
1199 3789 1260 3842 δὲλ
1288 3790 1384 3844 καὶ
1416 3789 1605 3843 πλοῦτε

1821 3791 1899 3844 dit
1919 3790 2086 3855 illam,
2103 3798 2422 3843 conservent
2451 3789 2609 3842 tidem
2636 3804 2653 3842 :
2684 3796 2847 3854 utque
2876 3785 2982 3838 reti
3009 3792 3322 3853 exspectent

104 3880 296 3954 ἀσθενὴς
325 3884 461 3956 πρὸς
503 3882 838 3954 δυσώπησιν,
881 3882 985 3935 κᾶν
1094 3881 1216 3935 λίαν
1250 3886 1401 3953 παρά
1431 3881 1605 3953 ἀνθρώ

1830 3882 2062 3936 rvatoris
2104 3882 2277 3935 nostri
2306 3877 2433 3933 Jesu
2488 3877 2693 3934 Christi
2734 3877 3021 3947 judicium,
3060 3874 3151 3928 ubi
3194 3887 3323 3930 sane

104 3987 201 4035 ποις
233 3974 528 4046 εὐδόκιμος.
578 3973 812 4046 Ἀνδρῶν
856 3972 964 4045 γὰρ
1000 3971 1225 4038 ἐνδόξων
1266 3971 1491 4043 πλῆθος,
1528 3973 1605 4026 ἐνὶ

1825 3983 1953 4039 stus,
1993 3972 2162 4042 gloria
2191 3982 2245 4025 et
2276 3970 2615 4026 mendacium
2670 3968 2926 4023 radicitus
2960 3973 3085 4021 sunt
3132 3965 3326 4021 exstir-

104 4063 295 4135 πένητος
325 4066 585 4130 εὐσεϐοῦς
629 4068 729 4119 οὐκ
775 4065 1026 4131 ἀντάξιον
1055 4067 1135 4128 εἰς
1164 4064 1494 4136 παραίτησιν
1520 4081 1605 4133 πα,

1826 4075 1899 4127 ta.
1941 4064 2141 4132 quique
2195 4062 2270 4116 illi
2328 4062 2531 4132 judicio
2573 4062 2861 4126 sistuntur,
2908 4058 3152 4114 destituti
3201 4064 3324 4111 sunt

103 4155 297 4232 ὀληθείᾳ
343 4159 756 4232 δοκιμαζούσῃ,
809 4156 1316 4227 συναγωνιζομένης
1357 4156 1457 4227 μὲν
1500 4156 1604 4208 sitat

1826 4155 1897 4208 uti
1928 4154 2153 4224 imperio
2186 4153 2271 4207 vel
2296 4153 2647 4207 veneratione
2682 4150 2767 4206 vel
2815 4151 3143 4206 adulatione.
3176 4148 3327 4205 Prat-

105 4247 227 4313 δείας
262 4252 395 4305 κατά
436 4252 655 4305 δικαίαν
703 4249 939 4321 ἀμοιϐὴν
970 4247 1079 4301 τῶν
1123 4247 1217 4300 νῦν
1246 4247 1312 4300 δι’
1348 4248 1519 4318 αὐτὴν
1554 4264 1606 4300 κε

1825 4248 1886 4301 lia
1938 4258 2117 4302 autem
2148 4247 2325 4315 ampla
2364 4255 2420 4301 et
2472 4245 2673 4300 divitiae
2723 4245 3069 4313 exporrigere
3104 4242 3326 4311 alicujus

108 4336 152 4390 to
172 4339 333 4396 θανεῖν
375 4343 569 4415 κέρδος
605 4340 947 4413 ἡγουμένων,
988 4337 1325 4400 ἀποδιδόντος
1354 4337 1411 4390 δὲ
1439 4338 1510 4389 τὰ
1539 4335 1609 4388 τιῖ

1825 4348 1986 4393 ιιιιοιιι
2018 4338 2088 4392 ibi
2146 4352 2251 4391 non
2286 4336 2559 4399 valebunt,
2587 4337 2713 4391 licet
2747 4336 2887 4405 apud
2923 4335 3171 4389 homines
3211 4350 3326 4388 ma-

105 4431 297 4497 ἀγώνων
316 4430 451 4489 ἆθλα
478 4433 575 4487 τοῦ
611 4433 780 4487 πάλαι
811 4432 907 4486 καὶ
952 4430 1049 4484 νῦν
1079 4427 1493 4492 ἀθλοθετοῦντος
1520 4429 1603 4499 Χρ

1827 4439 1871 4478 αι
1926 4426 2077 4494 prius
2123 4424 2542 4478 existimationis
2596 4424 2817 4478 fuerint.
2854 4423 3142 4478 Hominum
3184 4424 3326 4478 enim

106 4520 231 4584 σποῦ,
255 4528 359 4587 τοῖς
392 4524 495 4595 μὲν
528 4522 671 4593 ὑπὲρ
699 4519 956 4591 ἀληθείας
979 4520 1247 4588 πονήσασι
1266 4518 1364 4588 τὴν
1386 4515 1607 4587 ἀληθινὴ

1825 4529 2027 4568 trorum
2090 4515 2376 4569 multitudo
2430 4529 2536 4568 non
2575 4516 2647 4569 ibi
2706 4516 2885 4583 potior
2925 4516 3030 4569 erit
3089 4528 3197 4568 uno
3240 4514 3326 4583 pio

105 4608 381 4684 ἐλευθερίαν
409 4614 506 4668 καὶ
545 4612 819 4684 βασιλείαν
843 4600 1107 4682 οὐρανῶν,
1141 4611 1253 4672 τοῖς
1281 4608 1339 4661 δὲ
1366 4607 1455 4661 διὰ
1477 4608 1606 4661 κακέ

1828 4622 2015 4675 upere,
2042 4616 2101 4661 ut
2146 4617 2432 4678 propterea
2484 4609 2728 4663 veritatis
2759 4619 2867 4662 tttnt
2899 4608 3078 4662 omnia
3103 4622 3326 4662 censen.

107 4716 229 4755 votav
272 4703 468 4776 ταύτην
530 4704 826 4775 ἀτιμάσασι
880 4700 1152 4774 τιμωρίας
1208 4701 1608 4771 ἀπαραιτήτους

1858 4699 2029 4768 possit
2075 4698 2304 4753 evadere
2359 4714 2691 4755 censuram:
2728 4700 2991 4769 siquidem
3045 4699 3118 4754 ibi
3160 4699 3327 4769 pietas

106 4790 242 4848 Ταῦτ’
272 4798 503 4869 εἰρήσθω
534 4797 634 4867 μὲν
674 4795 959 4867 ἀμφότερα
981 4792 1117 4864 πρὸς
1152 4793 1295 4865 ὑμᾶς
1315 4810 1330 4823 ·
1362 4792 1558 4864 ἐκϐαίη
1588 4791 1607 4844 ἓ

1831 4806 1860 4843 a
1890 4789 2171 4861 pugnabit,
2211 4802 2363 4859 prout
2388 4790 2537 4861 justa
2589 4791 2871 4845 retributio
2902 4806 3089 4846 eorum
3132 4790 3326 4860 poscit,

108 4884 219 4955 πρὸς
251 4888 342 4960 τὴν
369 4889 563 4960 βελτίω
599 4892 789 4960 μοῖραν
816 4888 878 4941 τὸ
904 4886 1080 4949 τέλος.

1824 4881 1848 4935 ιί
1881 4896 2023 4934 nunc
2071 4880 2156 4935 vel
2189 4880 2324 4934 mori
2376 4895 2597 4950 propter
2632 4895 2751 4933 eam
2799 4880 3006 4934 lucrum
3059 4880 3325 4949 judit-ant.

109 4975 319 5035 Christus
353 4997 500 5044 veru,
531 4980 621 5050 qui
655 4980 782 5035 olitn
831 4989 886 5033 et
916 4981 1210 5034 etiamnum
1255 4976 1474 5044 praemia
1549 4973 1938 5029 certaminibus
1992 4972 2170 5026 debita
2223 4986 2387 5041 penes
2451 4987 2510 5027 se
2548 4972 2711 5027 habet
2768 4981 2823 5026 et
2867 4971 3166 5039 distribuit,
3219 4972 3327 5026 lar-

110 5066 257 5129 gietur
306 5071 408 5125 illis
439 5083 607 5134 certe,
648 5070 740 5139 qui
775 5071 989 5124 veritati
1053 5068 1443 5140 patrocinando
1510 5067 1913 5132 laboraverunt,
1957 5080 2165 5135 tveram
2237 5066 2543 5121 libertatem
2611 5076 2666 5121 et
2736 5082 2959 5135 regnum
2999 5066 3262 5123 cmlorum
3313 5086 3327 5122 :

112 5158 194 5212 tllts
231 5176 399 5219 autem
427 5166 519 5236 qui
585 5166 725 5220 banc
787 5179 1044 5235 perversa
1108 5173 1287 5219 mente
1326 5161 1475 5231 justo
1517 5177 1616 5217 suo
1680 5162 1891 5216 honore“
1936 5160 2347 5227 defraudarunt,
2398 5174 2591 5231 poenas
2656 5162 3020 5219 inevitabiles.
3096 5161 3226 5219 Haec
3273 5165 3327 5217 iu

112 5261 359 5326 utramque
388 5269 594 5327 partem
626 5259 773 5316 dicta
796 5259 864 5315 ad
885 5270 982 5315 vos
1011 5267 1211 5323 sunto;
1258 5256 1462 5312 utinam
1491 5271 1617 5313 vero
1645 5256 1768 5313 ﬁnis
1799 5255 2078 5313 meliorem
2112 5257 2166 5312 in
2199 5265 2408 5328 partem
2460 5258 2693 5313 eveniat.

173 5475 247 5518 ¹⁹¹
275 5479 392 5537 Cor.
418 5498 508 5551 xv,
535 5482 622 5538 28.

172 5655 570 5750 ilfluriotandui
586 5665 853 5750 Ill-C‘IOCUB
877 5669 1073 5750 quoad
1095 5667 1347 5750 uberiora
1377 5685 1472 5722 sua
1495 5671 1636 5724 scri-
1740 5671 2065 5750 gata—Vide
2089 5674 2412 5732 Garncrium
2442 5677 2495 5733 in
2542 5675 2756 5734 Prtet‘at.
2804 5686 2934 5732 tom.
2972 5676 3015 5745 l,
3037 5692 3093 5750 p.
3130 5676 3235 5734 238
3260 5674 3329 5738 8.-

120 5733 189 5784 ttla
217 5733 317 5797 jam
357 5747 479 5791 ante
519 5738 645 5791 illud
687 5733 910 5808 tempus
938 5738 1086 5792 edita
1126 5738 1418 5796 Eunomius
1441 5756 1634 5807 provo-
1742 5738 1905 5798 Enr.
