3802 6216
404 302 508 358 807

1360 295 1706 358 APPENDIX
1747 287 2032 357 OPERUM
2063 297 2124 355 s.
2161 293 2407 353 BASlLll
2447 285 2684 353 MAGNI.

3567 293 3679 348 868

463 422 554 478 28.
593 419 742 476 Unus
788 426 871 473 est
922 417 1060 472 Dens
1104 417 1373 486 ingenitus
1415 419 1673 487 omnique
1711 417 1962 487 principic

2145 411 2236 467 28.
2267 407 2361 474 Εἷς
2387 412 2502 466 ἔστι
2528 411 2661 475 Θεὸς
2690 411 2981 481 ἀγέννητος
3009 409 3104 464 καὶ
3126 408 3383 479 ἄναρχος,
3409 408 3537 463 οὔτε
3565 411 3678 482 πρὸ

396 528 608 575 carens,
648 511 846 565 nemini
917 511 1182 575 subditus,
1243 511 1332 579 qui
1393 526 1567 580 neque
1627 522 1754 564 ante
1801 520 1976 564 semel.

395 618 718 674 quemquam
750 601 936 654 habuit
964 602 1052 668 qui
1086 601 1268 665 fuerit,
1321 602 1452 656 nihil
1484 602 1628 656 enim
1657 614 1784 657 ante
1822 604 1974 671 inge-

396 699 566 750 nitum
621 710 740 748 csse
799 704 1018 764 potest:
1057 709 1232 761 neque
1271 709 1377 746 una
1418 709 1624 760 secum,
1687 709 1810 747 nam
1864 695 1976 764 ipse

396 800 517 838 cum
552 784 823 852 ingenitus
873 783 965 847 sil,
1009 798 1147 835 unus
1173 792 1227 836 et
1275 782 1421 835 solus
1452 793 1536 835 est
1565 783 1705 835 Dens
1737 799 1749 834 :
1803 796 1977 848 neque

397 877 449 930 in
495 886 688 935 seruet,
726 874 954 942 simplex
995 877 1139 929 enim
1171 884 1254 928 est
1280 885 1336 928 et
1371 875 1778 943 incompositus.
1822 874 1976 929 Unus

393 977 571 1020 autem
601 966 759 1036 703
793 981 914 1019 cum
943 966 1034 1028 sit,
1075 981 1307 1034 eumque
1355 967 1505 1020 solus
1539 966 1628 1029 sit,
1665 975 1719 1020 et
1763 980 1976 1033 semper

394 1059 466 1112 sit
520 1059 684 1121 idem,
725 1065 902 1110 rerum
959 1059 1198 1110 omnium
1250 1066 1334 1110 est
1384 1058 1543 1125 Deus,
1579 1067 1632 1111 et
1680 1068 1891 1111 creator
1922 1066 1976 1110 et

393 1148 592 1218 upifex,
630 1150 889 1218 primario
920 1149 1134 1218 quidem
1189 1159 1243 1202 et
1279 1150 1439 1202 modo
1468 1151 1698 1218 quodam
1750 1147 1974 1210 eximio,

394 1243 562 1311 ipsius
601 1241 893 1310 Unigeniti,
927 1241 1143 1310 proprie
1171 1250 1346 1294 autem
1375 1251 1430 1294 et
1455 1240 1732 1308 sigillatim
1783 1255 1970 1292 eorum

393 1348 513 1400 qum
539 1347 631 1400 per
663 1333 834 1400 ipsum
880 1341 1006 1385 sunt
1052 1331 1213 1385 facta.
1253 1331 1498 1400 Namque
1535 1333 1705 1400 ipsum
1757 1331 1973 1399 quidem

391 1421 588 1476 Filium
647 1432 772 1475 ante
813 1421 1018 1486 Omnia,
1074 1437 1401 1490 omnemque
1439 1432 1743 1476 creaturam
1801 1423 1972 1477 solum

393 1530 490 1568 sua
536 1513 704 1581 ipsius
734 1515 970 1582 potentia
1003 1523 1058 1567 et.
1088 1514 1405 1583 operatione
1443 1522 1498 1566 et
1529 1514 1715 1581 genuit
1743 1515 1794 1568 et
1823 1529 1975 1568 crea-

391 1607 468 1658 vit
495 1617 549 1660 et
581 1606 744 1660 fecit:
783 1605 914 1659 nihil
961 1605 1120 1675 plane
1155 1606 1224 1660 de
1255 1620 1348 1659 sua
1374 1605 1676 1659 substantia
1729 1615 1972 1658 commu-

391 1698 620 1752 nicando
654 1699 702 1752 ei
743 1698 833 1767 qui
889 1699 1102 1765 genitus
1146 1705 1230 1752 est
1270 1696 1560 1767 (corrumpi
1601 1696 1765 1759 enim,
1808 1695 1970 1749 dividi

2079 502 2274 557 ἑαυτοῦ
2322 503 2462 574 ἔχων
2501 501 2624 555 τινὰ
2648 501 2805 554 ὅνταο
2843 500 2994 555 οὐδὲν
3028 500 3138 570 γάρ
3172 501 3279 572 πρὸ
3306 501 3400 554 τοῦ
3428 501 3675 574 ἀγεννή-

2078 613 2172 649 του
2221 591 2360 648 εἶναι
2408 594 2662 648 δύναται·
2708 593 2831 647 οὔτε
2897 593 2993 646 σὺν
3050 593 3241 664 αὐτῷ·
3287 588 3368 657 εἷς
3407 594 3520 668 γάρ
3579 594 3676 648 καὶ

2083 686 2240 758 μόνος
2278 685 2410 749 Θεὸς
2443 689 2471 739 ὁ
2503 687 2821 755 ἀγέννητὸς·
2857 684 2969 738 οὔτ’
3001 687 3058 737 ὲν
3097 685 3246 755 αὐτῷ
3270 701 3284 715 ο
3319 686 3533 749 ἁπλοῦς
3565 687 3680 758 γὰρ

2078 772 2174 824 καὶ
2202 771 2513 836 άσύνθετος.
2554 766 2648 835 Εἷς
2683 772 2740 824 δὲ
2782 771 2878 837 ὢν,
2916 773 3009 825 καὶ
3045 773 3204 843 μόνος
3255 773 3350 836 ὢν,
3399 775 3494 827 καὶ
3530 774 3626 828 ἀεὶ
3651 777 3681 829 ὁ

2078 864 2238 927 αὐτὸς
2253 863 2348 927 ὢν,
2365 865 2578 918 πάντων
2601 867 2718 917 ἐστὶ
2739 865 2871 927 Θεὸς
2898 866 2992 917 καὶ
3027 865 3251 936 κτίστης
3279 867 3369 919 καὶ
3399 867 3681 939 δημιουρ-

2077 956 2194 1024 γὸς,
2244 955 2472 1026 πρώτως
2531 957 2628 1026 μὲν
2693 958 2787 1010 καὶ
2852 957 3144 1028 ἐξαιρέτως
3172 959 3267 1012 τοῦ
3297 959 3680 1028 Μονογενοῦς,

2082 1046 2226 1109 ἰδίως
2249 1046 2304 1099 δὲ
2337 1047 2444 1099 τῶν
2472 1047 2538 1100 δι’
2569 1047 2732 1100 αὑτοῦ
2765 1049 3094 1119 γενομένων.
3129 1051 3232 1103 Τὸν
3264 1051 3366 1121 μὲν
3394 1055 3508 1124 γὰρ
3541 1053 3681 1106 Υίὸν

2078 1137 2185 1208 πρὸ
2212 1138 2428 1191 πάντων
2456 1139 2550 1192 καὶ
2575 1138 2681 1208 πρὸ
2720 1140 2899 1210 πάσης
2925 1141 3155 1204 κτίσεως
3180 1141 3340 1211 μόνον
3369 1145 3434 1212 τῇ
3462 1142 3680 1197 ἑαυτοῦ

2076 1227 2299 1300 δυνάμει
2334 1230 2428 1282 καὶ
2479 1229 2732 1302 ἐνεργείᾳ
2772 1231 3028 1301 ἐγέννησε
3081 1249 3141 1284 τε
3187 1234 3280 1287 καὶ
3337 1234 3524 1288 ἔκτισε
3579 1237 3680 1289 καὶ

2077 1321 2350 1393 ἐποίησεν,
2378 1321 2530 1374 οὐδὲν
2559 1323 2655 1393 τῆς
2681 1323 2872 1377 ἑαυτοῦ
2908 1325 3258 1389 ὑποστάσεως
3295 1326 3568 1396 μεταδοὺς
3593 1325 3680 1402 τῷ

2076 1413 2411 1484 γεννηθέντι.
2453 1415 2764 1487 Ἀφθαρτος
2795 1417 2903 1488 γὰρ
2936 1419 3030 1470 καὶ
3063 1418 3365 1491 ἀδιαίρετος
3397 1421 3492 1474 καὶ
3529 1422 3680 1494 ἀμέ-

2079 1523 2260 1578 ριστος
2288 1509 2316 1560 ὁ
2347 1507 2512 1571 Θεόςο
2545 1510 2573 1560 ὀ
2605 1509 2650 1561 δ’
2692 1509 2964 1580 ἄφθαρτος
2998 1511 3095 1581 τῆς
3147 1511 3343 1564 ἑαυτοῦ
3378 1513 3577 1576 οὐσίας
3609 1513 3678 1568 οὐ

2080 1599 2455 1669 μεταδίδωσιν.
2482 1599 2617 1654 Οῠτε
2647 1602 2766 1654 καθ’
2794 1602 2984 1655 ἑαυτὸν
3008 1602 3164 1655 ἄλλον
3191 1604 3674 1675 ὑποστησάμενος.

2079 1691 2254 1755 Μόνος
2283 1691 2392 1762 γὰρ
2421 1692 2584 1756 αὐτὸς
2627 1694 2942 1765 ἀγέννητος,
2985 1695 3126 1748 κατὰ
3153 1696 3210 1748 δὲ
3241 1695 3338 1766 τὴν
3367 1697 3677 1768 ἀγέννητον

389 1799 446 1842 et
482 1789 533 1841 in
565 1797 748 1858 partes
769 1789 942 1842 secari
978 1789 1116 1842 Deus
1144 1788 1362 1856 nequit;
1411 1787 1501 1858 qui
1535 1803 1664 1841 vero
1699 1791 1962 1856 corrumpi

2075 1784 2263 1837 οὐσίαν
2312 1785 2641 1855 γεννηθῆναι
2697 1786 2977 1846 ἀδύνατον.
3027 1786 3170 1842 Οὔτε
3217 1784 3310 1842 οὖν
3347 1793 3411 1860 τῇ
3465 1788 3672 1846 έαυτοῖ

392 1881 596 1950 nequit,
622 1881 894 1950 propriam
948 1890 1096 1935 certe
1132 1881 1425 1935 essentiam
1475 1895 1814 1934 communem
1866 1895 1970 1932 non

390 1971 564 2041 facit),
618 1984 792 2042 neque
832 1973 994 2026 alium
1044 1973 1096 2025 in
1150 1971 1555 2026 subsistentiam
1609 1971 1689 2025 sui
1740 1971 1972 2025 similem

389 2064 777 2134 producendo:
821 2065 934 2134 ipse
963 2065 1104 2119 enim
1135 2065 1306 2118 solum
1338 2065 1609 2132 ingenitus
1653 2075 1736 2117 est
1771 2082 1784 2117 :
1817 2064 1971 2132 juxta

392 2157 540 2212 illam
573 2170 703 2210 vero
736 2156 1028 2226 ingenitam
1060 2157 1375 2219 essentiam,
1417 2167 1474 2208 ut
1509 2155 1711 2224 aliquid
1760 2155 1827 2208 ab
1859 2155 1972 2223 ipso

387 2255 677 2316 generetur
712 2245 828 2300 ﬁeri
858 2246 1043 2313 nequit
1075 2264 1087 2299 :
1128 2261 1300 2314 neque
1336 2247 1498 2314 igitur
1532 2245 1753 2314 propria
1793 2259 1973 2298 essen-

389 2340 462 2392 tia
515 2339 713 2392 abusus
739 2349 844 2403 est,
868 2339 962 2392 sed
995 2338 1107 2391 sola
1137 2339 1414 2392 voluntate
1446 2339 1630 2408 genuit
1660 2355 1673 2390 :
1707 2352 1877 2405 neque
1905 2338 1972 2391 ad

388 2431 798 2485 similitudinem
841 2446 950 2484 sua:
989 2431 1258 2494 essentne,
1296 2431 1390 2483 sed
1425 2429 1638 2498 qualern
1674 2429 1865 2494 voluit,
1894 2439 1972 2482 ta-

387 2521 492 2575 letn
527 2523 838 2589 generavit;
883 2536 1084 2588 perque
1141 2522 1283 2574 hunc
1327 2521 1558 2589 primum
1606 2522 1821 2590 quidem
1856 2539 1971 2577 ont-

387 2615 560 2676 niu.n,
592 2613 960 2680 majoremth
1010 2613 1222 2666 carteris
1267 2612 1526 2680 Spiritum
1595 2623 1840 2666 sanctum
1893 2615 1970 2669 ic-

385 2704 484 2767 cit,
521 2704 734 2772 propria
768 2718 900 2756 sane
935 2718 1030 2756 sua
1063 2713 1325 2771 potestate
1359 2713 1416 2757 et
1470 2705 1743 2768 mandato,
1779 2721 1971 2774 opera-

387 2793 534 2848 tione
575 2809 702 2848 rero
737 2804 791 2846 et
818 2795 1054 2862 potentia
1084 2792 1226 2846 Filii.
1264 2793 1391 2847 Post
1438 2794 1580 2847 hunc
1610 2805 1789 2848 autem
1843 2796 1968 2849 reli-

385 2902 491 2956 qua
523 2896 715 2940 cuncta
755 2886 806 2938 in
847 2884 988 2939 cmlo
1043 2895 1096 2938 et
1133 2885 1188 2938 in
1227 2896 1394 2949 terra,-
1427 2885 1656 2939 visibilia
1691 2896 1743 2940 et
1779 2886 1967 2941 invisi-

384 2979 535 3040 hilia,
568 2993 825 3046 corporea
857 2986 911 3032 et
949 2979 1268 3045 ineorporea
1314 2993 1408 3046 per
1440 2981 1687 3032 eunulem
1718 2979 1843 3032 fecit
1876 2977 1968 3033 Fi-

385 3071 536 3124 lium.
579 3069 725 3123 Unus
758 3071 896 3122 enim
919 3081 992 3123 est
1037 3069 1198 3133 Deus,
1225 3087 1287 3122 ex
1311 3082 1412 3136 quo
1437 3079 1556 3122 sunt
1596 3068 1966 3134 omnia,jnxta

2075 1873 2237 1946 οὐσίᾳ
2276 1876 2649 1946 ἀπεχρήσατο,
2697 1877 2833 1929 ἀλλὰ
2873 1880 2940 1949 τῇ
2997 1876 3252 1948 βουλήσει
3312 1880 3484 1952 μόνῃ·
3543 1879 3677 1936 οὒτε

2075 1967 2219 2020 κατὰ
2260 1967 2360 2038 τὴν
2408 1967 2602 2021 ἑαυτοῦ
2657 1969 2864 2034 οὐσίαν,
2913 1968 3027 2021 ἀλλ’
3061 1964 3308 2037 οἶονΜὸι
3370 1973 3675 2042 ἐϐουλήθη,

2081 2059 2357 2129 ἐγέννησε.
2404 2061 2515 2114 Καὶ
2557 2060 2645 2114 διὰ
2679 2061 2870 2114 τούτου
2917 2079 3129 2132 πρωτον
3181 2065 3280 2134 μὲν
3313 2067 3537 2118 πάντων
3575 2066 3678 2120 καὶ

2081 2151 2264 2221 μεῖζον
2295 2151 2356 2204 τὸ
2402 2151 2625 2222 Πνεῦμα
2672 2152 2733 2204 τὸ
2779 2153 2932 2221 ἅγιον
2975 2155 3253 2226 εποίησεν,
3307 2155 3526 2228 ἐξουσίᾳ.
3565 2159 3673 2225 μὲν

2078 2243 2184 2314 ἰδίᾳ
2227 2245 2322 2297 καὶ⁵
2358 2245 2762 2316 προστάγματι,
2801 2245 3050 2316 ἐνεργείᾳ
3088 2246 3144 2297 δὲ
3187 2247 3279 2298 καὶ
3306 2247 3535 2316 δυνάμει
3570 2246 3676 2300 τοῦ

2074 2334 2226 2388 Υίοῦ.
2261 2335 2414 2388 Μετὰ
2443 2335 2497 2387 δὲ
2527 2335 2686 2388 τοῦτο
2715 2335 2785 2388 τά
2811 2336 2971 2389 λοιπὰ
3014 2338 3192 2390 πάντα
3235 2339 3302 2390 τὰ
3345 2339 3402 2390 έν
3446 2337 3676 2409 οὐρανῷ

2075 2429 2170 2481 καὶ
2202 2429 2295 2481 ἐπὶ
2323 2427 2448 2497 γῆς,
2484 2429 2656 2499 ὁρατά
2695 2445 2754 2480 τ’
2799 2431 2889 2481 καὶ
2923 2429 3153 2500 ἀόρατα,
3192 2431 3286 2482 καὶ
3331 2429 3562 2500 σώματά
3606 2446 3676 2484 τε

2073 2519 2166 2572 καὶ
2195 2517 2462 2588 ἀσώματα
2487 2518 2574 2571 διὰ
2602 2518 2697 2571 τοῦ
2744 2518 2873 2571 Υίοῦ
2901 2517 3176 2588 ἐποίησεν.
3207 2514 3312 2584 Εἷς
3346 2519 3455 2588 γὰρ
3494 2518 3672 2583 Θεὸς,

2071 2609 2140 2673 ἐξ
2191 2603 2264 2666 οὗ
2307 2609 2378 2662 τὰ
2413 2608 2630 2672 πάντα,
2685 2609 2828 2662 κατὰ
2889 2610 2981 2661 τὸν
3019 2610 3363 2671 ’Ᾱπόστολον,
3430 2610 3528 2662 καὶ
3576 2604 3674 2675 εἷς

2071 2705 2286 2773 Κύριος
2330 2705 2570 2771 Ἰησοῦς
2624 2705 2900 2772 Χριστὸς,
2939 2704 3014 2757 δι’
3067 2701 3139 2760 οὗ
3187 2707 3259 2759 τὰ
3303 2704 3517 2758 πάντα.
3569 2699 3672 2767 Εἷς

2071 2791 2163 2848 οὖν
2219 2794 2354 2858 Θεὸς
2404 2796 2718 2866 άγένντιτος,
2777 2797 3052 2860 ἄκτιστος,
3105 2797 3387 2868 ἀποίητος.
3426 2797 3538 2849 Καὶ
3583 2790 3670 2860 εἷς

2071 2887 2276 2958 Κύριος
2317 2889 2524 2959 Ἰησοῦς
2567 2891 2823 2962 Χριστὸς,
2861 2892 2888 2943 ὁ
2920 2879 3048 2955 Υἱὸς
3092 2891 3189 2944 τοῦ
3218 2892 3374 2956 Θεοῦ,
3414 2891 3668 2962 γέννημα

2069 2978 2164 3031 τοῦ
2199 2978 2518 3049 ἀγεννήτου,
2550 2981 2648 3050 οὐχ
2678 2981 2753 3044 ὼς
2792 2980 2850 3033 ἒν
2884 2981 2992 3034 τῶν
3030 2983 3406 3052 γεννημάτων,
3454 2982 3668 3052 κτίσμα

2069 3069 2163 3123 τοῦ
2193 3070 2470 3135 ἀκτίς-του,
2503 3073 2600 3142 οὐχ
2626 3073 2700 3136 ὡς
2738 3071 2794 3127 ἓν
2823 3073 2931 3126 τῶν
2960 3075 3296 3144 κτισμάτων,
3328 3075 3539 3145 ποίημα
3565 3074 3664 3128 τοῦ

384 3163 722 3231 Apostolum,
777 3178 1013 3232 unusque
1065 3171 1140 3214 est
1196 3161 1450 3214 Dominus
1506 3161 1662 3215 Jesus
1701 3161 1962 3227 Christus,

2073 3165 2358 3234 ἀποιήτου,
2381 3165 2479 3234 οὐχ
2507 3152 2580 3228 ὡς
2614 3165 2672 3218 ἓν
2693 3165 2802 3219 τῶν
2833 3165 3154 3236 ποιημάτων
3172 3183 3184 3195 ο
3228 3165 3410 3228 καθὼς
3444 3167 3664 3236 εἴρηται

381 3269 474 3322 per
497 3269 648 3322 quem
689 3265 807 3306 sum
834 3255 1010 3306 omnia
1047 3253 1111 3304 “.
1153 3251 1304 3306 Unus
1344 3252 1511 3321 igitur
1559 3262 1642 3306 est
1693 3253 1835 3305 Deus
1864 3269 1969 3307 non

385 3346 620 3415 genitus,
664 3361 767 3398 non
799 3355 1040 3408 creatus,
1083 3359 1186 3399 non
1219 3343 1413 3398 iactus.
1454 3344 1522 3398 Et
1566 3360 1704 3398 unus
1748 3354 1833 3398 est
1863 3347 1966 3398 D4.-

382 3440 560 3492 minus
589 3436 742 3492 Jesus
773 3438 1044 3500 Christus,
1082 3437 1171 3490 Dei
1199 3435 1389 3500 Filius,
1417 3438 1666 3506 genimen
1706 3437 1959 3506 iugeniti,

383 3540 488 3580 non
532 3536 709 3580 t:nnen
759 3529 931 3580 instar
980 3528 1139 3580 unius
1177 3541 1244 3581 ex
1283 3528 1404 3581 aliis
1445 3527 1605 3580 rebus
1640 3530 1959 3595 generatis:

381 3629 628 3672 creatura
688 3633 792 3671 non
856 3619 1050 3683 creati,
1093 3633 1202 3672 non
1245 3629 1424 3673 tamen
1477 3620 1651 3673 instar
1693 3619 1850 3674 unius
1897 3636 1962 3676 ex

381 3708 501 3764 aliis
528 3710 687 3764 rebus
719 3712 920 3764 creatis
953 3728 968 3764 :
1009 3725 1144 3778 opus
1182 3725 1288 3764 non
1319 3711 1470 3776 facti,
1523 3724 1630 3764 non
1665 3718 1845 3763 tamen
1877 3711 1963 3764 in-

2069 3256 2175 3308 ὺπὸ
2213 3256 2313 3326 τῆς
2360 3258 2519 3324 ἁγίας
2553 3258 2810 3330 Γραφῆς’
2843 3260 3060 3327 Κύριος
3102 3257 3307 3312 ἑκτισέ
3347 3275 3418 3327 με
3461 3257 3672 3326 ἀρχὴνὅ

2071 3347 2230 3402 ὁδῶν
2253 3349 2462 3414 αὐτοῦ,
2482 3349 2593 3419 πρὸ
2616 3351 2724 3405 τοῦ
2740 3351 2955 3416 αἰῶνος
2968 3350 3328 3419 ἐθεμελίωσέ
3348 3367 3444 3420 με.
3465 3351 3578 3419 πρὸ
3593 3340 3668 3403 aé

2071 3437 2319 3492 πάντων
2340 3440 2586 3504 ,Βουνῶν
2615 3439 2798 3510 γεννᾷ
2818 3459 2914 3510 με.
2954 3442 3064 3495 Καὶ
3097 3441 3155 3494 ἓν
3201 3441 3426 3511 Πνεῦμα
3481 3441 3661 3510 ἅγιον,

2071 3530 2289 3601 πρῶτον
2321 3533 2416 3585 καὶ
2465 3535 2651 3604 μεῖζον
2690 3535 2907 3589 πάντων
2935 3534 3046 3586 τῶν
3077 3533 3171 3587 τοῦ
3203 3531 3543 3601 Μονογενοῦς
3567 3534 3667 3602 ἔρ·-

2071 3623 2334 3693 γωνμϐ),
2377 3627 2762 3698 προστάγματι
2796 3627 2894 3698 μὲν
2925 3625 3021 3679 τοῦ
3056 3626 3290 3696 Πατρὸς,
3323 3627 3579 3698 ἐνεργείᾳ
3603 3625 3665 3680 δὲ

2073 3715 2167 3769 καὶ
2192 3716 2422 3790 δυνάμει
2448 3718 2542 3773 τοῦ
2575 3718 2706 3773 Υἱοῦ
2741 3721 3054 3790 γενόμενον.
3575 3751 3580 3754 -

381 3811 496 3856 star
527 3803 684 3856 unius
710 3819 775 3855 cx
821 3803 940 3857 aliis
968 3804 1136 3858 rebus
1161 3803 1356 3866 iactis;
1395 3802 1854 3872 quemadmodum
1904 3808 2308 3871 pronuntiatum
2340 3819 2424 3864 est
2469 3821 2708 3867 asancta
2767 3812 3044 3881 Scriptura
3097 3829 3111 3866 :
3162 3809 3420 3866 Dominus
3466 3813 3667 3868 creavit

378 3909 461 3948 me
491 3893 642 3946 initio
689 3893 889 3946 viarum
926 3911 1168 3960 suarum,
1238 3906 1358 3949 ante
1389 3896 1585 3950 alecula
1614 3897 1854 3966 fundavit
1894 3914 2002 3965 me,
2041 3910 2161 3955 ante
2213 3918 2388 3956 omnes
2433 3903 2591 3958 colles
2644 3905 2821 3973 genuit
2889 3905 3062 3958 ine“.
3118 3902 3184 3957 Et
3232 3919 3370 3959 unus
3423 3904 3666 3975 Spiritus

380 3995 620 4050 sanctus,
644 3989 873 4056 primum
909 3991 1268 4060 omnibusque
1332 3992 1544 4046 caeteris
1611 3993 1786 4063 majus
1825 3991 2097 4064 Unigeniti
2160 4012 2317 4068 opus,
2349 3999 2502 4068 jussu
2569 4000 2789 4072 quidem
2837 3999 3035 4064 Patris,-
3070 4001 3388 4070 operatione
3440 4016 3573 4058 vero
3605 4011 3665 4057 et

380 4081 619 4148 potentia
653 4080 773 4135 Filii
817 4081 1013 4139 factus.

452 4261 495 4296 “
525 4261 545 4315 l
573 4262 700 4318 Cor.
728 4280 846 4331 vni,
874 4263 930 4318 6.

1012 4266 1055 4296 "
1085 4263 1244 4320 Prov.
1270 4282 1391 4334 vm,
1421 4266 1596 4321 29-25
1617 4286 1632 4334 ;
1657 4267 1824 4324 Eccli.
1856 4284 2006 4335 xstv,
2037 4271 2125 4324 14.

593 4441 801 4522 cavens
823 4440 933 4497 οἷον
959 4445 1142 4509 edidit,
1176 4444 1269 4500 sed
1296 4444 1411 4499 οἷαν
1452 4445 1615 4500 habet
1643 4461 1746 4500 ms.
1782 4444 1920 4501 Gud.
1960 4473 1962 4489 ι

2073 4448 2412 4522 .indenbrog.

454 4511 565 4584 (46)
594 4512 679 4566 Al.
715 4512 896 4584 ἔργον.
