3824 6214
345 248 454 311 871
1305 244 1653 302 APPENDIX
1690 237 1979 304 OPERUM
2024 247 2082 304 S.
2124 244 2374 303 BASILII
2406 231 2679 300 MAGNL.
2821 263 2825 267 υ
3528 234 3636 293 873

368 391 486 436 tum
514 376 706 433 civium
730 389 784 429 se
814 370 1095 435 convertit,
1121 377 1405 423 contentus
1434 375 1458 402 ι
1489 362 1733 417 afﬂictari
1753 362 1932 430 potius
1961 362 2007 420 Α
2034 373 2138 426 que
2166 357 2432 426 discretis,
2461 367 2611 413 ortus
2637 357 2924 426 obitusque
2953 353 3231 425 perlicere,
3258 363 3313 410 et
3341 356 3397 409 in
3438 369 3630 425 perse-

369 485 492 527 cum
521 466 719 538 populo
741 465 855 528 Dei,
879 477 1039 532 quam
1067 461 1295 514 fructum
1339 455 1546 526 peccati
1573 467 1769 523 capere
1800 460 1940 505 tem-
2041 450 2402 504 veratioribus
2447 451 2766 519 corporibus
2825 449 3258 519 complexionem
3320 457 3633 504 atomorum

369 559 632 632 poralem.
665 555 763 622 Qui
793 568 1027 608 amorem
1047 546 1265 620 iustitia:
1310 546 1380 602 de
1408 547 1523 616 ipsa
1568 553 1757 597 natura
1783 540 1945 594 sorti—
2043 542 2296 606 locatam,
2325 542 2555 603 validius
2583 556 2770 596 causas
2794 542 3111 595 mternitatis
3138 541 3463 611 exprimere.
3490 540 3634 596 Vere

374 631 459 705 tus
484 655 588 716 est,
608 648 804 716 quippe
831 645 921 713 qui
952 643 1257 712 priusquam
1286 638 1458 708 plebis
1494 635 1761 704 acciperet
1794 631 1945 703 prin-
2044 633 2207 686 telam
2253 647 2462 687 aranea:
2509 640 2717 698 texunt,
2747 633 2839 701 qui
2870 632 2973 686 ista
3019 632 3330 687 describunt
3372 650 3387 685 :
3438 641 3493 687 et
3537 633 3632 701 qui

372 742 629 811 cipatum,
653 746 873 808 propter
895 735 1076 790 odium
1105 732 1354 802 nequitia:
1383 727 1646 789 naturale,
1687 739 1855 792 usque
1879 721 1948 776 ad
2046 730 2156 777 tam
2177 734 2340 777 vacua
2370 723 2651 791 inaniaque
2678 723 2958 793 principia,
2991 724 3148 786 cmlo,
3174 732 3348 785 teme,
3384 724 3633 792 maritjue

374 846 563 887 necem
590 829 800 884 videtur
846 826 1122 896 improbos
1161 830 1490 894 persecutus.
1521 820 1622 885 Qui
1653 818 1720 871 ab
1748 817 1834 871 bis
1870 814 1950 869 ef-
2046 816 2408 871 eonscribunt.
2435 814 2619 885 Neque
2652 815 2792 868 enim
2824 815 3069 870 sciebant
3102 814 3283 869 dicere
3317 831 3330 867 :
3371 814 3438 866 In
3476 816 3629 882 prin-

377 920 587 989 fugatus
630 927 733 988 est,
780 919 974 990 quibus
1021 918 1136 988 ipse
1173 916 1344 970 fuerat
1383 914 1673 983 opitulatus
1704 927 1717 963 :
1749 909 1840 979 qui
1887 907 1951 962 li-
2051 907 2187 977 cipio
2228 908 2348 978 fecit
2391 906 2532 961 Deus
2581 909 2764 960 caelum
2808 916 2858 959 et
2900 915 3090 959 terram
3131 921 3149 957 :
3188 914 3474 975 propterea
3519 905 3641 958 sine

379 1012 689 1067 bentissime
717 1009 1030 1066 tumultibus
1057 1009 1275 1079 Egypti
1302 1006 1593 1072 derelictis,
1623 1004 1690 1058 ad
1734 1000 1951 1056 IEthio-
2056 1012 2080 1037 ε
2109 997 2495 1064 moderamine,
2540 1005 2596 1052 et
2636 997 3054 1064 gubernatione,
3104 996 3431 1064 fortuitoque
3482 1011 3639 1050 casu.

382 1103 521 1172 piam
544 1100 814 1174 profectus
841 1110 944 1171 est,
971 1101 1150 1170 ibique
1192 1108 1510 1154 czeterorum
1540 1111 1740 1150 vacuus
1783 1106 1952 1160 nego-
2055 1090 2140 1158 agi
2168 1096 2222 1143 et
2244 1086 2371 1143 ferri
2416 1088 2618 1155 omnia,
2647 1088 2805 1141 insito
2845 1087 2947 1142 sibi
2987 1087 3271 1156 impietatis
3311 1086 3522 1155 decepti
3552 1101 3647 1139 er-

379 1194 602 1250 tiorum.
658 1189 818 1262 705
865 1207 961 1259 per
1009 1207 1182 1245 annos
1219 1192 1571 1260 quadraginta
1617 1203 1797 1242 rerum
1830 1200 1960 1240 con—
2054 1196 2197 1247 rore,
2228 1180 2499 1235 dixerunt.
2524 1179 2677 1246 Quod
2706 1194 2772 1234 ne
2802 1195 2901 1234 nos
2921 1193 3135 1249 quoque
3158 1187 3486 1248 pateremur,
3525 1177 3648 1246 pri-

382 1283 719 1353 templatioui
741 1286 878 1337 dans
910 1298 1134 1351 operam
1164 1323 1181 1349 ,
1243 1284 1744 1351 octogesimutuque
1781 1277 1961 1333 anatis

383 1391 552 1444 agens
569 1391 769 1429 annum
798 1376 930 1429 vidit
949 1378 1135 1441 Deum,
1158 1387 1216 1430 ut
1233 1387 1347 1429 erat
1364 1374 1573 1429 homini
1598 1373 1779 1427 videre
1798 1370 1965 1440 possit-

384 1467 514 1531 bile,
540 1468 647 1522 imo
664 1479 720 1521 ut
740 1469 940 1521 nemini
961 1471 1138 1539 potius
1157 1469 1310 1522 licuit
1325 1469 1436 1527 alii.
1457 1466 1486 1508 ιι
1504 1465 1797 1521 secundum
1818 1463 1966 1517 testi-

386 1551 625 1604 monium
658 1549 824 1619 ipsius
852 1548 947 1604 Dei
978 1552 990 1601 ἑ
1026 1546 1161 1612 Quia
1189 1550 1235 1603 si
1267 1549 1424 1620 fuerit
1450 1546 1700 1617 propheta
1738 1548 1850 1617 quis
1878 1562 1961 1599 ue-

386 1648 549 1695 strum
576 1639 820 1708 Domino,
850 1641 1056 1712 proprie
1076 1657 1168 1710 per
1194 1641 1355 1693 visum
1375 1640 1422 1692 ei
1450 1654 1753 1709 cognoscar,
1793 1645 1841 1690 et
1867 1652 1962 1706 per

387 1733 644 1785 somnium
668 1730 850 1799 loquar
891 1731 911 1785 ἐ

391 1823 478 1893 qui
508 1824 561 1875 in
588 1823 729 1877 omni
757 1821 905 1877 domo
928 1838 1041 1875 mea
1067 1821 1241 1892 ﬁdelis
1266 1830 1361 1874 est.
1389 1819 1494 1873 Ore
1521 1818 1590 1872 ad
1618 1836 1673 1872 os
1703 1820 1967 1891 colloquar

390 1914 438 1965 ei
470 1927 490 1965 :
520 1913 573 1965 in
602 1912 791 1982 specie,
828 1920 878 1964 et
905 1927 1008 1965 non
1047 1927 1138 1982 per
1160 1911 1385 1980 ﬁguram
1431 1907 1632 1979 (Num.
1678 1926 1772 1971 xu,
1805 1908 1903 1961 6-8
1925 1909 1964 1978 ).

388 2000 489 2056 llic
539 2001 720 2069 itaque
764 2001 856 2068 qui
896 2000 951 2054 in
993 2001 1259 2069 potiendis
1307 2000 1660 2069 praesentibus
1699 1999 1794 2053 Dei
1834 2014 1968 2054 con-

388 2092 681 2163 spectibus,
717 2101 738 2129 ε
771 2091 974 2160 angelis
1002 2090 1176 2144 fuerat
1221 2099 1527 2159 corequatus
1556 2105 1574 2144 :
1608 2104 1727 2157 quae
1767 2089 1974 2144 auscul-

389 2185 523 2239 tavit
551 2199 581 2238 a
612 2184 722 2239 Deo
744 2182 962 2238 disserit
987 2184 1159 2237 nobis.
1190 2182 1478 2237 Audiamus
1507 2182 1667 2250 igitur
1690 2182 1972 2237 veritatem

390 2275 695 2339 verborum,
746 2291 853 2329 non
902 2275 953 2327 in
998 2274 1343 2343 persuasione
1386 2273 1633 2326 humana:
1675 2272 1970 2341 sapientia},

392 2367 488 2422 sed
516 2367 569 2419 in
616 2365 1006 2436 probatissimis
1032 2365 1287 2434 spiritalis
1332 2362 1588 2419 doctrina:
1614 2364 1970 2431 sermonibus,

394 2470 619 2524 quorum
649 2454 768 2509 ﬁnis
791 2471 897 2509 non
925 2454 1252 2509 audientium
1280 2453 1396 2507 laus
1415 2462 1517 2521 est,
1535 2454 1630 2509 sed
1656 2452 1974 2510 discentium

396 2546 561 2601 salus.

467 2634 519 2689 2.
561 2634 627 2689 In
657 2636 907 2705 principio
942 2636 1064 2706 fecit
1096 2634 1238 2688 Deus
1272 2634 1454 2689 caelum
1486 2643 1538 2690 et
1580 2645 1772 2691 terram
1803 2633 1966 2708 (Gen.

399 2744 439 2797 I,
471 2727 543 2798 1).
573 2725 829 2781 Retardat
852 2726 1009 2795 igitur
1036 2742 1338 2781 sermonem
1366 2742 1545 2781 meum
1574 2728 1771 2782 mentis
1799 2728 1972 2782 admi-

401 2818 541 2877 ratio
574 2835 591 2870 :
620 2818 860 2884 cogitans
907 2816 1034 2887 quid
1080 2817 1310 2886 primum
1358 2816 1553 2881 dicam,-
1582 2816 1668 2870 vel
1711 2817 1851 2872 unde
1892 2832 1978 2873 ca-

401 2909 543 2981 piam
572 2907 893 2983 narrationis
914 2907 1217 2975 exordium,
1245 2922 1533 2975 arguamne
1565 2910 1850 2964 vanitatem
1877 2924 1979 2964 sa:-

404 2998 685 3065 cularium,
708 3006 799 3050 aut
822 3004 1125 3051 nostrorum
1151 2999 1329 3067 potius
1356 2999 1636 3066 praedicem
1663 3001 1979 3054 veritatem?

2057 1274 2159 1327 mis
2204 1273 2386 1327 Statim
2431 1286 2542 1325 sua:
2594 1270 2916 1325 narrationis
2957 1270 3145 1337 elogiis
3184 1269 3372 1323 mundi
3417 1269 3650 1323 fabrica~~

2059 1363 2220 1417 tionis
2244 1362 2538 1431 expositor,
2558 1360 2652 1415 Dei
2675 1360 3186 1414 commemoratione
3205 1373 3397 1414 sensus
3423 1364 3653 1415 nostros

2060 1457 2385 1517 illuminans,
2416 1454 2553 1507 dixit
2586 1471 2598 1506 :
2624 1451 2690 1506 In
2711 1452 2967 1523 principio
3002 1452 3126 1521 fecit
3156 1451 3316 1504 Deus.
3343 1449 3516 1516 Quam
3543 1448 3654 1509 b0-

2060 1564 2159 1602 nus
2189 1546 2320 1601 ordo
2353 1543 2372 1583 ί
2406 1544 2721 1614 principium
2753 1543 2922 1611 primo
2949 1543 3130 1613 posuit
3157 1560 3170 1595 :
3200 1550 3259 1597 ut
3287 1558 3395 1597 non
3429 1543 3655 1610 ingeni-

2062 1646 2176 1694 tum
2201 1636 2418 1706 quidam
2446 1635 2704 1689 mundum
2724 1634 3133 1689 arbitrarentur.
3153 1632 3355 1687 Deinde
3381 1632 3655 1698 subdidit,

952 1730 1042 1784 sed
1070 1748 1175 1784 non
1202 1732 1278 1783 ita
1308 1732 1528 1799 famulus
1558 1745 1696 1782 meus
1728 1726 1954 1797 Moyses,
1988 1723 2034 1782 Β
2061 1730 2185 1799 quia
2212 1728 2343 1783 fecit
2369 1746 2382 1781 :
2414 1736 2475 1781 ut
2514 1725 2827 1782 ostenderet
2869 1725 2996 1795 quia
3034 1726 3296 1779 creatura:
3323 1739 3478 1793 opus,
3520 1734 3661 1793 pars

2068 1823 2259 1889 exigua
2283 1819 2497 1875 virtutis
2518 1827 2602 1874 est
2624 1818 2938 1873 conditoris.
2956 1816 3088 1872 Nam
3109 1817 3248 1872 sicut
3267 1816 3475 1885 figulus,
3501 1818 3664 1871 vasis

2069 1910 2401 1977 deformatis,
2432 1925 2532 1965 nec
2560 1918 2731 1963 artem
2753 1915 2933 1978 potest
2952 1907 3219 1973 amittere,
3244 1922 3345 1962 nec
3356 1909 3614 1962 virtutem
3640 1923 3660 1961 :

2070 2005 2151 2058 su;
2174 1999 2353 2070 opifex
2380 2015 2559 2054 rerum
2584 1999 2723 2053 Deus
2740 2039 2755 2066 ,
2796 2014 2904 2053 non
2930 1998 3020 2052 uni
3051 1998 3268 2053 factum
3293 1995 3665 2053 sufﬁcientem

2071 2094 2367 2164 potentiam
2408 2090 2704 2162 possidens,
2748 2090 2842 2145 sed
2871 2099 2897 2138 ε
2928 2090 3188 2144 inﬁnitate
3232 2090 3446 2158 penitus
3481 2101 3663 2143 exce-

2071 2184 2223 2249 dens,
2253 2182 2372 2237 solo
2398 2189 2673 2237 momento
2709 2180 2939 2251 propriae
2966 2180 3283 2246 voluntatis,
3324 2177 3665 2247 magnitudi-

2071 2290 2193 2331 nem
2217 2289 2402 2329 eorum
2427 2288 2547 2342 qua:
2570 2282 2860 2328 cernuntur
2872 2273 3153 2329 exstruxit.
3179 2271 3335 2338 Quod
3360 2272 3403 2326 si
3427 2280 3482 2326 et
3500 2272 3666 2340 prin-

2073 2367 2273 2437 cipium
2303 2365 2530 2420 mundus
2556 2365 2739 2432 habet,
2773 2372 2828 2419 et
2856 2362 3028 2418 factus
3066 2371 3176 2429 est;
3202 2378 3385 2435 qumre
3422 2364 3544 2431 quis
3574 2363 3664 2417 illi

2071 2457 2218 2513 dedit
2244 2456 2584 2527 principium,
2607 2463 2663 2509 et
2681 2456 2801 2525 quis
2821 2455 2936 2523 ejus
2964 2453 3254 2508 fabricator
3273 2461 3373 2509 est;
3401 2454 3557 2520 Quod
3587 2471 3667 2508 ne

2073 2548 2305 2602 humana
2350 2544 2575 2600 forsitan
2618 2545 2943 2612 cogitatione
2985 2544 3295 2610 discutiens,
3339 2559 3371 2597 a
3412 2544 3665 2600 veritatis

2073 2635 2286 2690 tramite
2313 2634 2557 2690 deviares
2589 2652 2601 2687 :
2633 2635 2894 2704 praevenit
2928 2635 3195 2688 instruens
3220 2650 3322 2688 nos
3357 2633 3619 2688 doctrinis
3640 2675 3660 2697 ,

2073 2736 2129 2781 et
2155 2726 2347 2779 animis
2376 2725 2591 2789 nostris,
2623 2728 2873 2794 tanquam
2893 2724 3223 2792 signaculum
3253 2724 3527 2793 cujusdam
3556 2742 3666 2782 ca-

2074 2819 2265 2875 stodia:
2292 2819 2492 2887 ﬁgens,
2525 2817 2834 2873 venerabile
2879 2832 3006 2871 mox
3044 2816 3141 2871 Dei
3188 2832 3381 2871 nomen
3429 2817 3668 2871 inseruit

2075 2910 2261 2967 dicens
2282 2928 2296 2965 :
2323 2910 2388 2964 In
2405 2908 2657 2979 principio
2685 2908 2807 2978 fecit
2832 2907 2994 2962 Deus.
3022 2907 3186 2975 Igitur
3204 2907 3362 2961 beata
3384 2915 3590 2973 natura,
3604 2917 3670 2963 et

2042 3065 2046 3068 ,
2083 3002 2338 3073 Opulenta
2377 3001 2620 3064 bonitas,
2655 2998 3109 3067 dilectissimaque
3145 2998 3352 3051 cunctis
3390 2997 3669 3052 rationem

404 3084 638 3141 Plurima
684 3101 845 3156 super
871 3101 1051 3140 rerum
1097 3095 1285 3141 natura
1328 3085 1634 3141 Graecorum
1680 3090 1982 3159 philosophi
2008 3079 2061 3143 C
2085 3094 2426 3158 habentibus,
2458 3107 2520 3147 ac
2545 3092 2765 3146 nimium
2791 3089 3070 3145 carissima
3106 3087 3468 3158 pulchritudo,
3508 3088 3672 3157 prin-

406 3178 743 3247 dlsputarunt
772 3193 784 3229 :
813 3176 905 3231 sed
933 3177 1110 3230 nullus
1148 3177 1287 3245 apud
1317 3192 1410 3231 eos
1430 3193 1607 3233 sermo
1648 3176 1783 3234 fixus
1817 3180 1980 3235 habe—

410 3276 495 3323 tur
542 3279 596 3323 et
622 3269 847 3333 stabilis,
888 3268 1069 3338 priore
1114 3285 1325 3339 semper
1369 3285 1400 3323 a
1447 3270 1705 3338 sequente
1748 3271 1980 3340 dejecto.

407 3359 653 3428 Nihilque
683 3360 836 3414 nobis
864 3374 1040 3429 aperte
1067 3360 1298 3428 pretium
1327 3368 1429 3427 est,
1474 3375 1595 3429 quae
1622 3361 1833 3415 illo’rum
1860 3370 1986 3417 sunt

409 3447 676 3520 infirmare
708 3464 866 3502 :cum
903 3447 971 3501 ad
1013 3447 1427 3502 destructionem
1457 3450 1728 3519 propriam
1774 3451 1988 3506 sibimet

410 3533 511 3611 Ipsi
538 3538 824 3596 sufﬁciant.
855 3538 881 3576 ά
905 3540 1005 3606 Qui
1035 3540 1179 3594 enim
1219 3540 1384 3594 Deum
1430 3541 1637 3596 nescire
1674 3549 1986 3612 potuerunt,

413 3633 724 3704 sapientiam
750 3633 908 3686 rebus
929 3648 1155 3703 praeesse
1182 3633 1486 3687 mortalium
1523 3634 1826 3690 nullatenus
1854 3648 1988 3690 cons

415 3730 708 3784 ecsserunt,
757 3721 852 3776 sed
893 3721 1138 3777 familiari
1183 3716 1518 3788 ignoratione
1563 3724 1799 3795 sublapsi
1829 3726 1991 3782 ’variis

416 3815 594 3871 omnia
619 3813 1015 3869 definitionibus
1051 3815 1444 3870 coneluserunt.
1495 3812 1791 3886 Propterea
1837 3819 1990 3875 multi

416 3921 602 3965 eorum
647 3905 715 3960 ad
757 3898 1033 3960 confusam
1075 3904 1463 3976 informemque
1491 3922 1551 3961 se
1575 3910 1857 3963 materiam
1900 3925 1991 3965 re-

419 3998 679 4067 degerunt
709 4039 725 4065 ,
760 3997 1038 4052 elementis
1081 3997 1264 4052 mundi
1302 4014 1489 4056 causas
1531 4003 1771 4057 omnium
1812 4018 1994 4057 rerum

421 4086 756 4156 deputantes.
784 4086 885 4140 Alii
917 4096 1146 4151 atomos,
1174 4095 1229 4140 et
1252 4087 1519 4144 individua
1549 4106 1799 4160 corpora,
1830 4101 1884 4147 et
1908 4102 1996 4148 tu-

422 4190 619 4242 mores,
645 4184 700 4231 et
726 4185 934 4231 meatus
972 4177 1247 4231 continere
1287 4189 1533 4234 naturam
1560 4172 1846 4237 visibilium
1888 4193 1996 4239 tra-

423 4265 671 4322 diderunt
699 4284 713 4320 :
745 4267 904 4322 modo
932 4268 1374 4323 concurrentibus
1394 4270 1495 4323 sibi
1525 4270 1728 4327 levibus
1765 4273 1870 4327 illis
1902 4290 1997 4327 ro-

426 4357 710 4428 tundisque
758 4357 1121 4428 corpusculis,
1158 4358 1320 4414 modo
1358 4359 1730 4417 recedentibus
1756 4379 1787 4416 a
1814 4375 1874 4421 se
1912 4374 1997 4420 at;

502 4604 528 4663 ἐ
567 4595 722 4651 Colb.
752 4593 1034 4660 secundus,
1063 4591 1219 4663 afﬂigi
1248 4594 1438 4663 potius.

498 4662 717 4738 [Colb.
742 4665 1022 4729 secundus,
1038 4662 1323 4738 secundum,
1340 4663 1683 4718 testimonium
1702 4667 1862 4738 ipsius
1884 4669 1999 4725 Dei.

431 4734 673 4807 Basilius.
700 4739 831 4807 agat-ra
851 4740 939 4807 τήν
965 4737 1248 4807 {sapt-opina
1269 4737 1424 4807 ᾳύτήν
1444 4743 1535 4807 tot}
1554 4742 1701 4797 Θεοῦ,
1721 4734 2002 4794 secundum

428 4806 599 4876 ipsum
624 4803 725 4876 Dei
752 4801 1118 4876 testimonium.
1135 4801 1316 4871 'Editi,
1344 4804 1622 4859 secundum
1658 4809 2002 4865 testimonium

430 4872 608 4945 ipsius
614 4872 845 4945 Domini.

506 4954 528 4982 ο
561 4942 733 5024 βᾶίιὶ,
764 4941 962 5024 angelis
988 4942 1158 5024 fuerat
1186 4943 1417 5024 (aqualis.
1451 4942 1633 4999 Codex
1658 4946 2001 5024 SanctiGer-

435 5013 749 5082 maniquem
777 5013 1087 5081 simpliciter
1106 5021 1347 5066 nostrum
1364 5029 1636 5077 vocamus,
1660 5024 1717 5070 et
1741 5016 1896 5071 Colb.
1922 5029 2002 5070 ses

435 5082 661 5155 uiudus,
684 5084 852 5154 fuerat
879 5083 1076 5155 angelis
1117 5092 1407 5155 cqwquatus
1444 5083 1621 5151 :quod
1652 5087 1828 5141 verius
1866 5097 1998 5155 puto

435 5161 492 5208 et
511 5149 716 5227 melius,
739 5165 860 5227 cum
896 5149 1079 5227 Grmca
1102 5190 1117 5214 ,
1155 5149 1319 5215 ὶξίὰου
1349 5161 1454 5213 τοῖς
1483 5149 1705 5227 ana.“
1748 5149 1994 5223 ἀξιωῦεὶς,

439 5222 611 5292 aptius
639 5221 863 5292 exprimi
897 5220 1193 5292 videantur.

506 5289 725 5411 ‘tColbI
755 5291 1039 5359 secundus,
1061 5292 1146 5361 qui
1173 5291 1308 5345 enim
1335 5289 1504 5346 Deum
1538 5293 1670 5347 scire
1698 5310 1803 5349 non
1828 5303 2003 5366 potue-

506 5377 536 5411 η
561 5399 576 5411 .

438 5376 576 5415 runt.

511 5439 535 5467 ε
573 5426 726 5482 Colb.
756 5428 1036 5494 secundus,
1058 5429 1167 5483 sine
1196 5430 1554 5485 admiratione.

514 5496 551 5570 ᾗ
574 5497 734 5563 Editi,
761 5500 1068 5570 principium
1087 5501 1308 5568 primum
1334 5502 1521 5570 posuit.
1547 5501 1733 5558 Codex
1759 5512 1941 5558 noster
1956 5512 2011 5559 et

440 5566 592 5624 Colb.
632 5566 937 5639 secundus,
963 5566 1271 5639 principium
1313 5566 1477 5639 primo
1513 5573 1700 5638 posuit,
1728 5573 1889 5628 bene.
1933 5573 2010 5628 Ita

443 5640 779 5711 prosequitur
826 5637 1167 5708 Eustathius,
1214 5651 1271 5694 ut
1313 5637 1419 5696 non
1469 5641 1755 5712 ingenitum
1800 5643 2011 5713 quidam

2084 3202 2213 3256 ceps
2237 3187 2474 3241 omnium
2503 3200 2621 3254 qtae
2652 3192 2794 3249 sunt,
2824 3182 2944 3237 fons
2968 3182 3116 3249 vitm,
3160 3179 3184 3217 δ
3216 3181 3545 3249 intelligihile
3580 3181 3671 3234 lu-

2083 3292 2228 3340 men,
2262 3275 2642 3331 inaccessibilis
2664 3273 2960 3343 sapientia,
3006 3270 3129 3343 Ipse
3156 3273 3277 3343 fecit
3306 3271 3361 3323 in
3398 3271 3659 3340 principio

2084 3370 2263 3424 caelum
2290 3377 2339 3422 et
2358 3378 2566 3421 terram:

2158 3457 2209 3511 5.
2250 3456 2365 3510 Non
2394 3469 2524 3524 ergo
2552 3453 2748 3508 infecta
2773 3467 2890 3508 esse
2910 3452 2997 3506 vel
3016 3451 3313 3521 improvida
3347 3464 3460 3520 quae
3474 3449 3666 3505 viden-

2087 3555 2176 3602 tur
2199 3547 2454 3617 opineris,
2485 3562 2520 3601 o
2547 3547 2740 3609 homo;
2769 3558 2871 3598 nec
2889 3543 3015 3612 quia
3041 3544 3244 3597 circum
3274 3549 3327 3595 te
3356 3540 3666 3595 discurrunt

2089 3654 2153 3694 ea
2181 3652 2301 3708 quae
2328 3646 2613 3693 moventur
2638 3637 2692 3690 in
2721 3635 2891 3700 cmlo,
2941 3649 3044 3689 nec
3088 3632 3235 3703 quod
3271 3634 3437 3704 ipsius
3477 3633 3669 3688 circuli

2090 3729 2320 3794 initium,
2353 3736 2538 3784 nostro
2562 3728 2743 3782 sensui
2771 3726 3252 3796 comprehensibile
3275 3743 3383 3781 non
3410 3727 3664 3792 habetur,

2092 3818 2293 3875 idcirco
2317 3820 2433 3874 sine
2458 3818 2724 3888 principio
2753 3824 2872 3873 esse
2895 3817 3217 3872 vertibilium
3246 3828 3535 3886 corporum
3567 3824 3671 3870 na-

2092 3918 2213 3964 tura
2236 3910 2502 3966 credenda
2526 3918 2627 3964 est.
2645 3908 2829 3978 Neque
2851 3909 2995 3962 enim
3010 3909 3156 3962 orbis
3177 3909 3297 3971 iste,
3331 3907 3382 3961 id
3422 3916 3525 3972 est,
3552 3907 3671 3977 pla-

2096 4019 2223 4058 num
2251 4004 2354 4057 hoc
2373 4000 2773 4069 rotundumque
2802 3999 3037 4064 schema,
3067 3997 3209 4068 quod
3248 3998 3345 4053 sub
3387 4013 3498 4052 uno
3526 4014 3667 4068 pun-

2095 4103 2185 4150 cto
2208 4093 2528 4157 continetur,
2546 4091 2670 4160 quia
2697 4093 2940 4145 nostrum
2967 4088 3175 4157 diﬂ'ugit
3203 4088 3670 4149 intellectum,nec

2096 4184 2238 4240 unde
2265 4183 2504 4252 emperit,
2531 4189 2621 4236 aut
2648 4197 2757 4250 quo
2781 4180 3036 4235 re‘ciderit
3062 4195 3345 4249 possumus
3382 4180 3626 4234 invenire
3653 4196 3671 4234 :

2098 4275 2168 4330 ob
2200 4276 2303 4328 hoc
2338 4274 2499 4327 etiam
2530 4274 2637 4326 non
2663 4286 2782 4326 esse
2825 4271 3182 4341 compositum
3225 4270 3483 4324 debemus
3523 4285 3671 4324 asse-

2098 4379 2241 4430 rere,
2270 4372 2364 4418 aut
2389 4362 2514 4432 quia
2541 4365 2727 4417 se‘nsus
2755 4361 2973 4416 omnino
3006 4368 3222 4416 nostros
3257 4360 3510 4427 elabitur,
3554 4359 3672 4415 ideo

2033 4609 2082 4668 D
2106 4603 2350 4657 mundum
2375 4600 2750 4655 arbitrarentur
2770 4617 2788 4654 :
2814 4599 2955 4668 quod
2979 4615 3100 4655 eum
3126 4599 3408 4665 scriberet,
3437 4614 3547 4655 non
3588 4608 3647 4654 sa

2108 4675 2180 4744 tis
2208 4672 2434 4744 attendit
2481 4671 2548 4724 ad
2584 4672 2696 4744 vim
2738 4672 2884 4724 vocis
2925 4668 3139 4744 Graecae,
3190 4669 3438 4744 ἅνᾳρχᾳγ.
3487 4668 3675 4723 Melius

2106 4743 2266 4811 igitur
2285 4743 2364 4797 sic
2390 4740 2832 4809 interpretabere,
2866 4756 2931 4792 ne
2957 4742 3128 4811 [orent
3178 4741 3265 4811 qui
3289 4738 3676 4793 arbitrarentur

2106 4814 2353 4867 mundum
2382 4813 2494 4865 sine
2519 4811 2773 4880 principio
2800 4819 2929 4863 esse.

2179 4891 2203 4929 ε
2244 4881 2404 4943 Editi,
2435 4876 2697 4949 inﬁnitate
2721 4881 2890 4950 potius
2918 4877 3186 4932 candens.
3212 4876 3280 4950 At
3302 4876 3679 4950 Colb._seeun—

2103 4951 2222 5014 dus,
2244 4947 2503 5021 inﬁnitate
2524 4947 2730 5021 penitus
2752 4950 3022 5021 excedens,
3052 4947 3676 5021 emendateAliquanm

2103 5029 2227 5089 post
2252 5014 2357 5073 duo
2381 5014 2534 5084 mss.,
2560 5019 2820 5074 instruens
2840 5031 2934 5089 nos
2954 5018 3210 5072 doctrina.
3234 5014 3396 5083 Editi,
3420 5014 3676 5089 instruens

2104 5087 2201 5145 nos
2228 5091 2495 5162 doctrinis.
2527 5088 2633 5144 Sed
2652 5088 2951 5162 vitaverbi
2977 5090 3255 5162 προὲγθασε
3285 5087 3553 5162 nonsatis
3578 5102 3673 5141 ex-

2105 5163 2298 5229 pressit
2332 5161 2612 5229 interpres.
2662 5157 2843 5212 Malim
2883 5157 3065 5226 igitur,
3111 5158 3207 5212 hdc
3245 5164 3339 5211 nes
3378 5157 3677 5211 damento

2105 5238 2447 5299 praeoccupat.

2179 5298 2206 5335 ιι
2246 5294 2461 5368 Antiqui
2498 5297 2605 5368 duo
2644 5297 2767 5353 libri
2800 5305 2860 5352 et
2899 5296 3057 5368 editi,
3089 5294 3435 5368 intellectibile
3471 5313 3673 5362 nomen,

2108 5367 2401 5438 corrupte.
2433 5367 2585 5423 Colb.
2634 5368 2859 5437 primus,
2895 5367 3218 5438 intelligibile
3262 5368 3462 5438 lumen,
3510 5375 3681 5438 recte.

2112 5434 2359 5506 Basilius,
2399 5442 2458 5493 τὸ
2486 5434 2653 5507 νοερὰ-ὖ
2673 5446 2793 5507 φῶς.
2823 5438 3014 5491 Statim
3039 5434 3167 5490 e'dili
3201 5434 3428 5507 etholb.
3458 5437 3682 5507 primus,

2112 5461 2359 5506 NSIIIUS,
2399 5461 2458 5493 το
2486 5461 2562 5492 νοε
2601 5461 2651 5491 ον
2748 5461 2793 5498 ς.
2823 5461 3014 5491 ῠιειιωι
3039 5461 3167 5490 υυιιι
3201 5461 3255 5490 ει
3271 5461 3428 5491 υυιυ.
3461 5461 3660 5507 νῐιξιιιιθ

2111 5508 2311 5579 infecta
2348 5524 2476 5562 esse.
2522 5461 2623 5561 Alii
2668 5461 2775 5561 3:0
2803 5522 2932 5560 mss.
2955 5547 2969 5566 .
2997 5504 3475 5579 infe_cta._$ubinde
3530 5505 3663 5562 Coll:

2113 5572 2379 5634 secundus
2400 5619 2415 5646 ,
2468 5588 2644 5634 nostra
2690 5592 2841 5632 sensu
2886 5572 3358 5648 comprehensibiiea
