3824 6214
142 323 255 379 87'5

935 325 1304 389 EUSTATllll
1344 323 1754 386 HEXAEMEBI
1796 316 2290 382 METAPHRASlS
2328 318 2536 378 LIBER
2573 319 2615 377 l.

3327 319 3432 376 επ

162 460 357 502 revera
387 454 412 482 ⁸
441 445 615 500 minus
642 443 856 499 aliunde
886 445 1111 514 cmpisse
1143 441 1433 513 putabitur.
1465 438 1555 494 Sic
1589 448 1644 494 et
1681 445 1738 490 tu
1766 439 1815 496 A
1837 437 2038 505 judiCto
2060 437 2300 506 dignam,
2323 440 2807 496 remunerationem
2853 436 3046 510 cuique
3071 459 3166 513 pro
3193 445 3302 500 suis
3330 447 3410 500 fa-

163 552 274 590 non
298 535 426 604 quia
452 536 504 588 in
529 534 815 604 semetipsa
841 533 1080 588 feruntur
1108 548 1172 586 ea
1203 546 1322 601 qua).
1347 528 1606 584 volvenda
1635 527 1741 581 cir-

153 631 472 698 cumspicis,
491 630 655 699 706
672 637 725 683 et
745 629 883 694 quod
905 625 1156 689 planities
1174 638 1359 679 eorum
1377 619 1534 674 nullis
1551 615 1741 670 mediis

164 711 191 749 δ
217 714 595 782 interponatur
624 711 936 777 obstaculis,
967 710 1035 764 ob
1063 709 1172 762 hoc
1215 708 1331 762 sine
1362 706 1624 778 principio
1659 706 1745 758 vel

166 804 273 856 line
303 803 560 856 mundum
584 802 769 856 haberi
797 800 1100 870 decipiaris.
1130 799 1339 852 Transit
1365 798 1502 850 enim
1536 797 1743 850 schema

165 895 282 962 ejus
310 890 366 960 (Ι
408 889 528 944 Cor.
559 907 650 954 vu,
695 889 814 959 5i);
857 896 930 952 et,
977 888 1157 941 caelum
1194 897 1424 957 terraque
1464 885 1746 954 praeteribit

166 981 386 1054 (Matth.
417 997 559 1042 xxw,
585 979 678 1049 51)
720 999 733 1031 :
775 977 1086 1048 praedicatio
1123 982 1300 1029 autem
1337 983 1650 1029 cunctorum
1679 973 1746 1027 de

165 1074 634 1127 consummatione
663 1071 841 1125 surculi
868 1069 1271 1133 mandatorum,
1307 1076 1361 1120 et
1397 1066 1461 1119 de
1491 1065 1746 1118 reforma-

169 1166 319 1218 tione
347 1162 548 1228 mundi,
575 1161 864 1214 secundum
893 1159 1226 1214 notationem
1257 1155 1546 1224 magisterii
1585 1154 1746 1224 spiri-

171 1254 316 1316 talis,
353 1267 417 1304 ex
449 1251 533 1304 bis
562 1265 679 1320 quae
721 1250 774 1303 in
817 1250 1100 1319 prtesentia
1145 1249 1380 1301 breviter
1403 1246 1597 1298 tradita
1626 1253 1748 1297 sunt

169 1345 492 1398 declaratur.
531 1341 594 1394 In
634 1342 885 1412 principio
915 1341 1037 1412 fecit
1077 1338 1216 1392 Deus
1245 1339 1423 1391 caelum
1451 1346 1499 1390 et
1533 1346 1742 1389 terram.

170 1436 363 1490 Omnia
389 1452 507 1505 qua:
540 1451 608 1489 ex
639 1443 876 1504 tempore
897 1442 1194 1502 coeperunt,
1231 1445 1448 1485 necesse
1488 1436 1571 1484 est
1614 1439 1748 1483 tem-

170 1544 305 1599 pore
353 1527 651 1581 terminari.
702 1523 758 1580 Si
806 1532 887 1579 est
932 1523 1142 1577 initium
1185 1519 1501 1589 temporale,
1533 1519 1600 1572 de
1645 1516 1748 1571 fine

177 1629 198 1657 ε
230 1633 341 1671 non
372 1616 604 1670 dubites.
635 1613 975 1669 Gcometrica
1004 1619 1061 1666 et
1088 1610 1424 1664 arithmetica
1448 1607 1742 1676 disciplina,

175 1706 664 1776 commentitiaeque
705 1705 1012 1774 scripturae,
1053 1710 1109 1756 et
1146 1701 1386 1755 fabulosa
1437 1699 1744 1766 astrologia,

1843 530 2114 586 cineribus
2145 531 2482 584 tributurum.
2517 532 2616 611 Qui
2644 548 2744 588 nec
2785 533 2973 589 futura:
3002 536 3412 593 examinationia

1843 620 2057 684 intuitu,
2099 635 2388 688 congruam
2423 623 2804 689 cogitationem
2841 624 2908 678 de
2953 640 3135 679 rerum
3174 628 3411 681 omnium

1844 712 1949 767 ﬁne
1985 719 2245 782 ceperunt
2277 731 2288 764 :
2321 714 2739 777 considerantes,
2762 715 2886 782 quia
2915 715 3170 768 mundum
3199 729 3414 786 quoque

1843 804 2123 859 reformari
2150 802 2169 842 ἲ
2200 818 2416 858 necesse
2447 813 2547 871 est,
2579 806 2624 858 si
2649 805 2714 858 ad
2745 806 2883 858 aliud
2913 806 3031 858 vita:
3060 807 3276 861 schema
3299 805 3413 860 ani-

1845 910 2054 948 morum
2083 901 2252 947 status
2285 893 2680 950 transferendus
2709 902 2809 949 est.
2841 894 2990 949 Sicut
3011 897 3152 949 enim
3182 911 3414 966 praesens

1846 986 1953 1038 vita
1975 992 2253 1053 cognatam
2283 986 2444 1039 habet
2470 986 2653 1039 mundi
2695 986 2850 1054 hujus
2891 994 3132 1041 naturam
3179 1005 3191 1040 :
3238 987 3312 1041 ita
3358 995 3416 1042 et

1848 1075 2024 1128 futura
2055 1075 2355 1128 animorum
2383 1077 2722 1130 conversatio
2751 1076 3063 1130 familiarem
3086 1077 3283 1146 speciei
3303 1093 3414 1132 sua:

1847 1175 2123 1236 sumptura
2153 1175 2235 1220 est
2274 1167 2532 1220 habitum.
2565 1165 2671 1222 Sed
2711 1175 2916 1220 tantum
2961 1168 3153 1220 absunt
3196 1167 3415 1222 credere

1848 1259 1990 1328 quod
2035 1260 2148 1313 hzec
2180 1275 2304 1312 vera
2347 1259 2472 1321 sint,
2522 1267 2583 1312 ut
2620 1259 2817 1328 passim
2870 1258 2937 1312 de
2986 1259 3140 1313 nobis
3180 1259 3414 1324 rideant,

1848 1368 1970 1408 cum
1999 1352 2182 1405 mundi
2210 1350 2370 1419 hujus
2409 1352 2923 1406 consummationem
2965 1357 3023 1405 et
3079 1351 3417 1406 reformatio-

1849 1460 1973 1498 nem
2009 1445 2188 1499 saeculi
2225 1443 2592 1512 praedicamus.
2626 1441 2766 1496 Sane
2805 1442 3054 1509 quoniam
3101 1442 3417 1497 naturaliter

1850 1535 2087 1589 omnium
2116 1549 2295 1587 rerum
2325 1541 2448 1586 sunt
2474 1533 2644 1600 prima
2683 1531 2942 1602 principia
2969 1574 2985 1599 ,
3016 1531 3217 1586 idcirco
3256 1546 3419 1601 super

1851 1625 1933 1679 his
1973 1638 2090 1692 qum
2140 1639 2207 1677 ex
2254 1629 2495 1691 tempore
2541 1629 2846 1690 cceperunt,
2885 1622 3116 1690 scriptor
3154 1621 3420 1678 disserens

1851 1715 1992 1769 hanc
2018 1729 2206 1768 vocem
2233 1713 2484 1781 prtemisit
2510 1713 2692 1768 dicens
2724 1730 2736 1764 :
2773 1711 2838 1765 In
2860 1713 3112 1781 principio
3135 1713 3275 1783 fecit.

177 1804 230 1857 id
259 1811 344 1856 est
374 1798 782 1868 occupatissima
810 1797 1033 1850 vanitas.
1080 1793 1162 1848 Ad
1191 1793 1404 1864 qualem
1437 1791 1597 1859 igitur
1637 1798 1745 1844 ter--
1780 1792 1825 1850 B
1921 1805 1974 1860 5.
2016 1805 2146 1859 Erat
2185 1805 2329 1859 enim
2357 1803 2615 1872 (βατάνη,
2643 1809 2703 1857 ιιι
2731 1803 2898 1868 vides,
2932 1809 3055 1856 ante
3094 1803 3235 1858 hunc
3262 1818 3420 1857 mu“-

177 1893 382 1946 minum
410 1887 780 1945 concludenda
803 1893 905 1954 est,
932 1900 1055 1939 cum
1086 1884 1122 1938 ii
1149 1883 1241 1952 qui
1269 1882 1409 1936 circa
1438 1887 1756 1935 memorata-

177 2001 296 2041 rum
326 1998 507 2037 rerum
537 1980 838 2048 indaginem
867 1982 1218 2040 vacaverunt,
1247 1981 1571 2028 comtemum
1597 1986 1752 2026 crea-

182 2077 284 2132 tori
314 2075 552 2131 omnium
582 2072 722 2137 Deo,
745 2071 1006 2125 visibilem
1033 2070 1176 2123 hunc
1203 2066 1457 2121 mundum
1483 2080 1600 2120 esse
1629 2079 1754 2134 pro-

180 2167 447 2228 nuntiant,
477 2165 544 2219 ad
574 2164 714 2217 illius
735 2161 956 2230 gloriam
978 2158 1272 2215 referentes
1297 2157 1754 2225 circumscriptum

180 2258 320 2311 hunc
349 2255 556 2316 orbem,
589 2265 892 2321 corpusque
919 2251 1210 2304 habentem
1231 2247 1605 2316 compositum,
1637 2260 1754 2315 quae

180 2355 262 2402 est
296 2343 850 2414 incomprehensibilis
878 2341 1263 2408 invisibilisque
1293 2339 1519 2392 natura?
1551 2335 1650 2402 Qui
1685 2351 1754 2389 ne

181 2438 282 2491 hoc
311 2434 526 2504 quidem
549 2433 853 2502 perspicere
874 2437 1168 2501 potuerunt
1209 2447 1220 2481 :
1263 2429 1386 2497 quia
1429 2428 1515 2482 cui
1545 2425 1753 2493 singula

180 2525 421 2579 membra
447 2523 701 2578 solutioni
730 2521 1160 2591 corruptelzeque
1188 2519 1424 2588 subjecta
1454 2525 1606 2582 sunt,
1639 2514 1754 2584 ejus

181 2617 344 2670 etiam
369 2616 678 2669 universum
712 2628 907 2682 corpus
933 2611 1119 2665 iisdem
1161 2609 1371 2665 casibus
1399 2608 1620 2663 interire
1654 2619 1752 2661 ne-

180 2723 330 2764 cesse
351 2715 451 2760 est.
483 2705 588 2760 Sed
608 2720 778 2772 usque
792 2703 926 2757 adeo
949 2701 1340 2773 cogitationibus
1355 2706 1683 2764 evanuerunt,
1704 2705 1754 2751 et

181 2804 492 2850 excwcatum
517 2802 592 2848 est
620 2791 976 2847 irrationabile
998 2808 1084 2844 cor
1105 2807 1297 2857 eorum,
1316 2792 1339 2826 ά
1363 2791 1682 2860 dicentesque
1701 2804 1756 2842 se

181 2904 292 2944 esse
312 2888 590 2958 sapientes,
613 2886 754 2939 stulti
781 2899 991 2954 prorsus
1012 2883 1178 2951 e/fccti
1200 2891 1319 2936 sunt
1342 2881 1515 2951 (Rom.
1557 2896 1652 2947 xu,
1676 2877 1751 2950 1),

185 2990 246 3036 ut
287 2981 448 3035 etiam
476 2979 696 3047 quidam
723 2993 909 3032 eorum
951 2977 1332 3046 sempiternum
1353 2989 1472 3029 esse
1497 2989 1617 3028 cum
1645 2973 1758 3028 Deo

183 3073 389 3144 polum,
415 3078 469 3126 et
495 3071 611 3126 sine
631 3069 890 3139 principio
912 3083 974 3123 ac
996 3066 1100 3122 fine
1121 3066 1326 3132 haberi,
1355 3079 1642 3133 rerumque
1662 3079 1758 3134 per

1853 1897 1977 1951 dum
2007 1905 2033 1943 8
2061 1895 2354 1950 substantia
2382 1893 2674 1947 intellectui
2718 1892 2933 1962 quidem
2962 1899 3146 1946 nostro
3174 1899 3420 1947 contem-

1851 1985 2083 2056 plabilis,
2108 1984 2204 2039 sed
2226 1983 2462 2038 inaudita
2500 1983 2685 2037 relicta
2713 1989 2795 2036 est
2826 1999 2838 2034 :
2869 1989 3155 2052 propterea
3181 1982 3326 2050 quod
3354 1982 3437 2039 ab,

1851 2077 1935 2131 his
1971 2075 2061 2143 qui
2090 2074 2459 2128 imbuebantur
2485 2080 2705 2141 propter
2744 2086 2931 2124 sensus
2970 2070 3308 2140 parvitatem,
3340 2068 3437 2134 fa-g

1852 2167 1954 2222 cile
2001 2164 2381 2235 comprehendi
2427 2179 2534 2218 non
2581 2169 2813 2232 poterat.
2871 2161 2998 2215 Erat
3051 2161 3421 2229 antiquissima

1853 2266 2110 2312 creaturae
2157 2254 2452 2320 ordinatio;
2502 2254 2606 2307 illis
2653 2261 2771 2321 qua:
2814 2260 2964 2306 extra
2994 2251 3246 2304 mundum
3274 2258 3420 2314 sunt,

1854 2357 1977 2418 apta
2020 2347 2327 2410 virtutibus.
2357 2354 2475 2401 orta
2511 2345 2624 2400 sine
2652 2352 2912 2412 tempore,
2942 2342 3266 2411 sempiterna
3293 2339 3422 2394 sibi-

1853 2454 1959 2508 que
2003 2438 2218 2509 propria
2267 2454 2280 2490 :
2330 2437 2383 2491 in
2410 2451 2516 2505 qua
2543 2435 2790 2491 conditor
2816 2435 3055 2488 omnium
3088 2433 3230 2488 Deus
3257 2447 3423 2501 opera

1854 2537 2047 2584 cuncta
2075 2527 2370 2592 constituit,
2401 2525 2454 2580 id
2481 2533 2581 2590 est,
2611 2526 2790 2579 lumen
2817 2522 3182 2579 intellectibile
3221 2535 3424 2576 conve-

1857 2621 2008 2674 niens
2042 2617 2355 2674 beatitudini
2383 2616 2672 2670 amantium
2702 2614 3003 2669 Dominum.
3035 2611 3423 2674 Rationabiles,

1856 2709 2252 2776 invisibilesque
2298 2706 2420 2761 dico
2459 2714 2696 2773 naturas,
2727 2712 2783 2759 et
2809 2705 3046 2760 omnium
3089 2703 3426 2758 intellectibi-

1856 2801 1984 2856 lium
2011 2799 2429 2863 decorationem,
2461 2811 2578 2865 quae
2606 2795 2957 2865 capacitatem
2987 2801 3183 2848 nostra:
3227 2793 3424 2847 mentis

1855 2889 2135 2956 excedunt,
2165 2903 2393 2957 quorum
2436 2901 2538 2941 nec
2581 2885 2839 2940 vocabula
2885 2885 3122 2954 reperire
3173 2884 3426 2953 possibile

1857 2991 1957 3039 est.
2007 2981 2133 3036 Ηωο
2175 2979 2526 3035 substantiam
2572 2976 2849 3032 invisibilis
2899 2975 3082 3030 mundi
3131 2975 3426 3044 replevisse

1857 3072 2130 3128 sciendum
2159 3079 2259 3136 est,
2304 3069 2442 3124 sicut
2467 3067 2624 3122 docet
2662 3081 2761 3120 nos
2802 3065 2998 3120 Paulus
3031 3065 3215 3120 dicens
3245 3083 3259 3116 :
3289 3062 3428 3128 Quia

184 3171 368 3235 partes
410 3172 431 3200 ε
473 3162 836 3216 institutarum
874 3165 1145 3213 auctorem
1169 3198 1188 3226 ,
1230 3157 1759 3226 dispensatoremque
1784 3155 1827 3216 C
1859 3164 1913 3217 in
1941 3164 2052 3230 ipso
2083 3169 2257 3216 creata
2287 3168 2405 3213 sunt
2439 3158 2630 3220 omnia,
2661 3158 2764 3209 sive
2790 3154 3026 3217 visibilia,
3065 3157 3169 3209 sive
3192 3154 3426 3209 invisibi-

184 3269 304 3310 esse
333 3252 566 3307 audeant
591 3250 878 3305 affirmare.

257 3347 310 3400 4.
353 3345 575 3412 Quibus,
620 3343 734 3410 ubi,
773 3342 858 3396 vel
895 3341 1112 3410 quando
1155 3340 1418 3410 sapientia
1464 3339 1752 3403 saecularis,

185 3437 524 3494 formidinem
568 3436 757 3489 futura:
811 3432 1270 3487 condemnationis
1319 3431 1511 3496 initict,
1541 3431 1630 3499 qui
1679 3431 1758 3486 sic

187 3538 344 3584 acute
372 3544 459 3581 res
480 3526 790 3580 vanissimas
812 3524 1098 3585 intuentes,
1115 3521 1181 3576 ad
1203 3522 1602 3591 concipiendam
1619 3523 1758 3576 veri-

187 3620 314 3673 tatis
343 3617 701 3688 prudentiam,
743 3623 935 3684 sponte
962 3615 1144 3670 caecati
1172 3621 1312 3667 sunt.
1359 3613 1460 3666 Alii
1489 3614 1759 3667 stellarum

188 3709 470 3766 intervalla
498 3708 856 3772 dinumerant,
881 3720 1171 3774 earumque
1207 3712 1420 3757 arctoas
1446 3719 1655 3772 semper
1683 3707 1760 3756 lu-

187 3807 375 3853 centes
405 3797 729 3859 describunt,
778 3802 832 3847 et
873 3803 1085 3862 quanta:
1113 3794 1323 3847 illarum
1369 3809 1488 3862 qua:
1533 3795 1632 3848 sub
1661 3809 1762 3848 axe

191 3898 475 3944 moventur
505 3887 743 3953 australi,
774 3901 804 3938 a
832 3887 994 3940 certis
1021 3885 1232 3953 quidem
1273 3885 1633 3952 suspiciuntur
1667 3885 1764 3939 ho-

189 3980 446 4043 minibus,
471 3977 624 4032 nobis
653 3983 830 4030 autem
851 3976 1116 4029 habentur
1136 3975 1349 4042 ignotae.
1374 3973 1470 4029 Vel
1493 3975 1766 4029 borealem

190 4068 548 4131 latitudinem,
574 4081 674 4120 nec
701 4081 806 4120 non
837 4064 1144 4132 signiferum
1173 4066 1428 4120 circulum
1456 4067 1602 4120 mille
1639 4081 1764 4135 spa-

191 4160 281 4213 tiis
310 4157 626 4222 dividentes,
651 4165 1022 4225 astrorumque
1052 4156 1341 4221 discursus,
1373 4166 1428 4212 et
1454 4157 1766 4227 praeclusio-

189 4266 310 4316 nes,
339 4258 393 4303 et
422 4248 658 4303 omnium
687 4255 865 4301 motus
905 4248 1226 4317 principales
1268 4249 1534 4303 subtiliter
1567 4251 1766 4304 “obser-

190 4349 402 4407 rantes,
433 4346 488 4392 et
511 4345 630 4406 post
649 4329 906 4406 quantum
930 4339 1206 4407 temporis,
1228 4353 1557 4407 unaqumque
1584 4340 1770 4409 plane-

191 4443 366 4486 tarum
398 4429 671 4498 propriam
719 4428 1089 4482 circuitionem
1130 4429 1269 4482 solet
1315 4430 1532 4498 explere
1566 4448 1576 4482 :
1608 4446 1768 4484 unam

1857 3253 1948 3317 lia,
1989 3253 2092 3305 sive
2139 3251 2331 3314 throni,
2379 3249 2482 3324 sive
2527 3246 2919 3310 dominationes,
2949 3247 3054 3299 sive
3082 3245 3424 3315 principatus,

1855 3344 1958 3396 sive
1984 3349 2276 3412 potestates,
2307 3355 2395 3393 seu
2414 3341 2621 3393 virtutes
2645 3336 2778 3408 (Col.
2806 3336 2974 3407 1,16),
2991 3351 3088 3390 seu
3115 3335 3426 3404 angelorum

1856 3435 2080 3502 militiae,
2101 3449 2196 3489 seu
2225 3433 2666 3501 archangelorum
2693 3436 3006 3485 conventus.
3028 3427 3160 3484 Cum
3190 3443 3320 3484 vero
3339 3445 3429 3484 ne-

1859 3541 2010 3582 cesse
2057 3531 2175 3579 erat
2218 3522 2502 3592 superduci
2539 3521 2703 3575 rebus
2748 3522 2891 3575 hunc
2917 3520 3196 3587 mundum,
3225 3520 3315 3589 qui
3344 3527 3429 3574 est

1858 3619 2128 3689 prmeipue
2155 3617 2453 3683 castigatio,
2496 3622 2552 3669 et
2586 3613 2826 3668 doctrina
2858 3611 2882 3649 δ
2913 3614 3264 3667 humanorum
3307 3613 3426 3665 ani-

1861 3725 2096 3778 morum,
2141 3708 2333 3764 deinde
2370 3707 2576 3762 cunctis
2616 3720 2735 3776 quae
2783 3704 3028 3759 oriuntur
3067 3711 3124 3757 et
3156 3702 3428 3765 occidunt,

1862 3810 2222 3872 opportunum
2249 3797 2573 3854 domicilium
2606 3815 2619 3848 :
2651 3804 2776 3850 tunc
2814 3796 2974 3848 etiam
3003 3794 3249 3849 decursio
3287 3800 3430 3847 tem-

1862 3893 2028 3963 poris,
2057 3891 2215 3946 simul
2239 3905 2358 3944 cum
2389 3890 2504 3958 ipso
2524 3887 2744 3952 mundo,
2773 3893 2828 3939 et
2855 3886 3210 3940 animantibus
3237 3899 3355 3954 quae
3377 3885 3430 3939 in

1864 4001 1930 4040 eo
1958 3991 2103 4053 sunt,
2127 3987 2484 4051 congenerata
2511 3979 2836 4047 dignoscitur
2860 3996 2873 4030 :
2905 3991 3076 4045 eaque
3103 3992 3314 4046 semper
3337 3991 3432 4030 ur~

1865 4082 2039 4143 getur,
2066 4082 2123 4127 et
2144 4070 2330 4137 effluit,
2363 4067 2629 4138 finemque
2657 4081 2991 4136 nequaquam
3019 4066 3246 4136 percipit
3280 4081 3433 4122 com-

1867 4163 2102 4218 meandi.
2129 4162 2234 4215 Aut
2261 4176 2367 4215 non
2396 4158 2657 4228 ejusmodi
2687 4167 2896 4227 tempus
2925 4172 3044 4211 esse
3071 4156 3313 4219 dicimus,
3335 4171 3434 4210 cu-

1863 4251 1951 4320 jus
1977 4267 2102 4321 pars
2145 4265 2264 4320 qua:
2299 4263 2514 4304 emensa
2551 4256 2635 4302 est
2677 4263 2785 4302 non
2830 4247 3058 4312 videtur,
3098 4261 3217 4313 qua:
3253 4253 3432 4299 autem

1868 4351 2096 4397 ventura
2117 4349 2198 4396 est
2222 4338 2450 4395 necdum
2478 4338 2664 4402 adfuit,
2697 4353 2815 4407 qum
2840 4353 2970 4393 vero
2991 4344 3185 4406 praesto
3213 4344 3315 4398 est,
3341 4350 3436 4389 an-

1874 4440 2088 4501 tequam
2116 4433 2295 4487 sensui
2323 4438 2510 4485 nostro
2531 4436 2794 4494 notescat,
2827 4429 3086 4484 elabitur?
3112 4426 3253 4480 Talis
3273 4427 3435 4480 etiam

194 4522 436 4578 omnium
466 4519 727 4574 rationem
757 4521 994 4588 reperire
1020 4521 1234 4574 minime
1262 4529 1570 4588 potuerunt,
1596 4531 1656 4575 ut
1683 4523 1766 4577 di-
1797 4519 1846 4579 D
1870 4536 2062 4581 natura
2108 4525 2438 4592 gignentium
2492 4530 2594 4584 est,
2646 4528 2739 4575 aut
2772 4534 3020 4575 crescens
3047 4517 3314 4580 videlicet,
3344 4525 3436 4571 aut

189 4618 377 4669 cerent
403 4609 573 4664 Deum
603 4609 785 4662 mundi
831 4610 992 4663 totius
1037 4625 1156 4664 esse
1195 4611 1471 4679 factorem,
1513 4614 1766 4682 justoque

266 4877 292 4905 ι
330 4865 484 4921 Colb.
510 4866 794 4932 secundus,
815 4869 982 4920 minus
1005 4867 1258 4920 alicunde.
1289 4865 1483 4922 Statim
1504 4868 1642 4923 idem
1673 4885 1768 4925 co-

191 4938 320 5002 dex,
338 4939 587 5059 Igeruntur
607 4937 714 4990 lucc
744 4953 878 5006 quis.

267 5007 297 5046 ι»
383 5006 478 5059 diti
509 5014 563 5059 et
583 5007 691 5059 duo
718 5021 872 5059 mss..
900 5007 917 5058 i

267 5007 297 5046 δ
338 5006 478 5059 Editi
509 5014 563 5059 et
583 5007 691 5060 duo
718 5021 872 5069 mss.,
900 5006 1258 5075 interpolatur.
1298 5006 1366 5059 At
1386 5006 1540 5061 Colb.
1578 5022 1769 5062 secun-

193 5079 313 5139 dus,
339 5078 724 5145 interponatur;
753 5083 805 5129 et
827 5076 900 5129 ita
937 5075 1213 5145 scripsisse
1247 5075 1582 5130 Eustathium
1611 5087 1764 5145 puto,

193 5150 264 5228 ob
294 5147 426 5228 illud
464 5144 644 5198 Basilii
673 5145 1072 5214 δωκοπτὸμενον.
1124 5144 1248 5200 Mox
1282 5145 1453 5200 codex
1483 5144 1686 5213 nostér,
1719 5157 1770 5199 et

191 5233 307 5324 an:
324 5217 495 5346 ὶὲιῆίί,
519 5298 622 5337 non
651 5283 954 5336 dubitemus.
982 5284 1048 5336 At
1071 5297 1222 5349 mss.,
1254 5301 1355 5337 non
1382 5283 1596 5338 dubites.
1625 5284 1770 5338 Basi-

195 5356 318 5436 lius,
358 5361 428 5413 uri
482 5355 810 5475 ὰιΰφιϐάλλης.
849 5353 1048 5406 Ibidem
1097 5370 1224 5408 mss.
1252 5396 1266 5416 ,
1313 5355 1767 5424 commentitiwque

195 5435 487 5476 scriptura.
566 5423 720 5476 ocula
748 5439 843 5476 aue
862 5422 1013 5476 deest
1043 5423 1097 5476 in
1127 5424 1376 5476 vulgatis.

193 5435 487 5495 scripturae.
526 5435 720 5477 vocula
748 5439 843 5494 que
862 5435 1013 5478 ueest
1043 5439 1097 5476 in
1127 5435 1376 5492 vulgatis.

267 5493 292 5529 σ¹
333 5495 502 5560 Edtti,
541 5508 597 5546 se
641 5494 915 5550 sapientes.
957 5491 1109 5547 Colb.
1140 5492 1422 5556 secundus,
1453 5509 1506 5546 se
1544 5509 1650 5546 esse
1688 5509 1771 5544 sa-

195 5565 434 5626 pientes:
464 5561 607 5632 quod
636 5562 700 5615 ad
718 5562 936 5615 verbum
965 5577 1274 5630 expressum
1295 5571 1376 5617 est
1403 5577 1434 5616 e
1460 5562 1667 5626 Grieco,
1684 5567 1772 5635 φά-

199 5654 413 5702 σκονεες
440 5653 563 5687 sum
604 5636 762 5702 σοφοί.

271 5711 298 5742 ο
319 5700 478 5765 Editi,
501 5698 848 5753 institutarum
870 5709 1111 5753 actorem.
1136 5699 1318 5757 Codex
1345 5709 1525 5757 noster
1543 5709 1598 5756 et
1617 5698 1768 5756 Colb.

473 5776 751 5836 Parnm"
799 5775 918 5836 Gn.
972 5774 1180 5837 ΧΧΧ.

1864 4618 2184 4674 decrescens
2231 4633 2243 4668 :
2277 4615 2427 4683 cujus
2454 4613 2714 4669 stabilitas
2744 4620 2799 4666 et
2838 4608 3078 4663 fundatio
3118 4607 3248 4661 nihil
3277 4608 3439 4662 habet

1871 4868 2136 4925 secundus
2162 4874 2422 4920 auctorem
2455 4883 2466 4917 :
2498 4880 2657 4934 quam
2686 4864 3002 4934 scripturam
3019 4876 3211 4934 veram
3240 4874 3359 4915 esse
3388 4873 3442 4915 et

1871 4939 2208 4993 emendatam
2247 4953 2316 4990 ex
2354 4953 2420 4989 eo
2465 4931 2806 5002 intelligitur,
2839 4932 2981 5002 quod
3019 4931 3257 5002 legamus
3302 4934 3443 4998 apud

1872 5008 2144 5071 Basiliam,
2185 5005 2361 5060 αἴτιον.
2405 5005 2555 5058 Ητωίι
2595 5001 2752 5071 longe
2794 5001 2924 5056 editi
2953 5009 3009 5056 et
3035 5001 3212 5071 codex
3235 5010 3437 5071 noster,

1872 5077 1939 5129 ad
1966 5069 2424 5145 concupiscendam
2452 5075 2680 5145 veritatis
2698 5069 3061 5145 prudentiam.
3095 5071 3163 5123 At
3183 5069 3336 5125 Colb.
3366 5086 3446 5124 se-

1871 5147 2096 5212 cundus,
2127 5144 2194 5196 ad
2231 5144 2634 5214 concipiendam,
2661 5144 2877 5196 rectius.

1947 5214 1966 5252 ί
2000 5209 2215 5282 Antiqui
2241 5213 2348 5268 duo
2377 5209 2532 5282 libri,
2561 5229 2766 5266 necesse
2799 5221 2906 5267 εει..
2925 5210 3058 5266 lllud
3099 5217 3176 5264 est
3204 5209 3259 5263 in
3287 5209 3446 5264 editis

1870 5283 2294 5338 desiderabatur.

1944 5363 1969 5400 ε
2003 5353 2198 5408 Vocem
2227 5351 2514 5405 substantia
2541 5350 2838 5405 addidimus
2881 5365 2948 5404 ex
2986 5347 3139 5404 Colb.
3185 5346 3441 5403 secundo.

1873 5421 1985 5477 Nec
2013 5424 2084 5476 ita
2129 5422 2307 5475 multo
2336 5430 2461 5491 post
2505 5419 2657 5475 Colb.
2681 5421 2991 5491 secundus,
3036 5435 3192 5488 opera
3221 5425 3440 5491 cuncta.

1874 5492 2033 5557 Editi,
2056 5502 2196 5544 certa
2223 5487 2381 5560 opera
2413 5509 2425 5544 :
2458 5505 2567 5560 quo
2596 5489 2814 5560 in-libro
2842 5487 3186 5560 insuper'pro
3213 5487 3444 5560 intellec-

1875 5556 2025 5614 tibile
2055 5556 2264 5630 legitur?
2287 5556 2626 5630 intelligibile.
2666 5558 2855 5612 Statim
2893 5556 2980 5612 hic
3015 5559 3128 5626 ipse
3164 5556 3356 5619 codex,
3395 5561 3446 5607 et

1876 5632 2105 5699 omnium
2135 5628 2550 5699 intelligibilium.

1949 5698 1977 5740 ιι
2007 5699 2159 5756 Colb.
2191 5698 2474 5761 secundus.
2505 5699 2845 5754 humanarum
2873 5699 3186 5751 animarum.

3077 5774 3157 5837 28
