  <div class='ocr_page' id='page_1' title='image "/cluster/home/n/w/nwhite01/storage/ocr_20150623/30/nnc1.0046978810/459.png"; bbox 0 0 3824 6214; ppageno 0'>
   <div class='ocr_carea' id='block_1_1' title="bbox 411 251 520 306">
    <p class='ocr_par' dir='ltr' id='par_1_1' title="bbox 411 251 520 306">
     <span class='ocr_line' id='line_1_1' title="bbox 411 251 520 306; baseline 0 0"><span class='ocrx_word' id='word_1_1' title='bbox 411 251 520 306; x_wconf 83' lang='grc'><strong>875</strong></span> 
     </span>
    </p>
   </div>
   <div class='ocr_carea' id='block_1_2' title="bbox 1306 262 2636 327">
    <p class='ocr_par' dir='ltr' id='par_1_2' title="bbox 1306 262 2636 327">
     <span class='ocr_line' id='line_1_2' title="bbox 1306 262 2636 327; baseline 0.009 -12"><span class='ocrx_word' id='word_1_2' title='bbox 1306 262 1649 320; x_wconf 78' lang='lat' dir='ltr'><strong>APPENDIX</strong></span> <span class='ocrx_word' id='word_1_3' title='bbox 1690 264 1977 324; x_wconf 71' lang='lat' dir='ltr'><strong>OPERUM</strong></span> <span class='ocrx_word' id='word_1_4' title='bbox 2017 267 2076 324; x_wconf 90' lang='lat' dir='ltr'><strong>S.</strong></span> <span class='ocrx_word' id='word_1_5' title='bbox 2117 267 2358 327; x_wconf 76' lang='lat' dir='ltr'><strong>BASlLll</strong></span> <span class='ocrx_word' id='word_1_6' title='bbox 2402 270 2636 327; x_wconf 75' lang='lat' dir='ltr'><strong>MAGNI.</strong></span> 
     </span>
    </p>
   </div>
   <div class='ocr_carea' id='block_1_3' title="bbox 3531 267 3640 325">
    <p class='ocr_par' dir='ltr' id='par_1_3' title="bbox 3531 267 3640 325">
     <span class='ocr_line' id='line_1_3' title="bbox 3531 267 3640 325; baseline 0.018 -3"><span class='ocrx_word' id='word_1_7' title='bbox 3531 267 3640 325; x_wconf 82' lang='lat'><strong>876</strong></span> 
     </span>
    </p>
   </div>
   <div class='ocr_carea' id='block_1_4' title="bbox 417 379 3624 452">
    <p class='ocr_par' dir='ltr' id='par_1_4' title="bbox 417 379 3624 452">
     <span class='ocr_line' id='line_1_4' title="bbox 417 379 3624 452; baseline 0 -16"><span class='ocrx_word' id='word_1_8' title='bbox 417 385 567 436; x_wconf 82' lang='lat' dir='ltr'><strong>certi.</strong></span> <span class='ocrx_word' id='word_1_9' title='bbox 613 393 635 418; x_wconf 77' lang='grc' dir='ltr'><strong>ι</strong></span> <span class='ocrx_word' id='word_1_10' title='bbox 667 382 818 437; x_wconf 89' lang='lat' dir='ltr'><strong>Paria</strong></span> <span class='ocrx_word' id='word_1_11' title='bbox 846 383 1054 438; x_wconf 79' lang='lat' dir='ltr'><strong>fuerunt</strong></span> <span class='ocrx_word' id='word_1_12' title='bbox 1077 400 1202 452; x_wconf 81' lang='lat' dir='ltr'><strong>ergo</strong></span> <span class='ocrx_word' id='word_1_13' title='bbox 1231 387 1574 441; x_wconf 87' lang='lat' dir='ltr'><strong>animantium</strong></span> <span class='ocrx_word' id='word_1_14' title='bbox 1604 388 1967 439; x_wconf 88' lang='lat' dir='ltr'><strong>arbustorum-</strong></span> <span class='ocrx_word' id='word_1_15' title='bbox 1993 385 2034 440; x_wconf 76' lang='grc' dir='ltr'>Α</span> <span class='ocrx_word' id='word_1_16' title='bbox 2066 392 2201 446; x_wconf 77' lang='lat' dir='ltr'><strong>sunt,</strong></span> <span class='ocrx_word' id='word_1_17' title='bbox 2237 382 2491 435; x_wconf 82' lang='lat' dir='ltr'><strong>intellecta</strong></span> <span class='ocrx_word' id='word_1_18' title='bbox 2535 385 2912 445; x_wconf 83' lang='lat' dir='ltr'><strong>conspiciuntur</strong></span> <span class='ocrx_word' id='word_1_19' title='bbox 2941 384 2956 448; x_wconf 88' lang='lat'>(</span> <span class='ocrx_word' id='word_1_20' title='bbox 2967 382 3114 437; x_wconf 85' lang='lat' dir='ltr'><strong>Rom.</strong></span> <span class='ocrx_word' id='word_1_21' title='bbox 3146 400 3182 445; x_wconf 85' lang='grc' dir='ltr'>ι,</span> <span class='ocrx_word' id='word_1_22' title='bbox 3216 379 3326 452; x_wconf 75' lang='grc'><strong>20).</strong></span> <span class='ocrx_word' id='word_1_23' title='bbox 3356 383 3624 437; x_wconf 72' lang='lat' dir='ltr'><strong>Fortassis</strong></span> 
     </span>
    </p>
   </div>
   <div class='ocr_carea' id='block_1_5' title="bbox 409 473 1966 544">
    <p class='ocr_par' dir='ltr' id='par_1_5' title="bbox 409 473 1966 544">
     <span class='ocr_line' id='line_1_5' title="bbox 409 473 1966 544; baseline 0 -20"><span class='ocrx_word' id='word_1_24' title='bbox 409 484 519 539; x_wconf 75' lang='lat' dir='ltr'><strong>que</strong></span> <span class='ocrx_word' id='word_1_25' title='bbox 547 487 788 541; x_wconf 88' lang='lat' dir='ltr'><strong>corpora,</strong></span> <span class='ocrx_word' id='word_1_26' title='bbox 820 480 1068 540; x_wconf 88' lang='lat' dir='ltr'><strong>tanquam</strong></span> <span class='ocrx_word' id='word_1_27' title='bbox 1111 477 1160 528; x_wconf 97' lang='lat' dir='ltr'><strong>vi</strong></span> <span class='ocrx_word' id='word_1_28' title='bbox 1191 475 1462 544; x_wconf 85' lang='lat' dir='ltr'><strong>cujusdam</strong></span> <span class='ocrx_word' id='word_1_29' title='bbox 1499 476 1748 528; x_wconf 79' lang='lat' dir='ltr'><strong>torrentis</strong></span> <span class='ocrx_word' id='word_1_30' title='bbox 1774 473 1838 525; x_wconf 90' lang='lat' dir='ltr'><strong>ad</strong></span> <span class='ocrx_word' id='word_1_31' title='bbox 1868 487 1966 524; x_wconf 89' lang='lat' dir='ltr'><strong>ne-</strong></span> 
     </span>
    </p>
   </div>
   <div class='ocr_carea' id='block_1_6' title="bbox 417 561 1970 631">
    <p class='ocr_par' dir='ltr' id='par_1_6' title="bbox 417 561 1970 631">
     <span class='ocr_line' id='line_1_6' title="bbox 417 561 1970 631; baseline -0.001 -17"><span class='ocrx_word' id='word_1_32' title='bbox 417 562 711 615; x_wconf 87' lang='lat' dir='ltr'><strong>cessitatem</strong></span> <span class='ocrx_word' id='word_1_33' title='bbox 734 562 940 615; x_wconf 88' lang='lat' dir='ltr'><strong>insitam</strong></span> <span class='ocrx_word' id='word_1_34' title='bbox 959 563 1212 631; x_wconf 74' lang='lat' dir='ltr'><strong>relegata,</strong></span> <span class='ocrx_word' id='word_1_35' title='bbox 1237 574 1290 618; x_wconf 92' lang='lat' dir='ltr'><strong>et</strong></span> <span class='ocrx_word' id='word_1_36' title='bbox 1314 565 1386 618; x_wconf 93' lang='lat' dir='ltr'><strong>illi</strong></span> <span class='ocrx_word' id='word_1_37' title='bbox 1410 566 1575 619; x_wconf 89' lang='lat' dir='ltr'><strong>motui</strong></span> <span class='ocrx_word' id='word_1_38' title='bbox 1597 564 1861 631; x_wconf 86' lang='lat' dir='ltr'><strong>subjecta,</strong></span> <span class='ocrx_word' id='word_1_39' title='bbox 1877 561 1970 630; x_wconf 88' lang='lat' dir='ltr'><strong>qui</strong></span> 
     </span>
    </p>
   </div>
   <div class='ocr_carea' id='block_1_7' title="bbox 417 650 1969 720">
    <p class='ocr_par' dir='ltr' id='par_1_7' title="bbox 417 650 1969 720">
     <span class='ocr_line' id='line_1_7' title="bbox 417 650 1969 720; baseline 0 -18"><span class='ocrx_word' id='word_1_40' title='bbox 417 650 482 703; x_wconf 88' lang='lat' dir='ltr'><strong>ad</strong></span> <span class='ocrx_word' id='word_1_41' title='bbox 509 658 656 704; x_wconf 78' lang='lat' dir='ltr'><strong>ortus</strong></span> <span class='ocrx_word' id='word_1_42' title='bbox 684 652 961 720; x_wconf 89' lang='lat' dir='ltr'><strong>obitusque</strong></span> <span class='ocrx_word' id='word_1_43' title='bbox 990 653 1245 720; x_wconf 92' lang='lat' dir='ltr'><strong>perducit,</strong></span> <span class='ocrx_word' id='word_1_44' title='bbox 1273 662 1326 707; x_wconf 92' lang='lat' dir='ltr'><strong>et</strong></span> <span class='ocrx_word' id='word_1_45' title='bbox 1371 669 1438 707; x_wconf 89' lang='lat' dir='ltr'><strong>ex</strong></span> <span class='ocrx_word' id='word_1_46' title='bbox 1473 662 1660 706; x_wconf 86' lang='lat' dir='ltr'><strong>natura</strong></span> <span class='ocrx_word' id='word_1_47' title='bbox 1714 651 1969 720; x_wconf 88' lang='lat' dir='ltr'><strong>temporis</strong></span> 
     </span>
    </p>
   </div>
   <div class='ocr_carea' id='block_1_8' title="bbox 417 739 1969 810">
    <p class='ocr_par' dir='ltr' id='par_1_8' title="bbox 417 739 1969 810">
     <span class='ocr_line' id='line_1_8' title="bbox 417 739 1969 810; baseline 0.002 -20"><span class='ocrx_word' id='word_1_48' title='bbox 417 739 730 801; x_wconf 91' lang='lat' dir='ltr'><strong>continetur,</strong></span> <span class='ocrx_word' id='word_1_49' title='bbox 757 749 1033 806; x_wconf 84' lang='lat' dir='ltr'><strong>cognatam</strong></span> <span class='ocrx_word' id='word_1_50' title='bbox 1059 741 1437 810; x_wconf 82' lang='lat' dir='ltr'><strong>proprietatem</strong></span> <span class='ocrx_word' id='word_1_51' title='bbox 1453 743 1608 795; x_wconf 84' lang='lat' dir='ltr'><strong>rebus</strong></span> <span class='ocrx_word' id='word_1_52' title='bbox 1629 741 1969 796; x_wconf 74' lang='lat' dir='ltr'><strong>mutabilibus</strong></span> 
     </span>
    </p>
   </div>
   <div class='ocr_carea' id='block_1_9' title="bbox 404 827 1981 900">
    <p class='ocr_par' dir='ltr' id='par_1_9' title="bbox 404 827 1981 900">
     <span class='ocr_line' id='line_1_9' title="bbox 404 827 1981 900; baseline -0.001 -21"><span class='ocrx_word' id='word_1_53' title='bbox 404 827 736 894; x_wconf 81' lang='lat' dir='ltr'><strong>possidente.</strong></span> <span class='ocrx_word' id='word_1_54' title='bbox 766 831 926 900; x_wconf 83' lang='lat'><strong>707</strong></span> <span class='ocrx_word' id='word_1_55' title='bbox 951 830 1084 886; x_wconf 91' lang='lat' dir='ltr'><strong>llinc</strong></span> <span class='ocrx_word' id='word_1_56' title='bbox 1101 841 1498 900; x_wconf 84' lang='lat' dir='ltr'><strong>consequenter</strong></span> <span class='ocrx_word' id='word_1_57' title='bbox 1531 829 1731 884; x_wconf 81' lang='lat' dir='ltr'><strong>relator</strong></span> <span class='ocrx_word' id='word_1_58' title='bbox 1750 840 1981 882; x_wconf 87' lang='lat' dir='ltr'><strong>exorsus</strong></span> 
     </span>
    </p>
   </div>
   <div class='ocr_carea' id='block_1_10' title="bbox 407 917 1981 984">
    <p class='ocr_par' dir='ltr' id='par_1_10' title="bbox 407 917 1981 984">
     <span class='ocr_line' id='line_1_10' title="bbox 407 917 1981 984; baseline -0.001 -11"><span class='ocrx_word' id='word_1_59' title='bbox 407 926 514 984; x_wconf 86' lang='lat' dir='ltr'><strong>est,</strong></span> <span class='ocrx_word' id='word_1_60' title='bbox 531 921 816 977; x_wconf 83' lang='lat' dir='ltr'><strong>manifeste</strong></span> <span class='ocrx_word' id='word_1_61' title='bbox 842 924 906 978; x_wconf 91' lang='lat' dir='ltr'><strong>de</strong></span> <span class='ocrx_word' id='word_1_62' title='bbox 922 924 1102 979; x_wconf 91' lang='lat' dir='ltr'><strong>mundi</strong></span> <span class='ocrx_word' id='word_1_63' title='bbox 1124 922 1526 979; x_wconf 84' lang='lat' dir='ltr'><strong>constructione</strong></span> <span class='ocrx_word' id='word_1_64' title='bbox 1541 935 1642 978; x_wconf 88' lang='lat' dir='ltr'><strong>nos</strong></span> <span class='ocrx_word' id='word_1_65' title='bbox 1653 920 1910 982; x_wconf 89' lang='lat' dir='ltr'><strong>edocens,</strong></span> <span class='ocrx_word' id='word_1_66' title='bbox 1927 917 1981 971; x_wconf 89' lang='lat' dir='ltr'><strong>in</strong></span> 
     </span>
    </p>
   </div>
   <div class='ocr_carea' id='block_1_11' title="bbox 415 1005 1966 1078">
    <p class='ocr_par' dir='ltr' id='par_1_11' title="bbox 415 1005 1966 1078">
     <span class='ocr_line' id='line_1_11' title="bbox 415 1005 1966 1078; baseline -0.001 -18"><span class='ocrx_word' id='word_1_67' title='bbox 415 1009 672 1078; x_wconf 86' lang='lat' dir='ltr'><strong>principio</strong></span> <span class='ocrx_word' id='word_1_68' title='bbox 701 1007 886 1062; x_wconf 78' lang='lat' dir='ltr'><strong>fecisse</strong></span> <span class='ocrx_word' id='word_1_69' title='bbox 913 1007 1095 1060; x_wconf 93' lang='lat' dir='ltr'><strong>Deum.</strong></span> <span class='ocrx_word' id='word_1_70' title='bbox 1138 1006 1461 1075; x_wconf 89' lang='lat' dir='ltr'><strong>Principium</strong></span> <span class='ocrx_word' id='word_1_71' title='bbox 1499 1017 1674 1059; x_wconf 91' lang='lat' dir='ltr'><strong>autem</strong></span> <span class='ocrx_word' id='word_1_72' title='bbox 1706 1015 1787 1058; x_wconf 75' lang='lat' dir='ltr'><strong>est</strong></span> <span class='ocrx_word' id='word_1_73' title='bbox 1824 1005 1966 1073; x_wconf 87' lang='lat' dir='ltr'><strong>quod</strong></span> 
     </span>
    </p>
   </div>
   <div class='ocr_carea' id='block_1_12' title="bbox 416 1094 1968 1166">
    <p class='ocr_par' dir='ltr' id='par_1_12' title="bbox 416 1094 1968 1166">
     <span class='ocr_line' id='line_1_12' title="bbox 416 1094 1968 1166; baseline -0.001 -16"><span class='ocrx_word' id='word_1_74' title='bbox 416 1098 480 1150; x_wconf 80' lang='lat' dir='ltr'><strong>ad</strong></span> <span class='ocrx_word' id='word_1_75' title='bbox 511 1107 718 1166; x_wconf 86' lang='lat' dir='ltr'><strong>tempus</strong></span> <span class='ocrx_word' id='word_1_76' title='bbox 745 1097 993 1166; x_wconf 87' lang='lat' dir='ltr'><strong>pertinet,</strong></span> <span class='ocrx_word' id='word_1_77' title='bbox 1027 1113 1131 1150; x_wconf 93' lang='lat' dir='ltr'><strong>non</strong></span> <span class='ocrx_word' id='word_1_78' title='bbox 1154 1096 1293 1164; x_wconf 90' lang='lat' dir='ltr'><strong>quod</strong></span> <span class='ocrx_word' id='word_1_79' title='bbox 1323 1097 1390 1149; x_wconf 91' lang='lat' dir='ltr'><strong>ad</strong></span> <span class='ocrx_word' id='word_1_80' title='bbox 1428 1094 1454 1133; x_wconf 70' lang='grc' dir='ltr'>ι’</span> <span class='ocrx_word' id='word_1_81' title='bbox 1485 1096 1854 1162; x_wconf 88' lang='lat' dir='ltr'><strong>antiquitatem</strong></span> <span class='ocrx_word' id='word_1_82' title='bbox 1878 1109 1968 1149; x_wconf 88' lang='lat' dir='ltr'><strong>re-</strong></span> 
     </span>
    </p>
   </div>
   <div class='ocr_carea' id='block_1_13' title="bbox 416 1183 1944 1254">
    <p class='ocr_par' dir='ltr' id='par_1_13' title="bbox 416 1183 1944 1254">
     <span class='ocr_line' id='line_1_13' title="bbox 416 1183 1944 1254; baseline -0.003 -14"><span class='ocrx_word' id='word_1_83' title='bbox 416 1186 590 1254; x_wconf 83' lang='lat' dir='ltr'><strong>spicit,</strong></span> <span class='ocrx_word' id='word_1_84' title='bbox 615 1201 730 1254; x_wconf 85' lang='lat' dir='ltr'><strong>quae</strong></span> <span class='ocrx_word' id='word_1_85' title='bbox 759 1196 840 1240; x_wconf 89' lang='lat' dir='ltr'><strong>est</strong></span> <span class='ocrx_word' id='word_1_86' title='bbox 867 1187 1109 1239; x_wconf 90' lang='lat' dir='ltr'><strong>omnibus</strong></span> <span class='ocrx_word' id='word_1_87' title='bbox 1131 1185 1289 1239; x_wconf 90' lang='lat' dir='ltr'><strong>rebus</strong></span> <span class='ocrx_word' id='word_1_88' title='bbox 1310 1185 1563 1238; x_wconf 89' lang='lat' dir='ltr'><strong>anterior.</strong></span> <span class='ocrx_word' id='word_1_89' title='bbox 1586 1183 1723 1250; x_wconf 87' lang='lat' dir='ltr'><strong>Ergo</strong></span> <span class='ocrx_word' id='word_1_90' title='bbox 1751 1198 1857 1236; x_wconf 90' lang='lat' dir='ltr'><strong>non</strong></span> <span class='ocrx_word' id='word_1_91' title='bbox 1885 1197 1944 1236; x_wconf 91' lang='lat' dir='ltr'><strong>se</strong></span> 
     </span>
    </p>
   </div>
   <div class='ocr_carea' id='block_1_14' title="bbox 416 1273 1968 1344">
    <p class='ocr_par' dir='ltr' id='par_1_14' title="bbox 416 1273 1968 1344">
     <span class='ocr_line' id='line_1_14' title="bbox 416 1273 1968 1344; baseline -0.003 -15"><span class='ocrx_word' id='word_1_92' title='bbox 416 1275 644 1329; x_wconf 90' lang='lat' dir='ltr'><strong>cundum</strong></span> <span class='ocrx_word' id='word_1_93' title='bbox 685 1291 802 1329; x_wconf 91' lang='lat' dir='ltr'><strong>eam</strong></span> <span class='ocrx_word' id='word_1_94' title='bbox 845 1277 977 1329; x_wconf 82' lang='lat' dir='ltr'><strong>dixit</strong></span> <span class='ocrx_word' id='word_1_95' title='bbox 1023 1275 1089 1328; x_wconf 85' lang='lat' dir='ltr'><strong>In</strong></span> <span class='ocrx_word' id='word_1_96' title='bbox 1118 1277 1367 1344; x_wconf 86' lang='lat' dir='ltr'><strong>principio</strong></span> <span class='ocrx_word' id='word_1_97' title='bbox 1395 1277 1513 1344; x_wconf 78' lang='lat' dir='ltr'><strong>fecit</strong></span> <span class='ocrx_word' id='word_1_98' title='bbox 1541 1273 1698 1338; x_wconf 80' lang='lat' dir='ltr'><strong>Deus,</strong></span> <span class='ocrx_word' id='word_1_99' title='bbox 1727 1274 1819 1326; x_wconf 88' lang='lat' dir='ltr'><strong>sed</strong></span> <span class='ocrx_word' id='word_1_100' title='bbox 1847 1281 1968 1342; x_wconf 89' lang='lat' dir='ltr'><strong>post</strong></span> 
     </span>
    </p>
   </div>
   <div class='ocr_carea' id='block_1_15' title="bbox 418 1363 1967 1428">
    <p class='ocr_par' dir='ltr' id='par_1_15' title="bbox 418 1363 1967 1428">
     <span class='ocr_line' id='line_1_15' title="bbox 418 1363 1967 1428; baseline -0.001 -11"><span class='ocrx_word' id='word_1_101' title='bbox 418 1364 505 1418; x_wconf 90' lang='lat' dir='ltr'><strong>illa</strong></span> <span class='ocrx_word' id='word_1_102' title='bbox 552 1365 831 1418; x_wconf 81' lang='lat' dir='ltr'><strong>invisibilia</strong></span> <span class='ocrx_word' id='word_1_103' title='bbox 873 1374 926 1419; x_wconf 93' lang='lat' dir='ltr'><strong>et</strong></span> <span class='ocrx_word' id='word_1_104' title='bbox 969 1365 1348 1420; x_wconf 88' lang='lat' dir='ltr'><strong>intellectibilia</strong></span> <span class='ocrx_word' id='word_1_105' title='bbox 1378 1365 1581 1417; x_wconf 91' lang='lat' dir='ltr'><strong>initium</strong></span> <span class='ocrx_word' id='word_1_106' title='bbox 1610 1363 1967 1428; x_wconf 80' lang='lat' dir='ltr'><strong>generationis</strong></span> 
     </span>
    </p>
   </div>
   <div class='ocr_carea' id='block_1_16' title="bbox 418 1452 1964 1522">
    <p class='ocr_par' dir='ltr' id='par_1_16' title="bbox 418 1452 1964 1522">
     <span class='ocr_line' id='line_1_16' title="bbox 418 1452 1964 1522; baseline -0.003 -14"><span class='ocrx_word' id='word_1_107' title='bbox 418 1470 603 1508; x_wconf 89' lang='lat' dir='ltr'><strong>eorum</strong></span> <span class='ocrx_word' id='word_1_108' title='bbox 640 1470 756 1522; x_wconf 68' lang='lat' dir='ltr'><strong>quae</strong></span> <span class='ocrx_word' id='word_1_109' title='bbox 797 1464 1102 1519; x_wconf 88' lang='lat' dir='ltr'><strong>cernuntur,</strong></span> <span class='ocrx_word' id='word_1_110' title='bbox 1134 1468 1399 1522; x_wconf 84' lang='lat' dir='ltr'><strong>sensuque</strong></span> <span class='ocrx_word' id='word_1_111' title='bbox 1425 1452 1964 1521; x_wconf 86' lang='lat' dir='ltr'><strong>comprehenduntur,</strong></span> 
     </span>
    </p>
   </div>
   <div class='ocr_carea' id='block_1_17' title="bbox 418 1538 1962 1610">
    <p class='ocr_par' dir='ltr' id='par_1_17' title="bbox 418 1538 1962 1610">
     <span class='ocr_line' id='line_1_17' title="bbox 418 1538 1962 1610; baseline -0.003 -16"><span class='ocrx_word' id='word_1_112' title='bbox 418 1551 649 1596; x_wconf 84' lang='lat' dir='ltr'><strong>enarrat.</strong></span> <span class='ocrx_word' id='word_1_113' title='bbox 682 1544 881 1596; x_wconf 90' lang='lat' dir='ltr'><strong>Dicitur</strong></span> <span class='ocrx_word' id='word_1_114' title='bbox 901 1542 1112 1610; x_wconf 89' lang='lat' dir='ltr'><strong>quidem</strong></span> <span class='ocrx_word' id='word_1_115' title='bbox 1139 1541 1472 1610; x_wconf 86' lang='lat' dir='ltr'><strong>principium,</strong></span> <span class='ocrx_word' id='word_1_116' title='bbox 1493 1547 1547 1593; x_wconf 92' lang='lat' dir='ltr'><strong>et</strong></span> <span class='ocrx_word' id='word_1_117' title='bbox 1567 1538 1735 1608; x_wconf 91' lang='lat' dir='ltr'><strong>prima</strong></span> <span class='ocrx_word' id='word_1_118' title='bbox 1757 1539 1923 1591; x_wconf 88' lang='lat' dir='ltr'><strong>motio</strong></span> <span class='ocrx_word' id='word_1_119' title='bbox 1949 1555 1962 1589; x_wconf 87' lang='lat'><strong>:</strong></span> 
     </span>
    </p>
   </div>
   <div class='ocr_carea' id='block_1_18' title="bbox 417 1626 1962 1700">
    <p class='ocr_par' dir='ltr' id='par_1_18' title="bbox 417 1626 1962 1700">
     <span class='ocr_line' id='line_1_18' title="bbox 417 1626 1962 1700; baseline -0.004 -16"><span class='ocrx_word' id='word_1_120' title='bbox 417 1631 555 1685; x_wconf 83' lang='lat' dir='ltr'><strong>sicut</strong></span> <span class='ocrx_word' id='word_1_121' title='bbox 591 1632 895 1700; x_wconf 80' lang='lat' dir='ltr'><strong>principium</strong></span> <span class='ocrx_word' id='word_1_122' title='bbox 921 1632 1043 1683; x_wconf 84' lang='lat' dir='ltr'><strong>recti</strong></span> <span class='ocrx_word' id='word_1_123' title='bbox 1080 1629 1276 1682; x_wconf 79' lang='lat' dir='ltr'><strong>itineris</strong></span> <span class='ocrx_word' id='word_1_124' title='bbox 1311 1636 1385 1681; x_wconf 85' lang='lat' dir='ltr'><strong>est</strong></span> <span class='ocrx_word' id='word_1_125' title='bbox 1417 1629 1559 1698; x_wconf 78' lang='lat' dir='ltr'><strong>justo</strong></span> <span class='ocrx_word' id='word_1_126' title='bbox 1589 1629 1755 1695; x_wconf 74' lang='lat' dir='ltr'><strong>facere</strong></span> <span class='ocrx_word' id='word_1_127' title='bbox 1785 1626 1962 1695; x_wconf 85' lang='lat' dir='ltr'><strong>(Prov.</strong></span> 
     </span>
    </p>
   </div>
   <div class='ocr_carea' id='block_1_19' title="bbox 2074 474 3624 542">
    <p class='ocr_par' dir='ltr' id='par_1_19' title="bbox 2074 474 3624 542">
     <span class='ocr_line' id='line_1_19' title="bbox 2074 474 3624 542; baseline 0.002 -17"><span class='ocrx_word' id='word_1_128' title='bbox 2074 483 2244 527; x_wconf 61' lang='lat' dir='ltr'><strong>autem</strong></span> <span class='ocrx_word' id='word_1_129' title='bbox 2272 479 2496 542; x_wconf 86' lang='lat' dir='ltr'><strong>propter</strong></span> <span class='ocrx_word' id='word_1_130' title='bbox 2529 474 2854 528; x_wconf 85' lang='lat' dir='ltr'><strong>celeritatem</strong></span> <span class='ocrx_word' id='word_1_131' title='bbox 2895 482 3171 532; x_wconf 63' lang='lat' dir='ltr'><strong>creaturae.</strong></span> <span class='ocrx_word' id='word_1_132' title='bbox 3204 489 3320 542; x_wconf 70' lang='lat' dir='ltr'><strong>qua:</strong></span> <span class='ocrx_word' id='word_1_133' title='bbox 3356 475 3473 527; x_wconf 87' lang='lat' dir='ltr'><strong>sine</strong></span> <span class='ocrx_word' id='word_1_134' title='bbox 3512 474 3624 528; x_wconf 86' lang='lat' dir='ltr'><strong>ullo</strong></span> 
     </span>
    </p>
   </div>
   <div class='ocr_carea' id='block_1_20' title="bbox 2069 561 3624 631">
    <p class='ocr_par' dir='ltr' id='par_1_20' title="bbox 2069 561 3624 631">
     <span class='ocr_line' id='line_1_20' title="bbox 2069 561 3624 631; baseline 0.001 -17"><span class='ocrx_word' id='word_1_135' title='bbox 2069 572 2338 616; x_wconf 86' lang='lat' dir='ltr'><strong>momento</strong></span> <span class='ocrx_word' id='word_1_136' title='bbox 2382 563 2633 631; x_wconf 91' lang='lat' dir='ltr'><strong>temporis</strong></span> <span class='ocrx_word' id='word_1_137' title='bbox 2679 571 2760 615; x_wconf 84' lang='lat' dir='ltr'><strong>est</strong></span> <span class='ocrx_word' id='word_1_138' title='bbox 2805 571 3128 627; x_wconf 84' lang='lat' dir='ltr'><strong>constructa,</strong></span> <span class='ocrx_word' id='word_1_139' title='bbox 3169 563 3366 616; x_wconf 91' lang='lat' dir='ltr'><strong>dictum</strong></span> <span class='ocrx_word' id='word_1_140' title='bbox 3396 572 3476 616; x_wconf 87' lang='lat' dir='ltr'><strong>est</strong></span> <span class='ocrx_word' id='word_1_141' title='bbox 3509 581 3521 614; x_wconf 90' lang='lat'>:</span> <span class='ocrx_word' id='word_1_142' title='bbox 3554 561 3624 616; x_wconf 83' lang='grc' dir='ltr'><strong>1η</strong></span> 
     </span>
    </p>
   </div>
   <div class='ocr_carea' id='block_1_21' title="bbox 2068 651 3622 723">
    <p class='ocr_par' dir='ltr' id='par_1_21' title="bbox 2068 651 3622 723">
     <span class='ocr_line' id='line_1_21' title="bbox 2068 651 3622 723; baseline 0 -20"><span class='ocrx_word' id='word_1_143' title='bbox 2068 654 2318 721; x_wconf 85' lang='lat' dir='ltr'><strong>principio</strong></span> <span class='ocrx_word' id='word_1_144' title='bbox 2346 653 2498 723; x_wconf 80' lang='lat' dir='ltr'><strong>fecit;</strong></span> <span class='ocrx_word' id='word_1_145' title='bbox 2539 652 2789 718; x_wconf 88' lang='lat' dir='ltr'><strong>quoniam</strong></span> <span class='ocrx_word' id='word_1_146' title='bbox 2819 651 3086 704; x_wconf 89' lang='lat' dir='ltr'><strong>individua</strong></span> <span class='ocrx_word' id='word_1_147' title='bbox 3116 652 3355 720; x_wconf 56' lang='lat' dir='ltr'><strong>quadam</strong></span> <span class='ocrx_word' id='word_1_148' title='bbox 3401 667 3488 705; x_wconf 90' lang='lat' dir='ltr'><strong>res</strong></span> <span class='ocrx_word' id='word_1_149' title='bbox 3517 659 3622 717; x_wconf 89' lang='lat' dir='ltr'><strong>est,</strong></span> 
     </span>
    </p>
   </div>
   <div class='ocr_carea' id='block_1_22' title="bbox 2067 741 3624 810">
    <p class='ocr_par' dir='ltr' id='par_1_22' title="bbox 2067 741 3624 810">
     <span class='ocr_line' id='line_1_22' title="bbox 2067 741 3624 810; baseline 0.005 -16"><span class='ocrx_word' id='word_1_150' title='bbox 2067 747 2121 794; x_wconf 90' lang='lat' dir='ltr'><strong>et</strong></span> <span class='ocrx_word' id='word_1_151' title='bbox 2161 742 2484 805; x_wconf 88' lang='lat' dir='ltr'><strong>indistincta,</strong></span> <span class='ocrx_word' id='word_1_152' title='bbox 2524 741 2859 810; x_wconf 84' lang='lat' dir='ltr'><strong>principium.</strong></span> <span class='ocrx_word' id='word_1_153' title='bbox 2901 741 3049 795; x_wconf 82' lang='lat' dir='ltr'><strong>Sicut</strong></span> <span class='ocrx_word' id='word_1_154' title='bbox 3091 744 3230 796; x_wconf 89' lang='lat' dir='ltr'><strong>enim</strong></span> <span class='ocrx_word' id='word_1_155' title='bbox 3277 745 3484 800; x_wconf 90' lang='lat' dir='ltr'><strong>initium</strong></span> <span class='ocrx_word' id='word_1_156' title='bbox 3523 749 3624 802; x_wconf 76' lang='lat' dir='ltr'><strong>vite</strong></span> 
     </span>
    </p>
   </div>
   <div class='ocr_carea' id='block_1_23' title="bbox 2067 829 3622 895">
    <p class='ocr_par' dir='ltr' id='par_1_23' title="bbox 2067 829 3622 895">
     <span class='ocr_line' id='line_1_23' title="bbox 2067 829 3622 895; baseline 0.005 -14"><span class='ocrx_word' id='word_1_157' title='bbox 2067 829 2289 883; x_wconf 90' lang='lat' dir='ltr'><strong>necdum</strong></span> <span class='ocrx_word' id='word_1_158' title='bbox 2319 830 2400 884; x_wconf 88' lang='lat' dir='ltr'><strong>via</strong></span> <span class='ocrx_word' id='word_1_159' title='bbox 2430 838 2528 890; x_wconf 91' lang='lat' dir='ltr'><strong>est,</strong></span> <span class='ocrx_word' id='word_1_160' title='bbox 2560 838 2613 883; x_wconf 91' lang='lat' dir='ltr'><strong>et</strong></span> <span class='ocrx_word' id='word_1_161' title='bbox 2657 829 2861 881; x_wconf 89' lang='lat' dir='ltr'><strong>initium</strong></span> <span class='ocrx_word' id='word_1_162' title='bbox 2905 829 3110 895; x_wconf 88' lang='lat' dir='ltr'><strong>domus,</strong></span> <span class='ocrx_word' id='word_1_163' title='bbox 3159 832 3385 886; x_wconf 89' lang='lat' dir='ltr'><strong>necdum</strong></span> <span class='ocrx_word' id='word_1_164' title='bbox 3433 834 3622 888; x_wconf 89' lang='lat' dir='ltr'><strong>domus</strong></span> 
     </span>
    </p>
   </div>
   <div class='ocr_carea' id='block_1_24' title="bbox 2066 917 3622 992">
    <p class='ocr_par' dir='ltr' id='par_1_24' title="bbox 2066 917 3622 992">
     <span class='ocr_line' id='line_1_24' title="bbox 2066 917 3622 992; baseline 0.004 -22"><span class='ocrx_word' id='word_1_165' title='bbox 2066 925 2147 970; x_wconf 91' lang='lat' dir='ltr'><strong>est</strong></span> <span class='ocrx_word' id='word_1_166' title='bbox 2173 936 2185 968; x_wconf 91' lang='lat'><strong>:</strong></span> <span class='ocrx_word' id='word_1_167' title='bbox 2209 918 2286 971; x_wconf 93' lang='lat' dir='ltr'><strong>sic</strong></span> <span class='ocrx_word' id='word_1_168' title='bbox 2313 926 2367 970; x_wconf 91' lang='lat' dir='ltr'><strong>et</strong></span> <span class='ocrx_word' id='word_1_169' title='bbox 2388 918 2641 985; x_wconf 88' lang='lat' dir='ltr'><strong>temporis</strong></span> <span class='ocrx_word' id='word_1_170' title='bbox 2670 917 2895 982; x_wconf 89' lang='lat' dir='ltr'><strong>initium,</strong></span> <span class='ocrx_word' id='word_1_171' title='bbox 2927 918 3147 971; x_wconf 90' lang='lat' dir='ltr'><strong>necdum</strong></span> <span class='ocrx_word' id='word_1_172' title='bbox 3169 919 3382 987; x_wconf 87' lang='lat' dir='ltr'><strong>plenum</strong></span> <span class='ocrx_word' id='word_1_173' title='bbox 3413 931 3622 992; x_wconf 89' lang='lat' dir='ltr'><strong>tempus</strong></span> 
     </span>
    </p>
   </div>
   <div class='ocr_carea' id='block_1_25' title="bbox 2065 1006 3622 1079">
    <p class='ocr_par' dir='ltr' id='par_1_25' title="bbox 2065 1006 3622 1079">
     <span class='ocr_line' id='line_1_25' title="bbox 2065 1006 3622 1079; baseline 0.005 -21"><span class='ocrx_word' id='word_1_174' title='bbox 2065 1015 2173 1069; x_wconf 89' lang='lat' dir='ltr'><strong>est;</strong></span> <span class='ocrx_word' id='word_1_175' title='bbox 2201 1006 2292 1060; x_wconf 92' lang='lat' dir='ltr'><strong>sed</strong></span> <span class='ocrx_word' id='word_1_176' title='bbox 2313 1022 2410 1060; x_wconf 91' lang='lat' dir='ltr'><strong>nec</strong></span> <span class='ocrx_word' id='word_1_177' title='bbox 2432 1007 2620 1073; x_wconf 79' lang='lat' dir='ltr'><strong>exigua</strong></span> <span class='ocrx_word' id='word_1_178' title='bbox 2641 1021 2764 1074; x_wconf 90' lang='lat' dir='ltr'><strong>pars</strong></span> <span class='ocrx_word' id='word_1_179' title='bbox 2786 1007 3056 1074; x_wconf 90' lang='lat' dir='ltr'><strong>temporis.</strong></span> <span class='ocrx_word' id='word_1_180' title='bbox 3082 1006 3231 1072; x_wconf 87' lang='lat' dir='ltr'><strong>Quod</strong></span> <span class='ocrx_word' id='word_1_181' title='bbox 3252 1010 3297 1062; x_wconf 90' lang='lat' dir='ltr'><strong>si</strong></span> <span class='ocrx_word' id='word_1_182' title='bbox 3319 1025 3622 1079; x_wconf 83' lang='lat' dir='ltr'><strong>repugnans</strong></span> 
     </span>
    </p>
   </div>
   <div class='ocr_carea' id='block_1_26' title="bbox 2063 1092 3624 1167">
    <p class='ocr_par' dir='ltr' id='par_1_26' title="bbox 2063 1092 3624 1167">
     <span class='ocr_line' id='line_1_26' title="bbox 2063 1092 3624 1167; baseline 0.005 -21"><span class='ocrx_word' id='word_1_183' title='bbox 2063 1092 2201 1147; x_wconf 81' lang='lat' dir='ltr'><strong>forte</strong></span> <span class='ocrx_word' id='word_1_184' title='bbox 2221 1095 2479 1163; x_wconf 85' lang='lat' dir='ltr'><strong>quispiam</strong></span> <span class='ocrx_word' id='word_1_185' title='bbox 2509 1094 2824 1162; x_wconf 90' lang='lat' dir='ltr'><strong>principium</strong></span> <span class='ocrx_word' id='word_1_186' title='bbox 2852 1094 3045 1148; x_wconf 78' lang='lat' dir='ltr'><strong>dixerit</strong></span> <span class='ocrx_word' id='word_1_187' title='bbox 3072 1111 3189 1149; x_wconf 86' lang='lat' dir='ltr'><strong>esse</strong></span> <span class='ocrx_word' id='word_1_188' title='bbox 3215 1105 3446 1167; x_wconf 87' lang='lat' dir='ltr'><strong>tempus,</strong></span> <span class='ocrx_word' id='word_1_189' title='bbox 3486 1101 3624 1154; x_wconf 88' lang='lat' dir='ltr'><strong>sciat</strong></span> 
     </span>
    </p>
   </div>
   <div class='ocr_carea' id='block_1_27' title="bbox 2063 1185 3620 1254">
    <p class='ocr_par' dir='ltr' id='par_1_27' title="bbox 2063 1185 3620 1254">
     <span class='ocr_line' id='line_1_27' title="bbox 2063 1185 3620 1254; baseline 0.004 -17"><span class='ocrx_word' id='word_1_190' title='bbox 2063 1185 2167 1238; x_wconf 90' lang='lat' dir='ltr'><strong>hoc</strong></span> <span class='ocrx_word' id='word_1_191' title='bbox 2193 1199 2309 1239; x_wconf 87' lang='lat' dir='ltr'><strong>esse</strong></span> <span class='ocrx_word' id='word_1_192' title='bbox 2336 1185 2623 1238; x_wconf 87' lang='lat' dir='ltr'><strong>divisurum</strong></span> <span class='ocrx_word' id='word_1_193' title='bbox 2652 1185 2704 1237; x_wconf 93' lang='lat' dir='ltr'><strong>in</strong></span> <span class='ocrx_word' id='word_1_194' title='bbox 2725 1185 3042 1253; x_wconf 89' lang='lat' dir='ltr'><strong>multiplices</strong></span> <span class='ocrx_word' id='word_1_195' title='bbox 3069 1188 3360 1254; x_wconf 89' lang='lat' dir='ltr'><strong>portiones,</strong></span> <span class='ocrx_word' id='word_1_196' title='bbox 3382 1189 3432 1242; x_wconf 91' lang='lat' dir='ltr'><strong>id</strong></span> <span class='ocrx_word' id='word_1_197' title='bbox 3461 1199 3545 1244; x_wconf 90' lang='lat' dir='ltr'><strong>est</strong></span> <span class='ocrx_word' id='word_1_198' title='bbox 3566 1192 3620 1244; x_wconf 89' lang='lat' dir='ltr'><strong>in</strong></span> 
     </span>
    </p>
   </div>
   <div class='ocr_carea' id='block_1_28' title="bbox 2063 1273 3620 1343">
    <p class='ocr_par' dir='ltr' id='par_1_28' title="bbox 2063 1273 3620 1343">
     <span class='ocr_line' id='line_1_28' title="bbox 2063 1273 3620 1343; baseline 0.002 -16"><span class='ocrx_word' id='word_1_199' title='bbox 2063 1275 2309 1343; x_wconf 88' lang='lat' dir='ltr'><strong>primam,</strong></span> <span class='ocrx_word' id='word_1_200' title='bbox 2351 1275 2578 1328; x_wconf 88' lang='lat' dir='ltr'><strong>mediam</strong></span> <span class='ocrx_word' id='word_1_201' title='bbox 2621 1280 2675 1328; x_wconf 92' lang='lat' dir='ltr'><strong>et</strong></span> <span class='ocrx_word' id='word_1_202' title='bbox 2719 1285 3030 1328; x_wconf 80' lang='lat' dir='ltr'><strong>extremam.</strong></span> <span class='ocrx_word' id='word_1_203' title='bbox 3077 1273 3395 1343; x_wconf 87' lang='lat' dir='ltr'><strong>Principium</strong></span> <span class='ocrx_word' id='word_1_204' title='bbox 3441 1284 3620 1330; x_wconf 88' lang='lat' dir='ltr'><strong>autem</strong></span> 
     </span>
    </p>
   </div>
   <div class='ocr_carea' id='block_1_29' title="bbox 2064 1357 3648 1433">
    <p class='ocr_par' dir='ltr' id='par_1_29' title="bbox 2064 1357 3648 1433">
     <span class='ocr_line' id='line_1_29' title="bbox 2064 1357 3648 1433; baseline -0.003 -16"><span class='ocrx_word' id='word_1_205' title='bbox 2064 1363 2305 1433; x_wconf 86' lang='lat' dir='ltr'><strong>principii</strong></span> <span class='ocrx_word' id='word_1_206' title='bbox 2323 1378 2558 1432; x_wconf 79' lang='lat' dir='ltr'><strong>quzerere</strong></span> <span class='ocrx_word' id='word_1_207' title='bbox 2581 1363 2856 1417; x_wconf 89' lang='lat' dir='ltr'><strong>ridiculum</strong></span> <span class='ocrx_word' id='word_1_208' title='bbox 2878 1363 3086 1432; x_wconf 88' lang='lat' dir='ltr'><strong>penitus</strong></span> <span class='ocrx_word' id='word_1_209' title='bbox 3106 1371 3160 1416; x_wconf 92' lang='lat' dir='ltr'><strong>et</strong></span> <span class='ocrx_word' id='word_1_210' title='bbox 3179 1364 3412 1432; x_wconf 89' lang='lat' dir='ltr'><strong>ineptum</strong></span> <span class='ocrx_word' id='word_1_211' title='bbox 3433 1374 3535 1418; x_wconf 88' lang='lat' dir='ltr'><strong>est.</strong></span> <span class='ocrx_word' id='word_1_212' title='bbox 3552 1357 3648 1431; x_wconf 17' lang='grc' dir='ltr'><strong>Ειν</strong></span> 
     </span>
    </p>
   </div>
   <div class='ocr_carea' id='block_1_30' title="bbox 2063 1454 3623 1524">
    <p class='ocr_par' dir='ltr' id='par_1_30' title="bbox 2063 1454 3623 1524">
     <span class='ocr_line' id='line_1_30' title="bbox 2063 1454 3623 1524; baseline 0.001 -17"><span class='ocrx_word' id='word_1_213' title='bbox 2063 1455 2154 1522; x_wconf 92' lang='lat' dir='ltr'><strong>qui</strong></span> <span class='ocrx_word' id='word_1_214' title='bbox 2181 1454 2365 1508; x_wconf 85' lang='lat' dir='ltr'><strong>dividit</strong></span> <span class='ocrx_word' id='word_1_215' title='bbox 2389 1455 2722 1524; x_wconf 90' lang='lat' dir='ltr'><strong>principium,</strong></span> <span class='ocrx_word' id='word_1_216' title='bbox 2745 1454 2876 1508; x_wconf 83' lang='lat' dir='ltr'><strong>duas</strong></span> <span class='ocrx_word' id='word_1_217' title='bbox 2896 1454 3192 1508; x_wconf 88' lang='lat' dir='ltr'><strong>necessario</strong></span> <span class='ocrx_word' id='word_1_218' title='bbox 3219 1454 3376 1508; x_wconf 84' lang='lat' dir='ltr'><strong>faciet</strong></span> <span class='ocrx_word' id='word_1_219' title='bbox 3396 1471 3493 1523; x_wconf 91' lang='lat' dir='ltr'><strong>pro</strong></span> <span class='ocrx_word' id='word_1_220' title='bbox 3514 1472 3623 1508; x_wconf 85' lang='lat' dir='ltr'><strong>una</strong></span> 
     </span>
    </p>
   </div>
   <div class='ocr_carea' id='block_1_31' title="bbox 2063 1544 3622 1614">
    <p class='ocr_par' dir='ltr' id='par_1_31' title="bbox 2063 1544 3622 1614">
     <span class='ocr_line' id='line_1_31' title="bbox 2063 1544 3622 1614; baseline -0.001 -16"><span class='ocrx_word' id='word_1_221' title='bbox 2063 1554 2258 1614; x_wconf 88' lang='lat' dir='ltr'><strong>partes,</strong></span> <span class='ocrx_word' id='word_1_222' title='bbox 2273 1545 2355 1598; x_wconf 89' lang='lat' dir='ltr'><strong>vel</strong></span> <span class='ocrx_word' id='word_1_223' title='bbox 2373 1546 2567 1612; x_wconf 89' lang='lat' dir='ltr'><strong>potius,</strong></span> <span class='ocrx_word' id='word_1_224' title='bbox 2580 1545 2784 1613; x_wconf 87' lang='lat' dir='ltr'><strong>plures;</strong></span> <span class='ocrx_word' id='word_1_225' title='bbox 2802 1554 2824 1579; x_wconf 78' lang='grc' dir='ltr'>ε</span> <span class='ocrx_word' id='word_1_226' title='bbox 2837 1544 3085 1610; x_wconf 88' lang='lat' dir='ltr'><strong>quoniam</strong></span> <span class='ocrx_word' id='word_1_227' title='bbox 3107 1558 3312 1612; x_wconf 88' lang='lat' dir='ltr'><strong>semper</strong></span> <span class='ocrx_word' id='word_1_228' title='bbox 3331 1545 3456 1597; x_wconf 88' lang='lat' dir='ltr'><strong>illud</strong></span> <span class='ocrx_word' id='word_1_229' title='bbox 3476 1546 3622 1611; x_wconf 72' lang='lat' dir='ltr'><strong>quod</strong></span> 
     </span>
    </p>
   </div>
   <div class='ocr_carea' id='block_1_32' title="bbox 2063 1633 3623 1705">
    <p class='ocr_par' dir='ltr' id='par_1_32' title="bbox 2063 1633 3623 1705">
     <span class='ocr_line' id='line_1_32' title="bbox 2063 1633 3623 1705; baseline 0 -16"><span class='ocrx_word' id='word_1_230' title='bbox 2063 1635 2286 1689; x_wconf 91' lang='lat' dir='ltr'><strong>divisum</strong></span> <span class='ocrx_word' id='word_1_231' title='bbox 2333 1633 2508 1698; x_wconf 80' lang='lat' dir='ltr'><strong>fuerit,</strong></span> <span class='ocrx_word' id='word_1_232' title='bbox 2555 1636 2608 1688; x_wconf 89' lang='lat' dir='ltr'><strong>in</strong></span> <span class='ocrx_word' id='word_1_233' title='bbox 2643 1634 2772 1688; x_wconf 90' lang='lat' dir='ltr'><strong>duas</strong></span> <span class='ocrx_word' id='word_1_234' title='bbox 2811 1635 2926 1698; x_wconf 82' lang='lat' dir='ltr'><strong>sine</strong></span> <span class='ocrx_word' id='word_1_235' title='bbox 2952 1634 3111 1688; x_wconf 90' lang='lat' dir='ltr'><strong>dubio</strong></span> <span class='ocrx_word' id='word_1_236' title='bbox 3138 1635 3392 1690; x_wconf 90' lang='lat' dir='ltr'><strong>scinditur</strong></span> <span class='ocrx_word' id='word_1_237' title='bbox 3417 1637 3623 1705; x_wconf 90' lang='lat' dir='ltr'><strong>portio-</strong></span> 
     </span>
    </p>
   </div>
   <div class='ocr_carea' id='block_1_33' title="bbox 419 1713 3626 1790">
    <p class='ocr_par' dir='ltr' id='par_1_33' title="bbox 419 1713 3626 1790">
     <span class='ocr_line' id='line_1_33' title="bbox 419 1713 3626 1790; baseline 0 -17"><span class='ocrx_word' id='word_1_238' title='bbox 419 1737 526 1783; x_wconf 85' lang='lat' dir='ltr'><strong>xvt,</strong></span> <span class='ocrx_word' id='word_1_239' title='bbox 551 1719 623 1788; x_wconf 78' lang='lat'><strong>5).</strong></span> <span class='ocrx_word' id='word_1_240' title='bbox 655 1720 734 1773; x_wconf 84' lang='lat' dir='ltr'><strong>Ex</strong></span> <span class='ocrx_word' id='word_1_241' title='bbox 764 1720 921 1787; x_wconf 88' lang='lat' dir='ltr'><strong>justis</strong></span> <span class='ocrx_word' id='word_1_242' title='bbox 965 1720 1105 1773; x_wconf 90' lang='lat' dir='ltr'><strong>enim</strong></span> <span class='ocrx_word' id='word_1_243' title='bbox 1135 1719 1383 1787; x_wconf 89' lang='lat' dir='ltr'><strong>operibus</strong></span> <span class='ocrx_word' id='word_1_244' title='bbox 1411 1718 1690 1770; x_wconf 89' lang='lat' dir='ltr'><strong>incitamur</strong></span> <span class='ocrx_word' id='word_1_245' title='bbox 1717 1716 1783 1769; x_wconf 89' lang='lat' dir='ltr'><strong>ad</strong></span> <span class='ocrx_word' id='word_1_246' title='bbox 1810 1718 1965 1771; x_wconf 89' lang='lat' dir='ltr'><strong>beate</strong></span> <span class='ocrx_word' id='word_1_247' title='bbox 1995 1713 2037 1770; x_wconf 84' lang='grc' dir='ltr'><strong>Β</strong></span> <span class='ocrx_word' id='word_1_248' title='bbox 2065 1739 2179 1779; x_wconf 84' lang='lat' dir='ltr'><strong>nes.</strong></span> <span class='ocrx_word' id='word_1_249' title='bbox 2211 1723 2348 1790; x_wconf 81' lang='lat' dir='ltr'><strong>Ergo</strong></span> <span class='ocrx_word' id='word_1_250' title='bbox 2388 1731 2445 1776; x_wconf 84' lang='lat' dir='ltr'><strong>ut</strong></span> <span class='ocrx_word' id='word_1_251' title='bbox 2477 1724 2792 1777; x_wconf 85' lang='lat' dir='ltr'><strong>doceremur</strong></span> <span class='ocrx_word' id='word_1_252' title='bbox 2834 1723 2987 1776; x_wconf 83' lang='lat' dir='ltr'><strong>simul</strong></span> <span class='ocrx_word' id='word_1_253' title='bbox 3036 1738 3156 1776; x_wconf 92' lang='lat' dir='ltr'><strong>cum</strong></span> <span class='ocrx_word' id='word_1_254' title='bbox 3201 1722 3297 1776; x_wconf 88' lang='lat' dir='ltr'><strong>Dei</strong></span> <span class='ocrx_word' id='word_1_255' title='bbox 3343 1725 3626 1778; x_wconf 83' lang='lat' dir='ltr'><strong>voluntate</strong></span> 
     </span>
    </p>
   </div>
   <div class='ocr_carea' id='block_1_34' title="bbox 419 1804 1965 1878">
    <p class='ocr_par' dir='ltr' id='par_1_34' title="bbox 419 1804 1965 1878">
     <span class='ocr_line' id='line_1_34' title="bbox 419 1804 1965 1878; baseline -0.003 -13"><span class='ocrx_word' id='word_1_256' title='bbox 419 1813 716 1865; x_wconf 89' lang='lat' dir='ltr'><strong>vivendum.</strong></span> <span class='ocrx_word' id='word_1_257' title='bbox 750 1811 949 1864; x_wconf 89' lang='lat' dir='ltr'><strong>Dicitur</strong></span> <span class='ocrx_word' id='word_1_258' title='bbox 975 1811 1132 1863; x_wconf 90' lang='lat' dir='ltr'><strong>etiam</strong></span> <span class='ocrx_word' id='word_1_259' title='bbox 1153 1809 1472 1878; x_wconf 89' lang='lat' dir='ltr'><strong>principium</strong></span> <span class='ocrx_word' id='word_1_260' title='bbox 1499 1807 1614 1874; x_wconf 89' lang='lat' dir='ltr'><strong>ejus</strong></span> <span class='ocrx_word' id='word_1_261' title='bbox 1651 1806 1728 1860; x_wconf 92' lang='lat' dir='ltr'><strong>rei</strong></span> <span class='ocrx_word' id='word_1_262' title='bbox 1765 1821 1880 1874; x_wconf 73' lang='lat' dir='ltr'><strong>qua:</strong></span> <span class='ocrx_word' id='word_1_263' title='bbox 1905 1804 1965 1860; x_wconf 88' lang='lat' dir='ltr'><strong>ﬁt</strong></span> 
     </span>
    </p>
   </div>
   <div class='ocr_carea' id='block_1_35' title="bbox 418 1895 1964 1969">
    <p class='ocr_par' dir='ltr' id='par_1_35' title="bbox 418 1895 1964 1969">
     <span class='ocr_line' id='line_1_35' title="bbox 418 1895 1964 1969; baseline -0.003 -15"><span class='ocrx_word' id='word_1_264' title='bbox 418 1915 484 1954; x_wconf 85' lang='lat' dir='ltr'><strong>ex</strong></span> <span class='ocrx_word' id='word_1_265' title='bbox 531 1902 702 1969; x_wconf 86' lang='lat' dir='ltr'><strong>aliqua</strong></span> <span class='ocrx_word' id='word_1_266' title='bbox 735 1911 755 1937; x_wconf 80' lang='grc' dir='ltr'><strong>ο</strong></span> <span class='ocrx_word' id='word_1_267' title='bbox 789 1901 1106 1954; x_wconf 88' lang='lat' dir='ltr'><strong>subsistente</strong></span> <span class='ocrx_word' id='word_1_268' title='bbox 1153 1899 1392 1963; x_wconf 90' lang='lat' dir='ltr'><strong>materia,</strong></span> <span class='ocrx_word' id='word_1_269' title='bbox 1443 1898 1579 1951; x_wconf 86' lang='lat' dir='ltr'><strong>sicut</strong></span> <span class='ocrx_word' id='word_1_270' title='bbox 1623 1897 1676 1949; x_wconf 92' lang='lat' dir='ltr'><strong>in</strong></span> <span class='ocrx_word' id='word_1_271' title='bbox 1722 1895 1964 1950; x_wconf 88' lang='lat' dir='ltr'><strong>domibus</strong></span> 
     </span>
    </p>
   </div>
   <div class='ocr_carea' id='block_1_36' title="bbox 403 1987 1966 2054">
    <p class='ocr_par' dir='ltr' id='par_1_36' title="bbox 403 1987 1966 2054">
     <span class='ocr_line' id='line_1_36' title="bbox 403 1987 1966 2054; baseline -0.002 -10"><span class='ocrx_word' id='word_1_272' title='bbox 403 1991 830 2054; x_wconf 50' lang='lat' dir='ltr'><strong>fundamentum,</strong></span> <span class='ocrx_word' id='word_1_273' title='bbox 864 1990 916 2042; x_wconf 92' lang='lat' dir='ltr'><strong>in</strong></span> <span class='ocrx_word' id='word_1_274' title='bbox 945 1989 1163 2043; x_wconf 88' lang='lat' dir='ltr'><strong>navibus</strong></span> <span class='ocrx_word' id='word_1_275' title='bbox 1189 1989 1390 2053; x_wconf 90' lang='lat' dir='ltr'><strong>carina,</strong></span> <span class='ocrx_word' id='word_1_276' title='bbox 1418 1996 1472 2041; x_wconf 90' lang='lat' dir='ltr'><strong>et</strong></span> <span class='ocrx_word' id='word_1_277' title='bbox 1510 1987 1796 2041; x_wconf 88' lang='lat' dir='ltr'><strong>secundum</strong></span> <span class='ocrx_word' id='word_1_278' title='bbox 1823 1987 1966 2054; x_wconf 89' lang='lat' dir='ltr'><strong>quod</strong></span> 
     </span>
    </p>
   </div>
   <div class='ocr_carea' id='block_1_37' title="bbox 418 2075 1962 2149">
    <p class='ocr_par' dir='ltr' id='par_1_37' title="bbox 418 2075 1962 2149">
     <span class='ocr_line' id='line_1_37' title="bbox 418 2075 1962 2149; baseline -0.003 -15"><span class='ocrx_word' id='word_1_279' title='bbox 418 2081 614 2134; x_wconf 89' lang='lat' dir='ltr'><strong>dictum</strong></span> <span class='ocrx_word' id='word_1_280' title='bbox 651 2089 772 2133; x_wconf 89' lang='lat' dir='ltr'><strong>est:</strong></span> <span class='ocrx_word' id='word_1_281' title='bbox 816 2079 1026 2133; x_wconf 84' lang='lat' dir='ltr'><strong>Initium</strong></span> <span class='ocrx_word' id='word_1_282' title='bbox 1053 2080 1318 2149; x_wconf 72' lang='lat' dir='ltr'><strong>sapientia:</strong></span> <span class='ocrx_word' id='word_1_283' title='bbox 1357 2079 1506 2130; x_wconf 88' lang='lat' dir='ltr'><strong>timor</strong></span> <span class='ocrx_word' id='word_1_284' title='bbox 1547 2077 1754 2130; x_wconf 85' lang='lat' dir='ltr'><strong>Domini</strong></span> <span class='ocrx_word' id='word_1_285' title='bbox 1782 2075 1962 2146; x_wconf 87' lang='lat' dir='ltr'><strong>(Prov.</strong></span> 
     </span>
    </p>
   </div>
   <div class='ocr_carea' id='block_1_38' title="bbox 399 2167 1965 2240">
    <p class='ocr_par' dir='ltr' id='par_1_38' title="bbox 399 2167 1965 2240">
     <span class='ocr_line' id='line_1_38' title="bbox 399 2167 1965 2240; baseline 0 -18"><span class='ocrx_word' id='word_1_286' title='bbox 399 2186 457 2236; x_wconf 70' lang='grc' dir='ltr'><strong>Δι,</strong></span> <span class='ocrx_word' id='word_1_287' title='bbox 480 2170 555 2240; x_wconf 87' lang='grc'><strong>7).</strong></span> <span class='ocrx_word' id='word_1_288' title='bbox 585 2169 790 2224; x_wconf 87' lang='lat' dir='ltr'><strong>Etenim</strong></span> <span class='ocrx_word' id='word_1_289' title='bbox 823 2178 1072 2238; x_wconf 87' lang='lat' dir='ltr'><strong>tanquam</strong></span> <span class='ocrx_word' id='word_1_290' title='bbox 1105 2171 1488 2223; x_wconf 88' lang='lat' dir='ltr'><strong>munimentum</strong></span> <span class='ocrx_word' id='word_1_291' title='bbox 1514 2175 1568 2222; x_wconf 90' lang='lat' dir='ltr'><strong>et</strong></span> <span class='ocrx_word' id='word_1_292' title='bbox 1603 2167 1965 2222; x_wconf 83' lang='lat' dir='ltr'><strong>fulcimentum</strong></span> 
     </span>
    </p>
   </div>
   <div class='ocr_carea' id='block_1_39' title="bbox 419 2259 1965 2328">
    <p class='ocr_par' dir='ltr' id='par_1_39' title="bbox 419 2259 1965 2328">
     <span class='ocr_line' id='line_1_39' title="bbox 419 2259 1965 2328; baseline 0.001 -16"><span class='ocrx_word' id='word_1_293' title='bbox 419 2259 680 2328; x_wconf 89' lang='lat' dir='ltr'><strong>quoddam</strong></span> <span class='ocrx_word' id='word_1_294' title='bbox 709 2261 774 2313; x_wconf 88' lang='lat' dir='ltr'><strong>ad</strong></span> <span class='ocrx_word' id='word_1_295' title='bbox 802 2260 923 2314; x_wconf 78' lang='lat' dir='ltr'><strong>ﬁdei</strong></span> <span class='ocrx_word' id='word_1_296' title='bbox 952 2259 1270 2325; x_wconf 88' lang='lat' dir='ltr'><strong>ﬁrmitatem,</strong></span> <span class='ocrx_word' id='word_1_297' title='bbox 1300 2259 1578 2328; x_wconf 67' lang='lat' dir='ltr'><strong>praefertur</strong></span> <span class='ocrx_word' id='word_1_298' title='bbox 1601 2274 1810 2327; x_wconf 90' lang='lat' dir='ltr'><strong>semper</strong></span> <span class='ocrx_word' id='word_1_299' title='bbox 1845 2275 1965 2313; x_wconf 91' lang='lat' dir='ltr'><strong>cum</strong></span> 
     </span>
    </p>
   </div>
   <div class='ocr_carea' id='block_1_40' title="bbox 421 2347 1966 2416">
    <p class='ocr_par' dir='ltr' id='par_1_40' title="bbox 421 2347 1966 2416">
     <span class='ocr_line' id='line_1_40' title="bbox 421 2347 1966 2416; baseline 0.001 -16"><span class='ocrx_word' id='word_1_300' title='bbox 421 2349 614 2402; x_wconf 88' lang='lat' dir='ltr'><strong>timore</strong></span> <span class='ocrx_word' id='word_1_301' title='bbox 659 2349 864 2416; x_wconf 83' lang='lat' dir='ltr'><strong>religio.</strong></span> <span class='ocrx_word' id='word_1_302' title='bbox 897 2347 1098 2402; x_wconf 86' lang='lat' dir='ltr'><strong>Sedet</strong></span> <span class='ocrx_word' id='word_1_303' title='bbox 1133 2347 1505 2402; x_wconf 89' lang='lat' dir='ltr'><strong>structibilium</strong></span> <span class='ocrx_word' id='word_1_304' title='bbox 1544 2361 1762 2416; x_wconf 83' lang='lat' dir='ltr'><strong>Operum</strong></span> <span class='ocrx_word' id='word_1_305' title='bbox 1795 2347 1966 2415; x_wconf 87' lang='lat' dir='ltr'><strong>prima</strong></span> 
     </span>
    </p>
   </div>
   <div class='ocr_carea' id='block_1_41' title="bbox 413 2437 1964 2507">
    <p class='ocr_par' dir='ltr' id='par_1_41' title="bbox 413 2437 1964 2507">
     <span class='ocr_line' id='line_1_41' title="bbox 413 2437 1964 2507; baseline 0.001 -17"><span class='ocrx_word' id='word_1_306' title='bbox 413 2453 544 2506; x_wconf 80' lang='lat' dir='ltr'><strong>pars</strong></span> <span class='ocrx_word' id='word_1_307' title='bbox 573 2439 881 2507; x_wconf 85' lang='lat' dir='ltr'><strong>principium</strong></span> <span class='ocrx_word' id='word_1_308' title='bbox 909 2448 1241 2507; x_wconf 89' lang='lat' dir='ltr'><strong>nuncupatur</strong></span> <span class='ocrx_word' id='word_1_309' title='bbox 1272 2456 1284 2489; x_wconf 91' lang='lat'>:</span> <span class='ocrx_word' id='word_1_310' title='bbox 1309 2439 1446 2492; x_wconf 88' lang='lat' dir='ltr'><strong>sicut</strong></span> <span class='ocrx_word' id='word_1_311' title='bbox 1464 2438 1719 2506; x_wconf 88' lang='lat' dir='ltr'><strong>sapientia</strong></span> <span class='ocrx_word' id='word_1_312' title='bbox 1751 2437 1964 2491; x_wconf 87' lang='lat' dir='ltr'><strong>Besele-</strong></span> 
     </span>
    </p>
   </div>
   <div class='ocr_carea' id='block_1_42' title="bbox 411 2527 1967 2599">
    <p class='ocr_par' dir='ltr' id='par_1_42' title="bbox 411 2527 1967 2599">
     <span class='ocr_line' id='line_1_42' title="bbox 411 2527 1967 2599; baseline 0 -17"><span class='ocrx_word' id='word_1_313' title='bbox 411 2529 508 2582; x_wconf 67' lang='lat' dir='ltr'><strong>hel</strong></span> <span class='ocrx_word' id='word_1_314' title='bbox 535 2543 657 2596; x_wconf 85' lang='lat' dir='ltr'><strong>erga</strong></span> <span class='ocrx_word' id='word_1_315' title='bbox 687 2529 1012 2583; x_wconf 86' lang='lat' dir='ltr'><strong>tabernaculi</strong></span> <span class='ocrx_word' id='word_1_316' title='bbox 1053 2529 1231 2583; x_wconf 91' lang='lat' dir='ltr'><strong>decus.</strong></span> <span class='ocrx_word' id='word_1_317' title='bbox 1262 2528 1488 2585; x_wconf 85' lang='lat' dir='ltr'><strong>Actuum</strong></span> <span class='ocrx_word' id='word_1_318' title='bbox 1512 2544 1723 2599; x_wconf 89' lang='lat' dir='ltr'><strong>quoque</strong></span> <span class='ocrx_word' id='word_1_319' title='bbox 1770 2527 1828 2582; x_wconf 90' lang='lat' dir='ltr'><strong>ﬁt</strong></span> <span class='ocrx_word' id='word_1_320' title='bbox 1854 2529 1967 2598; x_wconf 85' lang='lat' dir='ltr'><strong>ple—</strong></span> 
     </span>
    </p>
   </div>
   <div class='ocr_carea' id='block_1_43' title="bbox 411 2618 1968 2688">
    <p class='ocr_par' dir='ltr' id='par_1_43' title="bbox 411 2618 1968 2688">
     <span class='ocr_line' id='line_1_43' title="bbox 411 2618 1968 2688; baseline 0.001 -18"><span class='ocrx_word' id='word_1_321' title='bbox 411 2631 643 2686; x_wconf 73' lang='lat' dir='ltr'><strong>rumque</strong></span> <span class='ocrx_word' id='word_1_322' title='bbox 670 2618 980 2686; x_wconf 87' lang='lat' dir='ltr'><strong>principium</strong></span> <span class='ocrx_word' id='word_1_323' title='bbox 1006 2619 1176 2672; x_wconf 91' lang='lat' dir='ltr'><strong>bonus</strong></span> <span class='ocrx_word' id='word_1_324' title='bbox 1203 2619 1378 2673; x_wconf 82' lang='lat' dir='ltr'><strong>exitus</strong></span> <span class='ocrx_word' id='word_1_325' title='bbox 1403 2619 1735 2688; x_wconf 89' lang='lat' dir='ltr'><strong>inceptorum</strong></span> <span class='ocrx_word' id='word_1_326' title='bbox 1779 2637 1792 2671; x_wconf 89' lang='lat'><strong>:</strong></span> <span class='ocrx_word' id='word_1_327' title='bbox 1831 2621 1968 2675; x_wconf 87' lang='lat' dir='ltr'><strong>sicut</strong></span> 
     </span>
    </p>
   </div>
   <div class='ocr_carea' id='block_1_44' title="bbox 413 2706 1967 2778">
    <p class='ocr_par' dir='ltr' id='par_1_44' title="bbox 413 2706 1967 2778">
     <span class='ocr_line' id='line_1_44' title="bbox 413 2706 1967 2778; baseline 0.003 -20"><span class='ocrx_word' id='word_1_328' title='bbox 413 2707 472 2759; x_wconf 80' lang='lat' dir='ltr'><strong>in</strong></span> <span class='ocrx_word' id='word_1_329' title='bbox 494 2706 732 2774; x_wconf 77' lang='lat' dir='ltr'><strong>largitate</strong></span> <span class='ocrx_word' id='word_1_330' title='bbox 752 2708 1140 2775; x_wconf 66' lang='lat' dir='ltr'><strong>misericordiae,</strong></span> <span class='ocrx_word' id='word_1_331' title='bbox 1162 2710 1399 2776; x_wconf 90' lang='lat' dir='ltr'><strong>sequitur</strong></span> <span class='ocrx_word' id='word_1_332' title='bbox 1425 2711 1748 2778; x_wconf 88' lang='lat' dir='ltr'><strong>prosperitas</strong></span> <span class='ocrx_word' id='word_1_333' title='bbox 1776 2711 1888 2774; x_wconf 90' lang='lat' dir='ltr'><strong>Dei,</strong></span> <span class='ocrx_word' id='word_1_334' title='bbox 1912 2719 1967 2764; x_wconf 90' lang='lat' dir='ltr'><strong>et</strong></span> 
     </span>
    </p>
   </div>
   <div class='ocr_carea' id='block_1_45' title="bbox 419 2795 1964 2870">
    <p class='ocr_par' dir='ltr' id='par_1_45' title="bbox 419 2795 1964 2870">
     <span class='ocr_line' id='line_1_45' title="bbox 419 2795 1964 2870; baseline 0.004 -21"><span class='ocrx_word' id='word_1_335' title='bbox 419 2795 472 2849; x_wconf 82' lang='lat' dir='ltr'><strong>in</strong></span> <span class='ocrx_word' id='word_1_336' title='bbox 493 2797 799 2865; x_wconf 90' lang='lat' dir='ltr'><strong>operatione</strong></span> <span class='ocrx_word' id='word_1_337' title='bbox 821 2797 1090 2864; x_wconf 87' lang='lat' dir='ltr'><strong>virtutum,</strong></span> <span class='ocrx_word' id='word_1_338' title='bbox 1122 2797 1236 2852; x_wconf 89' lang='lat' dir='ltr'><strong>ﬁnis</strong></span> <span class='ocrx_word' id='word_1_339' title='bbox 1265 2797 1352 2852; x_wconf 88' lang='lat' dir='ltr'><strong>ille</strong></span> <span class='ocrx_word' id='word_1_340' title='bbox 1379 2798 1619 2865; x_wconf 88' lang='lat' dir='ltr'><strong>habetur,</strong></span> <span class='ocrx_word' id='word_1_341' title='bbox 1643 2801 1732 2870; x_wconf 91' lang='lat' dir='ltr'><strong>qui</strong></span> <span class='ocrx_word' id='word_1_342' title='bbox 1757 2801 1807 2853; x_wconf 92' lang='lat' dir='ltr'><strong>in</strong></span> <span class='ocrx_word' id='word_1_343' title='bbox 1838 2816 1964 2869; x_wconf 91' lang='lat' dir='ltr'><strong>pro-</strong></span> 
     </span>
    </p>
   </div>
   <div class='ocr_carea' id='block_1_46' title="bbox 412 2885 1098 2940">
    <p class='ocr_par' dir='ltr' id='par_1_46' title="bbox 412 2885 1098 2940">
     <span class='ocr_line' id='line_1_46' title="bbox 412 2885 1098 2940; baseline -0.001 -1"><span class='ocrx_word' id='word_1_344' title='bbox 412 2885 754 2940; x_wconf 80' lang='lat' dir='ltr'><strong>missionibus</strong></span> <span class='ocrx_word' id='word_1_345' title='bbox 773 2893 852 2939; x_wconf 89' lang='lat' dir='ltr'><strong>est</strong></span> <span class='ocrx_word' id='word_1_346' title='bbox 877 2887 1098 2940; x_wconf 89' lang='lat' dir='ltr'><strong>locatus.</strong></span> 
     </span>
    </p>
   </div>
   <div class='ocr_carea' id='block_1_47' title="bbox 488 2977 1963 3049">
    <p class='ocr_par' dir='ltr' id='par_1_47' title="bbox 488 2977 1963 3049">
     <span class='ocr_line' id='line_1_47' title="bbox 488 2977 1963 3049; baseline 0.003 -19"><span class='ocrx_word' id='word_1_347' title='bbox 488 2978 538 3029; x_wconf 79' lang='grc'><strong>(5.</strong></span> <span class='ocrx_word' id='word_1_348' title='bbox 581 2977 760 3031; x_wconf 89' lang='lat' dir='ltr'><strong>Toties</strong></span> <span class='ocrx_word' id='word_1_349' title='bbox 787 2979 943 3045; x_wconf 79' lang='lat' dir='ltr'><strong>igitur</strong></span> <span class='ocrx_word' id='word_1_350' title='bbox 985 2978 1255 3032; x_wconf 91' lang='lat' dir='ltr'><strong>nominato</strong></span> <span class='ocrx_word' id='word_1_351' title='bbox 1294 2980 1577 3049; x_wconf 89' lang='lat' dir='ltr'><strong>principio,</strong></span> <span class='ocrx_word' id='word_1_352' title='bbox 1616 2979 1892 3035; x_wconf 89' lang='lat' dir='ltr'><strong>considera</strong></span> <span class='ocrx_word' id='word_1_353' title='bbox 1919 2981 1963 3034; x_wconf 90' lang='lat' dir='ltr'><strong>si</strong></span> 
     </span>
    </p>
   </div>
   <div class='ocr_carea' id='block_1_48' title="bbox 2062 1811 3628 1882">
    <p class='ocr_par' dir='ltr' id='par_1_48' title="bbox 2062 1811 3628 1882">
     <span class='ocr_line' id='line_1_48' title="bbox 2062 1811 3628 1882; baseline -0.001 -15"><span class='ocrx_word' id='word_1_354' title='bbox 2062 1813 2314 1867; x_wconf 90' lang='lat' dir='ltr'><strong>mundum</strong></span> <span class='ocrx_word' id='word_1_355' title='bbox 2343 1812 2456 1866; x_wconf 90' lang='lat' dir='ltr'><strong>sine</strong></span> <span class='ocrx_word' id='word_1_356' title='bbox 2495 1821 2734 1881; x_wconf 87' lang='lat' dir='ltr'><strong>tempore</strong></span> <span class='ocrx_word' id='word_1_357' title='bbox 2776 1811 3088 1872; x_wconf 86' lang='lat' dir='ltr'><strong>substitisse,</strong></span> <span class='ocrx_word' id='word_1_358' title='bbox 3119 1811 3250 1864; x_wconf 89' lang='lat' dir='ltr'><strong>dixit</strong></span> <span class='ocrx_word' id='word_1_359' title='bbox 3289 1829 3301 1864; x_wconf 93' lang='lat'><strong>:</strong></span> <span class='ocrx_word' id='word_1_360' title='bbox 3335 1811 3399 1864; x_wconf 86' lang='lat' dir='ltr'><strong>In</strong></span> <span class='ocrx_word' id='word_1_361' title='bbox 3426 1814 3628 1882; x_wconf 81' lang='lat' dir='ltr'><strong>princi-</strong></span> 
     </span>
    </p>
   </div>
   <div class='ocr_carea' id='block_1_49' title="bbox 2062 1900 3623 1972">
    <p class='ocr_par' dir='ltr' id='par_1_49' title="bbox 2062 1900 3623 1972">
     <span class='ocr_line' id='line_1_49' title="bbox 2062 1900 3623 1972; baseline 0.001 -17"><span class='ocrx_word' id='word_1_362' title='bbox 2062 1903 2147 1972; x_wconf 88' lang='lat' dir='ltr'><strong>pio</strong></span> <span class='ocrx_word' id='word_1_363' title='bbox 2190 1905 2330 1972; x_wconf 80' lang='lat' dir='ltr'><strong>fecit.</strong></span> <span class='ocrx_word' id='word_1_364' title='bbox 2362 1900 2529 1967; x_wconf 90' lang='lat' dir='ltr'><strong>Quam</strong></span> <span class='ocrx_word' id='word_1_365' title='bbox 2559 1917 2671 1955; x_wconf 90' lang='lat' dir='ltr'><strong>rem</strong></span> <span class='ocrx_word' id='word_1_366' title='bbox 2699 1901 2832 1955; x_wconf 91' lang='lat' dir='ltr'><strong>certi</strong></span> <span class='ocrx_word' id='word_1_367' title='bbox 2861 1901 3174 1970; x_wconf 89' lang='lat' dir='ltr'><strong>interpretes</strong></span> <span class='ocrx_word' id='word_1_368' title='bbox 3202 1902 3408 1971; x_wconf 89' lang='lat' dir='ltr'><strong>planius</strong></span> <span class='ocrx_word' id='word_1_369' title='bbox 3447 1918 3623 1972; x_wconf 86' lang='lat' dir='ltr'><strong>expo-</strong></span> 
     </span>
    </p>
   </div>
   <div class='ocr_carea' id='block_1_50' title="bbox 2063 1990 3625 2061">
    <p class='ocr_par' dir='ltr' id='par_1_50' title="bbox 2063 1990 3625 2061">
     <span class='ocr_line' id='line_1_50' title="bbox 2063 1990 3625 2061; baseline 0.001 -15"><span class='ocrx_word' id='word_1_370' title='bbox 2063 2001 2270 2054; x_wconf 89' lang='lat' dir='ltr'><strong>nentes,</strong></span> <span class='ocrx_word' id='word_1_371' title='bbox 2296 1992 2542 2045; x_wconf 85' lang='lat' dir='ltr'><strong>dixerunt</strong></span> <span class='ocrx_word' id='word_1_372' title='bbox 2572 2009 2586 2044; x_wconf 90' lang='lat'><strong>:</strong></span> <span class='ocrx_word' id='word_1_373' title='bbox 2617 1990 2924 2045; x_wconf 86' lang='lat' dir='ltr'><strong>Summatim</strong></span> <span class='ocrx_word' id='word_1_374' title='bbox 2952 1993 3069 2061; x_wconf 80' lang='lat' dir='ltr'><strong>fecit</strong></span> <span class='ocrx_word' id='word_1_375' title='bbox 3096 1991 3254 2055; x_wconf 83' lang='lat' dir='ltr'><strong>Deus,</strong></span> <span class='ocrx_word' id='word_1_376' title='bbox 3285 1991 3338 2045; x_wconf 89' lang='lat' dir='ltr'><strong>id</strong></span> <span class='ocrx_word' id='word_1_377' title='bbox 3362 2001 3444 2046; x_wconf 89' lang='lat' dir='ltr'><strong>est</strong></span> <span class='ocrx_word' id='word_1_378' title='bbox 3468 1995 3625 2048; x_wconf 88' lang='lat' dir='ltr'><strong>brevi</strong></span> 
     </span>
    </p>
   </div>
   <div class='ocr_carea' id='block_1_51' title="bbox 2064 2080 3626 2150">
    <p class='ocr_par' dir='ltr' id='par_1_51' title="bbox 2064 2080 3626 2150">
     <span class='ocr_line' id='line_1_51' title="bbox 2064 2080 3626 2150; baseline 0.001 -15"><span class='ocrx_word' id='word_1_379' title='bbox 2064 2081 2362 2150; x_wconf 89' lang='lat' dir='ltr'><strong>subitoque.</strong></span> <span class='ocrx_word' id='word_1_380' title='bbox 2394 2080 2557 2148; x_wconf 86' lang='lat' dir='ltr'><strong>Igitur</strong></span> <span class='ocrx_word' id='word_1_381' title='bbox 2592 2095 2752 2149; x_wconf 91' lang='lat' dir='ltr'><strong>super</strong></span> <span class='ocrx_word' id='word_1_382' title='bbox 2798 2081 3056 2150; x_wconf 89' lang='lat' dir='ltr'><strong>principio</strong></span> <span class='ocrx_word' id='word_1_383' title='bbox 3101 2096 3270 2150; x_wconf 89' lang='lat' dir='ltr'><strong>pauca</strong></span> <span class='ocrx_word' id='word_1_384' title='bbox 3321 2082 3388 2137; x_wconf 89' lang='lat' dir='ltr'><strong>de</strong></span> <span class='ocrx_word' id='word_1_385' title='bbox 3440 2083 3626 2138; x_wconf 85' lang='lat' dir='ltr'><strong>multis</strong></span> 
     </span>
    </p>
   </div>
   <div class='ocr_carea' id='block_1_52' title="bbox 2064 2168 2929 2225">
    <p class='ocr_par' dir='ltr' id='par_1_52' title="bbox 2064 2168 2929 2225">
     <span class='ocr_line' id='line_1_52' title="bbox 2064 2168 2929 2225; baseline -0.003 -1"><span class='ocrx_word' id='word_1_386' title='bbox 2064 2171 2318 2225; x_wconf 88' lang='lat' dir='ltr'><strong>hactenus</strong></span> <span class='ocrx_word' id='word_1_387' title='bbox 2347 2170 2656 2224; x_wconf 90' lang='lat' dir='ltr'><strong>disseruisse</strong></span> <span class='ocrx_word' id='word_1_388' title='bbox 2683 2168 2929 2224; x_wconf 78' lang='lat' dir='ltr'><strong>sufficiat.</strong></span> 
     </span>
    </p>
   </div>
   <div class='ocr_carea' id='block_1_53' title="bbox 2135 2259 3625 2330">
    <p class='ocr_par' dir='ltr' id='par_1_53' title="bbox 2135 2259 3625 2330">
     <span class='ocr_line' id='line_1_53' title="bbox 2135 2259 3625 2330; baseline 0.003 -17"><span class='ocrx_word' id='word_1_389' title='bbox 2135 2261 2187 2314; x_wconf 87' lang='lat'><strong>7.</strong></span> <span class='ocrx_word' id='word_1_390' title='bbox 2223 2259 2241 2298; x_wconf 68' lang='grc' dir='ltr'><strong>ί</strong></span> <span class='ocrx_word' id='word_1_391' title='bbox 2269 2260 2411 2315; x_wconf 91' lang='lat' dir='ltr'><strong>Sane</strong></span> <span class='ocrx_word' id='word_1_392' title='bbox 2437 2261 2704 2315; x_wconf 89' lang='lat' dir='ltr'><strong>sciendum</strong></span> <span class='ocrx_word' id='word_1_393' title='bbox 2733 2261 2983 2330; x_wconf 79' lang='lat' dir='ltr'><strong>quoniam</strong></span> <span class='ocrx_word' id='word_1_394' title='bbox 3010 2261 3199 2315; x_wconf 88' lang='lat' dir='ltr'><strong>artium</strong></span> <span class='ocrx_word' id='word_1_395' title='bbox 3221 2262 3474 2324; x_wconf 91' lang='lat' dir='ltr'><strong>omnium,</strong></span> <span class='ocrx_word' id='word_1_396' title='bbox 3501 2263 3625 2318; x_wconf 76' lang='lat' dir='ltr'><strong>alia:</strong></span> 
     </span>
    </p>
   </div>
   <div class='ocr_carea' id='block_1_54' title="bbox 2061 2349 3622 2418">
    <p class='ocr_par' dir='ltr' id='par_1_54' title="bbox 2061 2349 3622 2418">
     <span class='ocr_line' id='line_1_54' title="bbox 2061 2349 3622 2418; baseline 0 -14"><span class='ocrx_word' id='word_1_397' title='bbox 2061 2349 2326 2414; x_wconf 71' lang='lat' dir='ltr'><strong>factrices,</strong></span> <span class='ocrx_word' id='word_1_398' title='bbox 2367 2351 2481 2404; x_wconf 73' lang='lat' dir='ltr'><strong>alite</strong></span> <span class='ocrx_word' id='word_1_399' title='bbox 2528 2349 2818 2417; x_wconf 82' lang='lat' dir='ltr'><strong>negotiaies</strong></span> <span class='ocrx_word' id='word_1_400' title='bbox 2842 2349 3192 2418; x_wconf 88' lang='lat' dir='ltr'><strong>appellantur,</strong></span> <span class='ocrx_word' id='word_1_401' title='bbox 3221 2351 3335 2404; x_wconf 70' lang='lat' dir='ltr'><strong>alite</strong></span> <span class='ocrx_word' id='word_1_402' title='bbox 3375 2360 3622 2405; x_wconf 85' lang='lat' dir='ltr'><strong>contem-</strong></span> 
     </span>
    </p>
   </div>
   <div class='ocr_carea' id='block_1_55' title="bbox 2062 2436 3624 2511">
    <p class='ocr_par' dir='ltr' id='par_1_55' title="bbox 2062 2436 3624 2511">
     <span class='ocr_line' id='line_1_55' title="bbox 2062 2436 3624 2511; baseline 0.001 -17"><span class='ocrx_word' id='word_1_403' title='bbox 2062 2440 2320 2511; x_wconf 66' lang='lat' dir='ltr'><strong>platorim,</strong></span> <span class='ocrx_word' id='word_1_404' title='bbox 2343 2449 2397 2493; x_wconf 88' lang='lat' dir='ltr'><strong>et</strong></span> <span class='ocrx_word' id='word_1_405' title='bbox 2423 2438 2976 2507; x_wconf 77' lang='lat' dir='ltr'><strong>eontemplatoriarum</strong></span> <span class='ocrx_word' id='word_1_406' title='bbox 3003 2437 3213 2505; x_wconf 89' lang='lat' dir='ltr'><strong>quidem</strong></span> <span class='ocrx_word' id='word_1_407' title='bbox 3243 2436 3358 2492; x_wconf 84' lang='lat' dir='ltr'><strong>ﬁnis</strong></span> <span class='ocrx_word' id='word_1_408' title='bbox 3385 2449 3468 2492; x_wconf 87' lang='lat' dir='ltr'><strong>est</strong></span> <span class='ocrx_word' id='word_1_409' title='bbox 3503 2441 3624 2495; x_wconf 65' lang='lat' dir='ltr'><strong>sola</strong></span> 
     </span>
    </p>
   </div>
   <div class='ocr_carea' id='block_1_56' title="bbox 2063 2528 3624 2597">
    <p class='ocr_par' dir='ltr' id='par_1_56' title="bbox 2063 2528 3624 2597">
     <span class='ocr_line' id='line_1_56' title="bbox 2063 2528 3624 2597; baseline -0.001 -13"><span class='ocrx_word' id='word_1_410' title='bbox 2063 2531 2256 2587; x_wconf 80' lang='lat' dir='ltr'><strong>mentis</strong></span> <span class='ocrx_word' id='word_1_411' title='bbox 2293 2529 2534 2592; x_wconf 90' lang='lat' dir='ltr'><strong>intentio,</strong></span> <span class='ocrx_word' id='word_1_412' title='bbox 2567 2528 2907 2596; x_wconf 83' lang='lat' dir='ltr'><strong>negotialium</strong></span> <span class='ocrx_word' id='word_1_413' title='bbox 2947 2535 3123 2581; x_wconf 90' lang='lat' dir='ltr'><strong>autem</strong></span> <span class='ocrx_word' id='word_1_414' title='bbox 3154 2535 3328 2582; x_wconf 91' lang='lat' dir='ltr'><strong>motus</strong></span> <span class='ocrx_word' id='word_1_415' title='bbox 3354 2529 3468 2597; x_wconf 90' lang='lat' dir='ltr'><strong>ipse</strong></span> <span class='ocrx_word' id='word_1_416' title='bbox 3495 2545 3624 2584; x_wconf 88' lang='lat' dir='ltr'><strong>cor-</strong></span> 
     </span>
    </p>
   </div>
   <div class='ocr_carea' id='block_1_57' title="bbox 2063 2615 3622 2689">
    <p class='ocr_par' dir='ltr' id='par_1_57' title="bbox 2063 2615 3622 2689">
     <span class='ocr_line' id='line_1_57' title="bbox 2063 2615 3622 2689; baseline -0.001 -16"><span class='ocrx_word' id='word_1_417' title='bbox 2063 2619 2208 2689; x_wconf 87' lang='lat' dir='ltr'><strong>poris</strong></span> <span class='ocrx_word' id='word_1_418' title='bbox 2238 2635 2253 2672; x_wconf 89' lang='lat'><strong>:</strong></span> <span class='ocrx_word' id='word_1_419' title='bbox 2293 2619 2384 2688; x_wconf 90' lang='lat' dir='ltr'><strong>qui</strong></span> <span class='ocrx_word' id='word_1_420' title='bbox 2411 2632 2530 2671; x_wconf 89' lang='lat' dir='ltr'><strong>cum</strong></span> <span class='ocrx_word' id='word_1_421' title='bbox 2557 2616 2792 2683; x_wconf 89' lang='lat' dir='ltr'><strong>desierit,</strong></span> <span class='ocrx_word' id='word_1_422' title='bbox 2817 2615 2949 2668; x_wconf 89' lang='lat' dir='ltr'><strong>nihil</strong></span> <span class='ocrx_word' id='word_1_423' title='bbox 2979 2615 3166 2682; x_wconf 89' lang='lat' dir='ltr'><strong>reliqui</strong></span> <span class='ocrx_word' id='word_1_424' title='bbox 3193 2624 3300 2678; x_wconf 90' lang='lat' dir='ltr'><strong>est,</strong></span> <span class='ocrx_word' id='word_1_425' title='bbox 3332 2632 3433 2670; x_wconf 89' lang='lat' dir='ltr'><strong>nec</strong></span> <span class='ocrx_word' id='word_1_426' title='bbox 3479 2617 3622 2672; x_wconf 86' lang='lat' dir='ltr'><strong>ultra</strong></span> 
     </span>
    </p>
   </div>
   <div class='ocr_carea' id='block_1_58' title="bbox 2061 2708 3622 2765">
    <p class='ocr_par' dir='ltr' id='par_1_58' title="bbox 2061 2708 3622 2765">
     <span class='ocr_line' id='line_1_58' title="bbox 2061 2708 3622 2765; baseline -0.002 0"><span class='ocrx_word' id='word_1_427' title='bbox 2061 2710 2360 2765; x_wconf 74' lang='lat' dir='ltr'><strong>videntibus</strong></span> <span class='ocrx_word' id='word_1_428' title='bbox 2387 2709 2795 2763; x_wconf 89' lang='lat' dir='ltr'><strong>demonstratur.</strong></span> <span class='ocrx_word' id='word_1_429' title='bbox 2823 2708 2954 2761; x_wconf 86' lang='lat' dir='ltr'><strong>Nam</strong></span> <span class='ocrx_word' id='word_1_430' title='bbox 2981 2709 3275 2762; x_wconf 90' lang='lat' dir='ltr'><strong>saltationis</strong></span> <span class='ocrx_word' id='word_1_431' title='bbox 3295 2715 3348 2761; x_wconf 91' lang='lat' dir='ltr'><strong>et</strong></span> <span class='ocrx_word' id='word_1_432' title='bbox 3367 2716 3622 2762; x_wconf 85' lang='lat' dir='ltr'><strong>cantuum</strong></span> 
     </span>
    </p>
   </div>
   <div class='ocr_carea' id='block_1_59' title="bbox 2062 2799 3624 2868">
    <p class='ocr_par' dir='ltr' id='par_1_59' title="bbox 2062 2799 3624 2868">
     <span class='ocr_line' id='line_1_59' title="bbox 2062 2799 3624 2868; baseline -0.002 -12"><span class='ocrx_word' id='word_1_433' title='bbox 2062 2803 2238 2856; x_wconf 89' lang='lat' dir='ltr'><strong>nullus</strong></span> <span class='ocrx_word' id='word_1_434' title='bbox 2281 2802 2452 2856; x_wconf 80' lang='lat' dir='ltr'><strong>exitus</strong></span> <span class='ocrx_word' id='word_1_435' title='bbox 2491 2808 2573 2855; x_wconf 90' lang='lat' dir='ltr'><strong>est</strong></span> <span class='ocrx_word' id='word_1_436' title='bbox 2604 2819 2616 2853; x_wconf 92' lang='lat'><strong>:</strong></span> <span class='ocrx_word' id='word_1_437' title='bbox 2649 2800 2741 2854; x_wconf 90' lang='lat' dir='ltr'><strong>sed</strong></span> <span class='ocrx_word' id='word_1_438' title='bbox 2770 2799 2822 2853; x_wconf 91' lang='lat' dir='ltr'><strong>in</strong></span> <span class='ocrx_word' id='word_1_439' title='bbox 2870 2800 3204 2868; x_wconf 88' lang='lat' dir='ltr'><strong>semetipsam</strong></span> <span class='ocrx_word' id='word_1_440' title='bbox 3233 2800 3474 2866; x_wconf 86' lang='lat' dir='ltr'><strong>operatio</strong></span> <span class='ocrx_word' id='word_1_441' title='bbox 3503 2807 3624 2854; x_wconf 81' lang='lat' dir='ltr'><strong>tota</strong></span> 
     </span>
    </p>
   </div>
   <div class='ocr_carea' id='block_1_60' title="bbox 2063 2888 3624 2954">
    <p class='ocr_par' dir='ltr' id='par_1_60' title="bbox 2063 2888 3624 2954">
     <span class='ocr_line' id='line_1_60' title="bbox 2063 2888 3624 2954; baseline -0.002 -8"><span class='ocrx_word' id='word_1_442' title='bbox 2063 2890 2409 2946; x_wconf 89' lang='lat' dir='ltr'><strong>consumitur.</strong></span> <span class='ocrx_word' id='word_1_443' title='bbox 2441 2889 2497 2943; x_wconf 85' lang='lat' dir='ltr'><strong>In</strong></span> <span class='ocrx_word' id='word_1_444' title='bbox 2524 2889 2724 2943; x_wconf 87' lang='lat' dir='ltr'><strong>artibus</strong></span> <span class='ocrx_word' id='word_1_445' title='bbox 2747 2903 2870 2943; x_wconf 90' lang='lat' dir='ltr'><strong>vero</strong></span> <span class='ocrx_word' id='word_1_446' title='bbox 2891 2888 3209 2954; x_wconf 86' lang='lat' dir='ltr'><strong>factricibus,</strong></span> <span class='ocrx_word' id='word_1_447' title='bbox 3234 2889 3438 2942; x_wconf 81' lang='lat' dir='ltr'><strong>etiamsi</strong></span> <span class='ocrx_word' id='word_1_448' title='bbox 3467 2889 3624 2944; x_wconf 84' lang='lat' dir='ltr'><strong>labor</strong></span> 
     </span>
    </p>
   </div>
   <div class='ocr_carea' id='block_1_61' title="bbox 2065 2976 3622 3048">
    <p class='ocr_par' dir='ltr' id='par_1_61' title="bbox 2065 2976 3622 3048">
     <span class='ocr_line' id='line_1_61' title="bbox 2065 2976 3622 3048; baseline -0.001 -14"><span class='ocrx_word' id='word_1_449' title='bbox 2065 2987 2319 3048; x_wconf 89' lang='lat' dir='ltr'><strong>actusque</strong></span> <span class='ocrx_word' id='word_1_450' title='bbox 2345 2979 2650 3044; x_wconf 79' lang='lat' dir='ltr'><strong>cessaverit,</strong></span> <span class='ocrx_word' id='word_1_451' title='bbox 2681 2976 3014 3034; x_wconf 78' lang='lat' dir='ltr'><strong>manifestum</strong></span> <span class='ocrx_word' id='word_1_452' title='bbox 3042 2985 3218 3032; x_wconf 86' lang='lat' dir='ltr'><strong>tamen</strong></span> <span class='ocrx_word' id='word_1_453' title='bbox 3246 2986 3328 3033; x_wconf 90' lang='lat' dir='ltr'><strong>est</strong></span> <span class='ocrx_word' id='word_1_454' title='bbox 3360 2994 3493 3047; x_wconf 89' lang='lat' dir='ltr'><strong>opus</strong></span> <span class='ocrx_word' id='word_1_455' title='bbox 3526 2995 3622 3033; x_wconf 88' lang='lat' dir='ltr'><strong>ea-</strong></span> 
     </span>
    </p>
   </div>
   <div class='ocr_carea' id='block_1_62' title="bbox 418 3065 3623 3137">
    <p class='ocr_par' dir='ltr' id='par_1_62' title="bbox 418 3065 3623 3137">
     <span class='ocr_line' id='line_1_62' title="bbox 418 3065 3623 3137; baseline 0.002 -18"><span class='ocrx_word' id='word_1_456' title='bbox 418 3081 524 3120; x_wconf 90' lang='lat' dir='ltr'><strong>non</strong></span> <span class='ocrx_word' id='word_1_457' title='bbox 552 3082 782 3135; x_wconf 68' lang='lat' dir='ltr'><strong>prmsens</strong></span> <span class='ocrx_word' id='word_1_458' title='bbox 823 3084 927 3122; x_wconf 89' lang='lat' dir='ltr'><strong>vox</strong></span> <span class='ocrx_word' id='word_1_459' title='bbox 973 3069 1216 3123; x_wconf 89' lang='lat' dir='ltr'><strong>omnibus</strong></span> <span class='ocrx_word' id='word_1_460' title='bbox 1267 3068 1569 3137; x_wconf 84' lang='lat' dir='ltr'><strong>signiﬁcatis</strong></span> <span class='ocrx_word' id='word_1_461' title='bbox 1620 3071 1961 3126; x_wconf 87' lang='lat' dir='ltr'><strong>accommoda</strong></span> <span class='ocrx_word' id='word_1_462' title='bbox 1990 3065 2032 3124; x_wconf 90' lang='lat' dir='ltr'>C</span> <span class='ocrx_word' id='word_1_463' title='bbox 2063 3086 2199 3132; x_wconf 90' lang='lat' dir='ltr'><strong>rum,</strong></span> <span class='ocrx_word' id='word_1_464' title='bbox 2245 3070 2380 3126; x_wconf 90' lang='lat' dir='ltr'><strong>sicut</strong></span> <span class='ocrx_word' id='word_1_465' title='bbox 2407 3069 2723 3133; x_wconf 88' lang='lat' dir='ltr'><strong>fabrilitatis,</strong></span> <span class='ocrx_word' id='word_1_466' title='bbox 2756 3077 2811 3123; x_wconf 91' lang='lat' dir='ltr'><strong>et</strong></span> <span class='ocrx_word' id='word_1_467' title='bbox 2839 3078 2863 3116; x_wconf 76' lang='grc' dir='ltr'><strong>δ</strong></span> <span class='ocrx_word' id='word_1_468' title='bbox 2893 3069 3277 3131; x_wconf 80' lang='lat' dir='ltr'><strong>architecturae,</strong></span> <span class='ocrx_word' id='word_1_469' title='bbox 3310 3078 3365 3123; x_wconf 92' lang='lat' dir='ltr'><strong>et</strong></span> <span class='ocrx_word' id='word_1_470' title='bbox 3391 3079 3623 3126; x_wconf 73' lang='lat' dir='ltr'><strong>texturae</strong></span> 
     </span>
    </p>
   </div>
   <div class='ocr_carea' id='block_1_63' title="bbox 415 3155 1964 3230">
    <p class='ocr_par' dir='ltr' id='par_1_63' title="bbox 415 3155 1964 3230">
     <span class='ocr_line' id='line_1_63' title="bbox 415 3155 1964 3230; baseline 0.003 -20"><span class='ocrx_word' id='word_1_471' title='bbox 415 3165 518 3210; x_wconf 88' lang='lat' dir='ltr'><strong>est.</strong></span> <span class='ocrx_word' id='word_1_472' title='bbox 540 3155 746 3211; x_wconf 90' lang='lat' dir='ltr'><strong>Etenim</strong></span> <span class='ocrx_word' id='word_1_473' title='bbox 772 3174 837 3212; x_wconf 84' lang='lat' dir='ltr'><strong>ex</strong></span> <span class='ocrx_word' id='word_1_474' title='bbox 862 3174 927 3212; x_wconf 89' lang='lat' dir='ltr'><strong>eo</strong></span> <span class='ocrx_word' id='word_1_475' title='bbox 959 3167 1194 3228; x_wconf 89' lang='lat' dir='ltr'><strong>tempore</strong></span> <span class='ocrx_word' id='word_1_476' title='bbox 1222 3175 1328 3228; x_wconf 91' lang='lat' dir='ltr'><strong>quo</strong></span> <span class='ocrx_word' id='word_1_477' title='bbox 1357 3160 1534 3215; x_wconf 90' lang='lat' dir='ltr'><strong>mundi</strong></span> <span class='ocrx_word' id='word_1_478' title='bbox 1556 3162 1717 3230; x_wconf 73' lang='lat' dir='ltr'><strong>ccepit</strong></span> <span class='ocrx_word' id='word_1_479' title='bbox 1751 3161 1964 3215; x_wconf 90' lang='lat' dir='ltr'><strong>institu-</strong></span> 
     </span>
    </p>
   </div>
   <div class='ocr_carea' id='block_1_64' title="bbox 419 3247 1967 3320">
    <p class='ocr_par' dir='ltr' id='par_1_64' title="bbox 419 3247 1967 3320">
     <span class='ocr_line' id='line_1_64' title="bbox 419 3247 1967 3320; baseline 0.005 -22"><span class='ocrx_word' id='word_1_480' title='bbox 419 3247 510 3309; x_wconf 93' lang='lat' dir='ltr'><strong>tio,</strong></span> <span class='ocrx_word' id='word_1_481' title='bbox 535 3248 780 3314; x_wconf 84' lang='lat' dir='ltr'><strong>possibile</strong></span> <span class='ocrx_word' id='word_1_482' title='bbox 802 3249 894 3301; x_wconf 92' lang='lat' dir='ltr'><strong>tibi</strong></span> <span class='ocrx_word' id='word_1_483' title='bbox 918 3257 998 3302; x_wconf 87' lang='lat' dir='ltr'><strong>est</strong></span> <span class='ocrx_word' id='word_1_484' title='bbox 1019 3249 1212 3312; x_wconf 91' lang='lat' dir='ltr'><strong>dicere,</strong></span> <span class='ocrx_word' id='word_1_485' title='bbox 1235 3251 1280 3304; x_wconf 91' lang='lat' dir='ltr'><strong>si</strong></span> <span class='ocrx_word' id='word_1_486' title='bbox 1298 3250 1364 3304; x_wconf 90' lang='lat' dir='ltr'><strong>de</strong></span> <span class='ocrx_word' id='word_1_487' title='bbox 1383 3252 1728 3318; x_wconf 65' lang='lat' dir='ltr'><strong>praesentibus</strong></span> <span class='ocrx_word' id='word_1_488' title='bbox 1749 3252 1816 3305; x_wconf 90' lang='lat' dir='ltr'><strong>ad</strong></span> <span class='ocrx_word' id='word_1_489' title='bbox 1837 3267 1967 3320; x_wconf 72' lang='lat' dir='ltr'><strong>prte-</strong></span> 
     </span>
    </p>
   </div>
   <div class='ocr_carea' id='block_1_65' title="bbox 418 3336 1965 3409">
    <p class='ocr_par' dir='ltr' id='par_1_65' title="bbox 418 3336 1965 3409">
     <span class='ocr_line' id='line_1_65' title="bbox 418 3336 1965 3409; baseline 0.005 -19"><span class='ocrx_word' id='word_1_490' title='bbox 418 3339 570 3391; x_wconf 85' lang='lat' dir='ltr'><strong>terita</strong></span> <span class='ocrx_word' id='word_1_491' title='bbox 593 3336 616 3374; x_wconf 73' lang='grc' dir='ltr'>ι¹</span> <span class='ocrx_word' id='word_1_492' title='bbox 643 3339 964 3408; x_wconf 90' lang='lat' dir='ltr'><strong>repedando,</strong></span> <span class='ocrx_word' id='word_1_493' title='bbox 989 3341 1330 3409; x_wconf 89' lang='lat' dir='ltr'><strong>principalem</strong></span> <span class='ocrx_word' id='word_1_494' title='bbox 1359 3342 1498 3396; x_wconf 90' lang='lat' dir='ltr'><strong>diem</strong></span> <span class='ocrx_word' id='word_1_495' title='bbox 1519 3343 1796 3397; x_wconf 74' lang='lat' dir='ltr'><strong>mundana:</strong></span> <span class='ocrx_word' id='word_1_496' title='bbox 1822 3358 1965 3397; x_wconf 88' lang='lat' dir='ltr'><strong>crea-</strong></span> 
     </span>
    </p>
   </div>
   <div class='ocr_carea' id='block_1_66' title="bbox 413 3428 1966 3499">
    <p class='ocr_par' dir='ltr' id='par_1_66' title="bbox 413 3428 1966 3499">
     <span class='ocr_line' id='line_1_66' title="bbox 413 3428 1966 3499; baseline 0.004 -19"><span class='ocrx_word' id='word_1_497' title='bbox 413 3428 574 3481; x_wconf 82' lang='lat' dir='ltr'><strong>tionis</strong></span> <span class='ocrx_word' id='word_1_498' title='bbox 592 3429 823 3495; x_wconf 87' lang='lat' dir='ltr'><strong>inquiras</strong></span> <span class='ocrx_word' id='word_1_499' title='bbox 847 3449 859 3480; x_wconf 88' lang='lat'><strong>:</strong></span> <span class='ocrx_word' id='word_1_500' title='bbox 888 3429 1022 3483; x_wconf 93' lang='lat' dir='ltr'><strong>unde</strong></span> <span class='ocrx_word' id='word_1_501' title='bbox 1051 3431 1276 3497; x_wconf 88' lang='lat' dir='ltr'><strong>tempori</strong></span> <span class='ocrx_word' id='word_1_502' title='bbox 1304 3441 1480 3484; x_wconf 90' lang='lat' dir='ltr'><strong>motus</strong></span> <span class='ocrx_word' id='word_1_503' title='bbox 1507 3432 1707 3499; x_wconf 92' lang='lat' dir='ltr'><strong>primus</strong></span> <span class='ocrx_word' id='word_1_504' title='bbox 1735 3446 1966 3488; x_wconf 90' lang='lat' dir='ltr'><strong>accesse-</strong></span> 
     </span>
    </p>
   </div>
   <div class='ocr_carea' id='block_1_67' title="bbox 413 3519 1960 3591">
    <p class='ocr_par' dir='ltr' id='par_1_67' title="bbox 413 3519 1960 3591">
     <span class='ocr_line' id='line_1_67' title="bbox 413 3519 1960 3591; baseline 0.002 -18"><span class='ocrx_word' id='word_1_505' title='bbox 413 3519 501 3573; x_wconf 88' lang='lat' dir='ltr'><strong>rit.</strong></span> <span class='ocrx_word' id='word_1_506' title='bbox 552 3519 751 3573; x_wconf 89' lang='lat' dir='ltr'><strong>Deinde</strong></span> <span class='ocrx_word' id='word_1_507' title='bbox 793 3521 915 3588; x_wconf 84' lang='lat' dir='ltr'><strong>quia</strong></span> <span class='ocrx_word' id='word_1_508' title='bbox 943 3523 1087 3575; x_wconf 89' lang='lat' dir='ltr'><strong>velut</strong></span> <span class='ocrx_word' id='word_1_509' title='bbox 1122 3521 1277 3576; x_wconf 88' lang='lat' dir='ltr'><strong>sedes</strong></span> <span class='ocrx_word' id='word_1_510' title='bbox 1319 3531 1373 3576; x_wconf 91' lang='lat' dir='ltr'><strong>et</strong></span> <span class='ocrx_word' id='word_1_511' title='bbox 1398 3522 1648 3591; x_wconf 76' lang='lat' dir='ltr'><strong>repagula</strong></span> <span class='ocrx_word' id='word_1_512' title='bbox 1689 3524 1960 3591; x_wconf 62' lang='lat' dir='ltr'><strong>quaedam,</strong></span> 
     </span>
    </p>
   </div>
   <div class='ocr_carea' id='block_1_68' title="bbox 412 3610 1960 3683">
    <p class='ocr_par' dir='ltr' id='par_1_68' title="bbox 412 3610 1960 3683">
     <span class='ocr_line' id='line_1_68' title="bbox 412 3610 1960 3683; baseline 0.004 -20"><span class='ocrx_word' id='word_1_513' title='bbox 412 3610 602 3664; x_wconf 76' lang='lat' dir='ltr'><strong>etelum</strong></span> <span class='ocrx_word' id='word_1_514' title='bbox 651 3618 894 3678; x_wconf 88' lang='lat' dir='ltr'><strong>terraque</strong></span> <span class='ocrx_word' id='word_1_515' title='bbox 938 3612 1152 3666; x_wconf 86' lang='lat' dir='ltr'><strong>fundata</strong></span> <span class='ocrx_word' id='word_1_516' title='bbox 1193 3622 1360 3678; x_wconf 85' lang='lat' dir='ltr'><strong>sunt;</strong></span> <span class='ocrx_word' id='word_1_517' title='bbox 1404 3623 1458 3667; x_wconf 92' lang='lat' dir='ltr'><strong>et</strong></span> <span class='ocrx_word' id='word_1_518' title='bbox 1499 3615 1621 3683; x_wconf 91' lang='lat' dir='ltr'><strong>quia</strong></span> <span class='ocrx_word' id='word_1_519' title='bbox 1656 3624 1738 3668; x_wconf 90' lang='lat' dir='ltr'><strong>est</strong></span> <span class='ocrx_word' id='word_1_520' title='bbox 1773 3616 1960 3670; x_wconf 86' lang='lat' dir='ltr'><strong>artifex</strong></span> 
     </span>
    </p>
   </div>
   <div class='ocr_carea' id='block_1_69' title="bbox 412 3699 1962 3772">
    <p class='ocr_par' dir='ltr' id='par_1_69' title="bbox 412 3699 1962 3772">
     <span class='ocr_line' id='line_1_69' title="bbox 412 3699 1962 3772; baseline 0.006 -22"><span class='ocrx_word' id='word_1_521' title='bbox 412 3699 665 3765; x_wconf 85' lang='lat' dir='ltr'><strong>Verbum,</strong></span> <span class='ocrx_word' id='word_1_522' title='bbox 697 3701 837 3767; x_wconf 88' lang='lat' dir='ltr'><strong>quod</strong></span> <span class='ocrx_word' id='word_1_523' title='bbox 864 3702 1256 3757; x_wconf 90' lang='lat' dir='ltr'><strong>decorationem</strong></span> <span class='ocrx_word' id='word_1_524' title='bbox 1295 3704 1530 3756; x_wconf 92' lang='lat' dir='ltr'><strong>omnium</strong></span> <span class='ocrx_word' id='word_1_525' title='bbox 1573 3718 1690 3772; x_wconf 71' lang='lat' dir='ltr'><strong>qua:</strong></span> <span class='ocrx_word' id='word_1_526' title='bbox 1715 3705 1962 3759; x_wconf 89' lang='lat' dir='ltr'><strong>videntur</strong></span> 
     </span>
    </p>
   </div>
   <div class='ocr_carea' id='block_1_70' title="bbox 411 3787 1959 3864">
    <p class='ocr_par' dir='ltr' id='par_1_70' title="bbox 411 3787 1959 3864">
     <span class='ocr_line' id='line_1_70' title="bbox 411 3787 1959 3864; baseline 0.006 -23"><span class='ocrx_word' id='word_1_527' title='bbox 411 3787 604 3853; x_wconf 73' lang='lat' dir='ltr'><strong>ell‘ecit,</strong></span> <span class='ocrx_word' id='word_1_528' title='bbox 636 3791 773 3845; x_wconf 89' lang='lat' dir='ltr'><strong>sicut</strong></span> <span class='ocrx_word' id='word_1_529' title='bbox 799 3808 900 3845; x_wconf 88' lang='lat' dir='ltr'><strong>vox</strong></span> <span class='ocrx_word' id='word_1_530' title='bbox 927 3793 1082 3845; x_wconf 89' lang='lat' dir='ltr'><strong>relati</strong></span> <span class='ocrx_word' id='word_1_531' title='bbox 1111 3801 1372 3847; x_wconf 89' lang='lat' dir='ltr'><strong>monstrat</strong></span> <span class='ocrx_word' id='word_1_532' title='bbox 1401 3795 1536 3847; x_wconf 88' lang='lat' dir='ltr'><strong>initii</strong></span> <span class='ocrx_word' id='word_1_533' title='bbox 1568 3813 1579 3846; x_wconf 91' lang='lat'><strong>:</strong></span> <span class='ocrx_word' id='word_1_534' title='bbox 1613 3803 1666 3848; x_wconf 91' lang='lat' dir='ltr'><strong>et</strong></span> <span class='ocrx_word' id='word_1_535' title='bbox 1693 3797 1814 3864; x_wconf 90' lang='lat' dir='ltr'><strong>quia</strong></span> <span class='ocrx_word' id='word_1_536' title='bbox 1852 3812 1959 3850; x_wconf 88' lang='lat' dir='ltr'><strong>non</strong></span> 
     </span>
    </p>
   </div>
   <div class='ocr_carea' id='block_1_71' title="bbox 410 3879 1961 3954">
    <p class='ocr_par' dir='ltr' id='par_1_71' title="bbox 410 3879 1961 3954">
     <span class='ocr_line' id='line_1_71' title="bbox 410 3879 1961 3954; baseline 0.004 -22"><span class='ocrx_word' id='word_1_537' title='bbox 410 3879 525 3932; x_wconf 86' lang='lat' dir='ltr'><strong>sine</strong></span> <span class='ocrx_word' id='word_1_538' title='bbox 545 3881 767 3944; x_wconf 84' lang='lat' dir='ltr'><strong>ratione,</strong></span> <span class='ocrx_word' id='word_1_539' title='bbox 791 3881 873 3934; x_wconf 88' lang='lat' dir='ltr'><strong>vel</strong></span> <span class='ocrx_word' id='word_1_540' title='bbox 897 3882 1087 3935; x_wconf 89' lang='lat' dir='ltr'><strong>frustra</strong></span> <span class='ocrx_word' id='word_1_541' title='bbox 1106 3881 1362 3937; x_wconf 87' lang='lat' dir='ltr'><strong>formatus</strong></span> <span class='ocrx_word' id='word_1_542' title='bbox 1384 3892 1466 3937; x_wconf 91' lang='lat' dir='ltr'><strong>est</strong></span> <span class='ocrx_word' id='word_1_543' title='bbox 1489 3883 1731 3938; x_wconf 91' lang='lat' dir='ltr'><strong>mundus.</strong></span> <span class='ocrx_word' id='word_1_544' title='bbox 1757 3883 1961 3954; x_wconf 87' lang='lat' dir='ltr'><strong>Quippe</strong></span> 
     </span>
    </p>
   </div>
   <div class='ocr_carea' id='block_1_72' title="bbox 409 3965 1959 4043">
    <p class='ocr_par' dir='ltr' id='par_1_72' title="bbox 409 3965 1959 4043">
     <span class='ocr_line' id='line_1_72' title="bbox 409 3965 1959 4043; baseline 0.006 -25"><span class='ocrx_word' id='word_1_545' title='bbox 409 3965 501 4033; x_wconf 86' lang='lat' dir='ltr'><strong>qui</strong></span> <span class='ocrx_word' id='word_1_546' title='bbox 528 3966 711 4020; x_wconf 88' lang='lat' dir='ltr'><strong>utilem</strong></span> <span class='ocrx_word' id='word_1_547' title='bbox 738 3971 1198 4038; x_wconf 87' lang='lat' dir='ltr'><strong>necessariumque</strong></span> <span class='ocrx_word' id='word_1_548' title='bbox 1239 3971 1398 4025; x_wconf 89' lang='lat' dir='ltr'><strong>rebus</strong></span> <span class='ocrx_word' id='word_1_549' title='bbox 1429 3981 1567 4027; x_wconf 88' lang='lat' dir='ltr'><strong>esset</strong></span> <span class='ocrx_word' id='word_1_550' title='bbox 1591 3973 1792 4027; x_wconf 86' lang='lat' dir='ltr'><strong>exitum</strong></span> <span class='ocrx_word' id='word_1_551' title='bbox 1820 3990 1959 4043; x_wconf 72' lang='lat' dir='ltr'><strong>prm-</strong></span> 
     </span>
    </p>
   </div>
   <div class='ocr_carea' id='block_1_73' title="bbox 408 4055 1962 4128">
    <p class='ocr_par' dir='ltr' id='par_1_73' title="bbox 408 4055 1962 4128">
     <span class='ocr_line' id='line_1_73' title="bbox 408 4055 1962 4128; baseline 0.008 -20"><span class='ocrx_word' id='word_1_552' title='bbox 408 4055 633 4119; x_wconf 88' lang='lat' dir='ltr'><strong>biturus,</strong></span> <span class='ocrx_word' id='word_1_553' title='bbox 662 4058 706 4110; x_wconf 92' lang='lat' dir='ltr'><strong>si</strong></span> <span class='ocrx_word' id='word_1_554' title='bbox 732 4073 915 4112; x_wconf 90' lang='lat' dir='ltr'><strong>revera</strong></span> <span class='ocrx_word' id='word_1_555' title='bbox 943 4061 1237 4114; x_wconf 85' lang='lat' dir='ltr'><strong>animorum</strong></span> <span class='ocrx_word' id='word_1_556' title='bbox 1277 4063 1687 4128; x_wconf 89' lang='lat' dir='ltr'><strong>rationabilium,</strong></span> <span class='ocrx_word' id='word_1_557' title='bbox 1717 4066 1854 4119; x_wconf 91' lang='lat' dir='ltr'><strong>sicut</strong></span> <span class='ocrx_word' id='word_1_558' title='bbox 1879 4067 1962 4119; x_wconf 92' lang='lat' dir='ltr'><strong>di-</strong></span> 
     </span>
    </p>
   </div>
   <div class='ocr_carea' id='block_1_74' title="bbox 408 4144 1956 4221">
    <p class='ocr_par' dir='ltr' id='par_1_74' title="bbox 408 4144 1956 4221">
     <span class='ocr_line' id='line_1_74' title="bbox 408 4144 1956 4221; baseline 0.009 -25"><span class='ocrx_word' id='word_1_559' title='bbox 408 4144 600 4210; x_wconf 89' lang='lat' dir='ltr'><strong>ximus,</strong></span> <span class='ocrx_word' id='word_1_560' title='bbox 629 4147 1008 4213; x_wconf 87' lang='lat' dir='ltr'><strong>magisterium,</strong></span> <span class='ocrx_word' id='word_1_561' title='bbox 1031 4157 1086 4202; x_wconf 91' lang='lat' dir='ltr'><strong>et</strong></span> <span class='ocrx_word' id='word_1_562' title='bbox 1105 4149 1295 4205; x_wconf 64' lang='lat' dir='ltr'><strong>divinae</strong></span> <span class='ocrx_word' id='word_1_563' title='bbox 1324 4153 1556 4207; x_wconf 90' lang='lat' dir='ltr'><strong>notionis</strong></span> <span class='ocrx_word' id='word_1_564' title='bbox 1583 4155 1956 4221; x_wconf 89' lang='lat' dir='ltr'><strong>eruditionem,</strong></span> 
     </span>
    </p>
   </div>
   <div class='ocr_carea' id='block_1_75' title="bbox 408 4236 1957 4302">
    <p class='ocr_par' dir='ltr' id='par_1_75' title="bbox 408 4236 1957 4302">
     <span class='ocr_line' id='line_1_75' title="bbox 408 4236 1957 4302; baseline 0.009 -16"><span class='ocrx_word' id='word_1_565' title='bbox 408 4249 504 4302; x_wconf 89' lang='lat' dir='ltr'><strong>per</strong></span> <span class='ocrx_word' id='word_1_566' title='bbox 546 4236 768 4288; x_wconf 90' lang='lat' dir='ltr'><strong>visibilia</strong></span> <span class='ocrx_word' id='word_1_567' title='bbox 797 4236 906 4290; x_wconf 64' lang='lat' dir='ltr'><strong>haec</strong></span> <span class='ocrx_word' id='word_1_568' title='bbox 933 4246 988 4291; x_wconf 90' lang='lat' dir='ltr'><strong>et</strong></span> <span class='ocrx_word' id='word_1_569' title='bbox 1013 4240 1278 4294; x_wconf 88' lang='lat' dir='ltr'><strong>sensibilia</strong></span> <span class='ocrx_word' id='word_1_570' title='bbox 1323 4241 1506 4295; x_wconf 83' lang='lat' dir='ltr'><strong>tribuit</strong></span> <span class='ocrx_word' id='word_1_571' title='bbox 1551 4245 1716 4297; x_wconf 90' lang='lat' dir='ltr'><strong>menti</strong></span> <span class='ocrx_word' id='word_1_572' title='bbox 1761 4254 1957 4302; x_wconf 73' lang='lat' dir='ltr'><strong>nostrte</strong></span> 
     </span>
    </p>
   </div>
   <div class='ocr_carea' id='block_1_76' title="bbox 406 4328 1951 4401">
    <p class='ocr_par' dir='ltr' id='par_1_76' title="bbox 406 4328 1951 4401">
     <span class='ocr_line' id='line_1_76' title="bbox 406 4328 1951 4401; baseline 0.009 -24"><span class='ocrx_word' id='word_1_573' title='bbox 406 4338 596 4391; x_wconf 85' lang='lat' dir='ltr'><strong>regens</strong></span> <span class='ocrx_word' id='word_1_574' title='bbox 622 4341 738 4390; x_wconf 90' lang='lat' dir='ltr'><strong>nos,</strong></span> <span class='ocrx_word' id='word_1_575' title='bbox 770 4335 828 4381; x_wconf 93' lang='lat' dir='ltr'><strong>ut</strong></span> <span class='ocrx_word' id='word_1_576' title='bbox 854 4328 926 4381; x_wconf 91' lang='lat' dir='ltr'><strong>ita</strong></span> <span class='ocrx_word' id='word_1_577' title='bbox 951 4328 1192 4395; x_wconf 84' lang='lat' dir='ltr'><strong>dixerim,</strong></span> <span class='ocrx_word' id='word_1_578' title='bbox 1240 4347 1419 4396; x_wconf 88' lang='lat' dir='ltr'><strong>manu,</strong></span> <span class='ocrx_word' id='word_1_579' title='bbox 1445 4347 1550 4401; x_wconf 90' lang='lat' dir='ltr'><strong>quo</strong></span> <span class='ocrx_word' id='word_1_580' title='bbox 1584 4334 1789 4390; x_wconf 84' lang='lat' dir='ltr'><strong>facilius</strong></span> <span class='ocrx_word' id='word_1_581' title='bbox 1815 4337 1951 4391; x_wconf 89' lang='lat' dir='ltr'><strong>invi-</strong></span> 
     </span>
    </p>
   </div>
   <div class='ocr_carea' id='block_1_77' title="bbox 2062 3159 3624 3227">
    <p class='ocr_par' dir='ltr' id='par_1_77' title="bbox 2062 3159 3624 3227">
     <span class='ocr_line' id='line_1_77' title="bbox 2062 3159 3624 3227; baseline 0.001 -12"><span class='ocrx_word' id='word_1_582' title='bbox 2062 3169 2116 3215; x_wconf 89' lang='lat' dir='ltr'><strong>et</strong></span> <span class='ocrx_word' id='word_1_583' title='bbox 2141 3160 2223 3214; x_wconf 91' lang='lat' dir='ltr'><strong>his</strong></span> <span class='ocrx_word' id='word_1_584' title='bbox 2250 3160 2518 3225; x_wconf 92' lang='lat' dir='ltr'><strong>similium,</strong></span> <span class='ocrx_word' id='word_1_585' title='bbox 2538 3174 2762 3226; x_wconf 89' lang='lat' dir='ltr'><strong>quarum</strong></span> <span class='ocrx_word' id='word_1_586' title='bbox 2786 3159 2909 3214; x_wconf 88' lang='lat' dir='ltr'><strong>licet</strong></span> <span class='ocrx_word' id='word_1_587' title='bbox 2936 3159 3126 3212; x_wconf 84' lang='lat' dir='ltr'><strong>artifex</strong></span> <span class='ocrx_word' id='word_1_588' title='bbox 3146 3169 3338 3227; x_wconf 64' lang='lat' dir='ltr'><strong>praesto</strong></span> <span class='ocrx_word' id='word_1_589' title='bbox 3371 3176 3476 3214; x_wconf 91' lang='lat' dir='ltr'><strong>non</strong></span> <span class='ocrx_word' id='word_1_590' title='bbox 3503 3160 3624 3216; x_wconf 87' lang='lat' dir='ltr'><strong>fue-</strong></span> 
     </span>
    </p>
   </div>
   <div class='ocr_carea' id='block_1_78' title="bbox 2060 3252 3621 3321">
    <p class='ocr_par' dir='ltr' id='par_1_78' title="bbox 2060 3252 3621 3321">
     <span class='ocr_line' id='line_1_78' title="bbox 2060 3252 3621 3321; baseline 0.001 -14"><span class='ocrx_word' id='word_1_591' title='bbox 2060 3258 2148 3316; x_wconf 94' lang='lat' dir='ltr'><strong>rit,</strong></span> <span class='ocrx_word' id='word_1_592' title='bbox 2179 3255 2316 3308; x_wconf 87' lang='lat' dir='ltr'><strong>ratio</strong></span> <span class='ocrx_word' id='word_1_593' title='bbox 2345 3262 2523 3306; x_wconf 89' lang='lat' dir='ltr'><strong>tamen</strong></span> <span class='ocrx_word' id='word_1_594' title='bbox 2562 3253 2690 3305; x_wconf 88' lang='lat' dir='ltr'><strong>artis</strong></span> <span class='ocrx_word' id='word_1_595' title='bbox 2738 3252 2904 3320; x_wconf 90' lang='lat' dir='ltr'><strong>ipsius</strong></span> <span class='ocrx_word' id='word_1_596' title='bbox 2946 3259 3186 3320; x_wconf 88' lang='lat' dir='ltr'><strong>apparet,</strong></span> <span class='ocrx_word' id='word_1_597' title='bbox 3231 3267 3621 3321; x_wconf 90' lang='lat' dir='ltr'><strong>possumusque</strong></span> 
     </span>
    </p>
   </div>
   <div class='ocr_carea' id='block_1_79' title="bbox 2062 3341 3622 3413">
    <p class='ocr_par' dir='ltr' id='par_1_79' title="bbox 2062 3341 3622 3413">
     <span class='ocr_line' id='line_1_79' title="bbox 2062 3341 3622 3413; baseline -0.001 -15"><span class='ocrx_word' id='word_1_598' title='bbox 2062 3345 2129 3398; x_wconf 91' lang='lat' dir='ltr'><strong>de</strong></span> <span class='ocrx_word' id='word_1_599' title='bbox 2156 3358 2318 3413; x_wconf 90' lang='lat' dir='ltr'><strong>opere</strong></span> <span class='ocrx_word' id='word_1_600' title='bbox 2337 3350 2626 3410; x_wconf 90' lang='lat' dir='ltr'><strong>conspecto</strong></span> <span class='ocrx_word' id='word_1_601' title='bbox 2652 3342 2897 3410; x_wconf 88' lang='lat' dir='ltr'><strong>peritiam</strong></span> <span class='ocrx_word' id='word_1_602' title='bbox 2926 3341 3179 3409; x_wconf 87' lang='lat' dir='ltr'><strong>cujusque</strong></span> <span class='ocrx_word' id='word_1_603' title='bbox 3207 3341 3422 3397; x_wconf 88' lang='lat' dir='ltr'><strong>artiﬁcis</strong></span> <span class='ocrx_word' id='word_1_604' title='bbox 3449 3345 3622 3398; x_wconf 86' lang='lat' dir='ltr'><strong>admi-</strong></span> 
     </span>
    </p>
   </div>
   <div class='ocr_carea' id='block_1_80' title="bbox 2061 3432 3620 3506">
    <p class='ocr_par' dir='ltr' id='par_1_80' title="bbox 2061 3432 3620 3506">
     <span class='ocr_line' id='line_1_80' title="bbox 2061 3432 3620 3506; baseline 0.001 -16"><span class='ocrx_word' id='word_1_605' title='bbox 2061 3437 2185 3490; x_wconf 90' lang='lat' dir='ltr'><strong>rari.</strong></span> <span class='ocrx_word' id='word_1_606' title='bbox 2219 3434 2358 3501; x_wconf 85' lang='lat' dir='ltr'><strong>Ergo</strong></span> <span class='ocrx_word' id='word_1_607' title='bbox 2376 3441 2435 3488; x_wconf 93' lang='lat' dir='ltr'><strong>ut</strong></span> <span class='ocrx_word' id='word_1_608' title='bbox 2463 3441 2667 3487; x_wconf 90' lang='lat' dir='ltr'><strong>certum</strong></span> <span class='ocrx_word' id='word_1_609' title='bbox 2699 3432 2850 3486; x_wconf 85' lang='lat' dir='ltr'><strong>ﬁeret</strong></span> <span class='ocrx_word' id='word_1_610' title='bbox 2878 3433 2998 3500; x_wconf 90' lang='lat' dir='ltr'><strong>quia</strong></span> <span class='ocrx_word' id='word_1_611' title='bbox 3036 3432 3262 3488; x_wconf 92' lang='lat' dir='ltr'><strong>mundus</strong></span> <span class='ocrx_word' id='word_1_612' title='bbox 3295 3444 3410 3490; x_wconf 90' lang='lat' dir='ltr'><strong>arte</strong></span> <span class='ocrx_word' id='word_1_613' title='bbox 3438 3439 3620 3506; x_wconf 88' lang='lat' dir='ltr'><strong>perfe-</strong></span> 
     </span>
    </p>
   </div>
   <div class='ocr_carea' id='block_1_81' title="bbox 2061 3524 3618 3596">
    <p class='ocr_par' dir='ltr' id='par_1_81' title="bbox 2061 3524 3618 3596">
     <span class='ocr_line' id='line_1_81' title="bbox 2061 3524 3618 3596; baseline 0.001 -14"><span class='ocrx_word' id='word_1_614' title='bbox 2061 3537 2177 3582; x_wconf 90' lang='lat' dir='ltr'><strong>ctus</strong></span> <span class='ocrx_word' id='word_1_615' title='bbox 2206 3533 2305 3589; x_wconf 89' lang='lat' dir='ltr'><strong>est,</strong></span> <span class='ocrx_word' id='word_1_616' title='bbox 2336 3527 2428 3593; x_wconf 91' lang='lat' dir='ltr'><strong>qui</strong></span> <span class='ocrx_word' id='word_1_617' title='bbox 2473 3533 2782 3579; x_wconf 87' lang='lat' dir='ltr'><strong>cunctorum</strong></span> <span class='ocrx_word' id='word_1_618' title='bbox 2812 3524 3006 3578; x_wconf 90' lang='lat' dir='ltr'><strong>visibus</strong></span> <span class='ocrx_word' id='word_1_619' title='bbox 3047 3524 3272 3579; x_wconf 82' lang='lat' dir='ltr'><strong>habetur</strong></span> <span class='ocrx_word' id='word_1_620' title='bbox 3315 3529 3618 3596; x_wconf 81' lang='lat' dir='ltr'><strong>expositus,</strong></span> 
     </span>
    </p>
   </div>
   <div class='ocr_carea' id='block_1_82' title="bbox 2059 3612 3619 3684">
    <p class='ocr_par' dir='ltr' id='par_1_82' title="bbox 2059 3612 3619 3684">
     <span class='ocr_line' id='line_1_82' title="bbox 2059 3612 3619 3684; baseline 0.001 -15"><span class='ocrx_word' id='word_1_621' title='bbox 2059 3624 2321 3683; x_wconf 87' lang='lat' dir='ltr'><strong>quatenus</strong></span> <span class='ocrx_word' id='word_1_622' title='bbox 2346 3629 2442 3683; x_wconf 90' lang='lat' dir='ltr'><strong>per</strong></span> <span class='ocrx_word' id='word_1_623' title='bbox 2467 3629 2588 3666; x_wconf 87' lang='lat' dir='ltr'><strong>eum</strong></span> <span class='ocrx_word' id='word_1_624' title='bbox 2617 3612 2948 3666; x_wconf 87' lang='lat' dir='ltr'><strong>fabricatoris</strong></span> <span class='ocrx_word' id='word_1_625' title='bbox 2976 3614 3055 3667; x_wconf 90' lang='lat' dir='ltr'><strong>sui</strong></span> <span class='ocrx_word' id='word_1_626' title='bbox 3083 3616 3340 3684; x_wconf 88' lang='lat' dir='ltr'><strong>sapientia</strong></span> <span class='ocrx_word' id='word_1_627' title='bbox 3369 3632 3619 3672; x_wconf 90' lang='lat' dir='ltr'><strong>noscere-</strong></span> 
     </span>
    </p>
   </div>
   <div class='ocr_carea' id='block_1_83' title="bbox 2062 3701 3620 3773">
    <p class='ocr_par' dir='ltr' id='par_1_83' title="bbox 2062 3701 3620 3773">
     <span class='ocr_line' id='line_1_83' title="bbox 2062 3701 3620 3773; baseline 0.002 -15"><span class='ocrx_word' id='word_1_628' title='bbox 2062 3713 2149 3759; x_wconf 86' lang='lat' dir='ltr'><strong>tur</strong></span> <span class='ocrx_word' id='word_1_629' title='bbox 2181 3723 2192 3756; x_wconf 89' lang='lat'><strong>:</strong></span> <span class='ocrx_word' id='word_1_630' title='bbox 2240 3720 2347 3758; x_wconf 90' lang='lat' dir='ltr'><strong>non</strong></span> <span class='ocrx_word' id='word_1_631' title='bbox 2375 3705 2478 3756; x_wconf 90' lang='lat' dir='ltr'><strong>alia</strong></span> <span class='ocrx_word' id='word_1_632' title='bbox 2507 3718 2637 3756; x_wconf 90' lang='lat' dir='ltr'><strong>voce</strong></span> <span class='ocrx_word' id='word_1_633' title='bbox 2667 3701 2874 3773; x_wconf 82' lang='lat' dir='ltr'><strong>Moyses</strong></span> <span class='ocrx_word' id='word_1_634' title='bbox 2901 3719 3024 3758; x_wconf 90' lang='lat' dir='ltr'><strong>usus</strong></span> <span class='ocrx_word' id='word_1_635' title='bbox 3052 3714 3150 3769; x_wconf 90' lang='lat' dir='ltr'><strong>est,</strong></span> <span class='ocrx_word' id='word_1_636' title='bbox 3199 3707 3291 3761; x_wconf 87' lang='lat' dir='ltr'><strong>sed</strong></span> <span class='ocrx_word' id='word_1_637' title='bbox 3339 3707 3472 3760; x_wconf 87' lang='lat' dir='ltr'><strong>dixit</strong></span> <span class='ocrx_word' id='word_1_638' title='bbox 3502 3727 3514 3760; x_wconf 91' lang='lat'>:</span> <span class='ocrx_word' id='word_1_639' title='bbox 3551 3709 3620 3762; x_wconf 83' lang='lat' dir='ltr'><strong>In</strong></span> 
     </span>
    </p>
   </div>
   <div class='ocr_carea' id='block_1_84' title="bbox 2059 3791 3618 3864">
    <p class='ocr_par' dir='ltr' id='par_1_84' title="bbox 2059 3791 3618 3864">
     <span class='ocr_line' id='line_1_84' title="bbox 2059 3791 3618 3864; baseline 0.003 -17"><span class='ocrx_word' id='word_1_640' title='bbox 2059 3795 2308 3864; x_wconf 85' lang='lat' dir='ltr'><strong>principio</strong></span> <span class='ocrx_word' id='word_1_641' title='bbox 2348 3795 2466 3863; x_wconf 76' lang='lat' dir='ltr'><strong>fecit</strong></span> <span class='ocrx_word' id='word_1_642' title='bbox 2503 3791 2662 3846; x_wconf 73' lang='lat' dir='ltr'><strong>Deus.</strong></span> <span class='ocrx_word' id='word_1_643' title='bbox 2693 3791 2809 3846; x_wconf 88' lang='lat' dir='ltr'><strong>Non</strong></span> <span class='ocrx_word' id='word_1_644' title='bbox 2837 3795 3132 3848; x_wconf 82' lang='lat' dir='ltr'><strong>construxit</strong></span> <span class='ocrx_word' id='word_1_645' title='bbox 3168 3803 3258 3849; x_wconf 90' lang='lat' dir='ltr'><strong>aut</strong></span> <span class='ocrx_word' id='word_1_646' title='bbox 3295 3800 3618 3864; x_wconf 87' lang='lat' dir='ltr'><strong>composuit,</strong></span> 
     </span>
    </p>
   </div>
   <div class='ocr_carea' id='block_1_85' title="bbox 2058 3881 3621 3953">
    <p class='ocr_par' dir='ltr' id='par_1_85' title="bbox 2058 3881 3621 3953">
     <span class='ocr_line' id='line_1_85' title="bbox 2058 3881 3621 3953; baseline 0.003 -17"><span class='ocrx_word' id='word_1_647' title='bbox 2058 3883 2305 3952; x_wconf 61' lang='lat' dir='ltr'><strong>sed-fecit.</strong></span> <span class='ocrx_word' id='word_1_648' title='bbox 2330 3881 2580 3946; x_wconf 85' lang='lat' dir='ltr'><strong>Quamvis</strong></span> <span class='ocrx_word' id='word_1_649' title='bbox 2601 3883 2841 3935; x_wconf 91' lang='lat' dir='ltr'><strong>nonnulli</strong></span> <span class='ocrx_word' id='word_1_650' title='bbox 2875 3897 3057 3936; x_wconf 89' lang='lat' dir='ltr'><strong>eorum</strong></span> <span class='ocrx_word' id='word_1_651' title='bbox 3086 3884 3176 3949; x_wconf 90' lang='lat' dir='ltr'><strong>qui</strong></span> <span class='ocrx_word' id='word_1_652' title='bbox 3198 3899 3332 3937; x_wconf 76' lang='lat' dir='ltr'><strong>vana</strong></span> <span class='ocrx_word' id='word_1_653' title='bbox 3361 3886 3621 3953; x_wconf 86' lang='lat' dir='ltr'><strong>opinione</strong></span> 
     </span>
    </p>
   </div>
   <div class='ocr_carea' id='block_1_86' title="bbox 2057 3970 3620 4041">
    <p class='ocr_par' dir='ltr' id='par_1_86' title="bbox 2057 3970 3620 4041">
     <span class='ocr_line' id='line_1_86' title="bbox 2057 3970 3620 4041; baseline 0.004 -16"><span class='ocrx_word' id='word_1_654' title='bbox 2057 3971 2313 4041; x_wconf 62' lang='lat' dir='ltr'><strong>praeventi</strong></span> <span class='ocrx_word' id='word_1_655' title='bbox 2341 3978 2483 4034; x_wconf 89' lang='lat' dir='ltr'><strong>sunt,</strong></span> <span class='ocrx_word' id='word_1_656' title='bbox 2515 3973 2894 4038; x_wconf 90' lang='lat' dir='ltr'><strong>sempiternum</strong></span> <span class='ocrx_word' id='word_1_657' title='bbox 2923 3970 3170 4024; x_wconf 90' lang='lat' dir='ltr'><strong>mundum</strong></span> <span class='ocrx_word' id='word_1_658' title='bbox 3200 3987 3319 4026; x_wconf 91' lang='lat' dir='ltr'><strong>cum</strong></span> <span class='ocrx_word' id='word_1_659' title='bbox 3348 3973 3459 4027; x_wconf 85' lang='lat' dir='ltr'><strong>beo</strong></span> <span class='ocrx_word' id='word_1_660' title='bbox 3498 3991 3620 4031; x_wconf 86' lang='lat' dir='ltr'><strong>esse</strong></span> 
     </span>
    </p>
   </div>
   <div class='ocr_carea' id='block_1_87' title="bbox 2058 4061 3614 4130">
    <p class='ocr_par' dir='ltr' id='par_1_87' title="bbox 2058 4061 3614 4130">
     <span class='ocr_line' id='line_1_87' title="bbox 2058 4061 3614 4130; baseline 0.003 -14"><span class='ocrx_word' id='word_1_661' title='bbox 2058 4063 2313 4127; x_wconf 91' lang='lat' dir='ltr'><strong>dicentes,</strong></span> <span class='ocrx_word' id='word_1_662' title='bbox 2342 4061 2488 4115; x_wconf 92' lang='lat' dir='ltr'><strong>nullo</strong></span> <span class='ocrx_word' id='word_1_663' title='bbox 2516 4062 2675 4116; x_wconf 91' lang='lat' dir='ltr'><strong>modo</strong></span> <span class='ocrx_word' id='word_1_664' title='bbox 2719 4063 2785 4116; x_wconf 88' lang='lat' dir='ltr'><strong>ab</strong></span> <span class='ocrx_word' id='word_1_665' title='bbox 2830 4061 2945 4130; x_wconf 89' lang='lat' dir='ltr'><strong>ipso</strong></span> <span class='ocrx_word' id='word_1_666' title='bbox 2990 4061 3185 4115; x_wconf 87' lang='lat' dir='ltr'><strong>factum</strong></span> <span class='ocrx_word' id='word_1_667' title='bbox 3213 4075 3614 4128; x_wconf 89' lang='lat' dir='ltr'><strong>concesserunt,</strong></span> 
     </span>
    </p>
   </div>
   <div class='ocr_carea' id='block_1_88' title="bbox 2056 4152 3618 4221">
    <p class='ocr_par' dir='ltr' id='par_1_88' title="bbox 2056 4152 3618 4221">
     <span class='ocr_line' id='line_1_88' title="bbox 2056 4152 3618 4221; baseline 0.005 -14"><span class='ocrx_word' id='word_1_668' title='bbox 2056 4154 2149 4208; x_wconf 88' lang='lat' dir='ltr'><strong>sed</strong></span> <span class='ocrx_word' id='word_1_669' title='bbox 2189 4162 2439 4220; x_wconf 84' lang='lat' dir='ltr'><strong>tanquam</strong></span> <span class='ocrx_word' id='word_1_670' title='bbox 2467 4152 2923 4206; x_wconf 90' lang='lat' dir='ltr'><strong>obumbrationem</strong></span> <span class='ocrx_word' id='word_1_671' title='bbox 2951 4154 3231 4221; x_wconf 89' lang='lat' dir='ltr'><strong>quamdam</strong></span> <span class='ocrx_word' id='word_1_672' title='bbox 3259 4157 3467 4212; x_wconf 86' lang='lat' dir='ltr'><strong>virtutis</strong></span> <span class='ocrx_word' id='word_1_673' title='bbox 3495 4174 3618 4214; x_wconf 89' lang='lat' dir='ltr'><strong>esse</strong></span> 
     </span>
    </p>
   </div>
   <div class='ocr_carea' id='block_1_89' title="bbox 2055 4242 3617 4314">
    <p class='ocr_par' dir='ltr' id='par_1_89' title="bbox 2055 4242 3617 4314">
     <span class='ocr_line' id='line_1_89' title="bbox 2055 4242 3617 4314; baseline 0.006 -18"><span class='ocrx_word' id='word_1_674' title='bbox 2055 4242 2266 4297; x_wconf 65' lang='lat' dir='ltr'><strong>divinae.</strong></span> <span class='ocrx_word' id='word_1_675' title='bbox 2296 4243 2320 4278; x_wconf 66' lang='grc' dir='ltr'>δ</span> <span class='ocrx_word' id='word_1_676' title='bbox 2349 4242 2550 4295; x_wconf 87' lang='lat' dir='ltr'><strong>Ferunt</strong></span> <span class='ocrx_word' id='word_1_677' title='bbox 2593 4243 2732 4296; x_wconf 88' lang='lat' dir='ltr'><strong>enim</strong></span> <span class='ocrx_word' id='word_1_678' title='bbox 2760 4257 2881 4295; x_wconf 90' lang='lat' dir='ltr'><strong>eum</strong></span> <span class='ocrx_word' id='word_1_679' title='bbox 2919 4251 3109 4311; x_wconf 90' lang='lat' dir='ltr'><strong>sponte</strong></span> <span class='ocrx_word' id='word_1_680' title='bbox 3155 4247 3528 4314; x_wconf 88' lang='lat' dir='ltr'><strong>compositum,</strong></span> <span class='ocrx_word' id='word_1_681' title='bbox 3562 4260 3617 4305; x_wconf 87' lang='lat' dir='ltr'><strong>et</strong></span> 
     </span>
    </p>
   </div>
   <div class='ocr_carea' id='block_1_90' title="bbox 2055 4331 3618 4404">
    <p class='ocr_par' dir='ltr' id='par_1_90' title="bbox 2055 4331 3618 4404">
     <span class='ocr_line' id='line_1_90' title="bbox 2055 4331 3618 4404; baseline 0.004 -16"><span class='ocrx_word' id='word_1_682' title='bbox 2055 4334 2296 4403; x_wconf 89' lang='lat' dir='ltr'><strong>quamvis</strong></span> <span class='ocrx_word' id='word_1_683' title='bbox 2330 4333 2496 4386; x_wconf 89' lang='lat' dir='ltr'><strong>Deum</strong></span> <span class='ocrx_word' id='word_1_684' title='bbox 2537 4333 2652 4400; x_wconf 91' lang='lat' dir='ltr'><strong>ejus</strong></span> <span class='ocrx_word' id='word_1_685' title='bbox 2692 4331 2873 4385; x_wconf 88' lang='lat' dir='ltr'><strong>haberi</strong></span> <span class='ocrx_word' id='word_1_686' title='bbox 2910 4332 3174 4388; x_wconf 88' lang='lat' dir='ltr'><strong>fateantur</strong></span> <span class='ocrx_word' id='word_1_687' title='bbox 3201 4347 3508 4404; x_wconf 89' lang='lat' dir='ltr'><strong>auctorem;</strong></span> <span class='ocrx_word' id='word_1_688' title='bbox 3543 4342 3618 4394; x_wconf 84' lang='lat' dir='ltr'><strong>ita</strong></span> 
     </span>
    </p>
   </div>
   <div class='ocr_carea' id='block_1_91' title="bbox 406 4410 3617 4493">
    <p class='ocr_par' dir='ltr' id='par_1_91' title="bbox 406 4410 3617 4493">
     <span class='ocr_line' id='line_1_91' title="bbox 406 4410 3617 4493; baseline 0.004 -25"><span class='ocrx_word' id='word_1_689' title='bbox 406 4417 576 4470; x_wconf 86' lang='lat' dir='ltr'><strong>sibilia</strong></span> <span class='ocrx_word' id='word_1_690' title='bbox 605 4419 1040 4487; x_wconf 89' lang='lat' dir='ltr'><strong>contemplemur,</strong></span> <span class='ocrx_word' id='word_1_691' title='bbox 1069 4421 1206 4476; x_wconf 90' lang='lat' dir='ltr'><strong>sicut</strong></span> <span class='ocrx_word' id='word_1_692' title='bbox 1229 4421 1357 4476; x_wconf 92' lang='lat' dir='ltr'><strong>dicit</strong></span> <span class='ocrx_word' id='word_1_693' title='bbox 1384 4423 1847 4492; x_wconf 68' lang='lat' dir='ltr'><strong>Apostoluszauia</strong></span> <span class='ocrx_word' id='word_1_694' title='bbox 1867 4429 1951 4482; x_wconf 84' lang='lat' dir='ltr'><strong>in-</strong></span> <span class='ocrx_word' id='word_1_695' title='bbox 1978 4410 2030 4470; x_wconf 83' lang='lat' dir='ltr'><strong>D</strong></span> <span class='ocrx_word' id='word_1_696' title='bbox 2057 4430 2236 4476; x_wconf 88' lang='lat' dir='ltr'><strong>tamen</strong></span> <span class='ocrx_word' id='word_1_697' title='bbox 2275 4421 2530 4483; x_wconf 84' lang='lat' dir='ltr'><strong>fatentur,</strong></span> <span class='ocrx_word' id='word_1_698' title='bbox 2561 4429 2619 4474; x_wconf 91' lang='lat' dir='ltr'><strong>ut</strong></span> <span class='ocrx_word' id='word_1_699' title='bbox 2645 4421 2758 4473; x_wconf 91' lang='lat' dir='ltr'><strong>sine</strong></span> <span class='ocrx_word' id='word_1_700' title='bbox 2784 4421 3054 4475; x_wconf 88' lang='lat' dir='ltr'><strong>voluntate</strong></span> <span class='ocrx_word' id='word_1_701' title='bbox 3092 4422 3256 4491; x_wconf 90' lang='lat' dir='ltr'><strong>ipsius</strong></span> <span class='ocrx_word' id='word_1_702' title='bbox 3293 4430 3617 4493; x_wconf 85' lang='lat' dir='ltr'><strong>processisse</strong></span> 
     </span>
    </p>
   </div>
   <div class='ocr_carea' id='block_1_92' title="bbox 400 4507 1954 4587">
    <p class='ocr_par' dir='ltr' id='par_1_92' title="bbox 400 4507 1954 4587">
     <span class='ocr_line' id='line_1_92' title="bbox 400 4507 1954 4587; baseline 0.009 -28"><span class='ocrx_word' id='word_1_703' title='bbox 400 4507 618 4562; x_wconf 70' lang='grc' dir='ltr'><strong>δίεἱόὶιὶα</strong></span> <span class='ocrx_word' id='word_1_704' title='bbox 653 4510 784 4578; x_wconf 76' lang='lat' dir='ltr'><strong>ejus,</strong></span> <span class='ocrx_word' id='word_1_705' title='bbox 809 4527 841 4562; x_wconf 89' lang='lat' dir='ltr'><strong>a</strong></span> <span class='ocrx_word' id='word_1_706' title='bbox 867 4511 1041 4563; x_wconf 81' lang='lat' dir='ltr'><strong>mundi</strong></span> <span class='ocrx_word' id='word_1_707' title='bbox 1069 4513 1431 4579; x_wconf 77' lang='lat' dir='ltr'><strong>compositione</strong></span> <span class='ocrx_word' id='word_1_708' title='bbox 1457 4530 1549 4581; x_wconf 86' lang='lat' dir='ltr'><strong>per</strong></span> <span class='ocrx_word' id='word_1_709' title='bbox 1587 4530 1647 4567; x_wconf 90' lang='lat' dir='ltr'><strong>ea</strong></span> <span class='ocrx_word' id='word_1_710' title='bbox 1675 4532 1789 4584; x_wconf 79' lang='lat' dir='ltr'><strong>qua:</strong></span> <span class='ocrx_word' id='word_1_711' title='bbox 1816 4519 1954 4587; x_wconf 78' lang='lat' dir='ltr'><strong>facta</strong></span> 
     </span>
    </p>
   </div>
   <div class='ocr_carea' id='block_1_93' title="bbox 475 4642 1948 4725">
    <p class='ocr_par' dir='ltr' id='par_1_93' title="bbox 475 4642 1948 4725">
     <span class='ocr_line' id='line_1_93' title="bbox 475 4642 1948 4725; baseline 0.007 -28"><span class='ocrx_word' id='word_1_712' title='bbox 475 4653 500 4679; x_wconf 75' lang='grc' dir='ltr'><strong>ἰ</strong></span> <span class='ocrx_word' id='word_1_713' title='bbox 521 4642 884 4725; x_wconf 61' lang='lat' dir='ltr'><strong>godexColb.,</strong></span> <span class='ocrx_word' id='word_1_714' title='bbox 907 4647 1053 4715; x_wconf 84' lang='lat' dir='ltr'><strong>paria</strong></span> <span class='ocrx_word' id='word_1_715' title='bbox 1074 4648 1294 4717; x_wconf 76' lang='lat' dir='ltr'><strong>fuerunt.</strong></span> <span class='ocrx_word' id='word_1_716' title='bbox 1319 4644 1462 4699; x_wconf 86' lang='lat' dir='ltr'><strong>Editi</strong></span> <span class='ocrx_word' id='word_1_717' title='bbox 1485 4654 1539 4700; x_wconf 80' lang='lat' dir='ltr'><strong>et</strong></span> <span class='ocrx_word' id='word_1_718' title='bbox 1559 4646 1647 4700; x_wconf 92' lang='lat' dir='ltr'><strong>alii</strong></span> <span class='ocrx_word' id='word_1_719' title='bbox 1668 4647 1771 4703; x_wconf 88' lang='lat' dir='ltr'><strong>duo</strong></span> <span class='ocrx_word' id='word_1_720' title='bbox 1797 4667 1948 4720; x_wconf 92' lang='lat' dir='ltr'><strong>mss.,</strong></span> 
     </span>
    </p>
   </div>
   <div class='ocr_carea' id='block_1_94' title="bbox 391 4721 1951 4859">
    <p class='ocr_par' dir='ltr' id='par_1_94' title="bbox 391 4721 1951 4859">
     <span class='ocr_line' id='line_1_94' title="bbox 391 4721 1951 4859; baseline 0.01 -30"><span class='ocrx_word' id='word_1_721' title='bbox 391 4728 496 4818; x_wconf 58' lang='lat' dir='ltr'><strong>Pa;</strong></span> <span class='ocrx_word' id='word_1_722' title='bbox 714 4782 781 4859; x_wconf 58' lang='lat' dir='ltr'><strong>{ut</strong></span> <span class='ocrx_word' id='word_1_723' title='bbox 826 4785 1178 4859; x_wconf 57' lang='lat' dir='ltr'><strong>antiquitatem</strong></span> <span class='ocrx_word' id='word_1_724' title='bbox 1223 4784 1505 4859; x_wconf 29' lang='lat' dir='ltr'><strong>perspicita</strong></span> <span class='ocrx_word' id='word_1_725' title='bbox 1536 4785 1951 4859; x_wconf 28' lang='lat' dir='ltr'><strong>LibriJveteres,</strong></span> 
     </span>
    </p>
   </div>
   <div class='ocr_carea' id='block_1_95' title="bbox 400 4849 1953 4930">
    <p class='ocr_par' dir='ltr' id='par_1_95' title="bbox 400 4849 1953 4930">
     <span class='ocr_line' id='line_1_95' title="bbox 400 4849 1953 4930; baseline 0.008 -30"><span class='ocrx_word' id='word_1_726' title='bbox 400 4852 621 4930; x_wconf 68' lang='lat' dir='ltr'><strong>respicit.</strong></span> <span class='ocrx_word' id='word_1_727' title='bbox 651 4849 883 4905; x_wconf 83' lang='lat' dir='ltr'><strong>Subinde</strong></span> <span class='ocrx_word' id='word_1_728' title='bbox 912 4849 1063 4907; x_wconf 84' lang='lat' dir='ltr'><strong>Colb.</strong></span> <span class='ocrx_word' id='word_1_729' title='bbox 1093 4849 1373 4916; x_wconf 84' lang='lat' dir='ltr'><strong>secundus,</strong></span> <span class='ocrx_word' id='word_1_730' title='bbox 1404 4861 1451 4905; x_wconf 86' lang='lat' dir='ltr'><strong>et</strong></span> <span class='ocrx_word' id='word_1_731' title='bbox 1488 4855 1828 4926; x_wconf 81' lang='lat' dir='ltr'><strong>intelligibilia</strong></span> <span class='ocrx_word' id='word_1_732' title='bbox 1856 4849 1953 4912; x_wconf 58' lang='lat' dir='ltr'><strong>ini-&#39;-</strong></span> 
     </span>
    </p>
   </div>
   <div class='ocr_carea' id='block_1_96' title="bbox 401 4929 546 4971">
    <p class='ocr_par' dir='ltr' id='par_1_96' title="bbox 401 4929 546 4971">
     <span class='ocr_line' id='line_1_96' title="bbox 401 4929 546 4971; baseline 0 -1"><span class='ocrx_word' id='word_1_733' title='bbox 401 4929 546 4971; x_wconf 81' lang='lat' dir='ltr'><strong>tium.</strong></span> 
     </span>
    </p>
   </div>
   <div class='ocr_carea' id='block_1_97' title="bbox 471 4987 1945 5059">
    <p class='ocr_par' dir='ltr' id='par_1_97' title="bbox 471 4987 1945 5059">
     <span class='ocr_line' id='line_1_97' title="bbox 471 4987 1945 5059; baseline 0.007 -19"><span class='ocrx_word' id='word_1_734' title='bbox 471 4999 492 5025; x_wconf 74' lang='grc' dir='ltr'><strong>ε</strong></span> <span class='ocrx_word' id='word_1_735' title='bbox 517 4987 668 5059; x_wconf 64' lang='lat' dir='ltr'><strong>Colb.</strong></span> <span class='ocrx_word' id='word_1_736' title='bbox 709 4987 991 5059; x_wconf 84' lang='lat' dir='ltr'><strong>secundus,</strong></span> <span class='ocrx_word' id='word_1_737' title='bbox 1020 5006 1084 5042; x_wconf 73' lang='lat' dir='ltr'><strong>ea:</strong></span> <span class='ocrx_word' id='word_1_738' title='bbox 1109 4989 1281 5059; x_wconf 83' lang='lat' dir='ltr'><strong>aliqua</strong></span> <span class='ocrx_word' id='word_1_739' title='bbox 1306 4990 1654 5046; x_wconf 66' lang='lat' dir='ltr'><strong>substentan&#39;te</strong></span> <span class='ocrx_word' id='word_1_740' title='bbox 1681 4997 1896 5048; x_wconf 85' lang='lat' dir='ltr'><strong>materia</strong></span> <span class='ocrx_word' id='word_1_741' title='bbox 1925 5013 1945 5050; x_wconf 91' lang='lat'><strong><em>:</em></strong></span> 
     </span>
    </p>
   </div>
   <div class='ocr_carea' id='block_1_98' title="bbox 398 5055 1943 5130">
    <p class='ocr_par' dir='ltr' id='par_1_98' title="bbox 398 5055 1943 5130">
     <span class='ocr_line' id='line_1_98' title="bbox 398 5055 1943 5130; baseline 0.006 -22"><span class='ocrx_word' id='word_1_742' title='bbox 398 5055 820 5130; x_wconf 77' lang='lat' dir='ltr'><strong>quod_fortassis</strong></span> <span class='ocrx_word' id='word_1_743' title='bbox 863 5058 1090 5130; x_wconf 83' lang='lat' dir='ltr'><strong>cuipiam</strong></span> <span class='ocrx_word' id='word_1_744' title='bbox 1128 5055 1316 5130; x_wconf 69' lang='lat' dir='ltr'><strong>melius</strong></span> <span class='ocrx_word' id='word_1_745' title='bbox 1339 5059 1504 5130; x_wconf 85' lang='lat' dir='ltr'><strong>videri</strong></span> <span class='ocrx_word' id='word_1_746' title='bbox 1548 5065 1744 5130; x_wconf 91' lang='lat' dir='ltr'><strong>poterit</strong></span> <span class='ocrx_word' id='word_1_747' title='bbox 1780 5073 1833 5117; x_wconf 90' lang='lat' dir='ltr'><strong>et</strong></span> <span class='ocrx_word' id='word_1_748' title='bbox 1876 5065 1943 5118; x_wconf 91' lang='lat' dir='ltr'><strong>ad</strong></span> 
     </span>
    </p>
   </div>
   <div class='ocr_carea' id='block_1_99' title="bbox 399 5123 1943 5200">
    <p class='ocr_par' dir='ltr' id='par_1_99' title="bbox 399 5123 1943 5200">
     <span class='ocr_line' id='line_1_99' title="bbox 399 5123 1943 5200; baseline 0.007 -26"><span class='ocrx_word' id='word_1_749' title='bbox 399 5123 537 5200; x_wconf 82' lang='lat' dir='ltr'><strong>hunc</strong></span> <span class='ocrx_word' id='word_1_750' title='bbox 562 5124 736 5200; x_wconf 83' lang='lat' dir='ltr'><strong>locum</strong></span> <span class='ocrx_word' id='word_1_751' title='bbox 761 5123 1225 5200; x_wconf 72' lang='lat' dir='ltr'><strong>accommodatius.</strong></span> <span class='ocrx_word' id='word_1_752' title='bbox 1240 5126 1353 5200; x_wconf 64' lang='lat' dir='ltr'><strong>Nec</strong></span> <span class='ocrx_word' id='word_1_753' title='bbox 1373 5123 1630 5200; x_wconf 58' lang='lat' dir='ltr'><strong>itamu&#39;lto</strong></span> <span class='ocrx_word' id='word_1_754' title='bbox 1653 5140 1772 5199; x_wconf 89' lang='lat' dir='ltr'><strong>post</strong></span> <span class='ocrx_word' id='word_1_755' title='bbox 1793 5133 1943 5200; x_wconf 88' lang='lat' dir='ltr'><strong>editi,</strong></span> 
     </span>
    </p>
   </div>
   <div class='ocr_carea' id='block_1_100' title="bbox 346 5192 1942 5263">
    <p class='ocr_par' dir='ltr' id='par_1_100' title="bbox 346 5192 1942 5263">
     <span class='ocr_line' id='line_1_100' title="bbox 346 5192 1942 5263; baseline 0.006 -19"><span class='ocrx_word' id='word_1_756' title='bbox 346 5197 349 5200; x_wconf 86' lang='grc'><em>’</em></span> <span class='ocrx_word' id='word_1_757' title='bbox 397 5192 486 5263; x_wconf 64' lang='lat' dir='ltr'><strong>sed</strong></span> <span class='ocrx_word' id='word_1_758' title='bbox 513 5203 561 5246; x_wconf 87' lang='lat' dir='ltr'><strong>et</strong></span> <span class='ocrx_word' id='word_1_759' title='bbox 587 5193 1014 5263; x_wconf 81' lang='lat' dir='ltr'><strong>instructibilium.</strong></span> <span class='ocrx_word' id='word_1_760' title='bbox 1041 5197 1253 5263; x_wconf 77' lang='lat' dir='ltr'><strong>Antiqui</strong></span> <span class='ocrx_word' id='word_1_761' title='bbox 1280 5197 1383 5249; x_wconf 88' lang='lat' dir='ltr'><strong>duo</strong></span> <span class='ocrx_word' id='word_1_762' title='bbox 1409 5197 1541 5260; x_wconf 86' lang='lat' dir='ltr'><strong>libri,</strong></span> <span class='ocrx_word' id='word_1_763' title='bbox 1565 5192 1942 5253; x_wconf 56' lang='lat' dir='ltr'><strong>structibitium:</strong></span> 
     </span>
    </p>
   </div>
   <div class='ocr_carea' id='block_1_101' title="bbox 397 5260 1951 5341">
    <p class='ocr_par' dir='ltr' id='par_1_101' title="bbox 397 5260 1951 5341">
     <span class='ocr_line' id='line_1_101' title="bbox 397 5260 1951 5341; baseline 0.009 -31"><span class='ocrx_word' id='word_1_764' title='bbox 397 5260 562 5341; x_wconf 33' lang='lat' dir='ltr'><strong>cuius,</strong></span> <span class='ocrx_word' id='word_1_765' title='bbox 592 5261 1024 5341; x_wconf 71' lang='lat' dir='ltr'><strong>exstructibilium.</strong></span> <span class='ocrx_word' id='word_1_766' title='bbox 1059 5260 1290 5320; x_wconf 71' lang='lat' dir='ltr'><strong>Subinde</strong></span> <span class='ocrx_word' id='word_1_767' title='bbox 1309 5263 1457 5320; x_wconf 89' lang='lat' dir='ltr'><strong>Colb.</strong></span> <span class='ocrx_word' id='word_1_768' title='bbox 1481 5269 1761 5332; x_wconf 88' lang='lat' dir='ltr'><strong>secundus,</strong></span> <span class='ocrx_word' id='word_1_769' title='bbox 1792 5271 1951 5341; x_wconf 71' lang='lat' dir='ltr'><strong>signi-</strong></span> 
     </span>
    </p>
   </div>
   <div class='ocr_carea' id='block_1_102' title="bbox 397 5329 1111 5398">
    <p class='ocr_par' dir='ltr' id='par_1_102' title="bbox 397 5329 1111 5398">
     <span class='ocr_line' id='line_1_102' title="bbox 397 5329 1111 5398; baseline 0.013 -19"><span class='ocrx_word' id='word_1_770' title='bbox 397 5329 563 5398; x_wconf 60' lang='lat' dir='ltr'><strong>ﬁcatis</strong></span> <span class='ocrx_word' id='word_1_771' title='bbox 587 5332 981 5398; x_wconf 87' lang='lat' dir='ltr'><strong>accommodata,</strong></span> <span class='ocrx_word' id='word_1_772' title='bbox 1007 5342 1111 5388; x_wconf 87' lang='lat' dir='ltr'><strong>etc.</strong></span> 
     </span>
    </p>
   </div>
   <div class='ocr_carea' id='block_1_103' title="bbox 469 5396 1944 5474">
    <p class='ocr_par' dir='ltr' id='par_1_103' title="bbox 469 5396 1944 5474">
     <span class='ocr_line' id='line_1_103' title="bbox 469 5396 1944 5474; baseline 0.005 -22"><span class='ocrx_word' id='word_1_773' title='bbox 469 5396 672 5474; x_wconf 71' lang='lat' dir='ltr'><strong>d_Co_l_b.</strong></span> <span class='ocrx_word' id='word_1_774' title='bbox 721 5396 998 5474; x_wconf 80' lang='lat' dir='ltr'><strong>secundus,</strong></span> <span class='ocrx_word' id='word_1_775' title='bbox 1046 5404 1114 5455; x_wconf 87' lang='lat' dir='ltr'><strong>ad</strong></span> <span class='ocrx_word' id='word_1_776' title='bbox 1159 5406 1418 5472; x_wconf 68' lang='lat' dir='ltr'><strong>praeterita</strong></span> <span class='ocrx_word' id='word_1_777' title='bbox 1463 5408 1753 5474; x_wconf 82' lang='lat' dir='ltr'><strong>repetendo,</strong></span> <span class='ocrx_word' id='word_1_778' title='bbox 1803 5407 1944 5460; x_wconf 89' lang='lat' dir='ltr'><strong>haud</strong></span> 
     </span>
    </p>
   </div>
   <div class='ocr_carea' id='block_1_104' title="bbox 395 5467 1945 5541">
    <p class='ocr_par' dir='ltr' id='par_1_104' title="bbox 395 5467 1945 5541">
     <span class='ocr_line' id='line_1_104' title="bbox 395 5467 1945 5541; baseline 0.006 -21"><span class='ocrx_word' id='word_1_779' title='bbox 395 5467 631 5541; x_wconf 73' lang='lat' dir='ltr'><strong>dissimili</strong></span> <span class='ocrx_word' id='word_1_780' title='bbox 665 5467 1300 5541; x_wconf 20' lang='lat' dir='ltr'><strong>sensu.AAliquanto&#39;post</strong></span> <span class='ocrx_word' id='word_1_781' title='bbox 1328 5474 1464 5528; x_wconf 89' lang='lat' dir='ltr'><strong>idem</strong></span> <span class='ocrx_word' id='word_1_782' title='bbox 1493 5467 1683 5541; x_wconf 80' lang='lat' dir='ltr'><strong>codex,</strong></span> <span class='ocrx_word' id='word_1_783' title='bbox 1707 5484 1753 5528; x_wconf 89' lang='lat' dir='ltr'><strong>et</strong></span> <span class='ocrx_word' id='word_1_784' title='bbox 1781 5477 1945 5529; x_wconf 78' lang='lat' dir='ltr'><strong>sensi-</strong></span> 
     </span>
    </p>
   </div>
   <div class='ocr_carea' id='block_1_105' title="bbox 397 5534 1940 5658">
    <p class='ocr_par' dir='ltr' id='par_1_105' title="bbox 397 5534 1940 5658">
     <span class='ocr_line' id='line_1_105' title="bbox 397 5534 1940 5658; baseline 0.006 -71"><span class='ocrx_word' id='word_1_785' title='bbox 397 5534 518 5658; x_wconf 56' lang='lat' dir='ltr'><strong>:n&#39;l‘ia</strong></span> <span class='ocrx_word' id='word_1_786' title='bbox 544 5537 744 5593; x_wconf 82' lang='lat' dir='ltr'><strong>tribuat.</strong></span> <span class='ocrx_word' id='word_1_787' title='bbox 769 5534 999 5596; x_wconf 73' lang='lat' dir='ltr'><strong>Subinde</strong></span> <span class='ocrx_word' id='word_1_788' title='bbox 1029 5542 1114 5596; x_wconf 89' lang='lat' dir='ltr'><strong>ille</strong></span> <span class='ocrx_word' id='word_1_789' title='bbox 1142 5534 1252 5611; x_wconf 80' lang='lat' dir='ltr'><strong>ipse</strong></span> <span class='ocrx_word' id='word_1_790' title='bbox 1273 5544 1456 5606; x_wconf 82' lang='lat' dir='ltr'><strong>codex,</strong></span> <span class='ocrx_word' id='word_1_791' title='bbox 1482 5562 1513 5596; x_wconf 88' lang='lat' dir='ltr'><strong>a</strong></span> <span class='ocrx_word' id='word_1_792' title='bbox 1544 5534 1718 5598; x_wconf 60' lang='lat' dir='ltr'><strong>muniti</strong></span> <span class='ocrx_word' id='word_1_793' title='bbox 1745 5547 1940 5598; x_wconf 84' lang='lat' dir='ltr'><strong>consti-</strong></span> 
     </span>
     <span class='ocr_line' id='line_1_106' title="bbox 420 5621 606 5658; baseline 0 0"><span class='ocrx_word' id='word_1_794' title='bbox 420 5621 452 5658; x_wconf 83' lang='grc' dir='ltr'><strong>ιι</strong></span> <span class='ocrx_word' id='word_1_795' title='bbox 473 5622 606 5658; x_wconf 75' lang='lat' dir='ltr'><strong>iane.</strong></span> 
     </span>
    </p>
   </div>
   <div class='ocr_carea' id='block_1_106' title="bbox 420 5616 606 5661">
    <p class='ocr_par' dir='ltr' id='par_1_106' title="bbox 420 5616 606 5661">
     <span class='ocr_line' id='line_1_107' title="bbox 420 5616 606 5661; baseline 0.005 -2"><span class='ocrx_word' id='word_1_796' title='bbox 420 5616 586 5661; x_wconf 80' lang='lat' dir='ltr'><strong>unone</strong></span> <span class='ocrx_word' id='word_1_797' title='bbox 595 5648 606 5660; x_wconf 90' lang='lat'><strong>.</strong></span> 
     </span>
    </p>
   </div>
   <div class='ocr_carea' id='block_1_107' title="bbox 2062 4513 3618 4580">
    <p class='ocr_par' dir='ltr' id='par_1_107' title="bbox 2062 4513 3618 4580">
     <span class='ocr_line' id='line_1_108' title="bbox 2062 4513 3618 4580; baseline -0.002 -4"><span class='ocrx_word' id='word_1_798' title='bbox 2062 4515 2396 4578; x_wconf 85' lang='lat' dir='ltr'><strong>conﬁrment,</strong></span> <span class='ocrx_word' id='word_1_799' title='bbox 2425 4513 2561 4565; x_wconf 87' lang='lat' dir='ltr'><strong>sicut</strong></span> <span class='ocrx_word' id='word_1_800' title='bbox 2604 4525 2671 4563; x_wconf 87' lang='lat' dir='ltr'><strong>ex</strong></span> <span class='ocrx_word' id='word_1_801' title='bbox 2719 4525 2943 4580; x_wconf 89' lang='lat' dir='ltr'><strong>corpore</strong></span> <span class='ocrx_word' id='word_1_802' title='bbox 2991 4513 3247 4578; x_wconf 86' lang='lat' dir='ltr'><strong>umbram,</strong></span> <span class='ocrx_word' id='word_1_803' title='bbox 3290 4515 3373 4569; x_wconf 83' lang='lat' dir='ltr'><strong>vel</strong></span> <span class='ocrx_word' id='word_1_804' title='bbox 3401 4530 3465 4568; x_wconf 85' lang='lat' dir='ltr'><strong>ex</strong></span> <span class='ocrx_word' id='word_1_805' title='bbox 3497 4517 3618 4572; x_wconf 91' lang='lat' dir='ltr'><strong>luce</strong></span> 
     </span>
    </p>
   </div>
   <div class='ocr_carea' id='block_1_108' title="bbox 2131 4640 3610 4711">
    <p class='ocr_par' dir='ltr' id='par_1_108' title="bbox 2131 4640 3610 4711">
     <span class='ocr_line' id='line_1_109' title="bbox 2131 4640 3610 4711; baseline -0.001 -9"><span class='ocrx_word' id='word_1_806' title='bbox 2131 4661 2152 4690; x_wconf 74' lang='grc' dir='ltr'><strong>ο</strong></span> <span class='ocrx_word' id='word_1_807' title='bbox 2183 4648 2344 4711; x_wconf 91' lang='lat' dir='ltr'><strong>Editi,</strong></span> <span class='ocrx_word' id='word_1_808' title='bbox 2376 4663 2487 4699; x_wconf 90' lang='lat' dir='ltr'><strong>cum</strong></span> <span class='ocrx_word' id='word_1_809' title='bbox 2525 4642 2672 4697; x_wconf 81' lang='lat' dir='ltr'><strong>illud.</strong></span> <span class='ocrx_word' id='word_1_810' title='bbox 2713 4640 2894 4694; x_wconf 80' lang='lat' dir='ltr'><strong>Codex</strong></span> <span class='ocrx_word' id='word_1_811' title='bbox 2940 4649 3140 4711; x_wconf 88' lang='lat' dir='ltr'><strong>noster,</strong></span> <span class='ocrx_word' id='word_1_812' title='bbox 3180 4645 3417 4711; x_wconf 87' lang='lat' dir='ltr'><strong>quoniam</strong></span> <span class='ocrx_word' id='word_1_813' title='bbox 3461 4647 3610 4701; x_wconf 78' lang='lat' dir='ltr'><strong>illud.</strong></span> 
     </span>
    </p>
   </div>
   <div class='ocr_carea' id='block_1_109' title="bbox 2055 4710 3648 4792">
    <p class='ocr_par' dir='ltr' id='par_1_109' title="bbox 2055 4710 3648 4792">
     <span class='ocr_line' id='line_1_110' title="bbox 2055 4710 3648 4792; baseline -0.003 -16"><span class='ocrx_word' id='word_1_814' title='bbox 2055 4721 2208 4776; x_wconf 86' lang='lat' dir='ltr'><strong>Colb.</strong></span> <span class='ocrx_word' id='word_1_815' title='bbox 2239 4710 2517 4792; x_wconf 81' lang='lat' dir='ltr'><strong>secundus,</strong></span> <span class='ocrx_word' id='word_1_816' title='bbox 2547 4713 2785 4783; x_wconf 86' lang='lat' dir='ltr'><strong>quoniam</strong></span> <span class='ocrx_word' id='word_1_817' title='bbox 2813 4727 3027 4792; x_wconf 71' lang='lat' dir='ltr'><strong>semper.</strong></span> <span class='ocrx_word' id='word_1_818' title='bbox 3054 4710 3297 4778; x_wconf 84' lang='lat' dir='ltr'><strong>Basilius,</strong></span> <span class='ocrx_word' id='word_1_819' title='bbox 3320 4721 3410 4767; x_wconf 86' lang='grc' dir='ltr'><strong>τοῦ</strong></span> <span class='ocrx_word' id='word_1_820' title='bbox 3430 4715 3613 4792; x_wconf 77' lang='grc' dir='ltr'><strong>διαιρε-</strong></span> <span class='ocrx_word' id='word_1_821' title='bbox 3643 4743 3648 4754; x_wconf 90' lang='grc'>·</span> 
     </span>
    </p>
   </div>
   <div class='ocr_carea' id='block_1_110' title="bbox 2056 4784 2929 4855">
    <p class='ocr_par' dir='ltr' id='par_1_110' title="bbox 2056 4784 2929 4855">
     <span class='ocr_line' id='line_1_111' title="bbox 2056 4784 2929 4855; baseline -0.016 -11"><span class='ocrx_word' id='word_1_822' title='bbox 2056 4795 2219 4849; x_wconf 80' lang='grc' dir='ltr'><strong>θέντος</strong></span> <span class='ocrx_word' id='word_1_823' title='bbox 2243 4790 2322 4855; x_wconf 61' lang='grc' dir='ltr'><strong>ἀεὶ</strong></span> <span class='ocrx_word' id='word_1_824' title='bbox 2350 4788 2417 4845; x_wconf 85' lang='grc' dir='ltr'><strong>εἰς</strong></span> <span class='ocrx_word' id='word_1_825' title='bbox 2441 4788 2590 4855; x_wconf 81' lang='grc' dir='ltr'><strong>ἔτερα</strong></span> <span class='ocrx_word' id='word_1_826' title='bbox 2617 4784 2929 4855; x_wconf 54' lang='grc' dir='ltr'><strong>τεμνομένου.</strong></span> 
     </span>
    </p>
   </div>
   <div class='ocr_carea' id='block_1_111' title="bbox 2131 4847 3615 4920">
    <p class='ocr_par' dir='ltr' id='par_1_111' title="bbox 2131 4847 3615 4920">
     <span class='ocr_line' id='line_1_112' title="bbox 2131 4847 3615 4920; baseline -0.009 -10"><span class='ocrx_word' id='word_1_827' title='bbox 2131 4858 2149 4896; x_wconf 71' lang='grc' dir='ltr'><em>τ</em></span> <span class='ocrx_word' id='word_1_828' title='bbox 2180 4847 2270 4910; x_wconf 88' lang='lat' dir='ltr'><strong>Sic</strong></span> <span class='ocrx_word' id='word_1_829' title='bbox 2297 4853 2446 4908; x_wconf 90' lang='lat' dir='ltr'><strong>Colb.</strong></span> <span class='ocrx_word' id='word_1_830' title='bbox 2479 4847 2772 4920; x_wconf 76' lang='lat' dir='ltr'><strong>secundus.</strong></span> <span class='ocrx_word' id='word_1_831' title='bbox 2791 4847 2902 4920; x_wconf 81' lang='lat' dir='ltr'><strong>Vox</strong></span> <span class='ocrx_word' id='word_1_832' title='bbox 2926 4847 3184 4920; x_wconf 70' lang='lat' dir='ltr'><strong>sciendum</strong></span> <span class='ocrx_word' id='word_1_833' title='bbox 3205 4847 3352 4902; x_wconf 90' lang='lat' dir='ltr'><strong>abest</strong></span> <span class='ocrx_word' id='word_1_834' title='bbox 3377 4864 3405 4902; x_wconf 88' lang='lat' dir='ltr'><strong>a</strong></span> <span class='ocrx_word' id='word_1_835' title='bbox 3428 4853 3615 4920; x_wconf 72' lang='lat' dir='ltr'><strong>vulga.</strong></span> 
     </span>
    </p>
   </div>
   <div class='ocr_carea' id='block_1_112' title="bbox 2057 4917 3612 4984">
    <p class='ocr_par' dir='ltr' id='par_1_112' title="bbox 2057 4917 3612 4984">
     <span class='ocr_line' id='line_1_113' title="bbox 2057 4917 3612 4984; baseline -0.008 -3"><span class='ocrx_word' id='word_1_836' title='bbox 2057 4929 2143 4981; x_wconf 91' lang='lat' dir='ltr'><strong>tis.</strong></span> <span class='ocrx_word' id='word_1_837' title='bbox 2168 4926 2291 4978; x_wconf 83' lang='lat' dir='ltr'><strong>Mox</strong></span> <span class='ocrx_word' id='word_1_838' title='bbox 2318 4922 2466 4975; x_wconf 86' lang='lat' dir='ltr'><strong>Colb.</strong></span> <span class='ocrx_word' id='word_1_839' title='bbox 2499 4918 2782 4977; x_wconf 88' lang='lat' dir='ltr'><strong>secundus,</strong></span> <span class='ocrx_word' id='word_1_840' title='bbox 2814 4917 3093 4967; x_wconf 80' lang='lat' dir='ltr'><strong>videntibus</strong></span> <span class='ocrx_word' id='word_1_841' title='bbox 3115 4917 3544 4984; x_wconf 50' lang='lat' dir='ltr'><strong>demonstratur;</strong></span> <span class='ocrx_word' id='word_1_842' title='bbox 3556 4932 3612 4978; x_wconf 76' lang='lat' dir='ltr'><strong>et</strong></span> 
     </span>
    </p>
   </div>
   <div class='ocr_carea' id='block_1_113' title="bbox 2057 4986 3611 5062">
    <p class='ocr_par' dir='ltr' id='par_1_113' title="bbox 2057 4986 3611 5062">
     <span class='ocr_line' id='line_1_114' title="bbox 2057 4986 3611 5062; baseline -0.001 -16"><span class='ocrx_word' id='word_1_843' title='bbox 2057 4997 2130 5050; x_wconf 82' lang='lat' dir='ltr'><strong>ita</strong></span> <span class='ocrx_word' id='word_1_844' title='bbox 2150 5006 2363 5062; x_wconf 82' lang='lat' dir='ltr'><strong>quoque</strong></span> <span class='ocrx_word' id='word_1_845' title='bbox 2395 4990 2647 5062; x_wconf 86' lang='lat' dir='ltr'><strong>scriptum</strong></span> <span class='ocrx_word' id='word_1_846' title='bbox 2678 4986 2973 5062; x_wconf 53' lang='lat' dir='ltr'><strong>invertimus</strong></span> <span class='ocrx_word' id='word_1_847' title='bbox 3000 4986 3050 5062; x_wconf 79' lang='lat' dir='ltr'><strong>in</strong></span> <span class='ocrx_word' id='word_1_848' title='bbox 3080 4995 3260 5062; x_wconf 75' lang='lat' dir='ltr'><strong>nostro</strong></span> <span class='ocrx_word' id='word_1_849' title='bbox 3289 4988 3491 5062; x_wconf 78' lang='lat' dir='ltr'><strong>codice,</strong></span> <span class='ocrx_word' id='word_1_850' title='bbox 3516 4993 3611 5048; x_wconf 92' lang='lat' dir='ltr'><strong>sed</strong></span> 
     </span>
    </p>
   </div>
   <div class='ocr_carea' id='block_1_114' title="bbox 2053 5005 3612 5118">
    <p class='ocr_par' dir='ltr' id='par_1_114' title="bbox 2053 5005 3612 5118">
     <span class='ocr_line' id='line_1_115' title="bbox 2057 5005 3611 5062; baseline -0.001 -16"><span class='ocrx_word' id='word_1_851' title='bbox 2057 5005 2130 5050; x_wconf 81' lang='lat' dir='ltr'><strong>ita</strong></span> <span class='ocrx_word' id='word_1_852' title='bbox 2150 5006 2363 5062; x_wconf 87' lang='lat' dir='ltr'><strong>quoque</strong></span> <span class='ocrx_word' id='word_1_853' title='bbox 2395 5005 2496 5044; x_wconf 86' lang='lat' dir='ltr'><strong>scrt</strong></span> <span class='ocrx_word' id='word_1_854' title='bbox 2534 5005 2647 5040; x_wconf 88' lang='lat' dir='ltr'><strong>tum</strong></span> <span class='ocrx_word' id='word_1_855' title='bbox 2678 5005 2973 5039; x_wconf 83' lang='lat' dir='ltr'><strong>mvemmus</strong></span> <span class='ocrx_word' id='word_1_856' title='bbox 3000 5005 3050 5037; x_wconf 88' lang='lat' dir='ltr'><strong>Ill</strong></span> <span class='ocrx_word' id='word_1_857' title='bbox 3081 5005 3260 5039; x_wconf 84' lang='lat' dir='ltr'><strong>nosu&#39;o</strong></span> <span class='ocrx_word' id='word_1_858' title='bbox 3289 5005 3491 5053; x_wconf 84' lang='lat' dir='ltr'><strong>comce,</strong></span> <span class='ocrx_word' id='word_1_859' title='bbox 3516 5005 3611 5048; x_wconf 86' lang='lat' dir='ltr'><strong>sed</strong></span> 
     </span>
     <span class='ocr_line' id='line_1_116' title="bbox 2053 5005 3612 5118; baseline -0.004 -1"><span class='ocrx_word' id='word_1_860' title='bbox 2053 5061 2284 5118; x_wconf 86' lang='lat' dir='ltr'><strong>secunda</strong></span> <span class='ocrx_word' id='word_1_861' title='bbox 2308 5074 2468 5113; x_wconf 87' lang='lat' dir='ltr'><strong>manu</strong></span> <span class='ocrx_word' id='word_1_862' title='bbox 2493 5005 2766 5110; x_wconf 59' lang='lat' dir='ltr'><strong>guntaxat.</strong></span> <span class='ocrx_word' id='word_1_863' title='bbox 2800 5052 2957 5118; x_wconf 85' lang='lat' dir='ltr'><strong>Editi,</strong></span> <span class='ocrx_word' id='word_1_864' title='bbox 2986 5054 3258 5106; x_wconf 75' lang='lat' dir='ltr'><strong>visentibus</strong></span> <span class='ocrx_word' id='word_1_865' title='bbox 3289 5055 3612 5112; x_wconf 70' lang='lat' dir='ltr'><strong>demonstra-</strong></span> 
     </span>
    </p>
   </div>
   <div class='ocr_carea' id='block_1_115' title="bbox 2053 5143 2152 5186">
    <p class='ocr_par' dir='ltr' id='par_1_115' title="bbox 2053 5143 2152 5186">
     <span class='ocr_line' id='line_1_117' title="bbox 2053 5143 2152 5186; baseline -0.01 0"><span class='ocrx_word' id='word_1_866' title='bbox 2053 5143 2152 5186; x_wconf 86' lang='lat' dir='ltr'><strong>tur.</strong></span> 
     </span>
    </p>
   </div>
   <div class='ocr_carea' id='block_1_116' title="bbox 2123 5188 3612 5259">
    <p class='ocr_par' dir='ltr' id='par_1_116' title="bbox 2123 5188 3612 5259">
     <span class='ocr_line' id='line_1_118' title="bbox 2123 5188 3612 5259; baseline -0.003 -7"><span class='ocrx_word' id='word_1_867' title='bbox 2123 5210 2148 5247; x_wconf 72' lang='grc' dir='ltr'><strong><em>ε</em></strong></span> <span class='ocrx_word' id='word_1_868' title='bbox 2179 5198 2349 5259; x_wconf 90' lang='lat' dir='ltr'><strong>Editi,</strong></span> <span class='ocrx_word' id='word_1_869' title='bbox 2380 5195 2727 5248; x_wconf 74' lang='lat' dir='ltr'><strong>architectura:</strong></span> <span class='ocrx_word' id='word_1_870' title='bbox 2754 5200 2802 5244; x_wconf 89' lang='lat' dir='ltr'><strong>et</strong></span> <span class='ocrx_word' id='word_1_871' title='bbox 2840 5191 2920 5243; x_wconf 77' lang='lat' dir='ltr'><strong>his</strong></span> <span class='ocrx_word' id='word_1_872' title='bbox 2947 5190 3207 5242; x_wconf 81' lang='lat' dir='ltr'><strong>similium.</strong></span> <span class='ocrx_word' id='word_1_873' title='bbox 3237 5188 3385 5245; x_wconf 87' lang='lat' dir='ltr'><strong>Colb.</strong></span> <span class='ocrx_word' id='word_1_874' title='bbox 3419 5202 3612 5249; x_wconf 80' lang='lat' dir='ltr'><strong>secun-</strong></span> 
     </span>
    </p>
   </div>
   <div class='ocr_carea' id='block_1_117' title="bbox 2052 5259 3612 5332">
    <p class='ocr_par' dir='ltr' id='par_1_117' title="bbox 2052 5259 3612 5332">
     <span class='ocr_line' id='line_1_119' title="bbox 2052 5259 3612 5332; baseline -0.004 -9"><span class='ocrx_word' id='word_1_875' title='bbox 2052 5268 2170 5332; x_wconf 83' lang='lat' dir='ltr'><strong>dus,</strong></span> <span class='ocrx_word' id='word_1_876' title='bbox 2194 5267 2544 5319; x_wconf 76' lang='lat' dir='ltr'><strong>architectura:</strong></span> <span class='ocrx_word' id='word_1_877' title='bbox 2563 5273 2611 5332; x_wconf 82' lang='lat' dir='ltr'><strong>et</strong></span> <span class='ocrx_word' id='word_1_878' title='bbox 2639 5273 2850 5332; x_wconf 64' lang='lat' dir='ltr'><strong>tegcturae</strong></span> <span class='ocrx_word' id='word_1_879' title='bbox 2875 5268 2924 5332; x_wconf 77' lang='lat' dir='ltr'><strong>et</strong></span> <span class='ocrx_word' id='word_1_880' title='bbox 2950 5261 3014 5311; x_wconf 82' lang='lat' dir='ltr'><strong>iis</strong></span> <span class='ocrx_word' id='word_1_881' title='bbox 3042 5259 3310 5312; x_wconf 80' lang='lat' dir='ltr'><strong>similium:</strong></span> <span class='ocrx_word' id='word_1_882' title='bbox 3341 5277 3457 5328; x_wconf 69' lang='lat' dir='ltr'><strong>qua:</strong></span> <span class='ocrx_word' id='word_1_883' title='bbox 3478 5267 3612 5317; x_wconf 89' lang='lat' dir='ltr'><strong>scri-</strong></span> 
     </span>
    </p>
   </div>
   <div class='ocr_carea' id='block_1_118' title="bbox 2052 5329 3608 5407">
    <p class='ocr_par' dir='ltr' id='par_1_118' title="bbox 2052 5329 3608 5407">
     <span class='ocr_line' id='line_1_120' title="bbox 2052 5329 3608 5407; baseline -0.011 -17"><span class='ocrx_word' id='word_1_884' title='bbox 2052 5329 2209 5407; x_wconf 84' lang='lat' dir='ltr'><strong>ptura</strong></span> <span class='ocrx_word' id='word_1_885' title='bbox 2244 5335 2523 5407; x_wconf 79' lang='lat' dir='ltr'><strong>quin_ver_a</strong></span> <span class='ocrx_word' id='word_1_886' title='bbox 2567 5331 2634 5383; x_wconf 91' lang='lat' dir='ltr'><strong>sit</strong></span> <span class='ocrx_word' id='word_1_887' title='bbox 2670 5329 2896 5407; x_wconf 80' lang='lat' dir='ltr'><strong>dubitari</strong></span> <span class='ocrx_word' id='word_1_888' title='bbox 2926 5343 3032 5407; x_wconf 80' lang='lat' dir='ltr'><strong>non</strong></span> <span class='ocrx_word' id='word_1_889' title='bbox 3060 5335 3272 5396; x_wconf 86' lang='lat' dir='ltr'><strong>potest,</strong></span> <span class='ocrx_word' id='word_1_890' title='bbox 3304 5344 3426 5384; x_wconf 90' lang='lat' dir='ltr'><strong>cum</strong></span> <span class='ocrx_word' id='word_1_891' title='bbox 3454 5332 3608 5404; x_wconf 70' lang='lat' dir='ltr'><strong>lega-</strong></span> 
     </span>
    </p>
   </div>
   <div class='ocr_carea' id='block_1_119' title="bbox 2054 5399 3460 5471">
    <p class='ocr_par' dir='ltr' id='par_1_119' title="bbox 2054 5399 3460 5471">
     <span class='ocr_line' id='line_1_121' title="bbox 2054 5399 3460 5471; baseline -0.014 -11"><span class='ocrx_word' id='word_1_892' title='bbox 2054 5399 2171 5459; x_wconf 75' lang='lat' dir='ltr'><strong>inus</strong></span> <span class='ocrx_word' id='word_1_893' title='bbox 2195 5399 2330 5471; x_wconf 79' lang='lat' dir='ltr'><strong>apud</strong></span> <span class='ocrx_word' id='word_1_894' title='bbox 2361 5401 2639 5471; x_wconf 85' lang='lat' dir='ltr'><strong>Basilium,</strong></span> <span class='ocrx_word' id='word_1_895' title='bbox 2655 5399 3050 5471; x_wconf 53' lang='lat' dir='ltr'><strong>xaijtqtgtv‘rtzﬁc.</strong></span> <span class='ocrx_word' id='word_1_896' title='bbox 3306 5469 3319 5471; x_wconf 15' lang='grc' dir='ltr'>ξ</span> <span class='ocrx_word' id='word_1_897' title='bbox 3455 5399 3460 5404; x_wconf 84' lang='lat'><strong><em>‘</em></strong></span> 
     </span>
    </p>
   </div>
   <div class='ocr_carea' id='block_1_120' title="bbox 2121 5465 3609 5538">
    <p class='ocr_par' dir='ltr' id='par_1_120' title="bbox 2121 5465 3609 5538">
     <span class='ocr_line' id='line_1_122' title="bbox 2121 5465 3609 5538; baseline -0.009 -13"><span class='ocrx_word' id='word_1_898' title='bbox 2121 5472 2149 5510; x_wconf 67' lang='grc' dir='ltr'><strong>ιι</strong></span> <span class='ocrx_word' id='word_1_899' title='bbox 2178 5465 2335 5533; x_wconf 83' lang='lat' dir='ltr'><strong>Editi,</strong></span> <span class='ocrx_word' id='word_1_900' title='bbox 2370 5472 2530 5538; x_wconf 80' lang='lat' dir='ltr'><strong>fertur</strong></span> <span class='ocrx_word' id='word_1_901' title='bbox 2561 5470 2713 5520; x_wconf 87' lang='lat' dir='ltr'><strong>enim.</strong></span> <span class='ocrx_word' id='word_1_902' title='bbox 2738 5465 3131 5538; x_wconf 62' lang='lat' dir='ltr'><strong>Co&#39;dexnoster</strong></span> <span class='ocrx_word' id='word_1_903' title='bbox 3154 5475 3212 5538; x_wconf 91' lang='lat' dir='ltr'><strong>et_</strong></span> <span class='ocrx_word' id='word_1_904' title='bbox 3229 5469 3609 5538; x_wconf 72' lang='lat' dir='ltr'><strong>Colb._secun-</strong></span> 
     </span>
    </p>
   </div>
   <div class='ocr_carea' id='block_1_121' title="bbox 2048 5533 3608 5609">
    <p class='ocr_par' dir='ltr' id='par_1_121' title="bbox 2048 5533 3608 5609">
     <span class='ocr_line' id='line_1_123' title="bbox 2048 5533 3608 5609; baseline -0.003 -14"><span class='ocrx_word' id='word_1_905' title='bbox 2048 5541 2168 5606; x_wconf 91' lang='lat' dir='ltr'><strong>dus,</strong></span> <span class='ocrx_word' id='word_1_906' title='bbox 2194 5533 2380 5609; x_wconf 69' lang='lat' dir='ltr'><strong>ferunt.</strong></span> <span class='ocrx_word' id='word_1_907' title='bbox 2409 5538 2686 5605; x_wconf 82' lang='lat' dir='ltr'><strong>Aliquanto</strong></span> <span class='ocrx_word' id='word_1_908' title='bbox 2705 5543 2826 5605; x_wconf 88' lang='lat' dir='ltr'><strong>post</strong></span> <span class='ocrx_word' id='word_1_909' title='bbox 2845 5533 2994 5589; x_wconf 88' lang='lat' dir='ltr'><strong>Colb.</strong></span> <span class='ocrx_word' id='word_1_910' title='bbox 3018 5534 3298 5596; x_wconf 85' lang='lat' dir='ltr'><strong>secundus,</strong></span> <span class='ocrx_word' id='word_1_911' title='bbox 3321 5534 3396 5587; x_wconf 79' lang='lat' dir='ltr'><strong>vel</strong></span> <span class='ocrx_word' id='word_1_912' title='bbox 3411 5552 3474 5589; x_wconf 77' lang='lat' dir='ltr'><strong>ea:</strong></span> <span class='ocrx_word' id='word_1_913' title='bbox 3495 5538 3608 5591; x_wconf 77' lang='lat' dir='ltr'><strong>luce</strong></span> 
     </span>
    </p>
   </div>
   <div class='ocr_carea' id='block_1_122' title="bbox 2053 5610 2384 5680">
    <p class='ocr_par' dir='ltr' id='par_1_122' title="bbox 2053 5610 2384 5680">
     <span class='ocr_line' id='line_1_124' title="bbox 2053 5610 2384 5680; baseline -0.015 -17"><span class='ocrx_word' id='word_1_914' title='bbox 2053 5610 2384 5680; x_wconf 62' lang='lat' dir='ltr'><strong>*plendorem.</strong></span> 
     </span>
    </p>
   </div>
  </div>
