3824 6214
199 344 312 401 877

939 307 1316 405 EUSTATllll
1361 337 1765 402 llEXAEMERl
1807 340 2297 407 METAPHRASIS
2335 345 2540 406 LIBER
2576 347 2618 408 Ι.

3337 347 3440 409 878

189 481 485 552 fulgorem.
512 480 709 534 Veiens
731 477 909 546 itaque
937 475 1236 544 hujusmodi
1263 491 1499 530 errorem
1521 475 1779 545 propheta
1808 477 1853 532 Α
1882 474 1972 540 qui
1995 474 2210 528 minime
2231 473 2420 527 fortem
2447 489 2785 544 crassamque
2806 483 3046 530 naturam
3077 477 3131 530 in
3155 472 3276 533 οωιί
3300 493 3436 532 com-

190 574 502 641 corrigere,
534 573 635 626 hac
671 570 956 624 verborum
994 568 1286 622 subtilitate
1329 568 1507 637 potius
1547 585 1670 621 usus
1698 572 1779 620 est

193 664 392 722 dicens
425 681 439 716 :
473 661 539 717 In
567 661 819 733 principio
863 661 982 731 fecit
1029 659 1190 724 Deus,
1223 659 1274 713 id
1319 667 1399 713 est
1429 675 1534 713 non
1563 673 1778 712 causam

194 755 449 826 praestitit
470 761 527 808 ut
549 759 693 808 esset
712 752 902 815 solum,
934 750 1028 804 sed
1059 751 1177 820 fecit
1210 758 1266 803 ut
1293 751 1464 804 bonus
1491 749 1693 809 utilem,
1719 755 1778 800 ut

190 847 413 916 sapiens
441 847 733 913 optimum,
775 849 835 895 ut
879 848 1070 910 potens
1113 841 1422 893 maximum.
1453 837 1586 892 Cum
1632 837 1775 890 enim

193 936 328 990 dicit
353 953 366 986 :
401 933 537 1000 Quia
565 932 709 994 fecit,
740 931 1024 1000 quemdam
1052 930 1168 984 sine
1188 928 1349 983 dubio
1377 928 1615 982 declarat
1643 926 1774 980 arti-

192 1022 376 1090 ficem,
402 1023 493 1091 qui
517 1021 844 1088 singulorum
865 1019 1255 1086 compositione
1275 1017 1657 1078 membrorum,
1677 1030 1775 1085 per

190 1114 378 1168 omnia
407 1110 817 1164 convenientem
861 1108 1075 1162 sibimet
1102 1115 1158 1161 et
1184 1119 1476 1172 congruum
1523 1105 1774 1159 formavit

190 1202 472 1255 mundum.
508 1199 573 1252 In
601 1200 853 1268 principio
893 1198 1011 1267 fecit
1057 1196 1196 1250 Deus
1240 1196 1420 1250 caelum
1466 1204 1515 1248 et
1559 1203 1768 1247 terram.

179 1289 444 1358 708E:
470 1290 682 1346 duobus
729 1292 894 1360 igitur
937 1291 1301 1345 summatibus
1337 1289 1770 1354 elementis,om-

184 1378 338 1431 nium
363 1380 724 1436 substantiam
769 1381 1068 1452 designata
1086 1389 1419 1436 exstructam
1443 1396 1456 1432 :
1481 1378 1620 1434 cmlo
1641 1379 1767 1447 qui-

179 1471 305 1525 dem
325 1473 603 1543 privilrgia
618 1475 864 1543 digniora
879 1475 1253 1540 contribuens,
1269 1486 1470 1531 terram
1484 1489 1612 1528 vero
1627 1474 1678 1526 in
1693 1488 1772 1526 se-

184 1559 365 1613 cundo
387 1568 756 1612 creaturarum
787 1558 907 1610 loco
935 1555 1266 1609 constituens
1290 1571 1304 1618 ;
1337 1561 1392 1607 et
1411 1554 1454 1607 si
1477 1553 1601 1622 quid
1629 1553 1765 1605 alius

182 1657 267 1700 est
294 1646 550 1707 medium,
582 1661 702 1699 cum
744 1644 1124 1713 principalibus
1165 1644 1280 1697 istis
1323 1659 1427 1696 una
1469 1641 1764 1711 perfectum

182 1746 287 1790 est.
313 1736 393 1789 lta
421 1735 663 1802 quamvis
691 1734 822 1786 nihil
851 1733 916 1787 de
944 1748 1086 1795 aere,
1118 1733 1203 1786 vel
1234 1733 1373 1800 igne,
1404 1733 1488 1786 vel
1516 1747 1650 1799 aqua
1678 1731 1761 1783 di-

1881 563 2146 630 positione
2169 563 2458 617 substituit.
2491 563 2565 617 De
2593 564 2861 618 schemate
2883 565 3041 618 etiam
3067 565 3181 633 ejus
3218 568 3346 620 satis
3381 568 3450 621 ab

1879 666 1944 706 eo
1973 653 2173 706 dictum
2203 661 2305 718 est,
2341 670 2460 707 cum
2491 653 2876 721 gloriﬁcatione
2905 654 3016 708 Dei.
3047 651 3172 718 Quis
3203 656 3447 711 stabilivit

1877 741 2074 804 cazlum,
2115 751 2171 794 ut
2211 759 2466 795 cameram
2504 741 2656 812 (Isai.
2689 759 2777 808 XL,
2808 743 2936 813 ‘29)?
2966 743 3351 798 Eadem-etiam
3379 745 3448 800 de

1875 837 2023 886 terra
2045 833 2232 886 sentiri
2261 833 2542 889 suademus
2575 851 2586 886 :
2634 835 2851 888 minime
2880 835 3127 889 videlicet
3150 835 3444 890 discutien-

1875 928 1958 976 tes
1985 917 2157 990 qualis
2194 923 2265 977 sit
2295 922 2408 990 ejus
2434 923 2728 977 substantia
2748 963 2761 986 ,
2788 939 2884 978 nec
2905 923 3170 979 conﬁcere
3196 938 3216 961 ε
3240 942 3338 980 nos
3357 941 3445 980 co-

1873 1012 2217 1079 gitationibus
2269 1021 2665 1081 perscrutantes
2711 1012 2838 1082 quid
2891 1007 2942 1066 ei
2988 1014 3287 1082 subjaceat,
3342 1030 3440 1070 nec

1871 1105 2097 1156 serutari
2125 1111 2371 1158 naturam
2400 1104 2742 1171 qualitatibus
2769 1119 2990 1157 vacuam
3031 1113 3084 1157 et
3125 1103 3440 1171 informem,

1870 1191 1963 1245 sed
1994 1200 2198 1245 tantum
2227 1193 2364 1246 scire
2396 1208 2492 1245 nos
2520 1193 2788 1256 convenit,
2821 1193 2944 1261 quia
2967 1193 3145 1246 omnia
3167 1209 3284 1262 quae
3308 1209 3436 1262 erga

1870 1288 2065 1335 terram
2109 1283 2364 1343 videmus,
2415 1283 2480 1336 ad
2521 1284 2621 1337 hoc
2655 1284 2826 1337 solum
2870 1293 2927 1337 ut
2966 1293 3146 1338 essent
3192 1285 3435 1340 ordinata

1869 1379 2010 1433 sunt,
2037 1372 2230 1438 quibus
2250 1373 2407 1426 rebus
2436 1372 2730 1425 substantia
2761 1373 3140 1441 eompleretur.
3164 1366 3347 1442 Itaque
3371 1373 3437 1430 ad

1867 1463 2072 1516 nullum
2103 1464 2383 1531 pervenies
2413 1464 2714 1527 terminum,
2745 1465 2788 1517 si
2817 1464 3049 1531 singulas
3077 1464 3190 1532 ejus
3217 1465 3437 1532 qualita-

1864 1559 1948 1605 tes
1977 1553 2222 1622 pcrsequi
2251 1568 2498 1607 sermone
2535 1554 2840 1608 tentaveris.
2877 1553 2931 1607 Si
2957 1554 3097 1607 enim
3120 1553 3436 1610 discreveris

1865 1642 1981 1711 ejus
2011 1644 2295 1710 nigrorem,
2327 1644 2345 1680 ί
2379 1643 2737 1712 frigiditatem,
2760 1644 3164 1712 gravitudiuem,
3197 1645 3434 1700 densita-

1865 1740 1994 1799 tem,
2017 1739 2072 1785 et
2100 1748 2191 1785 eas
2213 1733 2495 1801 qualitates
2515 1749 2632 1802 qua:
2659 1749 2851 1802 sapore
2878 1741 3061 1802 gustus
3083 1736 3435 1803 comprehen-

182 1835 328 1882 ctum
355 1827 425 1879 sit
457 1845 468 1878 :
501 1836 554 1878 te
584 1833 762 1878 tamen
791 1824 1072 1892 prudentia
1103 1823 1316 1892 propria
1339 1837 1557 1876 necesse
1585 1829 1665 1875 est
1687 1822 1762 1874 in-
1790 1829 1835 1887 Β
1861 1823 2040 1877 sibilos
2069 1823 2350 1887 habentur,
2383 1823 2513 1876 nihil
2542 1825 2643 1877 erit
2671 1825 2882 1893 penitus
2917 1825 3060 1892 quod
3091 1825 3264 1879 telluri
3307 1827 3434 1880 sub-

179 1917 445 1984 telligere.
479 1913 658 1968 Primo
679 1915 914 1983 quidem,
938 1914 1062 1980 quia
1084 1913 1260 1966 omnia
1292 1911 1345 1966 in
1373 1912 1618 1966 omnibus
1639 1921 1760 1964 sunt

177 2009 470 2079 permixta.
503 2005 777 2075 Siquidem
808 2020 1019 2074 aquam,
1051 2011 1105 2058 et
1130 2019 1330 2070 aerem,
1353 2013 1405 2057 et
1445 2003 1616 2070 ignem
1648 2011 1756 2056 ter-

175 2113 250 2153 ra:
272 2097 548 2152 cohazrere
577 2096 933 2150 certissimum
961 2103 1044 2148 est
1068 2113 1079 2147 :
1117 2109 1241 2148 nam
1263 2101 1316 2147 ct
1344 2109 1410 2147 ex
1438 2094 1578 2148 ferro
1607 2101 1662 2147 et
1690 2108 1757 2146 ex

177 2185 449 2256 lapidibus
476 2186 610 2252 ignis
651 2199 748 2254 per
777 2184 802 2221 ι)
844 2184 1179 2239 fricationem
1208 2184 1345 2238 solet
1383 2184 1559 2238 excuti
1597 2202 1608 2235 :
1640 2199 1757 2252 quae

175 2279 368 2346 utique
396 2277 467 2332 de
494 2277 685 2330 tellure
707 2283 1016 2329 nascuntur.
1049 2273 1116 2327 Et
1143 2284 1225 2329 est
1252 2275 1444 2328 mirum
1487 2273 1756 2342 quomodo

171 2368 302 2422 dum
349 2369 403 2420 in
431 2366 742 2420 memoratis
789 2366 1031 2419 abstrusa
1069 2372 1150 2418 est
1186 2364 1415 2425 ﬂamma,
1444 2364 1758 2431 corporibus

172 2456 409 2511 habetur
438 2457 673 2520 innoxia,
705 2470 827 2509 cum
856 2469 984 2509 vero
1011 2453 1172 2508 fuerit
1199 2453 1528 2506 extrinsecus
1557 2451 1750 2516 elicita,

171 2546 404 2602 devorat
432 2561 550 2600 eam
578 2544 858 2599 materiam
879 2545 933 2598 in
957 2558 1062 2611 qua
1083 2542 1255 2596 fuerat
1275 2541 1558 2596 custodita.
1584 2540 1756 2608 Aqua-

171 2654 294 2693 rum
339 2652 557 2707 quoque
605 2645 850 2691 naturam
895 2637 1045 2690 venis
1086 2636 1305 2689 subesse
1351 2642 1610 2688 terrarum
1641 2635 1752 2687 l'os-

173 2745 327 2785 sores
357 2730 593 2784 indicant
621 2737 905 2798 puteorum
939 2746 951 2780 :
983 2727 1174 2796 quibus
1221 2726 1383 2780 etiam
1426 2740 1603 2779 aerem
1632 2740 1752 2778 esse

173 2822 498 2890 permixtum
540 2835 608 2873 ex
647 2835 713 2873 eo
753 2832 1078 2885 cognoscere
1128 2832 1431 2886 possumus,
1461 2815 1601 2884 quod
1631 2829 1750 2869 cum

172 2909 335 2965 fuerit
363 2911 668 2964 humectata
697 2907 872 2972 tellus,
901 2916 955 2961 et
976 2909 1286 2977 temperiem
1307 2907 1434 2960 solis
1462 2905 1746 2974 acceperit,

173 3016 300 3054 mox
320 3015 550 3069 vapores
573 2999 790 3053 exhalat
819 2998 1164 3064 largissimos.
1190 2995 1392 3049 Deinde
1419 2995 1461 3048 si
1490 2993 1747 3047 naturali-

173 3100 258 3145 ter
283 3091 467 3145 sedem
489 3089 820 3158 superiorem
851 3087 1044 3141 ccelum
1065 3086 1307 3141 sortitum
1330 3093 1430 3149 est,
1457 3093 1600 3138 terra
1620 3098 1748 3138 vero

1856 1913 2052 1982 jaceat.
2078 1913 2201 1968 Haec
2230 1914 2388 1980 igitur
2415 1915 2748 1978 omittentes,
2767 1930 2865 1969 nec
2893 1915 3018 1968 illud
3049 1917 3323 1969 hortamur
3347 1917 3431 1969 in-

1861 2004 2023 2072 quiri,
2047 2020 2207 2073 super
2237 2005 2364 2074 quid
2393 2005 2462 2058 sit
2491 2012 2628 2058 terra
2661 2005 2884 2058 firmata.
2913 1998 3267 2072 Turquebitur
3287 2008 3429 2063 enim

1857 2110 2008 2148 mens
2037 2095 2105 2148 ad
2132 2096 2330 2150 nullum
2359 2103 2563 2149 certum
2597 2095 2799 2150 exitum
2830 2096 3176 2164 perveniente
3219 2097 3427 2150 discur-

1857 2186 2021 2239 sionis
2049 2186 2310 2254 indagine.
2333 2186 2455 2241 Sive
2481 2187 2622 2240 enim
2645 2201 2822 2241 aerem
2847 2187 3044 2240 dixeris
3073 2187 3189 2254 ejus
3208 2190 3428 2244 subesse

1854 2276 2148 2331 fundamini
2186 2295 2198 2330 :
2226 2278 2465 2346 profecto
2495 2276 2711 2332 deﬁcies
2739 2279 3045 2346 cogitando,
3074 2281 3426 2349 quemadmo-

1854 2365 1980 2420 dum
2008 2367 2207 2436 liquida
2233 2374 2288 2421 et
2309 2367 2496 2421 dill‘usa
2519 2376 2726 2432 natura,
2759 2377 2910 2422 tanto
2939 2369 3176 2437 pondere
3203 2369 3426 2438 depres-

1853 2471 1913 2510 sa
1966 2457 2201 2511 substitit
2243 2472 2306 2511 ac
2353 2472 2462 2511 non
2511 2458 2689 2526 potius
2738 2457 2978 2512 labitur:
3012 2456 3242 2525 undique
3270 2465 3427 2513 terra

1852 2545 2134 2614 diﬂ‘ugiens
2179 2546 2519 2608 densitatem,
2571 2562 2635 2601 ac
2680 2559 2894 2616 semper
2939 2547 3260 2602 eminentior
3303 2563 3427 2603 cum

1851 2646 2128 2706 premente
2154 2637 2470 2690 consistens.
2499 2635 2652 2702 Quod
2685 2636 2730 2691 si
2759 2651 2952 2703 aquam
2981 2637 3225 2706 posueris
3253 2644 3426 2692 terre-

1851 2741 1934 2780 na:
1952 2726 2229 2780 stabilitati
2248 2741 2367 2780 esse
2388 2725 2677 2790 subditam,
2719 2725 3065 2780 nihilominus
3089 2728 3426 2795 percunctari

1856 2832 2078 2872 necesse
2107 2825 2210 2879 est,
2235 2817 2506 2885 quomodo
2553 2818 2724 2871 moles
2767 2826 2874 2870 tam
2911 2818 3088 2884 gravis
3134 2826 3189 2872 et
3231 2819 3424 2888 spissa,

1850 2907 2072 2961 miu'lue
2099 2907 2198 2960 sub
2227 2922 2363 2975 aqua
2403 2907 2746 2975 demergitur,
2778 2907 2872 2961 sed
2911 2905 2977 2960 ab
3006 2906 3296 2962 infirmiore
3323 2925 3394 2964 na

1850 3005 1988 3065 tura,
2027 2999 2350 3068 superjeetio
2394 3000 2527 3052 tanti
2556 2999 2808 3068 ponderis
2834 3007 3182 3054 sustentatur.
3224 2999 3395 3068 Siqui
3423 3026 3428 3036 ι

1849 3087 1971 3142 dem
1998 3089 2162 3157 ipsius
2191 3090 2349 3142 etiam
2379 3103 2527 3158 aqua:
2568 3087 2906 3142 fundamenta
2938 3089 3223 3156 quaarenda
3270 3098 3415 3152 sunt,

173 3183 402 3236 habetur
430 3180 679 3244 inferior;
713 3180 781 3233 ob
825 3179 928 3234 hoc
953 3180 1077 3248 quia
1104 3193 1223 3247 qua:
1265 3177 1463 3232 leviora
1504 3185 1630 3231 sunt
1666 3176 1747 3231 fe—
1773 3177 1817 3236 C
1852 3188 1908 3234 et
1960 3181 2153 3234 iterum
2201 3179 2548 3234 deﬁciendum
2597 3188 2678 3234 est
2728 3195 2849 3233 cum
2908 3181 3143 3234 invenire
3190 3181 3422 3236 volueris

171 3283 364 3328 nmtur
386 3272 452 3325 ad
482 3271 693 3334 cmlum,
719 3284 838 3337 quae
866 3276 1046 3322 autem
1071 3280 1091 3306 ο
1123 3267 1303 3335 gravia
1332 3274 1455 3320 sunt
1473 3265 1748 3320 devehun-

171 3375 260 3419 tur
286 3363 355 3416 ad
397 3371 612 3415 terram.
657 3359 939 3413 Contraria
969 3366 1151 3413 autem
1179 3354 1431 3412 sibi'sunt
1459 3354 1664 3409 inferna
1693 3363 1748 3409 et

170 3469 423 3525 superna.
469 3452 606 3518 Quid
651 3449 936 3506 dicendum
975 3457 1075 3515 est,
1109 3450 1210 3504 nisi
1256 3449 1379 3517 quia
1416 3447 1504 3501 ille
1531 3447 1623 3516 qui
1660 3461 1747 3501 res

169 3545 614 3614 disjunctissimas
658 3545 910 3613 praecepti
956 3543 1213 3596 societate
1240 3541 1535 3610 conjunxit,
1584 3541 1746 3594 etiam

169 3651 236 3691 ea
259 3650 380 3704 quae
403 3634 608 3688 medius
628 3634 903 3700 utriusque
935 3633 1184 3686 elementi
1213 3633 1360 3686 locus
1388 3629 1742 3699 amplectitur,

169 3741 272 3779 suo
319 3724 646 3792 dispensavit
691 3721 946 3775 arbitrio?
985 3721 1100 3774 Non
1130 3734 1257 3788 ergo
1285 3735 1493 3788 quazras
1529 3719 1596 3772 de
1637 3720 1746 3772 sin-

169 3816 310 3886 gulis
355 3815 636 3877 rationem,
685 3812 780 3866 sed
821 3811 910 3865 illa
953 3826 1166 3879 quoque
1194 3825 1313 3878 quae
1349 3809 1559 3863 silentio
1604 3808 1746 3863 Scri-

171 3917 326 3978 ptura
352 3906 627 3976 praneriit,
649 3919 714 3958 ex
736 3904 818 3957 his
841 3918 960 3972 quae
989 3903 1157 3956 relata
1186 3909 1309 3956 sunt
1328 3900 1546 3956 debebis
1565 3900 1745 3953 adver-

174 4009 290 4054 tere
297 4038 310 4050 .

241 4091 294 4146 8.
340 4090 408 4144 In
434 4091 686 4159 principio
716 4090 833 4160 fecit
861 4087 1002 4142 Deus
1031 4087 1209 4140 caelum
1253 4096 1302 4140 et
1337 4094 1546 4139 terram.
1579 4084 1742 4153 Igitur

171 4191 384 4236 terrena
414 4181 726 4240 substantia,
761 4187 816 4233 et
844 4178 1117 4246 inquisitio
1145 4177 1473 4245 singulorum
1500 4191 1616 4244 qua:
1644 4192 1742 4230 no-

170 4275 297 4330 stris
324 4273 567 4326 sensibus
587 4271 825 4340 exposita
841 4277 983 4334 sunt,
1011 4277 1119 4322 tam
1141 4269 1352 4336 longum
1376 4269 1529 4322 nobis
1545 4268 1746 4322 faciunt

170 4363 494 4418 narrationis
516 4360 754 4424 aﬂ'atum,
785 4368 844 4414 ut
872 4359 1040 4414 multo
1068 4359 1249 4428 plures
1269 4373 1543 4412 sermones
1570 4358 1622 4411 in
1651 4359 1746 4410 hu-

167 4452 402 4526 jusmodi
442 4452 838 4506 examinatione
865 4449 1160 4505 disserendi
1203 4449 1327 4514 sint,
1357 4464 1514 4517 quam
1546 4449 1598 4502 in
1640 4464 1743 4503 ca!-

1848 3285 1956 3340 quo
1987 3270 2256 3325 fulcimine
2291 3271 2578 3325 resistente
2622 3268 2814 3324 fundus
2852 3270 3067 3324 ultimus
3095 3271 3421 3327 continetur.

1917 3360 1971 3416 9.
2002 3361 2094 3416 Sin
2121 3369 2298 3415 autem
2341 3360 2483 3414 aliud
2512 3359 2780 3430 quoddam
2820 3357 3044 3414 validius
3077 3373 3196 3413 esse
3223 3375 3422 3428 corpus

1846 3453 2156 3519 “duxeris,
2201 3452 2344 3521 quod
2373 3460 2571 3506 terram
2616 3451 2900 3520 prohibeat
2940 3450 3006 3504 ad
3044 3451 3149 3504 ima
3190 3450 3422 3505 descer-

1845 3547 1972 3599 dere
2015 3563 2028 3597 :
2074 3545 2309 3613 cogitare
2351 3542 2570 3596 debebis
2611 3541 2740 3596 illud
2780 3556 2996 3609 quoque
3041 3542 3211 3610 ipsum
3258 3542 3434 3613 simni,

1846 3632 1906 3686 fu
1922 3633 2121 3687 tdatum
2150 3632 2424 3700 repagulo,
2454 3629 2599 3700 quod
2627 3646 2732 3684 non
2768 3631 2908 3684 sinat
2928 3628 3147 3682 inferius
3171 3629 3434 3684 decidere'

1845 3738 1964 3791 qua:
1984 3731 2282 3792 portantur.
2311 3721 2443 3774 lluic
2463 3734 2678 3788 quoque
2701 3719 2819 3788 ipsi,
2843 3720 2886 3772 si
2907 3719 3033 3786 quid
3053 3717 3420 3787 contingentes

1845 3815 2180 3883 potuerimus
2225 3827 2498 3882 opponere
2522 3853 2538 3878 ,
2587 3811 2764 3864 denuo
2797 3809 2940 3862 aliud
2985 3811 3204 3863 subesse
3244 3811 3420 3864 muni-

1844 3919 1969 3957 men
2003 3920 2016 3955 :
2052 3902 2354 3956 necessario
2382 3901 2683 3954 discursura
2709 3907 2793 3953 est
2819 3912 2992 3965 mens,
3023 3907 3078 3952 et
3105 3899 3179 3952 ita
3208 3899 3261 3952 in
3292 3898 3417 3952 inti-

1843 3997 2017 4050 nitum
2060 3995 2383 4062 cogitatione
2411 3993 2704 4059 docemur,
2735 4006 2947 4060 semper
2991 3991 3074 4044 his
3112 4005 3232 4058 quae
3270 3991 3419 4045 inve-

1845 4087 2064 4140 nituntur
2093 4084 2456 4147 ﬁrmamentis,
2489 4083 2591 4136 alia
2623 4097 2761 4136 nova
2781 4089 3097 4149 quaerentes.
3128 4080 3196 4133 Et
3214 4089 3418 4148 quanto

1846 4176 2054 4244 longius
2081 4189 2329 4229 sermone
2358 4172 2753 4243 progredimur,
2782 4178 2936 4224 tanto
2969 4171 3138 4236 magis
3167 4172 3418 4226 virtutem

1845 4266 2270 4323 sustentatricem
2297 4275 2453 4320 teme
2474 4263 2830 4334 superducere
2849 4263 3230 4332 compellemur
3257 4281 3270 4316 :
3297 4279 3419 4332 qua:

1845 4361 2004 4414 simul
2041 4360 2220 4413 omnia
2267 4372 2386 4426 quae
2421 4356 2726 4424 superiecta
2763 4360 2886 4408 sunt
2913 4355 3088 4408 valeat
3129 4364 3153 4401 ε
3201 4362 3419 4408 susten-

1844 4459 1980 4504 tare.
2029 4448 2321 4518 Propterea
2360 4445 2718 4514 disquisitioni
2765 4452 2936 4497 metas
2981 4442 3201 4496 debebis
3246 4443 3418 4513 impo-

169 4544 302 4600 teris
346 4543 594 4597 omnibus
631 4556 749 4610 qua:
777 4539 1030 4608 explicari
1059 4539 1308 4608 possibile
1336 4547 1436 4593 est.
1460 4538 1536 4592 De
1555 4553 1658 4605 qua
1686 4553 1746 4592 re
1773 4526 1824 4584 Ῑ)
1849 4558 1977 4596 nere
2002 4560 2014 4594 :
2035 4557 2102 4595 ne
2121 4539 2439 4609 quandoque
2454 4535 2749 4592 curiositati
2779 4546 2904 4600 tuae,
2931 4534 3087 4587 nimis
3111 4533 3417 4602 incompre-

170 4636 314 4691 nulla
331 4635 542 4704 penitus
565 4631 913 4688 commoditas
935 4629 1256 4685 aediﬁcandae
1279 4629 1547 4684 confertur
1557 4627 1744 4682 Eccle-

168 4729 277 4792 siae,
309 4725 406 4780 sed
434 4739 594 4793 super
615 4723 735 4778 caeli
756 4721 969 4790 quidem
999 4730 1184 4775 natura
1211 4721 1444 4775 contenti
1474 4721 1638 4774 simus
1659 4721 1743 4775 his

168 4833 285 4887 qua:
329 4816 513 4871 retulit
540 4815 724 4881 Isaias,
768 4813 858 4883 qui
887 4813 1061 4867 verbis
1086 4829 1212 4866 usus
1238 4813 1564 4880 simplicibus
1588 4812 1742 4866 suffi—

169 4909 400 4962 cientem
442 4906 596 4959 nobis
640 4903 708 4958 de
749 4919 815 4957 eo
842 4903 1110 4971 perhibuit
1140 4902 1464 4956 intellectum
1511 4902 1693 4957 dicens
1727 4922 1738 4954 :

173 4994 271 5062 Qui
300 4995 526 5066 ﬁrmavit
554 4995 732 5048 caelum
761 4990 787 5028 (ί
817 4993 946 5046 sicut
969 4995 1162 5063 fumum
1193 4990 1345 5062 (Isai.
1370 5008 1445 5054 Li,
1471 4993 1503 5043 6
1521 4997 1536 5058 )
1555 5035 1569 5057 ,
1596 4994 1640 5045 id
1664 5005 1746 5049 est

236 5139 263 5168 ι
292 5128 454 5192 Editi,
476 5127 745 5198 designat
769 5135 1160 5180 exstructuram.
1203 5125 1598 5198 Antiquilibri,
1645 5142 1740 5180 e1:-

167 5209 435 5253 structam.
468 5196 659 5250 Statim
689 5197 834 5260 editi,
879 5206 1066 5248 terram
1102 5212 1216 5248 vero
1255 5196 1474 5248 secundo
1505 5197 1556 5248 in
1591 5215 1740 5251 crea-

170 5280 284 5322 tura
309 5269 441 5322 loco.
475 5267 626 5321 Colb.
653 5267 916 5320 secundus
944 5275 1000 5318 ut
1029 5267 1078 5318 in
1105 5273 1378 5318 contextu.

240 5339 266 5376 ι’
297 5337 457 5404 Editi,
479 5353 569 5406 per
590 5339 900 5407 frictionem.
926 5336 994 5387 At
1016 5335 1183 5389 nostri
1211 5343 1318 5388 tres
1347 5350 1497 5398 mss.,
1528 5353 1620 5405 per
1641 5338 1738 5405 fri-

167 5409 442 5462 tationem.

243 5489 265 5547 εξ
296 5476 442 5543 Libri
472 5484 700 5540 veteres,
732 5476 927 5547 gravia.
961 5475 1119 5539 Editi,
1160 5476 1415 5547 graviora.

241 5545 266 5584 δ
296 5541 435 5600 Editi
466 5555 521 5600 et
547 5547 652 5599 duo
682 5541 831 5601 mss”
857 5561 1008 5614 super
1037 5541 1250 5614 fumum,
1283 5545 1437 5596 male.
1471 5546 1538 5596 At
1575 5541 1728 5598 Colb.

169 5617 453 5679 secundus,
480 5619 608 5668 sicut
639 5618 850 5686 fumum,
879 5612 1044 5669 bene.
1066 5614 1120 5686 lu
1146 5612 1351 5677 Graeco,
1384 5617 1505 5686 ᾠσεὶ
1526 5617 1729 5686 κατςνὸν.

245 5699 268 5724 ε
291 5686 443 5742 Colb.
474 5681 757 5747 Secundus,
789 5699 882 5736 nec
901 5684 1158 5750 conﬁdere
1186 5699 1278 5737 nos
1302 5681 1692 5753 cogitationibus
1716 5699 1732 5736 :

171 5769 281 5810 ano
317 5756 596 5812 «xeniola.
631 5765 690 5809 ut
719 5755 834 5808 aliis
865 5756 1058 5814 multis,
1086 5753 1263 5816 palam
1291 5762 1372 5808 est
1401 5761 1510 5808 tota
1535 5770 1566 5806 ιι
1595 5768 1734 5817 δίθυθ

1847 4631 2126 4686 hcnsibilia
2157 4625 2554 4698 pertractancti,
2593 4625 2816 4679 verbum
2861 4622 2962 4676 Job
2990 4622 3234 4676 videatur
3275 4624 3418 4677 obsi-

1848 4732 2012 4785 stere,
2036 4730 2090 4775 et
2118 4719 2460 4784 iuterrogeris
2481 4733 2630 4787 super
2653 4715 2773 4787 quid
2793 4714 2974 4768 circuli
2991 4715 3100 4784 ejus
3128 4715 3280 4783 inﬁxi
3301 4723 3420 4768 sunt

1851 4813 1988 4884 (Job.
2024 4828 2242 4875 xxxviii,
2275 4810 2351 4878 6).
2392 4809 2496 4862 Sed
2522 4817 2575 4861 et
2604 4808 2648 4860 si
2675 4821 2906 4874 unquam
2931 4805 2983 4858 in
3011 4805 3216 4873 psalmo
3245 4805 3420 4858 audie.

1849 4906 1971 4959 ris:
2017 4902 2129 4972 Ego
2169 4900 2472 4968 conﬁrmari
2517 4898 2779 4950 columnas
2827 4895 2936 4964 ejus
2986 4893 3156 4964 (Psal.
3201 4910 3304 4956 LIV,
3341 4895 3420 4960 .5),

1855 4991 2289 5062 compositoriam
2318 4987 2558 5057 profecto
2587 4986 2839 5038 virtutem
2869 4984 3005 5053 ejus,
3037 4984 3311 5038 columnas
3341 4985 3420 5036 in-

1852 5123 1956 5178 ]oci
2003 5121 2226 5190 alicujus
2272 5121 2590 5174 sententiam
2631 5119 2929 5175 mutatione
2974 5121 3131 5175 unius
3171 5121 3420 5176 litterulm

1848 5191 2412 5264 corrumpisBasiliu-s,
2437 5191 2560 5260 μηδέ
2575 5192 2981 5264 τατατρίϐεσθας
3001 5200 3107 5250 τοῖς
3130 5192 3417 5264 ioc/touch.

1847 5259 2082 5317 Subinde
2113 5261 2249 5315 idem
2279 5261 2467 5322 codex,
2501 5259 2678 5330 quibus
2706 5259 2874 5312 rerum
2900 5259 3205 5330 substantia.

1923 5330 1941 5370 ί
1977 5330 2136 5395 Editi,
2175 5329 2527 5400 frigiditatem,
2559 5329 2981 5398 magnitudinem.
3015 5329 3197 5400 (iudex
3237 5337 3418 5400 nostri

1843 5409 1901 5456 et
1927 5401 2080 5455 Colb.
2124 5398 2819 5470 secundus,[rigiditatemL
2847 5398 3240 5470 gravitudinem,
3285 5398 3419 5470 bene

1843 5471 2098 5542 Basilius,
2131 5471 2209 5542 ei
2231 5465 2568 5542 ﬁupdﬁllatid
2597 5469 2752 5542 longe
2781 5465 2936 5542 Co'lb.
2969 5465 3235 5520 secundus
3255 5509 3271 5532 ,
3315 5468 3416 5519 dis-

1842 5541 2094 5594 cussionis
2121 5538 2384 5609 indagine.
2429 5539 2665 5592 Subinde
2695 5538 2860 5592 nostri
2902 5545 3009 5590 tres
3039 5550 3192 5599 mss.,
3230 5554 3416 5606 prapo-

1841 5613 2005 5664 sueris
2035 5617 2265 5662 ter-reme.

1879 5704 1882 5707 -
1917 5690 1940 5726 ε
1971 5679 2120 5730 Colb.
2156 5677 2450 5744 secundus,
2482 5675 2646 5732 valeat
2685 5675 3007 5739 subvectare,
3037 5681 3308 5744 prejitcrea
3335 5673 3411 5728 irt-

1839 5748 2099 5812 quisilioni
2125 5756 2308 5803 metas.
