3824 6214
365 287 471 343 879

1255 286 1600 344 APPENDIX
1641 290 1930 350 OPERUM
1966 292 2024 350 S.
2060 294 2312 351 BASILII
2351 293 2591 350 MAG-Nl.

3483 285 3594 342 £80

368 416 563 482 tellige.
593 413 744 482 Quod
781 421 956 469 autem
1002 413 1200 468 dictum
1240 419 1321 466 est
1353 429 1364 462 :
1404 409 1522 480 Ipse
1562 425 1713 476 super
1757 408 1922 460 maria
1957 411 1996 466 Α
2025 409 2294 460 miracula.
2359 405 2541 472 Neque
2594 405 2733 458 enim
2798 403 3068 458 minuetur
3121 416 3303 456 rerum
3356 399 3592 467 dignitas

371 504 600 576 (undavit
637 522 749 558 eam
779 503 948 575 (Psal.
982 519 1131 561 χχιιι.
1165 501 1249 572 ‘2),
1289 500 1414 569 quid
1442 498 1584 552 aliud
1621 498 1822 552 scilicet
1850 499 1924 551 si-

370 594 604 661 gniﬁcat,
635 608 792 662 quam
822 592 944 661 quia
983 592 1213 659 undique
1242 590 1426 644 orbem
1457 596 1637 652 terrae,
1671 602 1919 654 aquarum

375 692 561 735 natura
582 681 893 735 circumfusa
923 679 1328 748 complectitur?
1356 675 1632 742 Quomodo
1655 689 1781 741 ergo
1807 689 1924 728 cum

371 772 441 825 sit
470 787 604 839 aqua
634 772 787 823 llinna
807 813 820 835 ,
852 785 1162 839 semperque
1193 787 1255 824 ac
1283 770 1566 822 decliviora
1604 766 1929 820 contendere

375 859 561 924 soleat,
590 858 816 926 pendula
855 866 972 922 est,
1017 867 1067 911 et
1098 859 1149 910 in
1193 866 1435 910 neutram
1472 856 1780 909 dillunditur
1810 870 1930 923 par-

376 951 525 1002 tem?
553 949 686 1002 Illud
715 964 926 1017 quoque
961 964 1067 1001 non
1095 956 1328 1016 reputas,
1359 947 1480 1014 quia
1512 961 1617 999 non
1647 946 1928 1012 minorem,

375 1039 468 1091 sed
507 1039 667 1091 etiam
713 1038 968 1104 majorem
1009 1037 1372 1090 difﬁcultatem
1422 1035 1576 1088 nobis
1621 1033 1733 1100 ipsa
1776 1032 1931 1086 tellus

361 1123 813 1193 709importat,
829 1140 953 1178 cum
973 1133 1121 1178 tanto
1137 1125 1218 1177 sui
1236 1125 1473 1194 pondere
1491 1125 1682 1179 librata
1705 1135 1948 1179 teneatur

363 1214 417 1268 in
444 1230 590 1269 acre.
618 1215 722 1269 Sed
745 1229 966 1270 necesse
983 1226 1087 1282 ρει,
1110 1215 1225 1270 sive
1245 1231 1406 1284 super
1425 1230 1484 1271 se
1517 1215 1688 1285 ipsam
1711 1214 1940 1269 locatam

377 1321 493 1361 esse
517 1307 859 1370 concesseris,
903 1307 1014 1360 sive
1042 1321 1202 1374 super
1228 1321 1391 1372 aquas
1422 1319 1538 1358 eam
1567 1302 1694 1356 ferri
1733 1301 1932 1355 dixeri-

379 1411 494 1451 mus
525 1415 538 1450 :
588 1412 846 1466 nusquam
877 1412 971 1450 nos
1000 1411 1029 1448 a
1059 1397 1273 1464 pietatis
1312 1394 1634 1461 cogitatione
1661 1393 1933 1447 discedere

377 1485 690 1549 conveniet,
722 1483 815 1538 sed
843 1485 1103 1538 contineri
1132 1485 1326 1537 virtute
1363 1483 1618 1536 creatoris
1648 1481 1823 1536 omnia
1855 1480 1932 1532 fa-

377 1581 599 1627 teamur.
633 1573 755 1627 Hzec
783 1573 960 1640 itaque
990 1588 1086 1626 nos
1115 1581 1346 1641 oportet,
1384 1581 1437 1624 ct
1466 1573 1620 1624 nobis
1656 1571 1783 1639 ipsis
1811 1584 1932 1622 sua-

378 1663 523 1725 dere,
552 1671 606 1716 et
633 1662 1025 1716 sciscitantibus
1069 1663 1155 1715 ubi
1185 1663 1253 1715 sit
1281 1663 1481 1730 ampla,
1519 1669 1572 1714 et
1613 1661 1934 1714 insustenta-

2025 495 2396 556 maximarum,
2429 494 2473 546 si
2503 508 2619 562 qure
2647 493 2713 545 sit
2735 507 2917 546 earum
2948 493 3084 545 ratio
3125 491 3476 559 detegamus,
3499 500 3594 544 aut

2025 584 2069 636 si
2098 598 2254 636 secus
2277 582 2532 645 evenerit,
2562 581 2954 650 simplicitatem
2995 579 3114 633 ﬁdei
3135 579 3399 633 notiorem
3427 587 3592 632 carto-

2027 674 2100 727 ris
2127 673 2237 726 ﬁeri
2267 673 2463 726 suadeo
2493 672 2848 726 documentis.

2100 761 2184 816 11.
2231 761 2307 814 De
2335 761 2470 816 coelo
2517 776 2727 828 quoque
2762 761 2806 814 si
2851 761 3037 814 eadem
3080 759 3278 812 dixeris
3307 775 3414 813 non
3462 775 3590 828 pec~

2028 852 2202 915 cabis,
2234 851 2358 904 licet
2399 851 2838 920 philosophorum
2895 851 3248 917 multiloquax
3301 850 3597 919 disputatio

2034 952 2056 980 ε·
2116 941 2398 1010 plurimum
2455 955 2614 1008 super
2661 939 2781 992 cmli
2829 948 3013 992 natura
3067 939 3398 993 disseruerit.
3458 939 3593 1004 Quo-

2032 1045 2150 1084 rum
2177 1029 2266 1081 alii
2295 1029 2645 1096 compositum
2671 1044 2737 1081 ex
2765 1036 2993 1096 quatuor
3020 1036 3263 1080 asserunt
3292 1027 3594 1090 elementis,

2033 1117 2310 1185 ipsumque
2349 1131 2464 1168 esse
2493 1115 2827 1179 invisibilcm,
2860 1124 3171 1183 partemque
3198 1116 3398 1168 habere
3440 1115 3598 1168 tellu-

2032 1209 2120 1268 ris,
2147 1216 2364 1276 propter
2390 1208 2598 1260 insitam
2628 1207 2729 1261 sibi
2755 1206 3024 1272 duritiem,
3052 1206 3249 1259 habere
3277 1207 3436 1258 etiam
3460 1207 3599 1273 ignis

2031 1298 2341 1352 societatem
2366 1337 2380 1362 ,
2424 1312 2491 1351 ex
2518 1312 2624 1364 quo
2653 1297 2804 1364 quasi
2831 1297 3168 1365 perspicuum
3199 1305 3414 1364 putatur
3443 1312 3563 1350 esse
3582 1336 3598 1360 ,

2033 1387 2373 1442 nihilominus
2402 1389 2560 1440 etiam
2589 1389 2912 1456 reliquarum
2950 1389 3252 1456 portionum
3283 1389 3602 1457 permixtio-

2032 1491 2127 1532 nes
2155 1477 2505 1544 amplectitur.
2535 1477 2782 1530 Nonnulli
2802 1486 2998 1541 autem,
3027 1477 3328 1545 bujusmodi
3345 1478 3601 1547 opinione

2032 1574 2357 1636 contempta,
2383 1567 2621 1635 quintam
2645 1565 2924 1633 quamdam
2950 1575 3212 1629 naturam,
3239 1566 3288 1618 in
3311 1566 3431 1619 οωιὶ
3457 1581 3604 1620 com-

2036 1657 2297 1726 positione
2327 1656 2544 1725 proprio
2573 1655 2862 1710 commenti
2891 1655 3131 1720 arbitrio,
3163 1655 3550 1722 subjunxerunt
3585 1672 3598 1706 ε

378 1751 495 1805 bilis
517 1759 670 1804 terrm
701 1751 978 1818 gravitudo
1017 1749 1242 1816 firmata,
1275 1751 1618 1820 respondere,
1646 1750 1884 1804 dicentes
1916 1768 1927 1800 :
1965 1749 2008 1808 Β
2033 1745 2223 1812 quibus
2245 1743 2453 1798 videtur
2474 1743 2498 1780 ἀ
2529 1759 2718 1812 corpus
2745 1745 3176 1810 mthereum,non
3201 1759 3292 1796 aer
3321 1759 3457 1807 esse,
3487 1759 3602 1799 non

378 1841 510 1906 Quia
540 1851 687 1897 terrae
725 1844 856 1912 fines
894 1845 946 1896 in
984 1859 1139 1895 manu
1169 1852 1286 1895 sunt
1315 1841 1412 1894 Dei
1449 1841 1617 1912 (Psal.
1650 1856 1826 1904 xcxw,
1856 1839 1933 1910 4).

379 1934 490 1988 lloc
532 1934 904 1996 nihilominus,
937 1934 1022 1987 vel
1052 1934 1204 1986 nobis
1248 1932 1313 1986 ad
1347 1931 1670 1990 credendum
1699 1947 1940 1986 commo-

379 2023 512 2090 dius,
542 2025 626 2077 vel
654 2024 1073 2078 auscultantibus
1100 2025 1280 2078 utilius
1304 2023 1502 2092 poterit
1528 2023 1775 2076 inveniri.

449 2112 535 2167 10.
558 2112 704 2167 Licet
722 2113 936 2181 quidam
967 2113 1032 2167 de
1054 2115 1282 2184 physicis
1303 2113 1632 2182 philosophis
1651 2123 1677 2150 ει
1694 2113 1783 2166 tali
1808 2128 1939 2182 qua-

379 2202 500 2256 dam
537 2201 886 2270 dispositione
923 2212 1346 2257 commentemur
1383 2211 1577 2256 terram
1617 2203 1938 2256 immobilem

379 2305 710 2358 permanere.
749 2290 948 2344 Ferunt
975 2292 1114 2345 enim
1145 2291 1290 2359 quod
1319 2292 1372 2345 in
1413 2290 1612 2345 mundo
1640 2291 1740 2344 sita
1769 2291 1858 2357 sit,
1887 2299 1942 2344 et

380 2381 594 2450 paribus
629 2381 860 2448 undique
887 2382 1108 2435 collecta
1138 2382 1343 2450 spatiis,
1374 2380 1440 2434 ad
1467 2381 1825 2433 summitatem
1850 2396 1941 2434 us-

380 2487 485 2540 que
525 2487 631 2526 non
659 2472 856 2525 habere
879 2511 892 2534 ,
927 2487 1032 2540 quo
1074 2473 1240 2540 magis
1267 2472 1442 2525 valeat
1489 2470 1759 2534 inclinari,
1792 2478 1845 2524 et
1872 2471 1942 2524 ob

381 2560 485 2614 hoc
511 2574 722 2628 semper
767 2560 818 2612 in
859 2561 1145 2628 semetipsa
1189 2560 1472 2627 consistit,
1512 2559 1942 2628 impossibileque

380 2663 498 2702 esse
523 2686 541 2712 ,
581 2656 639 2701 ut
667 2664 783 2702 eam
812 2649 1043 2716 patiatur
1077 2649 1352 2715 aequalitas
1382 2648 1746 2713 circumdata,
1777 2648 1940 2701 ullum

382 2737 621 2791 invenire
662 2744 988 2790 momentum
1015 2778 1029 2802 ,
1080 2736 1132 2788 in
1175 2736 1334 2789 alium
1375 2735 1622 2790 ﬂectendi
1660 2751 1718 2790 se
1745 2735 1938 2790 locum.

382 2823 607 2879 Mediam
637 2833 813 2878 autem
858 2826 1158 2891 regionem,
1198 2840 1306 2878 non
1340 2821 1558 2878 fortuito
1595 2825 1680 2878 vel
1708 2832 1938 2893 sponte:

381 2929 482 2970 nec
508 2915 682 2984 aliqua
711 2922 856 2968 sorte
883 2913 1158 2982 quaesitam
1189 2921 1370 2968 tenere
1397 2915 1640 2968 tellurem
1671 2932 1684 2967 :
1715 2915 1805 2968 sed
1835 2929 1940 2967 na-

384 3006 628 3059 turaliter
653 3005 1058 3072 necessarieque
1081 3005 1201 3058 situi
1223 3004 1336 3073 ejus
1361 3019 1480 3060 esse
1506 3005 1794 3060 decretam.
1823 3003 1947 3059 Cm-

2046 1842 2184 1886 terra
2204 1873 2219 1898 ,
2263 1849 2368 1887 non
2397 1848 2562 1901 aqua,
2593 1849 2698 1888 non
2727 1833 2862 1900 ignis
2899 1849 2999 1887 nec
3027 1833 3170 1886 aliud
3215 1835 3424 1902 penitus
3450 1835 3602 1903 quod

2039 1923 2264 1992 simplex
2293 1937 2410 1977 esse
2444 1923 2713 1990 credatur,
2744 1923 2813 1977 ob
2861 1923 2964 1977 hoc
2993 1922 3262 1989 videlicet,
3290 1922 3435 1990 quod
3465 1924 3600 1976 sim—

2039 2013 2261 2082 plicibus
2289 2012 2547 2066 familiare
2594 2019 2704 2075 est,
2737 2020 2942 2064 motum
2977 2026 3189 2080 semper
3227 2011 3425 2064 habere
3454 2009 3603 2064 dire-

2037 2110 2200 2166 ctum,
2225 2116 2449 2170 quorum
2471 2101 2667 2154 leviora
2695 2115 2902 2154 sursum
2923 2115 3134 2168 semper
3152 2098 3449 2162 intendunt,
3471 2113 3601 2168 gra-

2037 2193 2187 2245 viora
2215 2207 2342 2246 vero
2370 2192 2618 2246 deorsum
2649 2192 2914 2245 labuntur.
2945 2189 3053 2244 Sed
3091 2206 3191 2244 nec
3227 2191 3471 2258 superior
3500 2199 3599 2243 aut

2039 2282 2259 2336 inferior
2285 2297 2410 2351 pars
2438 2282 2656 2347 telluris,
2694 2291 2716 2318 °
2745 2282 2975 2334 vertibili
3014 2290 3178 2345 motu,
3212 2280 3351 2334 idem
3379 2281 3603 2335 omnino

2039 2377 2124 2430 vel
2154 2376 2411 2431 directura
2445 2390 2568 2444 erga
2609 2377 2796 2432 circuli
2835 2379 3211 2432 rotunditatem
3252 2380 3490 2433 continet
3517 2379 3602 2432 in-

2041 2465 2336 2518 tervallum.
2383 2464 2615 2530 Quorum
2645 2474 2821 2520 autem
2870 2468 3137 2520 naturales
3183 2477 3360 2523 motus
3402 2471 3603 2524 mutari

2039 2557 2230 2619 solent,
2262 2572 2446 2611 eorum
2486 2558 2647 2611 etiam
2680 2558 2962 2628 qualitates
2991 2561 3131 2627 ipsas
3159 2561 3441 2617 mutabiles
3481 2577 3607 2616 esse

2040 2661 2258 2700 necesse
2282 2653 2382 2699 est.
2425 2644 2575 2699 Licet
2601 2662 2700 2701 nec
2728 2646 2794 2700 de
2828 2647 2930 2700 illis
2953 2649 3329 2716 principalibus
3357 2651 3606 2718 corpori-

2042 2737 2158 2801 bus,
2187 2752 2305 2805 quze
2320 2747 2578 2791 vocantur
2605 2737 2888 2803 elementa,
2919 2738 3167 2806 possibile
3198 2739 3348 2792 nobis
3376 2748 3458 2793 est
3484 2755 3606 2794 cre.

2042 2825 2169 2879 dere
2213 2826 2402 2880 omium
2441 2825 2602 2879 fuisse
2640 2827 2991 2894 compositum
3029 2843 3041 2877 :
3073 2827 3323 2894 quoniam
3373 2843 3437 2881 ea
3482 2843 3608 2896 qua:

2043 2929 2111 2970 ex
2140 2913 2350 2969 diversa
2391 2916 2613 2968 materia
2641 2923 3038 2979 construuntur,
3085 2916 3301 2970 minime
3330 2917 3428 2970 sibi
3467 2933 3606 2971 cou-

2044 3003 2296 3069 veniunt,
2349 3018 2448 3057 nec
2477 3011 2698 3072 possunt
2725 3004 2837 3057 sine
2878 3005 2928 3057 vi
2956 3005 3130 3072 aliqua
3173 3014 3376 3059 motum
3417 3015 3608 3061 tenere

385 3096 504 3149 lesti
533 3095 674 3148 enim
701 3109 945 3164 corpore,
979 3095 1282 3148 ulteriorem
1313 3095 1366 3148 in
1394 3095 1756 3164 superioribus
1787 3102 1943 3149 nacto
1970 3089 2014 3153 C
2045 3093 2365 3148 concordem
2389 3133 2402 3157 ,
2429 3101 2484 3145 ut
2514 3101 2639 3162 pote
2680 3093 2897 3161 singulis
2924 3095 3163 3162 partibus
3190 3136 3204 3161 ,
3244 3095 3403 3147 alium
3445 3104 3608 3162 atque

384 3186 594 3249 sedem;
625 3200 954 3254 quascunque
975 3225 989 3250 ,
1037 3185 1306 3254 inquiunt,
1353 3186 1672 3239 arbitramur
1705 3187 1941 3254 pondera

385 3274 453 3328 de
483 3274 613 3328 locis
639 3274 1013 3328 summioribus
1033 3273 1100 3326 ad
1124 3276 1227 3327 ima
1255 3273 1596 3339 descendere,
1627 3275 1679 3327 in
1708 3274 1941 3328 medium

385 3371 772 3430 congregantur
816 3363 1023 3428 locum;
1054 3371 1108 3417 et
1145 3365 1196 3417 in
1226 3379 1316 3418 eas
1357 3365 1615 3418 stationes
1649 3371 1818 3417 totum
1845 3364 1942 3418 de-

385 3450 506 3506 duci
531 3466 750 3506 necesse
779 3460 861 3506 est
887 3467 1080 3521 corpus
1107 3453 1159 3506 in
1187 3467 1320 3520 quas
1347 3453 1565 3520 singulae
1596 3461 1778 3522 partes
1801 3453 1946 3506 coie-

386 3541 510 3594 rint.
555 3540 712 3607 Quod
753 3543 800 3595 si
829 3542 1028 3611 lapides
1055 3550 1110 3596 et
1155 3543 1294 3608 ligna
1320 3582 1334 3606 ,
1376 3549 1670 3611 cunctaque
1699 3549 1940 3607 terrena,

385 3644 597 3700 semper
624 3632 690 3685 ad
728 3631 976 3695 inferiora
1022 3632 1290 3701 pelluntur
1321 3650 1332 3683 :
1367 3631 1438 3684 ibi
1484 3632 1587 3684 erit
1629 3631 1744 3686 sine
1782 3630 1944 3686 dubio

385 3721 602 3790 pr0pria
631 3723 1056 3791 conveniensque
1084 3731 1238 3776 terra:
1263 3723 1477 3790 positio.
1506 3721 1562 3776 Si
1590 3736 1718 3776 vero
1744 3721 1945 3791 aliquid
1983 3769 1991 3775 .

386 3810 454 3864 de
494 3812 780 3867 levioribus
808 3827 876 3866 ex
915 3811 1088 3866 media
1125 3812 1342 3880 regione
1380 3813 1698 3874 movebitur,
1733 3811 1759 3850 δ
1792 3811 1846 3864 id
1873 3811 1943 3864 ad

384 3917 616 3970 superna
661 3900 786 3956 ferri
825 3903 1176 3958 certissimum
1218 3910 1301 3957 est
1345 3921 1357 3954 :
1389 3904 1639 3973 quoniam
1684 3903 1944 3958 familiare

385 3999 465 4044 est
502 3991 660 4046 rebus
688 3992 1008 4060 gravissimis
1048 3993 1151 4046 ima
1181 4008 1394 4062 semper
1421 4001 1692 4061 appetere.
1721 3993 1829 4047 lma
1857 4008 1947 4048 au-

385 4091 491 4136 tem
518 4081 761 4147 dicimus,
788 4083 1022 4137 medium
1051 4084 1214 4137 totius
1235 4083 1414 4136 mundi
1445 4085 1637 4138 locum.
1671 4083 1785 4137 Non
1813 4096 1942 4150 ergo

382 4173 613 4239 mireris,
661 4175 706 4226 si
735 4189 991 4242 nusquam
1019 4189 1078 4228 se
1107 4174 1262 4228 tellus
1299 4175 1536 4242 inclinat,
1574 4183 1631 4228 ut
1664 4183 1790 4244 pote
1828 4190 1943 4228 me-

381 4260 521 4313 diam
551 4261 786 4314 omnium
829 4261 1018 4315 sortita
1062 4262 1241 4316 sedem
1266 4303 1280 4326 ,
1331 4264 1382 4316 in
1412 4278 1516 4330 qua
1558 4279 1676 4316 eam
1718 4278 1936 4318 necesse

382 4358 465 4403 est
490 4364 701 4418 semper
727 4356 870 4405 stare
889 4391 904 4418 ,
934 4351 1338 4418 nullatenusque
1366 4361 1550 4406 contra
1579 4361 1844 4420 naturam,
1874 4353 1941 4408 de

379 4437 608 4506 propriis
657 4437 847 4492 ﬁnibus
893 4439 1216 4494 submoveri.
1263 4439 1462 4493 Horum
1510 4441 1668 4508 igitur
1723 4442 1768 4495 si
1815 4443 1938 4509 quid

380 4525 472 4578 tibi
493 4526 768 4594 probabile
797 4527 1063 4590 videatur,
1101 4527 1164 4580 ad
1191 4529 1505 4596 sapientiam
1535 4530 1820 4594 creatoris,
1849 4532 1940 4596 qui

379 4615 492 4670 hinc
521 4616 595 4670 ita
642 4615 934 4685 disposuit,
977 4625 1190 4685 oportet
1227 4626 1279 4671 te
1316 4617 1618 4684 liujusmodi
1658 4618 1944 4674 transferre

451 4756 476 4782 α
515 4743 680 4809 Editi,
732 4747 821 4798 tali
867 4745 1087 4815 quadam
1135 4746 1463 4814 dispositione
1512 4757 1934 4803 commentantiir.

376 4813 592 4868 Terram
615 4813 921 4885 immobilem
947 4813 1248 4885 permanere
1277 4819 1466 4885 ferunt,
1497 4816 1632 4885 quod
1663 4819 1712 4869 in
1751 4820 1937 4873 mundo

375 4885 477 4956 sita
506 4885 590 4956 sit.
623 4885 691 4937 At
717 4883 867 4936 Colb.
899 4883 1161 4956 secundus
1185 4884 1254 4956 ita
1278 4883 1344 4936 'ut
1375 4883 1652 4939 edidimus.
1686 4885 1936 4956 Basilius,

377 4953 461 5028 διᾴ
489 4955 546 5028 ἰςῤ
563 4959 655 5028 Iri?
685 4956 841 5028 usa-ny
866 4960 956 5008 τοῦ
981 4955 1165 5028 triturae
1195 4955 1434 5028 silppéyatt
1463 4957 1664 5028 χώραν.

448 5021 473 5059 δ
504 5019 664 5087 Editi,
685 5019 832 5091 'id_ad
856 5037 1012 5091 supra
1041 5022 1183 5091 ferri.
1217 5019 1361 5091 Libri
1391 5019 1600 5076 veteres
1619 5063 1633 5085 ,
1675 5022 1732 5075 id
1759 5024 1826 5076 ad
1854 5042 1941 5078 su-

375 5107 537 5159 perna
566 5093 708 5160 ferri.
741 5089 848 5160 Nec
874 5089 954 5160 ita
974 5089 1142 5160 multo
1169 5100 1290 5160 post
1316 5089 1467 5145 Colb.
1501 5092 1782 5155 secundus,
1812 5110 1939 5147 nus-

377 5157 528 5226 quam
543 5157 594 5227 se
617 5160 779 5212 tellus.
795 5157 990 5212 Vocula
1007 5175 1060 5212 se
1072 5159 1122 5213 in
1132 5157 1357 5227 vulgatis
1371 5160 1790 5221 desiderabatur,
1805 5161 1943 5218 Sub-

377 5226 680 5294 indeColb.
710 5228 990 5290 secundus,
1009 5245 1180 5281 earum
1204 5226 1354 5283 ratio.
1386 5229 1542 5290 Editi,
1561 5246 1756 5294 eorum,
1783 5236 1939 5285 male.

453 5308 475 5334 ε
504 5293 675 5365 Editi,
701 5297 1012 5368 plurima....
1044 5297 1300 5352 disseruit.
1331 5298 1482 5353 Colb.
1516 5293 1778 5354 secundus
1805 5310 1863 5354 ut
1888 5302 1942 5355 in

379 5375 652 5420 contextu.

449 5435 476 5472 ἀ
503 5433 674 5504 Editi,
702 5452 885 5504 corpus
926 5444 1189 5503 internum,
1229 5437 1478 5504 pessime.
1511 5437 1693 5500 Codex
1735 5447 1938 5503 noster,

380 5504 662 5559 etherium.
699 5505 802 5558 Alii
829 5507 952 5571 duo,
985 5506 1276 5570 iet/tersum,
1307 5507 1528 5576 optime.
1555 5507 1613 5560 ln
1641 5505 1850 5572 Graeco,
1881 5511 1937 5563 τὸ

381 5577 592 5648 ιπιίθέρέονΔ
620 5588 786 5648 caput.

454 5639 637 5699 «'Editi
653 5639 706 5700 et
725 5642 877 5700 Colb.
890 5645 1110 5713 primus,
1130 5643 1357 5700 vestibuli
1373 5652 1532 5714 motu,
1553 5645 1700 5716 gravi
1719 5645 1937 5702 mendo.

2042 3183 2204 3236 alium
2244 3183 2496 3250 impetum
2527 3181 2840 3236 habentibus
2880 3198 2944 3236 cx
2975 3192 3185 3250 natura,
3225 3184 3496 3251 nimioque
3523 3184 3608 3238 la-

2041 3271 2172 3325 bore
2199 3285 2314 3339 qua:
2343 3271 2636 3338 composita
2663 3279 2808 3338 sunt,
2845 3271 2896 3324 in
2926 3280 3074 3324 motu
3103 3272 3442 3325 continentur
3468 3273 3608 3327 assi-

2042 3363 2168 3417 duo.
2200 3362 2380 3431 Neque
2425 3361 2565 3415 enim
2614 3369 2792 3431 potest
2844 3377 2949 3415 una
2995 3371 3156 3432 atque
3201 3361 3388 3416 eadem
3434 3364 3608 3429 ratio,

2049 3451 2068 3488 τ
2099 3450 2258 3505 rebus
2287 3457 2425 3503 Inter
2461 3465 2520 3504 se
2549 3448 2891 3504 dissimilibus
2935 3467 2997 3504 ac
3033 3451 3449 3519 repugnantibus
3475 3467 3610 3504 con-

2043 3554 2236 3593 sonare
2267 3557 2279 3590 :
2311 3554 2432 3592 cum
2471 3554 2534 3592 ea
2561 3554 2677 3607 quae
2714 3539 3000 3593 levioribus
3023 3550 3147 3594 sunt
3175 3540 3364 3601 amica,
3393 3541 3609 3606 gravio-

2042 3629 2188 3683 ribus
2228 3628 2496 3683 contraria
2520 3627 2841 3696 iudicentur.
2875 3629 3003 3682 Nam
3039 3645 3159 3683 cum
3189 3630 3253 3683 ad
3293 3644 3524 3698 superna
3552 3638 3611 3684 et

2043 3719 2277 3773 coelestia
2311 3733 2680 3787 properamus,
2713 3718 2950 3788 pondere
2980 3728 3194 3773 terreno
3234 3718 3608 3788 deprimimur.

2043 3809 2176 3864 Cum
2204 3821 2380 3864 autem
2409 3810 2473 3864 ad
2518 3811 2623 3864 ima
2651 3810 3026 3879 demergimur,
3085 3812 3192 3866 vim
3224 3811 3442 3866 facimus
3473 3813 3608 3879 igni,

2043 3910 2229 3954 contra
2279 3910 2522 3955 naturam
2569 3918 2718 3955 suam
2774 3918 2896 3956 eum
2947 3903 3318 3972 pertrahentes
3363 3903 3609 3960 inferius.

2044 3990 2438 4046 Elementorum
2475 4004 2652 4047 autem
2689 3994 2961 4048 distractio
3005 3995 3058 4047 in
3096 4003 3275 4063 partes
3316 3995 3472 4051 ducta
3526 3997 3612 4049 di-

2042 4099 2222 4138 versas
2269 4085 2436 4137 ruinte
2479 4099 2668 4138 causas
2708 4091 2762 4137 et
2806 4084 3089 4138 solutionis
3132 4085 3402 4153 importat.
3452 4084 3610 4151 Quod

2043 4174 2184 4226 enim
2232 4173 2492 4226 violenter
2519 4182 2707 4226 natura
2745 4181 3028 4226 recusante
3066 4181 3321 4235 tentatur,
3359 4176 3612 4228 celeriter

2042 4264 2328 4332 dissipatur
2358 4281 2371 4316 :
2417 4273 2472 4316 ut
2492 4271 2617 4332 pote
2646 4263 2866 4330 singulis
2894 4263 3132 4331 partibus
3158 4278 3254 4332 per
3276 4278 3408 4331 quas
3435 4265 3612 4319 moles

2043 4361 2348 4408 constructa
2375 4353 2612 4408 subsistit
2637 4392 2652 4416 ,
2695 4351 2761 4405 ad
2791 4368 2945 4406 suum
2976 4353 3288 4422 principium
3334 4354 3615 4408 redeunti-

2045 4443 2160 4496 bus.
2206 4441 2433 4511 Propter
2472 4443 2657 4495 harum
2699 4441 2858 4507 igitur
2885 4441 3194 4510 opinionum
3227 4443 3613 4507 necessitates,

2049 4543 2073 4579 ε
2103 4540 2247 4586 secta
2289 4531 2525 4600 priorum
2552 4530 2988 4600 philosophorum
3008 4571 3022 4594 ,
3056 4531 3108 4583 hi
3147 4531 3236 4598 qui
3277 4541 3464 4598 postea
3494 4548 3614 4586 suc-

2047 4635 2259 4676 cessere
2300 4621 2552 4684 rescissa,
2597 4620 2842 4688 proprias
2882 4619 3204 4673 assertiones
3231 4619 3494 4688 subjicere
3528 4619 3610 4673 fe-

2040 4751 2141 4805 Alii
2170 4752 2276 4806 duo
2306 4769 2432 4808 mss.
2453 4792 2468 4817 ,
2513 4752 2732 4807 vertibili
2761 4763 2896 4807 motu
2922 4769 2941 4807 :
2969 4768 3088 4821 qua:
3115 4755 3394 4822 scriptura,
3431 4768 3604 4822 quan-

2039 4837 2200 4944 guam
2230 4822 2558 4876 tolerabilior
2579 4833 2681 4891 est,
2709 4823 2815 4876 vim
2847 4830 3024 4875 tamen
3050 4839 3152 4894 non
3181 4824 3434 4889 exprimit
3461 4826 3614 4878 vocis

2090 4907 2256 4944 rteczc.
2289 4901 2348 4944 τῆ
2386 4893 2580 4944 κυκλικῆ
2608 4897 2934 4944 ﬂammma“.
2960 4899 3098 4944 motu
3120 4891 3439 4944 orbiculatim
3470 4902 3612 4944 acto.

2090 4901 2348 4966 rgec_:p,_rfz
2386 4893 2580 4966 κυκλικῇ
2608 4897 2934 4966 περικινήσὶει,
2960 4891 3612 4966 motu'orbiculatintarlo.

2121 4959 2137 4996 τ
2183 4959 2333 5013 Editi'
2365 4967 2418 5013 et
2457 4959 2564 5014 duo
2593 4959 2750 5024 mss.,
2800 4959 2947 5012 rebus
2983 4961 3226 5013 interesse
3256 4961 3612 5014 dissimilibus.

2043 5027 2196 5082 Colb.
2240 5027 2531 5092 secundus,
2563 5031 2710 5082 rebus
2750 5030 2884 5081 inter
2923 5046 2976 5081 se
3012 5030 3362 5082 dissimilibus.
3412 5030 3614 5083 Ibidem

2045 5096 2586 5177 ediitil‘puguantibus.
2604 5099 2831 5177 _Antiqui
2861 5097 2978 5177 libri
2998 5136 3012 5159 ,
3046 5097 3466 5177 repugnantibus.

2117 5176 2141 5211 8
2171 5165 2309 5218 Editi
2333 5206 2348 5228 ,
2393 5175 2510 5219 acta
2536 5165 2809 5235 priorum:
2839 5167 2979 5234 quod
3011 5167 3139 5233 quid
3174 5165 3284 5220 'sibi
3312 5167 3440 5218 velit
3483 5167 3620 5219 satis

2045 5249 2152 5288 non
2183 5235 2510 5303 intelligitur.
2550 5235 2619 5288 At
2647 5237 2814 5289 nostri
2847 5244 2955 5288 tres
2983 5251 3135 5302 mss.,
3164 5245 3301 5288 secta
3336 5238 3564 5303 priorum
3593 5252 3615 5289 :

2044 5304 2186 5371 quod
2217 5305 2416 5357 nemini
2445 5320 2550 5358 non
2578 5306 2922 5373 probabitur,
2955 5305 2999 5358 si
3033 5305 3189 5357 modo
3220 5321 3323 5358 vox
3353 5307 3571 5357 rescissa
3596 5344 3616 5371 ,

2041 5386 2159 5438 quae
2187 5373 2366 5442 statim
2394 5374 2652 5440 sequitur,
2683 5382 2962 5427 moveatur
2990 5373 3108 5426 loco
3136 5389 3233 5426 suo
3253 5411 3268 5435 ,
3301 5383 3438 5425 secta
3466 5374 3616 5442 prio-

2040 5457 2154 5493 rum
2193 5441 2610 5512 philosophorum
2636 5445 2853 5512 rescissa
2876 5483 2890 5506 ,
2933 5442 3011 5512 hi,
3032 5443 3118 5512 qui
3151 5452 3327 5512 postea
3363 5457 3619 5494 successe-

2039 5518 2180 5589 runt,
2211 5511 2468 5630 ριἫη-ίαε,
2498 5519 2602 5565 etc.
2635 5511 2784 5565 Colb.
2819 5511 3103 5571 secundus,
3147 5511 3411 5579 propriam
3439 5526 3618 5562 asser-

2043 5589 2246 5630 tionem.
2325 5593 2387 5630 ec
2415 5579 2489 5630 ita
2519 5581 2688 5630 multo
2716 5588 2837 5630 post
2860 5579 3012 5630 Colb.
3047 5580 3330 5630 secundus.
3359 5579 3618 5630 siderum-

2043 5578 2246 5650 tionem.
2279 5578 2489 5650 Necita
2519 5581 2688 5636 multo
2714 5588 2837 5650 post
2860 5579 3012 5636 Colb.
3047 5578 3330 5649 secundus,
3359 5579 3623 5634 siderum-

2038 5663 2133 5717 que
2157 5646 2464 5703 substantia.
2714 5646 2740 5672 ⁷⁸
