  <div class='ocr_page' id='page_1' title='image "/cluster/home/n/w/nwhite01/storage/ocr_20150623/30/nnc1.0046978810/462.png"; bbox 0 0 3824 6214; ppageno 0'>
   <div class='ocr_carea' id='block_1_1' title="bbox 198 340 308 398">
    <p class='ocr_par' dir='ltr' id='par_1_1' title="bbox 198 340 308 398">
     <span class='ocr_line' id='line_1_1' title="bbox 198 340 308 398; baseline -0.018 1"><span class='ocrx_word' id='word_1_1' title='bbox 198 340 308 398; x_wconf 75' lang='grc'>881</span> 
     </span>
    </p>
   </div>
   <div class='ocr_carea' id='block_1_2' title="bbox 945 331 2649 396">
    <p class='ocr_par' dir='ltr' id='par_1_2' title="bbox 945 331 2649 396">
     <span class='ocr_line' id='line_1_2' title="bbox 945 331 2649 396; baseline 0.002 -4"><span class='ocrx_word' id='word_1_2' title='bbox 945 331 1325 393; x_wconf 81' lang='lat' dir='ltr'><strong>EUSTATHII</strong></span> <span class='ocrx_word' id='word_1_3' title='bbox 1363 332 1771 392; x_wconf 79' lang='lat' dir='ltr'><strong>HEXAEMERI</strong></span> <span class='ocrx_word' id='word_1_4' title='bbox 1809 335 2300 394; x_wconf 79' lang='lat' dir='ltr'><strong>METAPHRASIS</strong></span> <span class='ocrx_word' id='word_1_5' title='bbox 2336 338 2545 395; x_wconf 80' lang='lat' dir='ltr'><strong>LIBER</strong></span> <span class='ocrx_word' id='word_1_6' title='bbox 2581 339 2649 396; x_wconf 86' lang='lat' dir='ltr'><strong>ll.</strong></span> 
     </span>
    </p>
   </div>
   <div class='ocr_carea' id='block_1_3' title="bbox 3336 341 3445 400">
    <p class='ocr_par' dir='ltr' id='par_1_3' title="bbox 3336 341 3445 400">
     <span class='ocr_line' id='line_1_3' title="bbox 3336 341 3445 400; baseline 0.028 -3"><span class='ocrx_word' id='word_1_7' title='bbox 3336 341 3445 400; x_wconf 74' lang='lat'><strong>882</strong></span> 
     </span>
    </p>
   </div>
   <div class='ocr_carea' id='block_1_4' title="bbox 181 439 3444 522">
    <p class='ocr_par' dir='ltr' id='par_1_4' title="bbox 181 439 3444 522">
     <span class='ocr_line' id='line_1_4' title="bbox 181 439 3444 522; baseline -0.003 -16"><span class='ocrx_word' id='word_1_8' title='bbox 181 456 464 506; x_wconf 76' lang='lat' dir='ltr'><strong>ntinarunt</strong></span> <span class='ocrx_word' id='word_1_9' title='bbox 492 467 508 504; x_wconf 89' lang='lat'><strong>:</strong></span> <span class='ocrx_word' id='word_1_10' title='bbox 551 449 793 521; x_wconf 77' lang='lat' dir='ltr'><strong>quintam</strong></span> <span class='ocrx_word' id='word_1_11' title='bbox 821 451 1110 522; x_wconf 85' lang='lat' dir='ltr'><strong>quamdam</strong></span> <span class='ocrx_word' id='word_1_12' title='bbox 1137 460 1381 506; x_wconf 91' lang='lat' dir='ltr'><strong>naturam</strong></span> <span class='ocrx_word' id='word_1_13' title='bbox 1419 451 1678 521; x_wconf 87' lang='lat' dir='ltr'><strong>corporis,</strong></span> <span class='ocrx_word' id='word_1_14' title='bbox 1710 457 1770 505; x_wconf 92' lang='lat' dir='ltr'><strong>ut</strong></span> <span class='ocrx_word' id='word_1_15' title='bbox 1789 452 1844 513; x_wconf 68' lang='grc' dir='ltr'><strong>Δ</strong></span> <span class='ocrx_word' id='word_1_16' title='bbox 1869 463 2009 504; x_wconf 91' lang='lat' dir='ltr'><strong>mur.</strong></span> <span class='ocrx_word' id='word_1_17' title='bbox 2034 446 2102 502; x_wconf 87' lang='lat' dir='ltr'><strong>Et</strong></span> <span class='ocrx_word' id='word_1_18' title='bbox 2121 461 2189 502; x_wconf 81' lang='lat' dir='ltr'><strong>ex</strong></span> <span class='ocrx_word' id='word_1_19' title='bbox 2210 443 2580 515; x_wconf 71' lang='lat' dir='ltr'><strong>magnitudine</strong></span> <span class='ocrx_word' id='word_1_20' title='bbox 2606 454 2895 512; x_wconf 82' lang='lat' dir='ltr'><strong>corporum</strong></span> <span class='ocrx_word' id='word_1_21' title='bbox 2919 439 3444 512; x_wconf 72' lang='lat' dir='ltr'><strong>circumiptomm</strong></span> 
     </span>
    </p>
   </div>
   <div class='ocr_carea' id='block_1_5' title="bbox 183 543 1766 614">
    <p class='ocr_par' dir='ltr' id='par_1_5' title="bbox 183 543 1766 614">
     <span class='ocr_line' id='line_1_5' title="bbox 183 543 1766 614; baseline 0.001 -19"><span class='ocrx_word' id='word_1_22' title='bbox 183 544 428 597; x_wconf 79' lang='lat' dir='ltr'><strong>diximus</strong></span> <span class='ocrx_word' id='word_1_23' title='bbox 450 583 468 609; x_wconf 94' lang='lat'><strong>,</strong></span> <span class='ocrx_word' id='word_1_24' title='bbox 510 543 566 598; x_wconf 91' lang='lat' dir='ltr'><strong>in</strong></span> <span class='ocrx_word' id='word_1_25' title='bbox 604 544 728 599; x_wconf 74' lang='grc' dir='ltr'><strong>οωιί</strong></span> <span class='ocrx_word' id='word_1_26' title='bbox 775 544 1115 614; x_wconf 82' lang='lat' dir='ltr'><strong>siderumque</strong></span> <span class='ocrx_word' id='word_1_27' title='bbox 1161 543 1510 598; x_wconf 75' lang='lat' dir='ltr'><strong>substantiam</strong></span> <span class='ocrx_word' id='word_1_28' title='bbox 1548 543 1766 599; x_wconf 87' lang='lat' dir='ltr'><strong>subesse</strong></span> 
     </span>
    </p>
   </div>
   <div class='ocr_carea' id='block_1_6' title="bbox 176 628 1763 704">
    <p class='ocr_par' dir='ltr' id='par_1_6' title="bbox 176 628 1763 704">
     <span class='ocr_line' id='line_1_6' title="bbox 176 628 1763 704; baseline -0.003 -17"><span class='ocrx_word' id='word_1_29' title='bbox 176 630 357 699; x_wconf 76' lang='lat'><strong>710</strong></span> <span class='ocrx_word' id='word_1_30' title='bbox 374 631 675 689; x_wconf 79' lang='lat' dir='ltr'><strong>firmantes.</strong></span> <span class='ocrx_word' id='word_1_31' title='bbox 714 633 869 688; x_wconf 82' lang='lat' dir='ltr'><strong>Alius</strong></span> <span class='ocrx_word' id='word_1_32' title='bbox 901 641 1084 688; x_wconf 90' lang='lat' dir='ltr'><strong>autem</strong></span> <span class='ocrx_word' id='word_1_33' title='bbox 1110 632 1331 704; x_wconf 84' lang='lat' dir='ltr'><strong>quidam</strong></span> <span class='ocrx_word' id='word_1_34' title='bbox 1350 632 1416 687; x_wconf 91' lang='lat' dir='ltr'><strong>de</strong></span> <span class='ocrx_word' id='word_1_35' title='bbox 1444 628 1763 697; x_wconf 74' lang='lat' dir='ltr'><strong>acrioribus,</strong></span> 
     </span>
    </p>
   </div>
   <div class='ocr_carea' id='block_1_7' title="bbox 176 722 1775 792">
    <p class='ocr_par' dir='ltr' id='par_1_7' title="bbox 176 722 1775 792">
     <span class='ocr_line' id='line_1_7' title="bbox 176 722 1775 792; baseline 0.001 -17"><span class='ocrx_word' id='word_1_36' title='bbox 176 722 306 776; x_wconf 68' lang='lat' dir='ltr'><strong>haec</strong></span> <span class='ocrx_word' id='word_1_37' title='bbox 323 724 543 792; x_wconf 85' lang='lat' dir='ltr'><strong>quidem</strong></span> <span class='ocrx_word' id='word_1_38' title='bbox 571 740 692 792; x_wconf 73' lang='lat' dir='ltr'><strong>qua:</strong></span> <span class='ocrx_word' id='word_1_39' title='bbox 711 726 1056 782; x_wconf 86' lang='lat' dir='ltr'><strong>narravimus</strong></span> <span class='ocrx_word' id='word_1_40' title='bbox 1088 734 1287 781; x_wconf 89' lang='lat' dir='ltr'><strong>cuncta</strong></span> <span class='ocrx_word' id='word_1_41' title='bbox 1330 722 1620 788; x_wconf 80' lang='lat' dir='ltr'><strong>destruxit,</strong></span> <span class='ocrx_word' id='word_1_42' title='bbox 1645 735 1775 792; x_wconf 89' lang='lat' dir='ltr'><strong>pro-</strong></span> 
     </span>
    </p>
   </div>
   <div class='ocr_carea' id='block_1_8' title="bbox 173 814 1777 887">
    <p class='ocr_par' dir='ltr' id='par_1_8' title="bbox 173 814 1777 887">
     <span class='ocr_line' id='line_1_8' title="bbox 173 814 1777 887; baseline 0.002 -22"><span class='ocrx_word' id='word_1_43' title='bbox 173 814 307 884; x_wconf 86' lang='lat' dir='ltr'><strong>priu</strong></span> <span class='ocrx_word' id='word_1_44' title='bbox 318 832 368 867; x_wconf 77' lang='lat' dir='ltr'><strong>[lt</strong></span> <span class='ocrx_word' id='word_1_45' title='bbox 386 831 518 871; x_wconf 89' lang='lat' dir='ltr'><strong>vero</strong></span> <span class='ocrx_word' id='word_1_46' title='bbox 530 815 728 887; x_wconf 82' lang='lat' dir='ltr'><strong>dogma</strong></span> <span class='ocrx_word' id='word_1_47' title='bbox 746 818 900 874; x_wconf 89' lang='lat' dir='ltr'><strong>visus</strong></span> <span class='ocrx_word' id='word_1_48' title='bbox 914 827 998 874; x_wconf 87' lang='lat' dir='ltr'><strong>est</strong></span> <span class='ocrx_word' id='word_1_49' title='bbox 1015 816 1418 874; x_wconf 85' lang='lat' dir='ltr'><strong>commendare.</strong></span> <span class='ocrx_word' id='word_1_50' title='bbox 1439 815 1514 872; x_wconf 90' lang='lat' dir='ltr'><strong>De</strong></span> <span class='ocrx_word' id='word_1_51' title='bbox 1524 814 1721 885; x_wconf 82' lang='lat' dir='ltr'><strong>quibus</strong></span> <span class='ocrx_word' id='word_1_52' title='bbox 1732 814 1777 869; x_wconf 91' lang='lat' dir='ltr'><strong>si</strong></span> 
     </span>
    </p>
   </div>
   <div class='ocr_carea' id='block_1_9' title="bbox 180 906 1769 981">
    <p class='ocr_par' dir='ltr' id='par_1_9' title="bbox 180 906 1769 981">
     <span class='ocr_line' id='line_1_9' title="bbox 180 906 1769 981; baseline -0.001 -18"><span class='ocrx_word' id='word_1_53' title='bbox 180 906 402 964; x_wconf 78' lang='lat' dir='ltr'><strong>referre</strong></span> <span class='ocrx_word' id='word_1_54' title='bbox 413 908 625 981; x_wconf 79' lang='lat' dir='ltr'><strong>singula</strong></span> <span class='ocrx_word' id='word_1_55' title='bbox 643 909 1023 977; x_wconf 91' lang='lat' dir='ltr'><strong>maluerimus,</strong></span> <span class='ocrx_word' id='word_1_56' title='bbox 1042 909 1275 980; x_wconf 77' lang='lat' dir='ltr'><strong>similem</strong></span> <span class='ocrx_word' id='word_1_57' title='bbox 1292 909 1401 966; x_wconf 88' lang='lat' dir='ltr'><strong>illis</strong></span> <span class='ocrx_word' id='word_1_58' title='bbox 1411 908 1684 980; x_wconf 89' lang='lat' dir='ltr'><strong>patiemur</strong></span> <span class='ocrx_word' id='word_1_59' title='bbox 1695 921 1769 961; x_wconf 60' lang='lat' dir='ltr'><strong>er.</strong></span> 
     </span>
    </p>
   </div>
   <div class='ocr_carea' id='block_1_10' title="bbox 180 988 1773 1061">
    <p class='ocr_par' dir='ltr' id='par_1_10' title="bbox 180 988 1773 1061">
     <span class='ocr_line' id='line_1_10' title="bbox 180 988 1773 1061; baseline -0.004 -13"><span class='ocrx_word' id='word_1_60' title='bbox 180 1008 397 1048; x_wconf 86' lang='lat' dir='ltr'><strong>rorem.</strong></span> <span class='ocrx_word' id='word_1_61' title='bbox 430 991 537 1047; x_wconf 87' lang='lat' dir='ltr'><strong>Sed</strong></span> <span class='ocrx_word' id='word_1_62' title='bbox 558 1008 653 1049; x_wconf 90' lang='lat' dir='ltr'><strong>eos</strong></span> <span class='ocrx_word' id='word_1_63' title='bbox 677 1008 707 1046; x_wconf 95' lang='lat' dir='ltr'><strong>a</strong></span> <span class='ocrx_word' id='word_1_64' title='bbox 729 993 1032 1061; x_wconf 87' lang='lat' dir='ltr'><strong>semetipsis</strong></span> <span class='ocrx_word' id='word_1_65' title='bbox 1054 992 1287 1046; x_wconf 86' lang='lat' dir='ltr'><strong>vicissim</strong></span> <span class='ocrx_word' id='word_1_66' title='bbox 1314 990 1472 1059; x_wconf 87' lang='lat' dir='ltr'><strong>dejici</strong></span> <span class='ocrx_word' id='word_1_67' title='bbox 1500 988 1773 1056; x_wconf 89' lang='lat' dir='ltr'><strong>relinqua-</strong></span> 
     </span>
    </p>
   </div>
   <div class='ocr_carea' id='block_1_11' title="bbox 181 1083 1773 1155">
    <p class='ocr_par' dir='ltr' id='par_1_11' title="bbox 181 1083 1773 1155">
     <span class='ocr_line' id='line_1_11' title="bbox 181 1083 1773 1155; baseline -0.004 -13"><span class='ocrx_word' id='word_1_68' title='bbox 181 1103 336 1152; x_wconf 86' lang='lat' dir='ltr'><strong>mus,</strong></span> <span class='ocrx_word' id='word_1_69' title='bbox 359 1094 417 1141; x_wconf 90' lang='lat' dir='ltr'><strong>et</strong></span> <span class='ocrx_word' id='word_1_70' title='bbox 443 1087 591 1141; x_wconf 91' lang='lat' dir='ltr'><strong>omni</strong></span> <span class='ocrx_word' id='word_1_71' title='bbox 621 1086 834 1141; x_wconf 88' lang='lat' dir='ltr'><strong>illorum</strong></span> <span class='ocrx_word' id='word_1_72' title='bbox 855 1085 1200 1141; x_wconf 83' lang='lat' dir='ltr'><strong>contentione</strong></span> <span class='ocrx_word' id='word_1_73' title='bbox 1227 1083 1553 1155; x_wconf 89' lang='lat' dir='ltr'><strong>postposita,</strong></span> <span class='ocrx_word' id='word_1_74' title='bbox 1581 1095 1773 1152; x_wconf 81' lang='lat' dir='ltr'><strong>seqna-</strong></span> 
     </span>
    </p>
   </div>
   <div class='ocr_carea' id='block_1_12' title="bbox 180 1171 1773 1248">
    <p class='ocr_par' dir='ltr' id='par_1_12' title="bbox 180 1171 1773 1248">
     <span class='ocr_line' id='line_1_12' title="bbox 180 1171 1773 1248; baseline -0.004 -16"><span class='ocrx_word' id='word_1_75' title='bbox 180 1193 315 1232; x_wconf 87' lang='lat' dir='ltr'><strong>mur</strong></span> <span class='ocrx_word' id='word_1_76' title='bbox 334 1176 558 1248; x_wconf 75' lang='lat' dir='ltr'><strong>Moysen</strong></span> <span class='ocrx_word' id='word_1_77' title='bbox 577 1176 845 1231; x_wconf 88' lang='lat' dir='ltr'><strong>dicentem</strong></span> <span class='ocrx_word' id='word_1_78' title='bbox 875 1193 888 1228; x_wconf 91' lang='lat'>:</span> <span class='ocrx_word' id='word_1_79' title='bbox 922 1175 988 1229; x_wconf 82' lang='lat' dir='ltr'><strong>In</strong></span> <span class='ocrx_word' id='word_1_80' title='bbox 1006 1175 1260 1245; x_wconf 80' lang='lat' dir='ltr'><strong>principio</strong></span> <span class='ocrx_word' id='word_1_81' title='bbox 1286 1175 1407 1246; x_wconf 76' lang='lat' dir='ltr'><strong>fecit</strong></span> <span class='ocrx_word' id='word_1_82' title='bbox 1433 1171 1573 1227; x_wconf 71' lang='lat' dir='ltr'><strong>Deut</strong></span> <span class='ocrx_word' id='word_1_83' title='bbox 1594 1173 1773 1227; x_wconf 66' lang='lat' dir='ltr'><strong>calum</strong></span> 
     </span>
    </p>
   </div>
   <div class='ocr_carea' id='block_1_13' title="bbox 180 1264 1776 1338">
    <p class='ocr_par' dir='ltr' id='par_1_13' title="bbox 180 1264 1776 1338">
     <span class='ocr_line' id='line_1_13' title="bbox 180 1264 1776 1338; baseline -0.003 -14"><span class='ocrx_word' id='word_1_84' title='bbox 180 1279 236 1324; x_wconf 82' lang='lat' dir='ltr'><strong>et</strong></span> <span class='ocrx_word' id='word_1_85' title='bbox 267 1279 486 1335; x_wconf 83' lang='lat' dir='ltr'><strong>terram,</strong></span> <span class='ocrx_word' id='word_1_86' title='bbox 519 1269 973 1337; x_wconf 90' lang='lat' dir='ltr'><strong>Conditoremque</strong></span> <span class='ocrx_word' id='word_1_87' title='bbox 1000 1267 1259 1338; x_wconf 91' lang='lat' dir='ltr'><strong>optimum</strong></span> <span class='ocrx_word' id='word_1_88' title='bbox 1284 1281 1467 1321; x_wconf 90' lang='lat' dir='ltr'><strong>rerum</strong></span> <span class='ocrx_word' id='word_1_89' title='bbox 1493 1264 1776 1334; x_wconf 85' lang='lat' dir='ltr'><strong>sapientis-</strong></span> 
     </span>
    </p>
   </div>
   <div class='ocr_carea' id='block_1_14' title="bbox 181 1355 1765 1429">
    <p class='ocr_par' dir='ltr' id='par_1_14' title="bbox 181 1355 1765 1429">
     <span class='ocr_line' id='line_1_14' title="bbox 181 1355 1765 1429; baseline -0.003 -14"><span class='ocrx_word' id='word_1_90' title='bbox 181 1361 332 1416; x_wconf 82' lang='lat' dir='ltr'><strong>sime</strong></span> <span class='ocrx_word' id='word_1_91' title='bbox 359 1360 715 1415; x_wconf 89' lang='lat' dir='ltr'><strong>formatarum</strong></span> <span class='ocrx_word' id='word_1_92' title='bbox 751 1359 1130 1429; x_wconf 84' lang='lat' dir='ltr'><strong>gloriﬁcemus,</strong></span> <span class='ocrx_word' id='word_1_93' title='bbox 1161 1366 1217 1413; x_wconf 92' lang='lat' dir='ltr'><strong>et</strong></span> <span class='ocrx_word' id='word_1_94' title='bbox 1242 1372 1311 1413; x_wconf 81' lang='lat' dir='ltr'><strong>ex</strong></span> <span class='ocrx_word' id='word_1_95' title='bbox 1337 1357 1622 1413; x_wconf 85' lang='lat' dir='ltr'><strong>visibilium</strong></span> <span class='ocrx_word' id='word_1_96' title='bbox 1650 1355 1765 1427; x_wconf 87' lang='lat' dir='ltr'><strong>pul-</strong></span> 
     </span>
    </p>
   </div>
   <div class='ocr_carea' id='block_1_15' title="bbox 182 1446 1776 1522">
    <p class='ocr_par' dir='ltr' id='par_1_15' title="bbox 182 1446 1776 1522">
     <span class='ocr_line' id='line_1_15' title="bbox 182 1446 1776 1522; baseline -0.004 -14"><span class='ocrx_word' id='word_1_97' title='bbox 182 1451 501 1509; x_wconf 83' lang='lat' dir='ltr'><strong>chritudine</strong></span> <span class='ocrx_word' id='word_1_98' title='bbox 524 1493 540 1519; x_wconf 95' lang='lat'><strong>,</strong></span> <span class='ocrx_word' id='word_1_99' title='bbox 589 1452 740 1507; x_wconf 91' lang='lat' dir='ltr'><strong>illum</strong></span> <span class='ocrx_word' id='word_1_100' title='bbox 765 1450 859 1522; x_wconf 89' lang='lat' dir='ltr'><strong>qui</strong></span> <span class='ocrx_word' id='word_1_101' title='bbox 885 1450 1044 1504; x_wconf 89' lang='lat' dir='ltr'><strong>nimis</strong></span> <span class='ocrx_word' id='word_1_102' title='bbox 1070 1451 1305 1521; x_wconf 81' lang='lat' dir='ltr'><strong>optimus</strong></span> <span class='ocrx_word' id='word_1_103' title='bbox 1338 1454 1421 1503; x_wconf 90' lang='lat' dir='ltr'><strong>est</strong></span> <span class='ocrx_word' id='word_1_104' title='bbox 1445 1446 1776 1517; x_wconf 88' lang='lat' dir='ltr'><strong>contemple-</strong></span> 
     </span>
    </p>
   </div>
   <div class='ocr_carea' id='block_1_16' title="bbox 1870 532 3447 603">
    <p class='ocr_par' dir='ltr' id='par_1_16' title="bbox 1870 532 3447 603">
     <span class='ocr_line' id='line_1_16' title="bbox 1870 532 3447 603; baseline -0.005 -8"><span class='ocrx_word' id='word_1_105' title='bbox 1870 540 2155 595; x_wconf 90' lang='lat' dir='ltr'><strong>metiamur</strong></span> <span class='ocrx_word' id='word_1_106' title='bbox 2173 535 2329 593; x_wconf 86' lang='lat' dir='ltr'><strong>illum</strong></span> <span class='ocrx_word' id='word_1_107' title='bbox 2356 534 2618 592; x_wconf 78' lang='lat' dir='ltr'><strong>inﬁnitum</strong></span> <span class='ocrx_word' id='word_1_108' title='bbox 2637 575 2654 602; x_wconf 93' lang='lat'><strong>,</strong></span> <span class='ocrx_word' id='word_1_109' title='bbox 2682 540 2746 589; x_wconf 86' lang='lat' dir='ltr'><strong>et</strong></span> <span class='ocrx_word' id='word_1_110' title='bbox 2764 532 3076 597; x_wconf 79' lang='lat' dir='ltr'><strong>maximum,</strong></span> <span class='ocrx_word' id='word_1_111' title='bbox 3121 546 3447 603; x_wconf 86' lang='lat' dir='ltr'><strong>omnemque</strong></span> 
     </span>
    </p>
   </div>
   <div class='ocr_carea' id='block_1_17' title="bbox 1872 623 3447 702">
    <p class='ocr_par' dir='ltr' id='par_1_17' title="bbox 1872 623 3447 702">
     <span class='ocr_line' id='line_1_17' title="bbox 1872 623 3447 702; baseline -0.004 -14"><span class='ocrx_word' id='word_1_112' title='bbox 1872 632 2254 702; x_wconf 77' lang='lat' dir='ltr'><strong>cogitationem</strong></span> <span class='ocrx_word' id='word_1_113' title='bbox 2278 630 2453 686; x_wconf 88' lang='lat' dir='ltr'><strong>cordis</strong></span> <span class='ocrx_word' id='word_1_114' title='bbox 2478 627 2699 683; x_wconf 87' lang='lat' dir='ltr'><strong>humani</strong></span> <span class='ocrx_word' id='word_1_115' title='bbox 2724 640 2835 682; x_wconf 76' lang='lat' dir='ltr'><strong>suae</strong></span> <span class='ocrx_word' id='word_1_116' title='bbox 2859 624 3073 681; x_wconf 85' lang='lat' dir='ltr'><strong>virtutis</strong></span> <span class='ocrx_word' id='word_1_117' title='bbox 3095 623 3447 694; x_wconf 75' lang='lat' dir='ltr'><strong>amplitudine</strong></span> 
     </span>
    </p>
   </div>
   <div class='ocr_carea' id='block_1_18' title="bbox 1870 714 3448 791">
    <p class='ocr_par' dir='ltr' id='par_1_18' title="bbox 1870 714 3448 791">
     <span class='ocr_line' id='line_1_18' title="bbox 1870 714 3448 791; baseline -0.003 -15"><span class='ocrx_word' id='word_1_118' title='bbox 1870 721 2372 791; x_wconf 78' lang='lat' dir='ltr'><strong>transgredientem.</strong></span> <span class='ocrx_word' id='word_1_119' title='bbox 2422 718 2556 773; x_wconf 86' lang='lat' dir='ltr'><strong>Nam</strong></span> <span class='ocrx_word' id='word_1_120' title='bbox 2594 717 2721 772; x_wconf 90' lang='lat' dir='ltr'><strong>licet</strong></span> <span class='ocrx_word' id='word_1_121' title='bbox 2755 722 3015 772; x_wconf 70' lang='lat' dir='ltr'><strong>creaturae</strong></span> <span class='ocrx_word' id='word_1_122' title='bbox 3060 721 3305 769; x_wconf 87' lang='lat' dir='ltr'><strong>naturam</strong></span> <span class='ocrx_word' id='word_1_123' title='bbox 3342 714 3448 771; x_wconf 47' lang='lat' dir='ltr'><strong>mi.</strong></span> 
     </span>
    </p>
   </div>
   <div class='ocr_carea' id='block_1_19' title="bbox 1874 804 3445 883">
    <p class='ocr_par' dir='ltr' id='par_1_19' title="bbox 1874 804 3445 883">
     <span class='ocr_line' id='line_1_19' title="bbox 1874 804 3445 883; baseline -0.003 -16"><span class='ocrx_word' id='word_1_124' title='bbox 1874 813 2018 868; x_wconf 91' lang='lat' dir='ltr'><strong>nime</strong></span> <span class='ocrx_word' id='word_1_125' title='bbox 2044 809 2589 883; x_wconf 86' lang='lat' dir='ltr'><strong>comprehendamus,</strong></span> <span class='ocrx_word' id='word_1_126' title='bbox 2619 816 2798 863; x_wconf 90' lang='lat' dir='ltr'><strong>tamen</strong></span> <span class='ocrx_word' id='word_1_127' title='bbox 2826 805 3059 877; x_wconf 90' lang='lat' dir='ltr'><strong>idipsum</strong></span> <span class='ocrx_word' id='word_1_128' title='bbox 3097 804 3242 874; x_wconf 88' lang='lat' dir='ltr'><strong>quod</strong></span> <span class='ocrx_word' id='word_1_129' title='bbox 3268 804 3445 862; x_wconf 89' lang='lat' dir='ltr'><strong>tenui-</strong></span> 
     </span>
    </p>
   </div>
   <div class='ocr_carea' id='block_1_20' title="bbox 1876 895 3444 971">
    <p class='ocr_par' dir='ltr' id='par_1_20' title="bbox 1876 895 3444 971">
     <span class='ocr_line' id='line_1_20' title="bbox 1876 895 3444 971; baseline -0.003 -14"><span class='ocrx_word' id='word_1_130' title='bbox 1876 909 1959 957; x_wconf 86' lang='lat' dir='ltr'><strong>ter</strong></span> <span class='ocrx_word' id='word_1_131' title='bbox 1994 910 2181 958; x_wconf 88' lang='lat' dir='ltr'><strong>nostro</strong></span> <span class='ocrx_word' id='word_1_132' title='bbox 2203 900 2482 971; x_wconf 90' lang='lat' dir='ltr'><strong>subjicitur</strong></span> <span class='ocrx_word' id='word_1_133' title='bbox 2502 896 2817 962; x_wconf 80' lang='lat' dir='ltr'><strong>intellectui,</strong></span> <span class='ocrx_word' id='word_1_134' title='bbox 2846 902 3055 952; x_wconf 84' lang='lat' dir='ltr'><strong>tantum</strong></span> <span class='ocrx_word' id='word_1_135' title='bbox 3084 896 3249 951; x_wconf 85' lang='lat' dir='ltr'><strong>habet</strong></span> <span class='ocrx_word' id='word_1_136' title='bbox 3275 895 3444 952; x_wconf 83' lang='lat' dir='ltr'><strong>admi—</strong></span> 
     </span>
    </p>
   </div>
   <div class='ocr_carea' id='block_1_21' title="bbox 1872 986 3446 1062">
    <p class='ocr_par' dir='ltr' id='par_1_21' title="bbox 1872 986 3446 1062">
     <span class='ocr_line' id='line_1_21' title="bbox 1872 986 3446 1062; baseline -0.004 -14"><span class='ocrx_word' id='word_1_137' title='bbox 1872 993 2119 1062; x_wconf 86' lang='lat' dir='ltr'><strong>rationis,</strong></span> <span class='ocrx_word' id='word_1_138' title='bbox 2147 1001 2209 1048; x_wconf 88' lang='lat' dir='ltr'><strong>ut</strong></span> <span class='ocrx_word' id='word_1_139' title='bbox 2233 993 2397 1048; x_wconf 90' lang='lat' dir='ltr'><strong>etiam</strong></span> <span class='ocrx_word' id='word_1_140' title='bbox 2416 990 2754 1047; x_wconf 87' lang='lat' dir='ltr'><strong>velocissima</strong></span> <span class='ocrx_word' id='word_1_141' title='bbox 2779 1003 2933 1044; x_wconf 89' lang='lat' dir='ltr'><strong>mens</strong></span> <span class='ocrx_word' id='word_1_142' title='bbox 2960 986 3183 1045; x_wconf 80' lang='lat' dir='ltr'><strong>inferior</strong></span> <span class='ocrx_word' id='word_1_143' title='bbox 3198 987 3446 1043; x_wconf 87' lang='lat' dir='ltr'><strong>videatur</strong></span> 
     </span>
    </p>
   </div>
   <div class='ocr_carea' id='block_1_22' title="bbox 1875 1072 3446 1154">
    <p class='ocr_par' dir='ltr' id='par_1_22' title="bbox 1875 1072 3446 1154">
     <span class='ocr_line' id='line_1_22' title="bbox 1875 1072 3446 1154; baseline -0.004 -14"><span class='ocrx_word' id='word_1_144' title='bbox 1875 1085 1960 1140; x_wconf 87' lang='lat' dir='ltr'><strong>his</strong></span> <span class='ocrx_word' id='word_1_145' title='bbox 1982 1072 2144 1141; x_wconf 78' lang='lat' dir='ltr'><strong>rebus</strong></span> <span class='ocrx_word' id='word_1_146' title='bbox 2168 1099 2287 1154; x_wconf 72' lang='lat' dir='ltr'><strong>qua:</strong></span> <span class='ocrx_word' id='word_1_147' title='bbox 2313 1084 2367 1139; x_wconf 90' lang='lat' dir='ltr'><strong>in</strong></span> <span class='ocrx_word' id='word_1_148' title='bbox 2395 1084 2501 1139; x_wconf 90' lang='lat' dir='ltr'><strong>hoc</strong></span> <span class='ocrx_word' id='word_1_149' title='bbox 2525 1082 2725 1138; x_wconf 91' lang='lat' dir='ltr'><strong>mundo</strong></span> <span class='ocrx_word' id='word_1_150' title='bbox 2753 1081 3021 1137; x_wconf 84' lang='lat' dir='ltr'><strong>habentur</strong></span> <span class='ocrx_word' id='word_1_151' title='bbox 3043 1080 3266 1148; x_wconf 69' lang='lat' dir='ltr'><strong>exiguae,</strong></span> <span class='ocrx_word' id='word_1_152' title='bbox 3295 1080 3446 1136; x_wconf 85' lang='lat' dir='ltr'><strong>debi-</strong></span> 
     </span>
    </p>
   </div>
   <div class='ocr_carea' id='block_1_23' title="bbox 1879 1170 3444 1246">
    <p class='ocr_par' dir='ltr' id='par_1_23' title="bbox 1879 1170 3444 1246">
     <span class='ocr_line' id='line_1_23' title="bbox 1879 1170 3444 1246; baseline -0.001 -17"><span class='ocrx_word' id='word_1_153' title='bbox 1879 1184 2098 1246; x_wconf 87' lang='lat' dir='ltr'><strong>tamque</strong></span> <span class='ocrx_word' id='word_1_154' title='bbox 2135 1190 2296 1245; x_wconf 87' lang='lat' dir='ltr'><strong>super</strong></span> <span class='ocrx_word' id='word_1_155' title='bbox 2323 1175 2570 1230; x_wconf 89' lang='lat' dir='ltr'><strong>oumibus</strong></span> <span class='ocrx_word' id='word_1_156' title='bbox 2610 1172 2825 1228; x_wconf 91' lang='lat' dir='ltr'><strong>laudem</strong></span> <span class='ocrx_word' id='word_1_157' title='bbox 2843 1171 3125 1229; x_wconf 89' lang='lat' dir='ltr'><strong>Conditori</strong></span> <span class='ocrx_word' id='word_1_158' title='bbox 3150 1170 3444 1228; x_wconf 83' lang='lat' dir='ltr'><strong>referamus</strong></span> 
     </span>
    </p>
   </div>
   <div class='ocr_carea' id='block_1_24' title="bbox 1875 1265 3447 1338">
    <p class='ocr_par' dir='ltr' id='par_1_24' title="bbox 1875 1265 3447 1338">
     <span class='ocr_line' id='line_1_24' title="bbox 1875 1265 3447 1338; baseline -0.003 -16"><span class='ocrx_word' id='word_1_159' title='bbox 1875 1268 2166 1338; x_wconf 85' lang='lat' dir='ltr'><strong>impensius</strong></span> <span class='ocrx_word' id='word_1_160' title='bbox 2209 1285 2222 1319; x_wconf 93' lang='lat'>:</span> <span class='ocrx_word' id='word_1_161' title='bbox 2252 1267 2341 1322; x_wconf 90' lang='lat' dir='ltr'><strong>cui</strong></span> <span class='ocrx_word' id='word_1_162' title='bbox 2365 1266 2536 1336; x_wconf 85' lang='lat' dir='ltr'><strong>gloria</strong></span> <span class='ocrx_word' id='word_1_163' title='bbox 2563 1273 2621 1320; x_wconf 94' lang='lat' dir='ltr'><strong>et</strong></span> <span class='ocrx_word' id='word_1_164' title='bbox 2644 1265 2838 1331; x_wconf 91' lang='lat' dir='ltr'><strong>honor,</strong></span> <span class='ocrx_word' id='word_1_165' title='bbox 2880 1279 3024 1321; x_wconf 88' lang='lat' dir='ltr'><strong>nunc</strong></span> <span class='ocrx_word' id='word_1_166' title='bbox 3050 1271 3106 1320; x_wconf 87' lang='lat' dir='ltr'><strong>et</strong></span> <span class='ocrx_word' id='word_1_167' title='bbox 3134 1278 3364 1335; x_wconf 88' lang='lat' dir='ltr'><strong>semper,</strong></span> <span class='ocrx_word' id='word_1_168' title='bbox 3391 1270 3447 1318; x_wconf 90' lang='lat' dir='ltr'><strong>et</strong></span> 
     </span>
    </p>
   </div>
   <div class='ocr_carea' id='block_1_25' title="bbox 1874 1357 2739 1416">
    <p class='ocr_par' dir='ltr' id='par_1_25' title="bbox 1874 1357 2739 1416">
     <span class='ocr_line' id='line_1_25' title="bbox 1874 1357 2739 1416; baseline -0.006 0"><span class='ocrx_word' id='word_1_169' title='bbox 1874 1360 1932 1416; x_wconf 91' lang='lat' dir='ltr'><strong>in</strong></span> <span class='ocrx_word' id='word_1_170' title='bbox 1960 1361 2152 1416; x_wconf 62' lang='lat' dir='ltr'><strong>saecula</strong></span> <span class='ocrx_word' id='word_1_171' title='bbox 2179 1360 2516 1416; x_wconf 83' lang='lat' dir='ltr'><strong>saeculorum.</strong></span> <span class='ocrx_word' id='word_1_172' title='bbox 2550 1357 2739 1412; x_wconf 84' lang='lat' dir='ltr'><strong>Amen.</strong></span> 
     </span>
    </p>
   </div>
   <div class='ocr_carea' id='block_1_26' title="bbox 181 1585 3399 1613">
    <p class='ocr_par' dir='ltr' id='par_1_26' title="bbox 181 1585 3399 1613">
     <span class='ocr_line' id='line_1_26' title="bbox 181 1585 3399 1613; baseline -0.011 0"><span class='ocrx_word' id='word_1_173' title='bbox 181 1585 3399 1613; x_wconf 77' lang='lat'><strong>_______________________________________—______</strong></span> 
     </span>
    </p>
   </div>
   <div class='ocr_carea' id='block_1_27' title="bbox 1091 1681 2527 1795">
    <p class='ocr_par' dir='ltr' id='par_1_27' title="bbox 1091 1681 2527 1795">
     <span class='ocr_line' id='line_1_27' title="bbox 1091 1681 2527 1795; baseline -0.001 0"><span class='ocrx_word' id='word_1_174' title='bbox 1091 1681 1569 1795; x_wconf 85' lang='lat' dir='ltr'><strong>LIBER</strong></span> <span class='ocrx_word' id='word_1_175' title='bbox 1648 1684 2527 1794; x_wconf 70' lang='lat' dir='ltr'><strong>SECUNDUS.</strong></span> 
     </span>
    </p>
   </div>
   <div class='ocr_carea' id='block_1_28' title="bbox 260 1861 3449 1935">
    <p class='ocr_par' dir='ltr' id='par_1_28' title="bbox 260 1861 3449 1935">
     <span class='ocr_line' id='line_1_28' title="bbox 260 1861 3449 1935; baseline -0.005 -2"><span class='ocrx_word' id='word_1_176' title='bbox 260 1880 321 1933; x_wconf 76' lang='lat' dir='ltr'><strong>l.</strong></span> <span class='ocrx_word' id='word_1_177' title='bbox 354 1874 582 1933; x_wconf 77' lang='lat' dir='ltr'><strong>Medicis</strong></span> <span class='ocrx_word' id='word_1_178' title='bbox 608 1886 766 1928; x_wconf 89' lang='lat' dir='ltr'><strong>mane</strong></span> <span class='ocrx_word' id='word_1_179' title='bbox 789 1868 1027 1926; x_wconf 89' lang='lat' dir='ltr'><strong>decursis</strong></span> <span class='ocrx_word' id='word_1_180' title='bbox 1054 1865 1413 1933; x_wconf 88' lang='lat' dir='ltr'><strong>sermonibus,</strong></span> <span class='ocrx_word' id='word_1_181' title='bbox 1442 1877 1614 1932; x_wconf 89' lang='lat' dir='ltr'><strong>usque</strong></span> <span class='ocrx_word' id='word_1_182' title='bbox 1641 1861 1777 1917; x_wconf 89' lang='lat' dir='ltr'><strong>adeo</strong></span> <span class='ocrx_word' id='word_1_183' title='bbox 1808 1870 1852 1928; x_wconf 82' lang='grc' dir='ltr'><strong>Β</strong></span> <span class='ocrx_word' id='word_1_184' title='bbox 1879 1864 2014 1919; x_wconf 75' lang='lat' dir='ltr'><strong>dixit</strong></span> <span class='ocrx_word' id='word_1_185' title='bbox 2041 1864 2111 1919; x_wconf 94' lang='lat' dir='ltr'><strong>ob</strong></span> <span class='ocrx_word' id='word_1_186' title='bbox 2137 1865 2270 1920; x_wconf 89' lang='lat' dir='ltr'><strong>duas</strong></span> <span class='ocrx_word' id='word_1_187' title='bbox 2291 1878 2496 1929; x_wconf 88' lang='lat' dir='ltr'><strong>causas,</strong></span> <span class='ocrx_word' id='word_1_188' title='bbox 2524 1871 2617 1918; x_wconf 91' lang='lat' dir='ltr'><strong>aut</strong></span> <span class='ocrx_word' id='word_1_189' title='bbox 2637 1865 2762 1935; x_wconf 86' lang='lat' dir='ltr'><strong>quia</strong></span> <span class='ocrx_word' id='word_1_190' title='bbox 2790 1863 3016 1919; x_wconf 86' lang='lat' dir='ltr'><strong>necdum</strong></span> <span class='ocrx_word' id='word_1_191' title='bbox 3043 1871 3315 1934; x_wconf 84' lang='lat' dir='ltr'><strong>spectator</strong></span> <span class='ocrx_word' id='word_1_192' title='bbox 3334 1862 3449 1931; x_wconf 88' lang='lat' dir='ltr'><strong>ejus</strong></span> 
     </span>
    </p>
   </div>
   <div class='ocr_carea' id='block_1_29' title="bbox 184 1951 1775 2027">
    <p class='ocr_par' dir='ltr' id='par_1_29' title="bbox 184 1951 1775 2027">
     <span class='ocr_line' id='line_1_29' title="bbox 184 1951 1775 2027; baseline -0.015 1"><span class='ocrx_word' id='word_1_193' title='bbox 184 1971 438 2027; x_wconf 83' lang='lat' dir='ltr'><strong>abditam</strong></span> <span class='ocrx_word' id='word_1_194' title='bbox 475 1964 812 2021; x_wconf 84' lang='lat' dir='ltr'><strong>altitudinem</strong></span> <span class='ocrx_word' id='word_1_195' title='bbox 846 1959 1150 2014; x_wconf 88' lang='lat' dir='ltr'><strong>intellectus</strong></span> <span class='ocrx_word' id='word_1_196' title='bbox 1182 1956 1513 2018; x_wconf 86' lang='lat' dir='ltr'><strong>invenimus,</strong></span> <span class='ocrx_word' id='word_1_197' title='bbox 1543 1959 1602 2009; x_wconf 89' lang='lat' dir='ltr'><strong>ut</strong></span> <span class='ocrx_word' id='word_1_198' title='bbox 1638 1951 1775 2006; x_wconf 89' lang='lat' dir='ltr'><strong>libe-</strong></span> 
     </span>
    </p>
   </div>
   <div class='ocr_carea' id='block_1_30' title="bbox 184 2044 1777 2124">
    <p class='ocr_par' dir='ltr' id='par_1_30' title="bbox 184 2044 1777 2124">
     <span class='ocr_line' id='line_1_30' title="bbox 184 2044 1777 2124; baseline -0.014 -6"><span class='ocrx_word' id='word_1_199' title='bbox 184 2071 275 2120; x_wconf 86' lang='lat' dir='ltr'><strong>ret</strong></span> <span class='ocrx_word' id='word_1_200' title='bbox 296 2059 523 2116; x_wconf 89' lang='lat' dir='ltr'><strong>omnino</strong></span> <span class='ocrx_word' id='word_1_201' title='bbox 547 2056 616 2111; x_wconf 93' lang='lat' dir='ltr'><strong>de</strong></span> <span class='ocrx_word' id='word_1_202' title='bbox 645 2052 993 2124; x_wconf 89' lang='lat' dir='ltr'><strong>sequentibus</strong></span> <span class='ocrx_word' id='word_1_203' title='bbox 1031 2048 1319 2118; x_wconf 88' lang='lat' dir='ltr'><strong>desperare</strong></span> <span class='ocrx_word' id='word_1_204' title='bbox 1352 2063 1365 2099; x_wconf 87' lang='lat'>:</span> <span class='ocrx_word' id='word_1_205' title='bbox 1405 2045 1452 2101; x_wconf 89' lang='lat' dir='ltr'><strong>si</strong></span> <span class='ocrx_word' id='word_1_206' title='bbox 1480 2044 1624 2100; x_wconf 90' lang='lat' dir='ltr'><strong>enim</strong></span> <span class='ocrx_word' id='word_1_207' title='bbox 1653 2057 1777 2097; x_wconf 89' lang='lat' dir='ltr'><strong>san-</strong></span> 
     </span>
    </p>
   </div>
   <div class='ocr_carea' id='block_1_31' title="bbox 185 2133 1778 2210">
    <p class='ocr_par' dir='ltr' id='par_1_31' title="bbox 185 2133 1778 2210">
     <span class='ocr_line' id='line_1_31' title="bbox 185 2133 1778 2210; baseline -0.014 -1"><span class='ocrx_word' id='word_1_208' title='bbox 185 2164 413 2210; x_wconf 89' lang='lat' dir='ltr'><strong>ctorum</strong></span> <span class='ocrx_word' id='word_1_209' title='bbox 462 2149 583 2204; x_wconf 90' lang='lat' dir='ltr'><strong>talis</strong></span> <span class='ocrx_word' id='word_1_210' title='bbox 622 2146 874 2201; x_wconf 86' lang='lat' dir='ltr'><strong>introitus</strong></span> <span class='ocrx_word' id='word_1_211' title='bbox 913 2148 1015 2208; x_wconf 90' lang='lat' dir='ltr'><strong>est,</strong></span> <span class='ocrx_word' id='word_1_212' title='bbox 1043 2149 1099 2195; x_wconf 87' lang='lat' dir='ltr'><strong>et</strong></span> <span class='ocrx_word' id='word_1_213' title='bbox 1141 2137 1458 2193; x_wconf 84' lang='lat' dir='ltr'><strong>vestibulum</strong></span> <span class='ocrx_word' id='word_1_214' title='bbox 1488 2134 1673 2204; x_wconf 90' lang='lat' dir='ltr'><strong>templi</strong></span> <span class='ocrx_word' id='word_1_215' title='bbox 1701 2133 1778 2188; x_wconf 88' lang='lat' dir='ltr'><strong>sic</strong></span> 
     </span>
    </p>
   </div>
   <div class='ocr_carea' id='block_1_32' title="bbox 190 2225 1777 2306">
    <p class='ocr_par' dir='ltr' id='par_1_32' title="bbox 190 2225 1777 2306">
     <span class='ocr_line' id='line_1_32' title="bbox 190 2225 1777 2306; baseline -0.013 -8"><span class='ocrx_word' id='word_1_216' title='bbox 190 2243 461 2298; x_wconf 87' lang='lat' dir='ltr'><strong>decorum</strong></span> <span class='ocrx_word' id='word_1_217' title='bbox 487 2248 546 2294; x_wconf 90' lang='lat' dir='ltr'><strong>et</strong></span> <span class='ocrx_word' id='word_1_218' title='bbox 583 2234 939 2306; x_wconf 87' lang='lat' dir='ltr'><strong>splendidum,</strong></span> <span class='ocrx_word' id='word_1_219' title='bbox 966 2241 1028 2287; x_wconf 89' lang='lat' dir='ltr'><strong>ut</strong></span> <span class='ocrx_word' id='word_1_220' title='bbox 1053 2229 1315 2299; x_wconf 83' lang='lat' dir='ltr'><strong>elegantia</strong></span> <span class='ocrx_word' id='word_1_221' title='bbox 1343 2243 1453 2283; x_wconf 74' lang='lat' dir='ltr'><strong>suae</strong></span> <span class='ocrx_word' id='word_1_222' title='bbox 1480 2225 1777 2296; x_wconf 88' lang='lat' dir='ltr'><strong>pulchritu-</strong></span> 
     </span>
    </p>
   </div>
   <div class='ocr_carea' id='block_1_33' title="bbox 183 2316 1775 2390">
    <p class='ocr_par' dir='ltr' id='par_1_33' title="bbox 183 2316 1775 2390">
     <span class='ocr_line' id='line_1_33' title="bbox 183 2316 1775 2390; baseline -0.013 0"><span class='ocrx_word' id='word_1_223' title='bbox 183 2335 338 2389; x_wconf 89' lang='lat' dir='ltr'><strong>dinis</strong></span> <span class='ocrx_word' id='word_1_224' title='bbox 366 2332 557 2388; x_wconf 88' lang='lat' dir='ltr'><strong>oculos</strong></span> <span class='ocrx_word' id='word_1_225' title='bbox 586 2337 785 2384; x_wconf 58' lang='lat' dir='ltr'><strong>nostra:</strong></span> <span class='ocrx_word' id='word_1_226' title='bbox 812 2325 1008 2380; x_wconf 88' lang='lat' dir='ltr'><strong>mentis</strong></span> <span class='ocrx_word' id='word_1_227' title='bbox 1030 2322 1272 2386; x_wconf 62' lang='lat' dir='ltr'><strong>irradiet,</strong></span> <span class='ocrx_word' id='word_1_228' title='bbox 1302 2319 1479 2390; x_wconf 88' lang='lat' dir='ltr'><strong>qualia</strong></span> <span class='ocrx_word' id='word_1_229' title='bbox 1512 2316 1775 2372; x_wconf 86' lang='lat' dir='ltr'><strong>censenda</strong></span> 
     </span>
    </p>
   </div>
   <div class='ocr_carea' id='block_1_34' title="bbox 183 2407 1776 2482">
    <p class='ocr_par' dir='ltr' id='par_1_34' title="bbox 183 2407 1776 2482">
     <span class='ocr_line' id='line_1_34' title="bbox 183 2407 1776 2482; baseline -0.014 0"><span class='ocrx_word' id='word_1_230' title='bbox 183 2435 320 2482; x_wconf 88' lang='lat' dir='ltr'><strong>sunt</strong></span> <span class='ocrx_word' id='word_1_231' title='bbox 346 2432 534 2480; x_wconf 83' lang='lat' dir='ltr'><strong>sancta</strong></span> <span class='ocrx_word' id='word_1_232' title='bbox 572 2417 925 2476; x_wconf 85' lang='lat' dir='ltr'><strong>sanctorum?</strong></span> <span class='ocrx_word' id='word_1_233' title='bbox 962 2414 1093 2480; x_wconf 82' lang='lat' dir='ltr'><strong>Quis</strong></span> <span class='ocrx_word' id='word_1_234' title='bbox 1120 2427 1250 2481; x_wconf 86' lang='lat' dir='ltr'><strong>ergo</strong></span> <span class='ocrx_word' id='word_1_235' title='bbox 1276 2411 1347 2465; x_wconf 89' lang='lat' dir='ltr'><strong>sit</strong></span> <span class='ocrx_word' id='word_1_236' title='bbox 1373 2424 1536 2464; x_wconf 91' lang='lat' dir='ltr'><strong>ausus</strong></span> <span class='ocrx_word' id='word_1_237' title='bbox 1575 2407 1776 2476; x_wconf 88' lang='lat' dir='ltr'><strong>impos-</strong></span> 
     </span>
    </p>
   </div>
   <div class='ocr_carea' id='block_1_35' title="bbox 183 2495 1772 2576">
    <p class='ocr_par' dir='ltr' id='par_1_35' title="bbox 183 2495 1772 2576">
     <span class='ocr_line' id='line_1_35' title="bbox 183 2495 1772 2576; baseline -0.016 -4"><span class='ocrx_word' id='word_1_238' title='bbox 183 2516 371 2572; x_wconf 83' lang='lat' dir='ltr'><strong>sibilia</strong></span> <span class='ocrx_word' id='word_1_239' title='bbox 400 2521 776 2575; x_wconf 81' lang='lat' dir='ltr'><strong>contrectare;</strong></span> <span class='ocrx_word' id='word_1_240' title='bbox 817 2514 912 2561; x_wconf 86' lang='lat' dir='ltr'><strong>aut</strong></span> <span class='ocrx_word' id='word_1_241' title='bbox 951 2505 1073 2576; x_wconf 84' lang='lat' dir='ltr'><strong>quis</strong></span> <span class='ocrx_word' id='word_1_242' title='bbox 1121 2501 1413 2556; x_wconf 88' lang='lat' dir='ltr'><strong>intuebitur</strong></span> <span class='ocrx_word' id='word_1_243' title='bbox 1458 2495 1772 2561; x_wconf 75' lang='lat' dir='ltr'><strong>ineffabilia,</strong></span> 
     </span>
    </p>
   </div>
   <div class='ocr_carea' id='block_1_36' title="bbox 183 2589 1776 2679">
    <p class='ocr_par' dir='ltr' id='par_1_36' title="bbox 183 2589 1776 2679">
     <span class='ocr_line' id='line_1_36' title="bbox 183 2589 1776 2679; baseline -0.014 -16"><span class='ocrx_word' id='word_1_244' title='bbox 183 2620 427 2679; x_wconf 89' lang='lat' dir='ltr'><strong>quorum</strong></span> <span class='ocrx_word' id='word_1_245' title='bbox 448 2614 505 2659; x_wconf 91' lang='lat' dir='ltr'><strong>et</strong></span> <span class='ocrx_word' id='word_1_246' title='bbox 530 2603 674 2657; x_wconf 84' lang='lat' dir='ltr'><strong>visus</strong></span> <span class='ocrx_word' id='word_1_247' title='bbox 698 2609 780 2656; x_wconf 89' lang='lat' dir='ltr'><strong>est</strong></span> <span class='ocrx_word' id='word_1_248' title='bbox 808 2595 1212 2663; x_wconf 80' lang='lat' dir='ltr'><strong>iuaceessibilis,</strong></span> <span class='ocrx_word' id='word_1_249' title='bbox 1241 2602 1296 2649; x_wconf 90' lang='lat' dir='ltr'><strong>ct</strong></span> <span class='ocrx_word' id='word_1_250' title='bbox 1316 2592 1454 2646; x_wconf 90' lang='lat' dir='ltr'><strong>ratio</strong></span> <span class='ocrx_word' id='word_1_251' title='bbox 1476 2589 1776 2644; x_wconf 85' lang='lat' dir='ltr'><strong>intellectus</strong></span> 
     </span>
    </p>
   </div>
   <div class='ocr_carea' id='block_1_37' title="bbox 184 2680 1778 2761">
    <p class='ocr_par' dir='ltr' id='par_1_37' title="bbox 184 2680 1778 2761">
     <span class='ocr_line' id='line_1_37' title="bbox 184 2680 1778 2761; baseline -0.013 -6"><span class='ocrx_word' id='word_1_252' title='bbox 184 2696 516 2756; x_wconf 83' lang='lat' dir='ltr'><strong>inclfabilis‘l</strong></span> <span class='ocrx_word' id='word_1_253' title='bbox 544 2694 747 2749; x_wconf 84' lang='lat' dir='ltr'><strong>Tamen</strong></span> <span class='ocrx_word' id='word_1_254' title='bbox 777 2692 1033 2761; x_wconf 85' lang='lat' dir='ltr'><strong>quoniam</strong></span> <span class='ocrx_word' id='word_1_255' title='bbox 1057 2686 1199 2759; x_wconf 85' lang='lat' dir='ltr'><strong>apud</strong></span> <span class='ocrx_word' id='word_1_256' title='bbox 1220 2686 1421 2756; x_wconf 86' lang='lat' dir='ltr'><strong>justum</strong></span> <span class='ocrx_word' id='word_1_257' title='bbox 1442 2680 1691 2754; x_wconf 77' lang='lat' dir='ltr'><strong>iudicem,</strong></span> <span class='ocrx_word' id='word_1_258' title='bbox 1721 2686 1778 2735; x_wconf 89' lang='lat' dir='ltr'><strong>et</strong></span> 
     </span>
    </p>
   </div>
   <div class='ocr_carea' id='block_1_38' title="bbox 188 2776 1777 2865">
    <p class='ocr_par' dir='ltr' id='par_1_38' title="bbox 188 2776 1777 2865">
     <span class='ocr_line' id='line_1_38' title="bbox 188 2776 1777 2865; baseline -0.014 -15"><span class='ocrx_word' id='word_1_259' title='bbox 188 2807 300 2865; x_wconf 85' lang='lat' dir='ltr'><strong>pro</strong></span> <span class='ocrx_word' id='word_1_260' title='bbox 346 2790 467 2849; x_wconf 87' lang='lat' dir='ltr'><strong>solo</strong></span> <span class='ocrx_word' id='word_1_261' title='bbox 494 2788 673 2846; x_wconf 92' lang='lat' dir='ltr'><strong>studio</strong></span> <span class='ocrx_word' id='word_1_262' title='bbox 702 2785 1016 2850; x_wconf 88' lang='lat' dir='ltr'><strong>meliorum,</strong></span> <span class='ocrx_word' id='word_1_263' title='bbox 1056 2796 1158 2837; x_wconf 90' lang='lat' dir='ltr'><strong>nos</strong></span> <span class='ocrx_word' id='word_1_264' title='bbox 1194 2776 1608 2849; x_wconf 88' lang='lat' dir='ltr'><strong>contemptibilis</strong></span> <span class='ocrx_word' id='word_1_265' title='bbox 1634 2789 1777 2830; x_wconf 88' lang='lat' dir='ltr'><strong>mer-</strong></span> 
     </span>
    </p>
   </div>
   <div class='ocr_carea' id='block_1_39' title="bbox 184 2865 1771 2948">
    <p class='ocr_par' dir='ltr' id='par_1_39' title="bbox 184 2865 1771 2948">
     <span class='ocr_line' id='line_1_39' title="bbox 184 2865 1771 2948; baseline -0.013 -8"><span class='ocrx_word' id='word_1_266' title='bbox 184 2898 285 2940; x_wconf 78' lang='lat' dir='ltr'><strong>ces</strong></span> <span class='ocrx_word' id='word_1_267' title='bbox 332 2889 419 2936; x_wconf 82' lang='lat' dir='ltr'><strong>est</strong></span> <span class='ocrx_word' id='word_1_268' title='bbox 461 2878 719 2948; x_wconf 87' lang='lat' dir='ltr'><strong>deputata</strong></span> <span class='ocrx_word' id='word_1_269' title='bbox 767 2893 781 2928; x_wconf 91' lang='lat'><strong>:</strong></span> <span class='ocrx_word' id='word_1_270' title='bbox 824 2874 1044 2932; x_wconf 89' lang='lat' dir='ltr'><strong>minime</strong></span> <span class='ocrx_word' id='word_1_271' title='bbox 1089 2885 1188 2927; x_wconf 89' lang='lat' dir='ltr'><strong>nos</strong></span> <span class='ocrx_word' id='word_1_272' title='bbox 1233 2869 1416 2940; x_wconf 91' lang='lat' dir='ltr'><strong>pigeat</strong></span> <span class='ocrx_word' id='word_1_273' title='bbox 1460 2865 1771 2936; x_wconf 87' lang='lat' dir='ltr'><strong>explorare.</strong></span> 
     </span>
    </p>
   </div>
   <div class='ocr_carea' id='block_1_40' title="bbox 186 2955 1775 3038">
    <p class='ocr_par' dir='ltr' id='par_1_40' title="bbox 186 2955 1775 3038">
     <span class='ocr_line' id='line_1_40' title="bbox 186 2955 1775 3038; baseline -0.012 -12"><span class='ocrx_word' id='word_1_274' title='bbox 186 2970 329 3027; x_wconf 71' lang='lat' dir='ltr'><strong>Nam</strong></span> <span class='ocrx_word' id='word_1_275' title='bbox 368 2966 615 3038; x_wconf 86' lang='lat' dir='ltr'><strong>quamvis</strong></span> <span class='ocrx_word' id='word_1_276' title='bbox 659 2965 887 3019; x_wconf 89' lang='lat' dir='ltr'><strong>multum</strong></span> <span class='ocrx_word' id='word_1_277' title='bbox 930 2961 1191 3030; x_wconf 82' lang='lat' dir='ltr'><strong>dignitate</strong></span> <span class='ocrx_word' id='word_1_278' title='bbox 1234 2955 1541 3028; x_wconf 89' lang='lat' dir='ltr'><strong>bujusmodi</strong></span> <span class='ocrx_word' id='word_1_279' title='bbox 1586 2955 1775 3009; x_wconf 90' lang='lat' dir='ltr'><strong>abesse</strong></span> 
     </span>
    </p>
   </div>
   <div class='ocr_carea' id='block_1_41' title="bbox 184 3048 1773 3126">
    <p class='ocr_par' dir='ltr' id='par_1_41' title="bbox 184 3048 1773 3126">
     <span class='ocr_line' id='line_1_41' title="bbox 184 3048 1773 3126; baseline -0.014 -5"><span class='ocrx_word' id='word_1_280' title='bbox 184 3065 516 3126; x_wconf 68' lang='lat' dir='ltr'><strong>ert-damur,</strong></span> <span class='ocrx_word' id='word_1_281' title='bbox 564 3068 743 3113; x_wconf 89' lang='lat' dir='ltr'><strong>tamen</strong></span> <span class='ocrx_word' id='word_1_282' title='bbox 779 3056 825 3112; x_wconf 89' lang='lat' dir='ltr'><strong>si</strong></span> <span class='ocrx_word' id='word_1_283' title='bbox 871 3054 1202 3108; x_wconf 81' lang='lat' dir='ltr'><strong>voluntatem</strong></span> <span class='ocrx_word' id='word_1_284' title='bbox 1245 3048 1539 3119; x_wconf 72' lang='lat' dir='ltr'><strong>Scriptura:</strong></span> <span class='ocrx_word' id='word_1_285' title='bbox 1579 3060 1773 3115; x_wconf 89' lang='lat' dir='ltr'><strong>sequa-</strong></span> 
     </span>
    </p>
   </div>
   <div class='ocr_carea' id='block_1_42' title="bbox 187 3131 1775 3217">
    <p class='ocr_par' dir='ltr' id='par_1_42' title="bbox 187 3131 1775 3217">
     <span class='ocr_line' id='line_1_42' title="bbox 187 3131 1775 3217; baseline -0.013 -11"><span class='ocrx_word' id='word_1_286' title='bbox 187 3168 337 3217; x_wconf 87' lang='lat' dir='ltr'><strong>mur,</strong></span> <span class='ocrx_word' id='word_1_287' title='bbox 367 3148 695 3216; x_wconf 77' lang='lat' dir='ltr'><strong>sullragante</strong></span> <span class='ocrx_word' id='word_1_288' title='bbox 720 3152 911 3198; x_wconf 89' lang='lat' dir='ltr'><strong>saneto</strong></span> <span class='ocrx_word' id='word_1_289' title='bbox 935 3141 1159 3212; x_wconf 89' lang='lat' dir='ltr'><strong>Spiritu,</strong></span> <span class='ocrx_word' id='word_1_290' title='bbox 1188 3153 1287 3194; x_wconf 91' lang='lat' dir='ltr'><strong>nec</strong></span> <span class='ocrx_word' id='word_1_291' title='bbox 1322 3152 1420 3192; x_wconf 89' lang='lat' dir='ltr'><strong>nos</strong></span> <span class='ocrx_word' id='word_1_292' title='bbox 1449 3131 1775 3205; x_wconf 89' lang='lat' dir='ltr'><strong>improbabi-</strong></span> 
     </span>
    </p>
   </div>
   <div class='ocr_carea' id='block_1_43' title="bbox 1877 1953 3449 2024">
    <p class='ocr_par' dir='ltr' id='par_1_43' title="bbox 1877 1953 3449 2024">
     <span class='ocr_line' id='line_1_43' title="bbox 1877 1953 3449 2024; baseline -0.001 -16"><span class='ocrx_word' id='word_1_293' title='bbox 1877 1961 2216 2024; x_wconf 90' lang='lat' dir='ltr'><strong>processerat</strong></span> <span class='ocrx_word' id='word_1_294' title='bbox 2242 1955 2424 2019; x_wconf 90' lang='lat' dir='ltr'><strong>homo,</strong></span> <span class='ocrx_word' id='word_1_295' title='bbox 2475 1962 2569 2008; x_wconf 90' lang='lat' dir='ltr'><strong>aut</strong></span> <span class='ocrx_word' id='word_1_296' title='bbox 2594 1954 2721 2023; x_wconf 89' lang='lat' dir='ltr'><strong>quia</strong></span> <span class='ocrx_word' id='word_1_297' title='bbox 2749 1953 2848 2008; x_wconf 89' lang='lat' dir='ltr'><strong>sub</strong></span> <span class='ocrx_word' id='word_1_298' title='bbox 2878 1954 3029 2022; x_wconf 91' lang='lat' dir='ltr'><strong>aquis</strong></span> <span class='ocrx_word' id='word_1_299' title='bbox 3047 1994 3061 2018; x_wconf 95' lang='lat'><strong>,</strong></span> <span class='ocrx_word' id='word_1_300' title='bbox 3093 1968 3213 2022; x_wconf 73' lang='lat' dir='ltr'><strong>quae</strong></span> <span class='ocrx_word' id='word_1_301' title='bbox 3242 1963 3367 2008; x_wconf 90' lang='lat' dir='ltr'><strong>tunc</strong></span> <span class='ocrx_word' id='word_1_302' title='bbox 3396 1953 3449 2007; x_wconf 90' lang='lat' dir='ltr'><strong>ei</strong></span> 
     </span>
    </p>
   </div>
   <div class='ocr_carea' id='block_1_44' title="bbox 1876 2042 3447 2113">
    <p class='ocr_par' dir='ltr' id='par_1_44' title="bbox 1876 2042 3447 2113">
     <span class='ocr_line' id='line_1_44' title="bbox 1876 2042 3447 2113; baseline -0.001 -14"><span class='ocrx_word' id='word_1_303' title='bbox 1876 2050 2211 2113; x_wconf 85' lang='lat' dir='ltr'><strong>supererant,</strong></span> <span class='ocrx_word' id='word_1_304' title='bbox 2241 2044 2430 2107; x_wconf 80' lang='lat' dir='ltr'><strong>latens,</strong></span> <span class='ocrx_word' id='word_1_305' title='bbox 2459 2042 2606 2097; x_wconf 90' lang='lat' dir='ltr'><strong>nullo</strong></span> <span class='ocrx_word' id='word_1_306' title='bbox 2629 2043 2791 2098; x_wconf 91' lang='lat' dir='ltr'><strong>modo</strong></span> <span class='ocrx_word' id='word_1_307' title='bbox 2819 2042 3160 2098; x_wconf 86' lang='lat' dir='ltr'><strong>cernebatur.</strong></span> <span class='ocrx_word' id='word_1_308' title='bbox 3204 2042 3447 2097; x_wconf 90' lang='lat' dir='ltr'><strong>Nondum</strong></span> 
     </span>
    </p>
   </div>
   <div class='ocr_carea' id='block_1_45' title="bbox 1876 2133 3448 2205">
    <p class='ocr_par' dir='ltr' id='par_1_45' title="bbox 1876 2133 3448 2205">
     <span class='ocr_line' id='line_1_45' title="bbox 1876 2133 3448 2205; baseline -0.003 -13"><span class='ocrx_word' id='word_1_309' title='bbox 1876 2138 2017 2192; x_wconf 90' lang='lat' dir='ltr'><strong>enim</strong></span> <span class='ocrx_word' id='word_1_310' title='bbox 2058 2146 2211 2205; x_wconf 70' lang='lat' dir='ltr'><strong>aqum</strong></span> <span class='ocrx_word' id='word_1_311' title='bbox 2249 2142 2583 2203; x_wconf 76' lang='lat' dir='ltr'><strong>congregatae</strong></span> <span class='ocrx_word' id='word_1_312' title='bbox 2622 2133 2837 2189; x_wconf 81' lang='lat' dir='ltr'><strong>fuerant</strong></span> <span class='ocrx_word' id='word_1_313' title='bbox 2865 2134 2920 2187; x_wconf 93' lang='lat' dir='ltr'><strong>in</strong></span> <span class='ocrx_word' id='word_1_314' title='bbox 2948 2134 3179 2203; x_wconf 90' lang='lat' dir='ltr'><strong>propriis</strong></span> <span class='ocrx_word' id='word_1_315' title='bbox 3203 2133 3229 2170; x_wconf 72' lang='grc' dir='ltr'><em>δ</em></span> <span class='ocrx_word' id='word_1_316' title='bbox 3252 2149 3448 2189; x_wconf 86' lang='lat' dir='ltr'><strong>conce-</strong></span> 
     </span>
    </p>
   </div>
   <div class='ocr_carea' id='block_1_46' title="bbox 1876 2223 3450 2295">
    <p class='ocr_par' dir='ltr' id='par_1_46' title="bbox 1876 2223 3450 2295">
     <span class='ocr_line' id='line_1_46' title="bbox 1876 2223 3450 2295; baseline 0.001 -18"><span class='ocrx_word' id='word_1_317' title='bbox 1876 2225 2141 2295; x_wconf 73' lang='lat' dir='ltr'><strong>ptaculis,</strong></span> <span class='ocrx_word' id='word_1_318' title='bbox 2189 2238 2322 2292; x_wconf 92' lang='lat' dir='ltr'><strong>quas</strong></span> <span class='ocrx_word' id='word_1_319' title='bbox 2372 2225 2427 2278; x_wconf 93' lang='lat' dir='ltr'><strong>in</strong></span> <span class='ocrx_word' id='word_1_320' title='bbox 2475 2235 2639 2278; x_wconf 92' lang='lat' dir='ltr'><strong>unum</strong></span> <span class='ocrx_word' id='word_1_321' title='bbox 2684 2231 2875 2293; x_wconf 91' lang='lat' dir='ltr'><strong>postea</strong></span> <span class='ocrx_word' id='word_1_322' title='bbox 2912 2223 3166 2278; x_wconf 89' lang='lat' dir='ltr'><strong>collectas</strong></span> <span class='ocrx_word' id='word_1_323' title='bbox 3193 2223 3450 2278; x_wconf 87' lang='lat' dir='ltr'><strong>Dominus</strong></span> 
     </span>
    </p>
   </div>
   <div class='ocr_carea' id='block_1_47' title="bbox 1875 2309 3449 2384">
    <p class='ocr_par' dir='ltr' id='par_1_47' title="bbox 1875 2309 3449 2384">
     <span class='ocr_line' id='line_1_47' title="bbox 1875 2309 3449 2384; baseline -0.001 -15"><span class='ocrx_word' id='word_1_324' title='bbox 1875 2315 2042 2369; x_wconf 89' lang='lat' dir='ltr'><strong>maria</strong></span> <span class='ocrx_word' id='word_1_325' title='bbox 2084 2309 2425 2384; x_wconf 85' lang='lat' dir='ltr'><strong>n&#39;uncupa&#39;vit.</strong></span> <span class='ocrx_word' id='word_1_326' title='bbox 2471 2312 2738 2368; x_wconf 90' lang='lat' dir='ltr'><strong>lnvisibile</strong></span> <span class='ocrx_word' id='word_1_327' title='bbox 2777 2312 2958 2382; x_wconf 91' lang='lat' dir='ltr'><strong>itaque</strong></span> <span class='ocrx_word' id='word_1_328' title='bbox 3006 2321 3125 2377; x_wconf 89' lang='lat' dir='ltr'><strong>est,</strong></span> <span class='ocrx_word' id='word_1_329' title='bbox 3172 2313 3259 2367; x_wconf 89' lang='lat' dir='ltr'><strong>vel</strong></span> <span class='ocrx_word' id='word_1_330' title='bbox 3304 2311 3449 2381; x_wconf 91' lang='lat' dir='ltr'><strong>quod</strong></span> 
     </span>
    </p>
   </div>
   <div class='ocr_carea' id='block_1_48' title="bbox 1876 2401 3450 2473">
    <p class='ocr_par' dir='ltr' id='par_1_48' title="bbox 1876 2401 3450 2473">
     <span class='ocr_line' id='line_1_48' title="bbox 1876 2401 3450 2473; baseline -0.001 -13"><span class='ocrx_word' id='word_1_331' title='bbox 1876 2405 2047 2460; x_wconf 75' lang='lat' dir='ltr'><strong>oculis</strong></span> <span class='ocrx_word' id='word_1_332' title='bbox 2066 2421 2171 2459; x_wconf 93' lang='lat' dir='ltr'><strong>non</strong></span> <span class='ocrx_word' id='word_1_333' title='bbox 2192 2412 2371 2473; x_wconf 89' lang='lat' dir='ltr'><strong>potest</strong></span> <span class='ocrx_word' id='word_1_334' title='bbox 2392 2402 2696 2457; x_wconf 87' lang='lat' dir='ltr'><strong>carnalibus</strong></span> <span class='ocrx_word' id='word_1_335' title='bbox 2711 2401 3114 2471; x_wconf 90' lang='lat' dir='ltr'><strong>comprehendi,</strong></span> <span class='ocrx_word' id='word_1_336' title='bbox 3134 2402 3272 2455; x_wconf 90' lang='lat' dir='ltr'><strong>sicut</strong></span> <span class='ocrx_word' id='word_1_337' title='bbox 3298 2416 3450 2458; x_wconf 83' lang='lat' dir='ltr'><strong>mens</strong></span> 
     </span>
    </p>
   </div>
   <div class='ocr_carea' id='block_1_49' title="bbox 1877 2490 3445 2562">
    <p class='ocr_par' dir='ltr' id='par_1_49' title="bbox 1877 2490 3445 2562">
     <span class='ocr_line' id='line_1_49' title="bbox 1877 2490 3445 2562; baseline -0.003 -13"><span class='ocrx_word' id='word_1_338' title='bbox 1877 2502 2061 2549; x_wconf 89' lang='lat' dir='ltr'><strong>nostra</strong></span> <span class='ocrx_word' id='word_1_339' title='bbox 2086 2535 2101 2558; x_wconf 89' lang='lat'><strong>,</strong></span> <span class='ocrx_word' id='word_1_340' title='bbox 2131 2494 2218 2549; x_wconf 85' lang='lat' dir='ltr'><strong>vel</strong></span> <span class='ocrx_word' id='word_1_341' title='bbox 2246 2492 2376 2548; x_wconf 90' lang='lat' dir='ltr'><strong>illud</strong></span> <span class='ocrx_word' id='word_1_342' title='bbox 2403 2492 2548 2562; x_wconf 91' lang='lat' dir='ltr'><strong>quod</strong></span> <span class='ocrx_word' id='word_1_343' title='bbox 2576 2501 2767 2546; x_wconf 88' lang='lat' dir='ltr'><strong>natura</strong></span> <span class='ocrx_word' id='word_1_344' title='bbox 2797 2490 3015 2562; x_wconf 89' lang='lat' dir='ltr'><strong>quidem</strong></span> <span class='ocrx_word' id='word_1_345' title='bbox 3061 2491 3209 2546; x_wconf 89' lang='lat' dir='ltr'><strong>cerni</strong></span> <span class='ocrx_word' id='word_1_346' title='bbox 3247 2498 3445 2561; x_wconf 88' lang='lat' dir='ltr'><strong>potest,</strong></span> 
     </span>
    </p>
   </div>
   <div class='ocr_carea' id='block_1_50' title="bbox 1876 2576 3450 2653">
    <p class='ocr_par' dir='ltr' id='par_1_50' title="bbox 1876 2576 3450 2653">
     <span class='ocr_line' id='line_1_50' title="bbox 1876 2576 3450 2653; baseline -0.004 -14"><span class='ocrx_word' id='word_1_347' title='bbox 1876 2584 1971 2639; x_wconf 88' lang='lat' dir='ltr'><strong>sed</strong></span> <span class='ocrx_word' id='word_1_348' title='bbox 2000 2583 2220 2653; x_wconf 78' lang='lat' dir='ltr'><strong>propter</strong></span> <span class='ocrx_word' id='word_1_349' title='bbox 2247 2582 2536 2638; x_wconf 91' lang='lat' dir='ltr'><strong>obductum</strong></span> <span class='ocrx_word' id='word_1_350' title='bbox 2565 2582 2668 2636; x_wconf 90' lang='lat' dir='ltr'><strong>sibi</strong></span> <span class='ocrx_word' id='word_1_351' title='bbox 2695 2576 3054 2636; x_wconf 88' lang='lat' dir='ltr'><strong>velamentum</strong></span> <span class='ocrx_word' id='word_1_352' title='bbox 3079 2581 3324 2649; x_wconf 89' lang='lat' dir='ltr'><strong>corporis</strong></span> <span class='ocrx_word' id='word_1_353' title='bbox 3352 2579 3450 2633; x_wconf 85' lang='lat' dir='ltr'><strong>ali-</strong></span> 
     </span>
    </p>
   </div>
   <div class='ocr_carea' id='block_1_51' title="bbox 1877 2667 3449 2743">
    <p class='ocr_par' dir='ltr' id='par_1_51' title="bbox 1877 2667 3449 2743">
     <span class='ocr_line' id='line_1_51' title="bbox 1877 2667 3449 2743; baseline -0.003 -15"><span class='ocrx_word' id='word_1_354' title='bbox 1877 2673 2031 2743; x_wconf 89' lang='lat' dir='ltr'><strong>cujus</strong></span> <span class='ocrx_word' id='word_1_355' title='bbox 2076 2673 2440 2737; x_wconf 88' lang='lat' dir='ltr'><strong>absconditur,</strong></span> <span class='ocrx_word' id='word_1_356' title='bbox 2489 2671 2627 2726; x_wconf 89' lang='lat' dir='ltr'><strong>sicut</strong></span> <span class='ocrx_word' id='word_1_357' title='bbox 2674 2668 2873 2725; x_wconf 86' lang='lat' dir='ltr'><strong>ferrum</strong></span> <span class='ocrx_word' id='word_1_358' title='bbox 2920 2669 3065 2740; x_wconf 90' lang='lat' dir='ltr'><strong>quod</strong></span> <span class='ocrx_word' id='word_1_359' title='bbox 3105 2669 3157 2722; x_wconf 92' lang='lat' dir='ltr'><strong>in</strong></span> <span class='ocrx_word' id='word_1_360' title='bbox 3186 2667 3449 2738; x_wconf 82' lang='lat' dir='ltr'><strong>profundo</strong></span> 
     </span>
    </p>
   </div>
   <div class='ocr_carea' id='block_1_52' title="bbox 1873 2758 3450 2834">
    <p class='ocr_par' dir='ltr' id='par_1_52' title="bbox 1873 2758 3450 2834">
     <span class='ocr_line' id='line_1_52' title="bbox 1873 2758 3450 2834; baseline -0.004 -16"><span class='ocrx_word' id='word_1_361' title='bbox 1873 2763 2032 2834; x_wconf 83' lang='lat' dir='ltr'><strong>jacet.</strong></span> <span class='ocrx_word' id='word_1_362' title='bbox 2073 2762 2186 2817; x_wconf 81' lang='lat' dir='ltr'><strong>liae</strong></span> <span class='ocrx_word' id='word_1_363' title='bbox 2233 2762 2414 2831; x_wconf 87' lang='lat' dir='ltr'><strong>itaque</strong></span> <span class='ocrx_word' id='word_1_364' title='bbox 2460 2760 2670 2815; x_wconf 74' lang='lat' dir='ltr'><strong>ratione</strong></span> <span class='ocrx_word' id='word_1_365' title='bbox 2714 2774 2858 2814; x_wconf 89' lang='lat' dir='ltr'><strong>nunc</strong></span> <span class='ocrx_word' id='word_1_366' title='bbox 2899 2758 3219 2813; x_wconf 90' lang='lat' dir='ltr'><strong>invisibilem</strong></span> <span class='ocrx_word' id='word_1_367' title='bbox 3254 2765 3450 2811; x_wconf 80' lang='lat' dir='ltr'><strong>terram</strong></span> 
     </span>
    </p>
   </div>
   <div class='ocr_carea' id='block_1_53' title="bbox 1877 2851 3448 2922">
    <p class='ocr_par' dir='ltr' id='par_1_53' title="bbox 1877 2851 3448 2922">
     <span class='ocr_line' id='line_1_53' title="bbox 1877 2851 3448 2922; baseline -0.006 -12"><span class='ocrx_word' id='word_1_368' title='bbox 1877 2855 2076 2910; x_wconf 90' lang='lat' dir='ltr'><strong>dictam</strong></span> <span class='ocrx_word' id='word_1_369' title='bbox 2121 2857 2241 2907; x_wconf 77' lang='lat' dir='ltr'><strong>esSe</strong></span> <span class='ocrx_word' id='word_1_370' title='bbox 2267 2851 2563 2922; x_wconf 89' lang='lat' dir='ltr'><strong>putandum</strong></span> <span class='ocrx_word' id='word_1_371' title='bbox 2600 2858 2710 2916; x_wconf 91' lang='lat' dir='ltr'><strong>est,</strong></span> <span class='ocrx_word' id='word_1_372' title='bbox 2743 2858 2765 2886; x_wconf 72' lang='grc' dir='ltr'><strong>ο</strong></span> <span class='ocrx_word' id='word_1_373' title='bbox 2789 2857 2849 2903; x_wconf 90' lang='lat' dir='ltr'><strong>ut</strong></span> <span class='ocrx_word' id='word_1_374' title='bbox 2876 2854 3007 2918; x_wconf 85' lang='lat' dir='ltr'><strong>pote</strong></span> <span class='ocrx_word' id='word_1_375' title='bbox 3043 2861 3163 2916; x_wconf 72' lang='lat' dir='ltr'><strong>qum</strong></span> <span class='ocrx_word' id='word_1_376' title='bbox 3191 2860 3448 2916; x_wconf 88' lang='lat' dir='ltr'><strong>aquarum</strong></span> 
     </span>
    </p>
   </div>
   <div class='ocr_carea' id='block_1_54' title="bbox 1876 2937 3450 3017">
    <p class='ocr_par' dir='ltr' id='par_1_54' title="bbox 1876 2937 3450 3017">
     <span class='ocr_line' id='line_1_54' title="bbox 1876 2937 3450 3017; baseline -0.006 -15"><span class='ocrx_word' id='word_1_377' title='bbox 1876 2944 2159 3017; x_wconf 86' lang='lat' dir='ltr'><strong>superﬁcie</strong></span> <span class='ocrx_word' id='word_1_378' title='bbox 2182 2944 2477 3014; x_wconf 85' lang='lat' dir='ltr'><strong>tegebatur.</strong></span> <span class='ocrx_word' id='word_1_379' title='bbox 2526 2942 2731 2998; x_wconf 89' lang='lat' dir='ltr'><strong>Deinde</strong></span> <span class='ocrx_word' id='word_1_380' title='bbox 2759 2937 2884 3011; x_wconf 77' lang='lat' dir='ltr'><strong>q‘uia</strong></span> <span class='ocrx_word' id='word_1_381' title='bbox 2918 2940 3145 2996; x_wconf 88' lang='lat' dir='ltr'><strong>necdum</strong></span> <span class='ocrx_word' id='word_1_382' title='bbox 3175 2940 3291 2994; x_wconf 89' lang='lat' dir='ltr'><strong>luce</strong></span> <span class='ocrx_word' id='word_1_383' title='bbox 3318 2955 3450 2994; x_wconf 86' lang='lat' dir='ltr'><strong>con-</strong></span> 
     </span>
    </p>
   </div>
   <div class='ocr_carea' id='block_1_55' title="bbox 1874 3029 3451 3101">
    <p class='ocr_par' dir='ltr' id='par_1_55' title="bbox 1874 3029 3451 3101">
     <span class='ocr_line' id='line_1_55' title="bbox 1874 3029 3451 3101; baseline -0.006 -8"><span class='ocrx_word' id='word_1_384' title='bbox 1874 3037 2058 3093; x_wconf 88' lang='lat' dir='ltr'><strong>stituta</strong></span> <span class='ocrx_word' id='word_1_385' title='bbox 2075 3073 2092 3101; x_wconf 90' lang='lat'><strong>,</strong></span> <span class='ocrx_word' id='word_1_386' title='bbox 2120 3034 2313 3089; x_wconf 87' lang='lat' dir='ltr'><strong>mirum</strong></span> <span class='ocrx_word' id='word_1_387' title='bbox 2340 3049 2446 3087; x_wconf 92' lang='lat' dir='ltr'><strong>non</strong></span> <span class='ocrx_word' id='word_1_388' title='bbox 2472 3040 2555 3087; x_wconf 90' lang='lat' dir='ltr'><strong>est</strong></span> <span class='ocrx_word' id='word_1_389' title='bbox 2580 3032 2624 3086; x_wconf 90' lang='lat' dir='ltr'><strong>si</strong></span> <span class='ocrx_word' id='word_1_390' title='bbox 2646 3031 2935 3085; x_wconf 89' lang='lat' dir='ltr'><strong>haberetur</strong></span> <span class='ocrx_word' id='word_1_391' title='bbox 2962 3029 3238 3084; x_wconf 89' lang='lat' dir='ltr'><strong>invisibilis</strong></span> <span class='ocrx_word' id='word_1_392' title='bbox 3277 3047 3290 3081; x_wconf 89' lang='lat'><strong>:</strong></span> <span class='ocrx_word' id='word_1_393' title='bbox 3329 3042 3451 3084; x_wconf 84' lang='lat' dir='ltr'><strong>cum</strong></span> 
     </span>
    </p>
   </div>
   <div class='ocr_carea' id='block_1_56' title="bbox 1876 3121 3095 3197">
    <p class='ocr_par' dir='ltr' id='par_1_56' title="bbox 1876 3121 3095 3197">
     <span class='ocr_line' id='line_1_56' title="bbox 1876 3121 3095 3197; baseline -0.01 -13"><span class='ocrx_word' id='word_1_394' title='bbox 1876 3143 1970 3184; x_wconf 86' lang='lat' dir='ltr'><strong>aer</strong></span> <span class='ocrx_word' id='word_1_395' title='bbox 1995 3127 2108 3197; x_wconf 91' lang='lat' dir='ltr'><strong>ipse</strong></span> <span class='ocrx_word' id='word_1_396' title='bbox 2136 3123 2418 3195; x_wconf 83' lang='lat' dir='ltr'><strong>s‘plendore</strong></span> <span class='ocrx_word' id='word_1_397' title='bbox 2443 3138 2629 3177; x_wconf 89' lang='lat' dir='ltr'><strong>carens</strong></span> <span class='ocrx_word' id='word_1_398' title='bbox 2656 3129 2798 3176; x_wconf 90' lang='lat' dir='ltr'><strong>esset</strong></span> <span class='ocrx_word' id='word_1_399' title='bbox 2818 3121 3095 3176; x_wconf 88' lang='lat' dir='ltr'><strong>obscurus.</strong></span> 
     </span>
    </p>
   </div>
   <div class='ocr_carea' id='block_1_57' title="bbox 188 3207 3450 3310">
    <p class='ocr_par' dir='ltr' id='par_1_57' title="bbox 188 3207 3450 3310">
     <span class='ocr_line' id='line_1_57' title="bbox 188 3207 3450 3310; baseline -0.011 -14"><span class='ocrx_word' id='word_1_400' title='bbox 188 3242 269 3296; x_wconf 85' lang='lat' dir='ltr'><strong>les</strong></span> <span class='ocrx_word' id='word_1_401' title='bbox 298 3207 679 3310; x_wconf 72' lang='lat' dir='ltr'><strong>judicabiniur,</strong></span> <span class='ocrx_word' id='word_1_402' title='bbox 708 3242 765 3289; x_wconf 94' lang='lat' dir='ltr'><strong>et</strong></span> <span class='ocrx_word' id='word_1_403' title='bbox 800 3241 932 3287; x_wconf 90' lang='lat' dir='ltr'><strong>nutu</strong></span> <span class='ocrx_word' id='word_1_404' title='bbox 971 3207 1156 3298; x_wconf 66' lang='lat' dir='ltr'><strong>gratim</strong></span> <span class='ocrx_word' id='word_1_405' title='bbox 1195 3227 1430 3284; x_wconf 68' lang='lat' dir='ltr'><strong>caelestis</strong></span> <span class='ocrx_word' id='word_1_406' title='bbox 1470 3222 1772 3281; x_wconf 72' lang='lat' dir='ltr'><strong>mdiﬁcatio—</strong></span> <span class='ocrx_word' id='word_1_407' title='bbox 1797 3220 1842 3284; x_wconf 84' lang='lat' dir='ltr'><strong>C</strong></span> <span class='ocrx_word' id='word_1_408' title='bbox 1939 3218 1993 3273; x_wconf 74' lang='lat'><strong>2.</strong></span> <span class='ocrx_word' id='word_1_409' title='bbox 2034 3217 2141 3273; x_wconf 89' lang='lat' dir='ltr'><strong>Sed</strong></span> <span class='ocrx_word' id='word_1_410' title='bbox 2169 3216 2555 3272; x_wconf 88' lang='lat' dir='ltr'><strong>obtrectatores</strong></span> <span class='ocrx_word' id='word_1_411' title='bbox 2582 3212 2841 3281; x_wconf 78' lang='lat' dir='ltr'><strong>veritatis,</strong></span> <span class='ocrx_word' id='word_1_412' title='bbox 2870 3225 3032 3266; x_wconf 88' lang='lat' dir='ltr'><strong>sensu</strong></span> <span class='ocrx_word' id='word_1_413' title='bbox 3058 3209 3278 3280; x_wconf 90' lang='lat' dir='ltr'><strong>proprio</strong></span> <span class='ocrx_word' id='word_1_414' title='bbox 3305 3207 3450 3263; x_wconf 90' lang='lat' dir='ltr'><strong>Scri-</strong></span> 
     </span>
    </p>
   </div>
   <div class='ocr_carea' id='block_1_58' title="bbox 186 3314 1774 3396">
    <p class='ocr_par' dir='ltr' id='par_1_58' title="bbox 186 3314 1774 3396">
     <span class='ocr_line' id='line_1_58' title="bbox 186 3314 1774 3396; baseline -0.011 -10"><span class='ocrx_word' id='word_1_415' title='bbox 186 3346 321 3386; x_wconf 85' lang='lat' dir='ltr'><strong>ncm</strong></span> <span class='ocrx_word' id='word_1_416' title='bbox 349 3329 584 3396; x_wconf 85' lang='lat' dir='ltr'><strong>aliquam</strong></span> <span class='ocrx_word' id='word_1_417' title='bbox 610 3322 952 3380; x_wconf 79' lang='lat' dir='ltr'><strong>conferemus</strong></span> <span class='ocrx_word' id='word_1_418' title='bbox 978 3319 1250 3375; x_wconf 66' lang='lat' dir='ltr'><strong>Ecclesiae.</strong></span> <span class='ocrx_word' id='word_1_419' title='bbox 1284 3316 1445 3372; x_wconf 86' lang='lat' dir='ltr'><strong>Terra</strong></span> <span class='ocrx_word' id='word_1_420' title='bbox 1470 3324 1662 3382; x_wconf 85' lang='lat' dir='ltr'><strong>autem,</strong></span> <span class='ocrx_word' id='word_1_421' title='bbox 1691 3314 1774 3369; x_wconf 89' lang='lat' dir='ltr'><strong>in-</strong></span> 
     </span>
    </p>
   </div>
   <div class='ocr_carea' id='block_1_59' title="bbox 187 3405 1775 3491">
    <p class='ocr_par' dir='ltr' id='par_1_59' title="bbox 187 3405 1775 3491">
     <span class='ocr_line' id='line_1_59' title="bbox 187 3405 1775 3491; baseline -0.011 -17"><span class='ocrx_word' id='word_1_422' title='bbox 187 3421 341 3491; x_wconf 89' lang='lat' dir='ltr'><strong>quit,</strong></span> <span class='ocrx_word' id='word_1_423' title='bbox 385 3425 498 3471; x_wconf 85' lang='lat' dir='ltr'><strong>erat</strong></span> <span class='ocrx_word' id='word_1_424' title='bbox 526 3412 793 3470; x_wconf 73' lang='lat' dir='ltr'><strong>invisibilis</strong></span> <span class='ocrx_word' id='word_1_425' title='bbox 831 3421 882 3466; x_wconf 81' lang='lat' dir='ltr'><strong>et</strong></span> <span class='ocrx_word' id='word_1_426' title='bbox 907 3409 1264 3480; x_wconf 80' lang='lat' dir='ltr'><strong>incomposita.</strong></span> <span class='ocrx_word' id='word_1_427' title='bbox 1297 3405 1582 3473; x_wconf 82' lang='lat' dir='ltr'><strong>Quomodo</strong></span> <span class='ocrx_word' id='word_1_428' title='bbox 1616 3405 1775 3473; x_wconf 82' lang='lat' dir='ltr'><strong>igitur</strong></span> 
     </span>
    </p>
   </div>
   <div class='ocr_carea' id='block_1_60' title="bbox 188 3493 1776 3576">
    <p class='ocr_par' dir='ltr' id='par_1_60' title="bbox 188 3493 1776 3576">
     <span class='ocr_line' id='line_1_60' title="bbox 188 3493 1776 3576; baseline -0.011 -12"><span class='ocrx_word' id='word_1_429' title='bbox 188 3510 441 3576; x_wconf 88' lang='lat' dir='ltr'><strong>utrisque</strong></span> <span class='ocrx_word' id='word_1_430' title='bbox 479 3505 757 3559; x_wconf 89' lang='lat' dir='ltr'><strong>elementis</strong></span> <span class='ocrx_word' id='word_1_431' title='bbox 780 3544 796 3566; x_wconf 90' lang='lat'><strong>,</strong></span> <span class='ocrx_word' id='word_1_432' title='bbox 840 3500 894 3556; x_wconf 89' lang='lat' dir='ltr'><strong>id</strong></span> <span class='ocrx_word' id='word_1_433' title='bbox 941 3507 1025 3555; x_wconf 87' lang='lat' dir='ltr'><strong>est</strong></span> <span class='ocrx_word' id='word_1_434' title='bbox 1069 3498 1204 3554; x_wconf 74' lang='lat' dir='ltr'><strong>ctelo</strong></span> <span class='ocrx_word' id='word_1_435' title='bbox 1245 3504 1300 3551; x_wconf 89' lang='lat' dir='ltr'><strong>et</strong></span> <span class='ocrx_word' id='word_1_436' title='bbox 1327 3504 1504 3560; x_wconf 90' lang='lat' dir='ltr'><strong>terra,</strong></span> <span class='ocrx_word' id='word_1_437' title='bbox 1532 3493 1649 3565; x_wconf 89' lang='lat' dir='ltr'><strong>pari</strong></span> <span class='ocrx_word' id='word_1_438' title='bbox 1677 3494 1776 3548; x_wconf 89' lang='lat' dir='ltr'><strong>ho-</strong></span> 
     </span>
    </p>
   </div>
   <div class='ocr_carea' id='block_1_61' title="bbox 190 3581 1771 3658">
    <p class='ocr_par' dir='ltr' id='par_1_61' title="bbox 190 3581 1771 3658">
     <span class='ocr_line' id='line_1_61' title="bbox 190 3581 1771 3658; baseline -0.011 -7"><span class='ocrx_word' id='word_1_439' title='bbox 190 3611 332 3651; x_wconf 87' lang='lat' dir='ltr'><strong>nore</strong></span> <span class='ocrx_word' id='word_1_440' title='bbox 358 3592 682 3650; x_wconf 86' lang='lat' dir='ltr'><strong>constructis</strong></span> <span class='ocrx_word' id='word_1_441' title='bbox 699 3632 715 3658; x_wconf 96' lang='lat'><strong>,</strong></span> <span class='ocrx_word' id='word_1_442' title='bbox 746 3589 940 3646; x_wconf 73' lang='lat' dir='ltr'><strong>cmlum</strong></span> <span class='ocrx_word' id='word_1_443' title='bbox 968 3587 1183 3657; x_wconf 87' lang='lat' dir='ltr'><strong>quidem</strong></span> <span class='ocrx_word' id='word_1_444' title='bbox 1221 3582 1523 3654; x_wconf 91' lang='lat' dir='ltr'><strong>perfectum</strong></span> <span class='ocrx_word' id='word_1_445' title='bbox 1551 3581 1727 3643; x_wconf 82' lang='lat' dir='ltr'><strong>fuerat</strong></span> <span class='ocrx_word' id='word_1_446' title='bbox 1755 3619 1771 3646; x_wconf 95' lang='lat'><strong>,</strong></span> 
     </span>
    </p>
   </div>
   <div class='ocr_carea' id='block_1_62' title="bbox 193 3673 1776 3748">
    <p class='ocr_par' dir='ltr' id='par_1_62' title="bbox 193 3673 1776 3748">
     <span class='ocr_line' id='line_1_62' title="bbox 193 3673 1776 3748; baseline -0.009 -6"><span class='ocrx_word' id='word_1_447' title='bbox 193 3688 360 3742; x_wconf 89' lang='lat' dir='ltr'><strong>tellus</strong></span> <span class='ocrx_word' id='word_1_448' title='bbox 388 3699 518 3739; x_wconf 91' lang='lat' dir='ltr'><strong>vero</strong></span> <span class='ocrx_word' id='word_1_449' title='bbox 545 3682 721 3737; x_wconf 81' lang='lat' dir='ltr'><strong>adhuc</strong></span> <span class='ocrx_word' id='word_1_450' title='bbox 746 3678 1102 3748; x_wconf 88' lang='lat' dir='ltr'><strong>incomposita</strong></span> <span class='ocrx_word' id='word_1_451' title='bbox 1121 3677 1244 3732; x_wconf 84' lang='lat' dir='ltr'><strong>est?</strong></span> <span class='ocrx_word' id='word_1_452' title='bbox 1268 3675 1375 3730; x_wconf 79' lang='lat' dir='ltr'><strong>Aut</strong></span> <span class='ocrx_word' id='word_1_453' title='bbox 1401 3674 1529 3744; x_wconf 91' lang='lat' dir='ltr'><strong>quid</strong></span> <span class='ocrx_word' id='word_1_454' title='bbox 1556 3673 1776 3729; x_wconf 89' lang='lat' dir='ltr'><strong>omnino</strong></span> 
     </span>
    </p>
   </div>
   <div class='ocr_carea' id='block_1_63' title="bbox 192 3763 1777 3841">
    <p class='ocr_par' dir='ltr' id='par_1_63' title="bbox 192 3763 1777 3841">
     <span class='ocr_line' id='line_1_63' title="bbox 192 3763 1777 3841; baseline -0.01 -7"><span class='ocrx_word' id='word_1_455' title='bbox 192 3791 377 3834; x_wconf 66' lang='lat' dir='ltr'><strong>causae</strong></span> <span class='ocrx_word' id='word_1_456' title='bbox 405 3773 544 3840; x_wconf 84' lang='lat' dir='ltr'><strong>fuit,</strong></span> <span class='ocrx_word' id='word_1_457' title='bbox 586 3785 696 3841; x_wconf 85' lang='lat' dir='ltr'><strong>quo</strong></span> <span class='ocrx_word' id='word_1_458' title='bbox 725 3771 903 3825; x_wconf 91' lang='lat' dir='ltr'><strong>minus</strong></span> <span class='ocrx_word' id='word_1_459' title='bbox 929 3766 1307 3839; x_wconf 84' lang='lat' dir='ltr'><strong>perficeretur,</strong></span> <span class='ocrx_word' id='word_1_460' title='bbox 1334 3774 1390 3820; x_wconf 90' lang='lat' dir='ltr'><strong>et</strong></span> <span class='ocrx_word' id='word_1_461' title='bbox 1419 3763 1641 3818; x_wconf 82' lang='lat' dir='ltr'><strong>visibilis</strong></span> <span class='ocrx_word' id='word_1_462' title='bbox 1667 3779 1777 3819; x_wconf 92' lang='lat' dir='ltr'><strong>non</strong></span> 
     </span>
    </p>
   </div>
   <div class='ocr_carea' id='block_1_64' title="bbox 193 3854 1778 3934">
    <p class='ocr_par' dir='ltr' id='par_1_64' title="bbox 193 3854 1778 3934">
     <span class='ocr_line' id='line_1_64' title="bbox 193 3854 1778 3934; baseline -0.011 -7"><span class='ocrx_word' id='word_1_463' title='bbox 193 3868 378 3926; x_wconf 86' lang='lat' dir='ltr'><strong>esset?</strong></span> <span class='ocrx_word' id='word_1_464' title='bbox 407 3866 573 3934; x_wconf 85' lang='lat' dir='ltr'><strong>lgitur</strong></span> <span class='ocrx_word' id='word_1_465' title='bbox 607 3873 763 3919; x_wconf 72' lang='lat' dir='ltr'><strong>terrm</strong></span> <span class='ocrx_word' id='word_1_466' title='bbox 800 3863 957 3932; x_wconf 90' lang='lat' dir='ltr'><strong>plena</strong></span> <span class='ocrx_word' id='word_1_467' title='bbox 986 3858 1304 3930; x_wconf 88' lang='lat' dir='ltr'><strong>compositio</strong></span> <span class='ocrx_word' id='word_1_468' title='bbox 1334 3864 1416 3913; x_wconf 92' lang='lat' dir='ltr'><strong>est</strong></span> <span class='ocrx_word' id='word_1_469' title='bbox 1456 3855 1674 3926; x_wconf 82' lang='lat' dir='ltr'><strong>propria</strong></span> <span class='ocrx_word' id='word_1_470' title='bbox 1700 3854 1778 3925; x_wconf 68' lang='lat' dir='ltr'><strong>fe-</strong></span> 
     </span>
    </p>
   </div>
   <div class='ocr_carea' id='block_1_65' title="bbox 193 3949 1768 4026">
    <p class='ocr_par' dir='ltr' id='par_1_65' title="bbox 193 3949 1768 4026">
     <span class='ocr_line' id='line_1_65' title="bbox 193 3949 1768 4026; baseline -0.01 -10"><span class='ocrx_word' id='word_1_471' title='bbox 193 3960 472 4026; x_wconf 90' lang='lat' dir='ltr'><strong>cunditas,</strong></span> <span class='ocrx_word' id='word_1_472' title='bbox 511 3957 565 4012; x_wconf 86' lang='lat' dir='ltr'><strong>id</strong></span> <span class='ocrx_word' id='word_1_473' title='bbox 591 3965 673 4013; x_wconf 90' lang='lat' dir='ltr'><strong>est</strong></span> <span class='ocrx_word' id='word_1_474' title='bbox 700 3956 1075 4010; x_wconf 88' lang='lat' dir='ltr'><strong>universarum</strong></span> <span class='ocrx_word' id='word_1_475' title='bbox 1103 3950 1425 4020; x_wconf 90' lang='lat' dir='ltr'><strong>germinatio</strong></span> <span class='ocrx_word' id='word_1_476' title='bbox 1445 3949 1768 4018; x_wconf 87' lang='lat' dir='ltr'><strong>plantarum,</strong></span> 
     </span>
    </p>
   </div>
   <div class='ocr_carea' id='block_1_66' title="bbox 193 4039 1777 4113">
    <p class='ocr_par' dir='ltr' id='par_1_66' title="bbox 193 4039 1777 4113">
     <span class='ocr_line' id='line_1_66' title="bbox 193 4039 1777 4113; baseline -0.011 -3"><span class='ocrx_word' id='word_1_477' title='bbox 193 4064 253 4111; x_wconf 92' lang='lat' dir='ltr'><strong>et</strong></span> <span class='ocrx_word' id='word_1_478' title='bbox 294 4053 551 4108; x_wconf 89' lang='lat' dir='ltr'><strong>arborum</strong></span> <span class='ocrx_word' id='word_1_479' title='bbox 595 4046 991 4103; x_wconf 87' lang='lat' dir='ltr'><strong>fructiferarum</strong></span> <span class='ocrx_word' id='word_1_480' title='bbox 1020 4044 1106 4113; x_wconf 90' lang='lat' dir='ltr'><strong>vel</strong></span> <span class='ocrx_word' id='word_1_481' title='bbox 1135 4054 1161 4081; x_wconf 80' lang='grc' dir='ltr'>ἰ</span> <span class='ocrx_word' id='word_1_482' title='bbox 1201 4039 1651 4097; x_wconf 85' lang='lat' dir='ltr'><strong>infructiferarum</strong></span> <span class='ocrx_word' id='word_1_483' title='bbox 1680 4054 1777 4094; x_wconf 89' lang='lat' dir='ltr'><strong>co-</strong></span> 
     </span>
    </p>
   </div>
   <div class='ocr_carea' id='block_1_67' title="bbox 194 4131 1778 4217">
    <p class='ocr_par' dir='ltr' id='par_1_67' title="bbox 194 4131 1778 4217">
     <span class='ocr_line' id='line_1_67' title="bbox 194 4131 1778 4217; baseline -0.01 -17"><span class='ocrx_word' id='word_1_484' title='bbox 194 4147 286 4217; x_wconf 88' lang='lat' dir='ltr'><strong>pia</strong></span> <span class='ocrx_word' id='word_1_485' title='bbox 306 4184 323 4209; x_wconf 91' lang='lat'><strong>,</strong></span> <span class='ocrx_word' id='word_1_486' title='bbox 372 4158 475 4197; x_wconf 91' lang='lat' dir='ltr'><strong>nec</strong></span> <span class='ocrx_word' id='word_1_487' title='bbox 514 4156 626 4195; x_wconf 85' lang='lat' dir='ltr'><strong>non</strong></span> <span class='ocrx_word' id='word_1_488' title='bbox 653 4139 865 4194; x_wconf 89' lang='lat' dir='ltr'><strong>colores</strong></span> <span class='ocrx_word' id='word_1_489' title='bbox 892 4136 1190 4204; x_wconf 88' lang='lat' dir='ltr'><strong>odoresque</strong></span> <span class='ocrx_word' id='word_1_490' title='bbox 1218 4132 1399 4197; x_wconf 85' lang='lat' dir='ltr'><strong>ﬂorei,</strong></span> <span class='ocrx_word' id='word_1_491' title='bbox 1431 4138 1487 4186; x_wconf 89' lang='lat' dir='ltr'><strong>et</strong></span> <span class='ocrx_word' id='word_1_492' title='bbox 1529 4131 1634 4184; x_wconf 90' lang='lat' dir='ltr'><strong>alia</strong></span> <span class='ocrx_word' id='word_1_493' title='bbox 1660 4144 1778 4198; x_wconf 71' lang='lat' dir='ltr'><strong>qua:</strong></span> 
     </span>
    </p>
   </div>
   <div class='ocr_carea' id='block_1_68' title="bbox 198 4220 1778 4309">
    <p class='ocr_par' dir='ltr' id='par_1_68' title="bbox 198 4220 1778 4309">
     <span class='ocr_line' id='line_1_68' title="bbox 198 4220 1778 4309; baseline -0.013 -16"><span class='ocrx_word' id='word_1_494' title='bbox 198 4236 367 4309; x_wconf 90' lang='lat' dir='ltr'><strong>paulo</strong></span> <span class='ocrx_word' id='word_1_495' title='bbox 394 4241 519 4304; x_wconf 91' lang='lat' dir='ltr'><strong>post</strong></span> <span class='ocrx_word' id='word_1_496' title='bbox 552 4231 734 4287; x_wconf 89' lang='lat' dir='ltr'><strong>divino</strong></span> <span class='ocrx_word' id='word_1_497' title='bbox 758 4229 909 4300; x_wconf 85' lang='lat' dir='ltr'><strong>jussu</strong></span> <span class='ocrx_word' id='word_1_498' title='bbox 935 4226 1235 4298; x_wconf 89' lang='lat' dir='ltr'><strong>progenita,</strong></span> <span class='ocrx_word' id='word_1_499' title='bbox 1267 4224 1590 4280; x_wconf 88' lang='lat' dir='ltr'><strong>decoravere</strong></span> <span class='ocrx_word' id='word_1_500' title='bbox 1616 4220 1778 4275; x_wconf 87' lang='lat' dir='ltr'><strong>tellu-</strong></span> 
     </span>
    </p>
   </div>
   <div class='ocr_carea' id='block_1_69' title="bbox 198 4314 1779 4393">
    <p class='ocr_par' dir='ltr' id='par_1_69' title="bbox 198 4314 1779 4393">
     <span class='ocr_line' id='line_1_69' title="bbox 198 4314 1779 4393; baseline -0.014 -8"><span class='ocrx_word' id='word_1_501' title='bbox 198 4345 341 4386; x_wconf 89' lang='lat' dir='ltr'><strong>rem.</strong></span> <span class='ocrx_word' id='word_1_502' title='bbox 384 4325 621 4393; x_wconf 84' lang='lat' dir='ltr'><strong>Quorum</strong></span> <span class='ocrx_word' id='word_1_503' title='bbox 650 4322 774 4392; x_wconf 90' lang='lat' dir='ltr'><strong>quia</strong></span> <span class='ocrx_word' id='word_1_504' title='bbox 812 4320 1051 4376; x_wconf 90' lang='lat' dir='ltr'><strong>nondum</strong></span> <span class='ocrx_word' id='word_1_505' title='bbox 1088 4314 1289 4385; x_wconf 89' lang='lat' dir='ltr'><strong>aliquid</strong></span> <span class='ocrx_word' id='word_1_506' title='bbox 1331 4314 1632 4378; x_wconf 80' lang='lat' dir='ltr'><strong>exstiterat,</strong></span> <span class='ocrx_word' id='word_1_507' title='bbox 1664 4326 1779 4365; x_wconf 87' lang='lat' dir='ltr'><strong>me-</strong></span> 
     </span>
    </p>
   </div>
   <div class='ocr_carea' id='block_1_70' title="bbox 200 4401 1776 4480">
    <p class='ocr_par' dir='ltr' id='par_1_70' title="bbox 200 4401 1776 4480">
     <span class='ocr_line' id='line_1_70' title="bbox 200 4401 1776 4480; baseline -0.013 -5"><span class='ocrx_word' id='word_1_508' title='bbox 200 4422 312 4476; x_wconf 89' lang='lat' dir='ltr'><strong>rito</strong></span> <span class='ocrx_word' id='word_1_509' title='bbox 339 4433 461 4473; x_wconf 90' lang='lat' dir='ltr'><strong>eam</strong></span> <span class='ocrx_word' id='word_1_510' title='bbox 503 4429 681 4469; x_wconf 89' lang='lat' dir='ltr'><strong>sermo</strong></span> <span class='ocrx_word' id='word_1_511' title='bbox 711 4411 1001 4480; x_wconf 72' lang='lat' dir='ltr'><strong>Scriptura:</strong></span> <span class='ocrx_word' id='word_1_512' title='bbox 1029 4407 1435 4477; x_wconf 91' lang='lat' dir='ltr'><strong>incompositam</strong></span> <span class='ocrx_word' id='word_1_513' title='bbox 1464 4401 1776 4458; x_wconf 70' lang='lat' dir='ltr'><strong>nominavit.</strong></span> 
     </span>
    </p>
   </div>
   <div class='ocr_carea' id='block_1_71' title="bbox 199 4493 1775 4567">
    <p class='ocr_par' dir='ltr' id='par_1_71' title="bbox 199 4493 1775 4567">
     <span class='ocr_line' id='line_1_71' title="bbox 199 4493 1775 4567; baseline -0.013 -3"><span class='ocrx_word' id='word_1_514' title='bbox 199 4508 333 4564; x_wconf 66' lang='lat' dir='ltr'><strong>Haec</strong></span> <span class='ocrx_word' id='word_1_515' title='bbox 363 4517 544 4561; x_wconf 88' lang='lat' dir='ltr'><strong>autem</strong></span> <span class='ocrx_word' id='word_1_516' title='bbox 584 4503 747 4559; x_wconf 91' lang='lat' dir='ltr'><strong>etiam</strong></span> <span class='ocrx_word' id='word_1_517' title='bbox 785 4502 852 4557; x_wconf 94' lang='lat' dir='ltr'><strong>de</strong></span> <span class='ocrx_word' id='word_1_518' title='bbox 880 4500 1016 4555; x_wconf 72' lang='lat' dir='ltr'><strong>caelo</strong></span> <span class='ocrx_word' id='word_1_519' title='bbox 1046 4495 1359 4567; x_wconf 89' lang='lat' dir='ltr'><strong>imperfecto</strong></span> <span class='ocrx_word' id='word_1_520' title='bbox 1387 4494 1491 4548; x_wconf 91' lang='lat' dir='ltr'><strong>rite</strong></span> <span class='ocrx_word' id='word_1_521' title='bbox 1517 4493 1775 4558; x_wconf 86' lang='lat' dir='ltr'><strong>dicemus,</strong></span> 
     </span>
    </p>
   </div>
   <div class='ocr_carea' id='block_1_72' title="bbox 1874 3300 3452 3383">
    <p class='ocr_par' dir='ltr' id='par_1_72' title="bbox 1874 3300 3452 3383">
     <span class='ocr_line' id='line_1_72' title="bbox 1874 3300 3452 3383; baseline -0.008 -16"><span class='ocrx_word' id='word_1_522' title='bbox 1874 3320 2058 3383; x_wconf 88' lang='lat' dir='ltr'><strong>pturas</strong></span> <span class='ocrx_word' id='word_1_523' title='bbox 2086 3309 2305 3364; x_wconf 89' lang='lat' dir='ltr'><strong>minime</strong></span> <span class='ocrx_word' id='word_1_524' title='bbox 2332 3313 2744 3374; x_wconf 69' lang='lat' dir='ltr'><strong>consequentes,</strong></span> <span class='ocrx_word' id='word_1_525' title='bbox 2772 3303 2841 3358; x_wconf 88' lang='lat' dir='ltr'><strong>ad</strong></span> <span class='ocrx_word' id='word_1_526' title='bbox 2885 3315 3148 3370; x_wconf 91' lang='lat' dir='ltr'><strong>suumque</strong></span> <span class='ocrx_word' id='word_1_527' title='bbox 3176 3300 3452 3366; x_wconf 80' lang='lat' dir='ltr'><strong>arbitrium</strong></span> 
     </span>
    </p>
   </div>
   <div class='ocr_carea' id='block_1_73' title="bbox 1875 3390 3452 3470">
    <p class='ocr_par' dir='ltr' id='par_1_73' title="bbox 1875 3390 3452 3470">
     <span class='ocr_line' id='line_1_73' title="bbox 1875 3390 3452 3470; baseline -0.01 -14"><span class='ocrx_word' id='word_1_528' title='bbox 1875 3398 2376 3470; x_wconf 81' lang='lat' dir='ltr'><strong>interpretationem</strong></span> <span class='ocrx_word' id='word_1_529' title='bbox 2421 3396 2695 3450; x_wconf 86' lang='lat' dir='ltr'><strong>trahentes</strong></span> <span class='ocrx_word' id='word_1_530' title='bbox 2724 3407 2927 3459; x_wconf 86' lang='lat' dir='ltr'><strong>earum,</strong></span> <span class='ocrx_word' id='word_1_531' title='bbox 2957 3390 3234 3445; x_wconf 88' lang='lat' dir='ltr'><strong>materiam</strong></span> <span class='ocrx_word' id='word_1_532' title='bbox 3272 3404 3452 3444; x_wconf 89' lang='lat' dir='ltr'><strong>rerum</strong></span> 
     </span>
    </p>
   </div>
   <div class='ocr_carea' id='block_1_74' title="bbox 1877 3479 3453 3559">
    <p class='ocr_par' dir='ltr' id='par_1_74' title="bbox 1877 3479 3453 3559">
     <span class='ocr_line' id='line_1_74' title="bbox 1877 3479 3453 3559; baseline -0.009 -12"><span class='ocrx_word' id='word_1_533' title='bbox 1877 3491 2064 3547; x_wconf 91' lang='lat' dir='ltr'><strong>dicunt</strong></span> <span class='ocrx_word' id='word_1_534' title='bbox 2101 3505 2199 3559; x_wconf 90' lang='lat' dir='ltr'><strong>per</strong></span> <span class='ocrx_word' id='word_1_535' title='bbox 2235 3484 2603 3554; x_wconf 84' lang='lat' dir='ltr'><strong>hujuscemodi</strong></span> <span class='ocrx_word' id='word_1_536' title='bbox 2630 3484 2791 3538; x_wconf 90' lang='lat' dir='ltr'><strong>verba</strong></span> <span class='ocrx_word' id='word_1_537' title='bbox 2816 3480 3119 3544; x_wconf 88' lang='lat' dir='ltr'><strong>monstrari,</strong></span> <span class='ocrx_word' id='word_1_538' title='bbox 3151 3487 3272 3548; x_wconf 62' lang='lat' dir='ltr'><strong>quae</strong></span> <span class='ocrx_word' id='word_1_539' title='bbox 3299 3479 3453 3548; x_wconf 87' lang='lat' dir='ltr'><strong>quasi</strong></span> 
     </span>
    </p>
   </div>
   <div class='ocr_carea' id='block_1_75' title="bbox 1876 3569 3451 3645">
    <p class='ocr_par' dir='ltr' id='par_1_75' title="bbox 1876 3569 3451 3645">
     <span class='ocr_line' id='line_1_75' title="bbox 1876 3569 3451 3645; baseline -0.013 -5"><span class='ocrx_word' id='word_1_540' title='bbox 1876 3593 2068 3640; x_wconf 89' lang='lat' dir='ltr'><strong>natura</strong></span> <span class='ocrx_word' id='word_1_541' title='bbox 2095 3580 2374 3637; x_wconf 83' lang='lat' dir='ltr'><strong>invisibilis</strong></span> <span class='ocrx_word' id='word_1_542' title='bbox 2394 3587 2449 3633; x_wconf 91' lang='lat' dir='ltr'><strong>et</strong></span> <span class='ocrx_word' id='word_1_543' title='bbox 2477 3575 2829 3645; x_wconf 89' lang='lat' dir='ltr'><strong>incomposita</strong></span> <span class='ocrx_word' id='word_1_544' title='bbox 2859 3582 3020 3642; x_wconf 89' lang='lat' dir='ltr'><strong>atque</strong></span> <span class='ocrx_word' id='word_1_545' title='bbox 3050 3569 3290 3625; x_wconf 79' lang='lat' dir='ltr'><strong>informis</strong></span> <span class='ocrx_word' id='word_1_546' title='bbox 3315 3576 3451 3633; x_wconf 90' lang='lat' dir='ltr'><strong>erat,</strong></span> 
     </span>
    </p>
   </div>
   <div class='ocr_carea' id='block_1_76' title="bbox 1877 3665 3450 3744">
    <p class='ocr_par' dir='ltr' id='par_1_76' title="bbox 1877 3665 3450 3744">
     <span class='ocr_line' id='line_1_76' title="bbox 1877 3665 3450 3744; baseline -0.013 -11"><span class='ocrx_word' id='word_1_547' title='bbox 1877 3687 1933 3734; x_wconf 91' lang='lat' dir='ltr'><strong>et</strong></span> <span class='ocrx_word' id='word_1_548' title='bbox 1969 3676 2126 3733; x_wconf 90' lang='lat' dir='ltr'><strong>omni-</strong></span> <span class='ocrx_word' id='word_1_549' title='bbox 2142 3675 2318 3744; x_wconf 91' lang='lat' dir='ltr'><strong>specie</strong></span> <span class='ocrx_word' id='word_1_550' title='bbox 2364 3671 2745 3738; x_wconf 87' lang='lat' dir='ltr'><strong>schemateque</strong></span> <span class='ocrx_word' id='word_1_551' title='bbox 2777 3665 3005 3737; x_wconf 89' lang='lat' dir='ltr'><strong>privata,</strong></span> <span class='ocrx_word' id='word_1_552' title='bbox 3037 3678 3197 3732; x_wconf 91' lang='lat' dir='ltr'><strong>quam</strong></span> <span class='ocrx_word' id='word_1_553' title='bbox 3243 3675 3450 3715; x_wconf 85' lang='lat' dir='ltr'><strong>assum-</strong></span> 
     </span>
    </p>
   </div>
   <div class='ocr_carea' id='block_1_77' title="bbox 1875 3752 3454 3840">
    <p class='ocr_par' dir='ltr' id='par_1_77' title="bbox 1875 3752 3454 3840">
     <span class='ocr_line' id='line_1_77' title="bbox 1875 3752 3454 3840; baseline -0.011 -16"><span class='ocrx_word' id='word_1_554' title='bbox 1875 3778 2024 3840; x_wconf 90' lang='lat' dir='ltr'><strong>ptam</strong></span> <span class='ocrx_word' id='word_1_555' title='bbox 2046 3765 2236 3822; x_wconf 82' lang='lat' dir='ltr'><strong>artifex</strong></span> <span class='ocrx_word' id='word_1_556' title='bbox 2256 3778 2353 3835; x_wconf 91' lang='lat' dir='ltr'><strong>pro</strong></span> <span class='ocrx_word' id='word_1_557' title='bbox 2380 3777 2474 3817; x_wconf 90' lang='lat' dir='ltr'><strong>sua</strong></span> <span class='ocrx_word' id='word_1_558' title='bbox 2502 3759 2762 3830; x_wconf 90' lang='lat' dir='ltr'><strong>sapientia</strong></span> <span class='ocrx_word' id='word_1_559' title='bbox 2791 3755 3163 3821; x_wconf 89' lang='lat' dir='ltr'><strong>conformavit,</strong></span> <span class='ocrx_word' id='word_1_560' title='bbox 3194 3760 3353 3822; x_wconf 89' lang='lat' dir='ltr'><strong>atque</strong></span> <span class='ocrx_word' id='word_1_561' title='bbox 3382 3752 3454 3807; x_wconf 88' lang='lat' dir='ltr'><strong>ita</strong></span> 
     </span>
    </p>
   </div>
   <div class='ocr_carea' id='block_1_78' title="bbox 1875 3841 3448 3930">
    <p class='ocr_par' dir='ltr' id='par_1_78' title="bbox 1875 3841 3448 3930">
     <span class='ocr_line' id='line_1_78' title="bbox 1875 3841 3448 3930; baseline -0.012 -16"><span class='ocrx_word' id='word_1_562' title='bbox 1875 3875 1975 3930; x_wconf 91' lang='lat' dir='ltr'><strong>per</strong></span> <span class='ocrx_word' id='word_1_563' title='bbox 2000 3872 2118 3913; x_wconf 89' lang='lat' dir='ltr'><strong>eam</strong></span> <span class='ocrx_word' id='word_1_564' title='bbox 2148 3855 2324 3911; x_wconf 88' lang='lat' dir='ltr'><strong>omnia</strong></span> <span class='ocrx_word' id='word_1_565' title='bbox 2348 3867 2466 3924; x_wconf 70' lang='lat' dir='ltr'><strong>qua:</strong></span> <span class='ocrx_word' id='word_1_566' title='bbox 2491 3851 2738 3905; x_wconf 90' lang='lat' dir='ltr'><strong>videntur</strong></span> <span class='ocrx_word' id='word_1_567' title='bbox 2760 3846 2954 3902; x_wconf 79' lang='lat' dir='ltr'><strong>eﬂ‘ecit.</strong></span> <span class='ocrx_word' id='word_1_568' title='bbox 2982 3844 3151 3911; x_wconf 82' lang='lat' dir='ltr'><strong>Quam</strong></span> <span class='ocrx_word' id='word_1_569' title='bbox 3177 3843 3223 3897; x_wconf 89' lang='lat' dir='ltr'><strong>si</strong></span> <span class='ocrx_word' id='word_1_570' title='bbox 3250 3841 3448 3898; x_wconf 79' lang='lat' dir='ltr'><strong>dixeri-</strong></span> 
     </span>
    </p>
   </div>
   <div class='ocr_carea' id='block_1_79' title="bbox 1876 3933 3452 4015">
    <p class='ocr_par' dir='ltr' id='par_1_79' title="bbox 1876 3933 3452 4015">
     <span class='ocr_line' id='line_1_79' title="bbox 1876 3933 3452 4015; baseline -0.013 -11"><span class='ocrx_word' id='word_1_571' title='bbox 1876 3965 1996 4003; x_wconf 90' lang='lat' dir='ltr'><strong>mus</strong></span> <span class='ocrx_word' id='word_1_572' title='bbox 2044 3947 2354 4015; x_wconf 83' lang='lat' dir='ltr'><strong>ingenitam,</strong></span> <span class='ocrx_word' id='word_1_573' title='bbox 2396 3943 2512 3997; x_wconf 91' lang='lat' dir='ltr'><strong>sine</strong></span> <span class='ocrx_word' id='word_1_574' title='bbox 2540 3940 2701 3996; x_wconf 89' lang='lat' dir='ltr'><strong>duhio</strong></span> <span class='ocrx_word' id='word_1_575' title='bbox 2733 3939 2749 3976; x_wconf 75' lang='grc' dir='ltr'><strong><em>ῖ</em></strong></span> <span class='ocrx_word' id='word_1_576' title='bbox 2784 3936 3050 4006; x_wconf 81' lang='lat' dir='ltr'><strong>coaequari</strong></span> <span class='ocrx_word' id='word_1_577' title='bbox 3089 3933 3202 3989; x_wconf 91' lang='lat' dir='ltr'><strong>Deo</strong></span> <span class='ocrx_word' id='word_1_578' title='bbox 3248 3949 3369 3989; x_wconf 88' lang='lat' dir='ltr'><strong>cum</strong></span> <span class='ocrx_word' id='word_1_579' title='bbox 3399 3933 3452 3985; x_wconf 90' lang='lat' dir='ltr'><strong>in</strong></span> 
     </span>
    </p>
   </div>
   <div class='ocr_carea' id='block_1_80' title="bbox 1876 4024 3452 4113">
    <p class='ocr_par' dir='ltr' id='par_1_80' title="bbox 1876 4024 3452 4113">
     <span class='ocr_line' id='line_1_80' title="bbox 1876 4024 3452 4113; baseline -0.012 -17"><span class='ocrx_word' id='word_1_580' title='bbox 1876 4038 2246 4113; x_wconf 87' lang='lat' dir='ltr'><strong>promerendis</strong></span> <span class='ocrx_word' id='word_1_581' title='bbox 2273 4036 2567 4091; x_wconf 78' lang='lat' dir='ltr'><strong>aestimatur</strong></span> <span class='ocrx_word' id='word_1_582' title='bbox 2594 4031 2907 4094; x_wconf 88' lang='lat' dir='ltr'><strong>honoribus,</strong></span> <span class='ocrx_word' id='word_1_583' title='bbox 2956 4037 3009 4082; x_wconf 89' lang='lat' dir='ltr'><strong>et</strong></span> <span class='ocrx_word' id='word_1_584' title='bbox 3037 4027 3220 4081; x_wconf 88' lang='lat' dir='ltr'><strong>iisdem</strong></span> <span class='ocrx_word' id='word_1_585' title='bbox 3260 4024 3452 4094; x_wconf 86' lang='lat' dir='ltr'><strong>quibus</strong></span> 
     </span>
    </p>
   </div>
   <div class='ocr_carea' id='block_1_81' title="bbox 1881 4115 3456 4202">
    <p class='ocr_par' dir='ltr' id='par_1_81' title="bbox 1881 4115 3456 4202">
     <span class='ocr_line' id='line_1_81' title="bbox 1881 4115 3456 4202; baseline -0.012 -15"><span class='ocrx_word' id='word_1_586' title='bbox 1881 4132 1973 4187; x_wconf 89' lang='lat' dir='ltr'><strong>ille</strong></span> <span class='ocrx_word' id='word_1_587' title='bbox 2000 4130 2289 4202; x_wconf 77' lang='lat' dir='ltr'><strong>privilegiis</strong></span> <span class='ocrx_word' id='word_1_588' title='bbox 2318 4128 2480 4195; x_wconf 84' lang='lat' dir='ltr'><strong>digna</strong></span> <span class='ocrx_word' id='word_1_589' title='bbox 2516 4125 2838 4181; x_wconf 87' lang='lat' dir='ltr'><strong>censebitur.</strong></span> <span class='ocrx_word' id='word_1_590' title='bbox 2870 4121 2988 4188; x_wconf 83' lang='lat' dir='ltr'><strong>Quo</strong></span> <span class='ocrx_word' id='word_1_591' title='bbox 3017 4119 3142 4190; x_wconf 90' lang='lat' dir='ltr'><strong>quid</strong></span> <span class='ocrx_word' id='word_1_592' title='bbox 3171 4118 3241 4171; x_wconf 90' lang='lat' dir='ltr'><strong>sit</strong></span> <span class='ocrx_word' id='word_1_593' title='bbox 3268 4115 3456 4171; x_wconf 87' lang='lat' dir='ltr'><strong>nefan-</strong></span> 
     </span>
    </p>
   </div>
   <div class='ocr_carea' id='block_1_82' title="bbox 1879 4211 3458 4286">
    <p class='ocr_par' dir='ltr' id='par_1_82' title="bbox 1879 4211 3458 4286">
     <span class='ocr_line' id='line_1_82' title="bbox 1879 4211 3458 4286; baseline -0.012 -5"><span class='ocrx_word' id='word_1_594' title='bbox 1879 4227 1998 4282; x_wconf 90' lang='lat' dir='ltr'><strong>dius</strong></span> <span class='ocrx_word' id='word_1_595' title='bbox 2022 4240 2085 4278; x_wconf 92' lang='lat' dir='ltr'><strong>ac</strong></span> <span class='ocrx_word' id='word_1_596' title='bbox 2114 4221 2446 4284; x_wconf 91' lang='lat' dir='ltr'><strong>sceleratius,</strong></span> <span class='ocrx_word' id='word_1_597' title='bbox 2475 4232 2635 4286; x_wconf 89' lang='lat' dir='ltr'><strong>quam</strong></span> <span class='ocrx_word' id='word_1_598' title='bbox 2676 4224 2734 4269; x_wconf 90' lang='lat' dir='ltr'><strong>ut</strong></span> <span class='ocrx_word' id='word_1_599' title='bbox 2774 4229 2858 4268; x_wconf 89' lang='lat' dir='ltr'><strong>res</strong></span> <span class='ocrx_word' id='word_1_600' title='bbox 2887 4211 3107 4267; x_wconf 88' lang='lat' dir='ltr'><strong>confusa</strong></span> <span class='ocrx_word' id='word_1_601' title='bbox 3145 4211 3458 4280; x_wconf 89' lang='lat' dir='ltr'><strong>penitusque</strong></span> 
     </span>
    </p>
   </div>
   <div class='ocr_carea' id='block_1_83' title="bbox 1879 4299 3458 4382">
    <p class='ocr_par' dir='ltr' id='par_1_83' title="bbox 1879 4299 3458 4382">
     <span class='ocr_line' id='line_1_83' title="bbox 1879 4299 3458 4382; baseline -0.013 -11"><span class='ocrx_word' id='word_1_602' title='bbox 1879 4315 2152 4379; x_wconf 79' lang='lat' dir='ltr'><strong>deformis,</strong></span> <span class='ocrx_word' id='word_1_603' title='bbox 2174 4312 2291 4382; x_wconf 85' lang='lat' dir='ltr'><strong>pari</strong></span> <span class='ocrx_word' id='word_1_604' title='bbox 2314 4310 2570 4379; x_wconf 88' lang='lat' dir='ltr'><strong>dignitate</strong></span> <span class='ocrx_word' id='word_1_605' title='bbox 2592 4307 2810 4376; x_wconf 76' lang='lat' dir='ltr'><strong>prmdita</strong></span> <span class='ocrx_word' id='word_1_606' title='bbox 2827 4303 3094 4372; x_wconf 89' lang='lat' dir='ltr'><strong>judicetur</strong></span> <span class='ocrx_word' id='word_1_607' title='bbox 3121 4316 3224 4370; x_wconf 90' lang='lat' dir='ltr'><strong>qua</strong></span> <span class='ocrx_word' id='word_1_608' title='bbox 3246 4299 3458 4368; x_wconf 87' lang='lat' dir='ltr'><strong>sapiens</strong></span> 
     </span>
    </p>
   </div>
   <div class='ocr_carea' id='block_1_84' title="bbox 1880 4387 3458 4475">
    <p class='ocr_par' dir='ltr' id='par_1_84' title="bbox 1880 4387 3458 4475">
     <span class='ocr_line' id='line_1_84' title="bbox 1880 4387 3458 4475; baseline -0.013 -14"><span class='ocrx_word' id='word_1_609' title='bbox 1880 4416 1935 4462; x_wconf 89' lang='lat' dir='ltr'><strong>et</strong></span> <span class='ocrx_word' id='word_1_610' title='bbox 1980 4412 2170 4475; x_wconf 90' lang='lat' dir='ltr'><strong>potens</strong></span> <span class='ocrx_word' id='word_1_611' title='bbox 2218 4401 2547 4466; x_wconf 90' lang='lat' dir='ltr'><strong>nimiumque</strong></span> <span class='ocrx_word' id='word_1_612' title='bbox 2591 4397 2762 4451; x_wconf 89' lang='lat' dir='ltr'><strong>bonus</strong></span> <span class='ocrx_word' id='word_1_613' title='bbox 2818 4403 2874 4448; x_wconf 92' lang='lat' dir='ltr'><strong>et</strong></span> <span class='ocrx_word' id='word_1_614' title='bbox 2928 4391 3166 4447; x_wconf 91' lang='lat' dir='ltr'><strong>omnium</strong></span> <span class='ocrx_word' id='word_1_615' title='bbox 3212 4387 3458 4443; x_wconf 91' lang='lat' dir='ltr'><strong>conditor</strong></span> 
     </span>
    </p>
   </div>
   <div class='ocr_carea' id='block_1_85' title="bbox 1880 4475 3459 4550">
    <p class='ocr_par' dir='ltr' id='par_1_85' title="bbox 1880 4475 3459 4550">
     <span class='ocr_line' id='line_1_85' title="bbox 1880 4475 3459 4550; baseline -0.014 0"><span class='ocrx_word' id='word_1_616' title='bbox 1880 4496 2061 4550; x_wconf 89' lang='lat' dir='ltr'><strong>Deus?</strong></span> <span class='ocrx_word' id='word_1_617' title='bbox 2089 4490 2289 4547; x_wconf 90' lang='lat' dir='ltr'><strong>Deinde</strong></span> <span class='ocrx_word' id='word_1_618' title='bbox 2326 4489 2372 4543; x_wconf 90' lang='lat' dir='ltr'><strong>si</strong></span> <span class='ocrx_word' id='word_1_619' title='bbox 2402 4496 2548 4542; x_wconf 88' lang='lat' dir='ltr'><strong>tanta</strong></span> <span class='ocrx_word' id='word_1_620' title='bbox 2577 4491 2659 4540; x_wconf 91' lang='lat' dir='ltr'><strong>est</strong></span> <span class='ocrx_word' id='word_1_621' title='bbox 2686 4492 2745 4539; x_wconf 91' lang='lat' dir='ltr'><strong>ut</strong></span> <span class='ocrx_word' id='word_1_622' title='bbox 2771 4496 2985 4536; x_wconf 88' lang='lat' dir='ltr'><strong>omnem</strong></span> <span class='ocrx_word' id='word_1_623' title='bbox 3013 4479 3244 4534; x_wconf 88' lang='lat' dir='ltr'><strong>divinam</strong></span> <span class='ocrx_word' id='word_1_624' title='bbox 3291 4475 3459 4546; x_wconf 85' lang='lat' dir='ltr'><strong>possit</strong></span> 
     </span>
    </p>
   </div>
   <div class='ocr_carea' id='block_1_86' title="bbox 200 4565 3459 4669">
    <p class='ocr_par' dir='ltr' id='par_1_86' title="bbox 200 4565 3459 4669">
     <span class='ocr_line' id='line_1_86' title="bbox 200 4565 3459 4669; baseline -0.014 -8"><span class='ocrx_word' id='word_1_625' title='bbox 200 4600 229 4640; x_wconf 70' lang='grc' dir='ltr'>δ</span> <span class='ocrx_word' id='word_1_626' title='bbox 260 4599 519 4669; x_wconf 83' lang='lat' dir='ltr'><strong>quoniam</strong></span> <span class='ocrx_word' id='word_1_627' title='bbox 542 4611 641 4651; x_wconf 83' lang='lat' dir='ltr'><strong>nec</strong></span> <span class='ocrx_word' id='word_1_628' title='bbox 669 4595 844 4665; x_wconf 82' lang='lat' dir='ltr'><strong>ipsum</strong></span> <span class='ocrx_word' id='word_1_629' title='bbox 869 4591 1143 4662; x_wconf 78' lang='lat' dir='ltr'><strong>proprium</strong></span> <span class='ocrx_word' id='word_1_630' title='bbox 1163 4587 1478 4657; x_wconf 73' lang='lat' dir='ltr'><strong>sumpsisset</strong></span> <span class='ocrx_word' id='word_1_631' title='bbox 1505 4591 1776 4650; x_wconf 78' lang='lat' dir='ltr'><strong>ornatum,</strong></span> <span class='ocrx_word' id='word_1_632' title='bbox 1806 4584 1853 4644; x_wconf 82' lang='grc' dir='ltr'><strong>Ι)</strong></span> <span class='ocrx_word' id='word_1_633' title='bbox 1878 4599 2072 4655; x_wconf 90' lang='lat' dir='ltr'><strong>capere</strong></span> <span class='ocrx_word' id='word_1_634' title='bbox 2116 4580 2467 4650; x_wconf 90' lang='lat' dir='ltr'><strong>disciplinam,</strong></span> <span class='ocrx_word' id='word_1_635' title='bbox 2510 4574 2855 4631; x_wconf 85' lang='lat' dir='ltr'><strong>nihilominus</strong></span> <span class='ocrx_word' id='word_1_636' title='bbox 2888 4581 2914 4619; x_wconf 76' lang='lat'><strong>8</strong></span> <span class='ocrx_word' id='word_1_637' title='bbox 2949 4569 3063 4639; x_wconf 90' lang='lat' dir='ltr'><strong>ejus</strong></span> <span class='ocrx_word' id='word_1_638' title='bbox 3103 4565 3459 4622; x_wconf 86' lang='lat' dir='ltr'><strong>substantiam</strong></span> 
     </span>
    </p>
   </div>
   <div class='ocr_carea' id='block_1_87' title="bbox 201 4676 1778 4763">
    <p class='ocr_par' dir='ltr' id='par_1_87' title="bbox 201 4676 1778 4763">
     <span class='ocr_line' id='line_1_87' title="bbox 201 4676 1778 4763; baseline -0.012 -15"><span class='ocrx_word' id='word_1_639' title='bbox 201 4694 405 4763; x_wconf 85' lang='lat' dir='ltr'><strong>quippe</strong></span> <span class='ocrx_word' id='word_1_640' title='bbox 440 4688 585 4759; x_wconf 89' lang='lat' dir='ltr'><strong>quod</strong></span> <span class='ocrx_word' id='word_1_641' title='bbox 612 4688 831 4741; x_wconf 90' lang='lat' dir='ltr'><strong>minime</strong></span> <span class='ocrx_word' id='word_1_642' title='bbox 860 4684 989 4740; x_wconf 91' lang='lat' dir='ltr'><strong>solis</strong></span> <span class='ocrx_word' id='word_1_643' title='bbox 1018 4681 1192 4736; x_wconf 90' lang='lat' dir='ltr'><strong>adhuc</strong></span> <span class='ocrx_word' id='word_1_644' title='bbox 1217 4688 1272 4734; x_wconf 90' lang='lat' dir='ltr'><strong>et</strong></span> <span class='ocrx_word' id='word_1_645' title='bbox 1308 4680 1449 4733; x_wconf 64' lang='lat' dir='ltr'><strong>lunae</strong></span> <span class='ocrx_word' id='word_1_646' title='bbox 1476 4677 1649 4732; x_wconf 90' lang='lat' dir='ltr'><strong>fuerat</strong></span> <span class='ocrx_word' id='word_1_647' title='bbox 1676 4676 1778 4730; x_wconf 84' lang='lat' dir='ltr'><strong>ful-</strong></span> 
     </span>
    </p>
   </div>
   <div class='ocr_carea' id='block_1_88' title="bbox 202 4767 1780 4854">
    <p class='ocr_par' dir='ltr' id='par_1_88' title="bbox 202 4767 1780 4854">
     <span class='ocr_line' id='line_1_88' title="bbox 202 4767 1780 4854; baseline -0.013 -14"><span class='ocrx_word' id='word_1_648' title='bbox 202 4798 335 4854; x_wconf 81' lang='lat' dir='ltr'><strong>gore</strong></span> <span class='ocrx_word' id='word_1_649' title='bbox 362 4784 648 4837; x_wconf 89' lang='lat' dir='ltr'><strong>lustratum</strong></span> <span class='ocrx_word' id='word_1_650' title='bbox 672 4822 687 4847; x_wconf 87' lang='lat'><strong>,</strong></span> <span class='ocrx_word' id='word_1_651' title='bbox 726 4793 829 4833; x_wconf 88' lang='lat' dir='ltr'><strong>nec</strong></span> <span class='ocrx_word' id='word_1_652' title='bbox 855 4776 1034 4831; x_wconf 90' lang='lat' dir='ltr'><strong>choris</strong></span> <span class='ocrx_word' id='word_1_653' title='bbox 1076 4773 1308 4828; x_wconf 90' lang='lat' dir='ltr'><strong>siderum</strong></span> <span class='ocrx_word' id='word_1_654' title='bbox 1336 4776 1671 4826; x_wconf 88' lang='lat' dir='ltr'><strong>coronatum.</strong></span> <span class='ocrx_word' id='word_1_655' title='bbox 1701 4767 1780 4821; x_wconf 90' lang='lat' dir='ltr'><strong>Ita</strong></span> 
     </span>
    </p>
   </div>
   <div class='ocr_carea' id='block_1_89' title="bbox 203 4858 1782 4932">
    <p class='ocr_par' dir='ltr' id='par_1_89' title="bbox 203 4858 1782 4932">
     <span class='ocr_line' id='line_1_89' title="bbox 203 4858 1782 4932; baseline -0.015 1"><span class='ocrx_word' id='word_1_656' title='bbox 203 4892 317 4932; x_wconf 84' lang='lat' dir='ltr'><strong>non</strong></span> <span class='ocrx_word' id='word_1_657' title='bbox 343 4874 614 4930; x_wconf 89' lang='lat' dir='ltr'><strong>videberis</strong></span> <span class='ocrx_word' id='word_1_658' title='bbox 643 4886 675 4924; x_wconf 91' lang='lat' dir='ltr'><strong>a</strong></span> <span class='ocrx_word' id='word_1_659' title='bbox 702 4870 931 4924; x_wconf 87' lang='lat' dir='ltr'><strong>veritate</strong></span> <span class='ocrx_word' id='word_1_660' title='bbox 959 4865 1245 4921; x_wconf 78' lang='lat' dir='ltr'><strong>deﬂectere</strong></span> <span class='ocrx_word' id='word_1_661' title='bbox 1268 4902 1283 4927; x_wconf 91' lang='lat'><strong>,</strong></span> <span class='ocrx_word' id='word_1_662' title='bbox 1312 4862 1357 4917; x_wconf 91' lang='lat' dir='ltr'><strong>si</strong></span> <span class='ocrx_word' id='word_1_663' title='bbox 1395 4861 1557 4916; x_wconf 90' lang='lat' dir='ltr'><strong>etiam</strong></span> <span class='ocrx_word' id='word_1_664' title='bbox 1585 4858 1782 4913; x_wconf 72' lang='lat' dir='ltr'><strong>omium</strong></span> 
     </span>
    </p>
   </div>
   <div class='ocr_carea' id='block_1_90' title="bbox 205 4950 1782 5038">
    <p class='ocr_par' dir='ltr' id='par_1_90' title="bbox 205 4950 1782 5038">
     <span class='ocr_line' id='line_1_90' title="bbox 205 4950 1782 5038; baseline -0.015 -11"><span class='ocrx_word' id='word_1_665' title='bbox 205 4967 629 5038; x_wconf 82' lang='lat' dir='ltr'><strong>incompositum</strong></span> <span class='ocrx_word' id='word_1_666' title='bbox 653 4963 873 5018; x_wconf 80' lang='lat' dir='ltr'><strong>dixeris.</strong></span> <span class='ocrx_word' id='word_1_667' title='bbox 922 4959 1143 5015; x_wconf 90' lang='lat' dir='ltr'><strong>Terram</strong></span> <span class='ocrx_word' id='word_1_668' title='bbox 1172 4964 1353 5011; x_wconf 92' lang='lat' dir='ltr'><strong>autem</strong></span> <span class='ocrx_word' id='word_1_669' title='bbox 1395 4964 1418 4993; x_wconf 78' lang='grc' dir='ltr'><strong>ο</strong></span> <span class='ocrx_word' id='word_1_670' title='bbox 1462 4950 1782 5008; x_wconf 89' lang='lat' dir='ltr'><strong>invisibilem</strong></span> 
     </span>
    </p>
   </div>
   <div class='ocr_carea' id='block_1_91' title="bbox 281 5169 1780 5257">
    <p class='ocr_par' dir='ltr' id='par_1_91' title="bbox 281 5169 1780 5257">
     <span class='ocr_line' id='line_1_91' title="bbox 281 5169 1780 5257; baseline -0.015 -11"><span class='ocrx_word' id='word_1_671' title='bbox 281 5199 307 5230; x_wconf 78' lang='grc'><strong><em>⁸</em></strong></span> <span class='ocrx_word' id='word_1_672' title='bbox 334 5187 493 5256; x_wconf 83' lang='lat' dir='ltr'><strong>Illud,</strong></span> <span class='ocrx_word' id='word_1_673' title='bbox 516 5185 593 5240; x_wconf 80' lang='lat' dir='ltr'><strong>vel</strong></span> <span class='ocrx_word' id='word_1_674' title='bbox 618 5183 1083 5257; x_wconf 75' lang='lat' dir='ltr'><strong>infructiferarum.</strong></span> <span class='ocrx_word' id='word_1_675' title='bbox 1102 5175 1402 5257; x_wconf 72' lang='lat' dir='ltr'><strong>addidimus</strong></span> <span class='ocrx_word' id='word_1_676' title='bbox 1421 5187 1488 5228; x_wconf 81' lang='lat' dir='ltr'><strong>ex</strong></span> <span class='ocrx_word' id='word_1_677' title='bbox 1507 5169 1661 5226; x_wconf 88' lang='lat' dir='ltr'><strong>Colb.</strong></span> <span class='ocrx_word' id='word_1_678' title='bbox 1690 5182 1780 5225; x_wconf 85' lang='lat' dir='ltr'><strong>se-</strong></span> 
     </span>
    </p>
   </div>
   <div class='ocr_carea' id='block_1_92' title="bbox 207 5248 1457 5321">
    <p class='ocr_par' dir='ltr' id='par_1_92' title="bbox 207 5248 1457 5321">
     <span class='ocr_line' id='line_1_92' title="bbox 207 5248 1457 5321; baseline -0.019 -2"><span class='ocrx_word' id='word_1_679' title='bbox 207 5262 408 5319; x_wconf 83' lang='lat' dir='ltr'><strong>eundo.</strong></span> <span class='ocrx_word' id='word_1_680' title='bbox 435 5248 689 5321; x_wconf 66' lang='lat' dir='ltr'><strong>Basilius,</strong></span> <span class='ocrx_word' id='word_1_681' title='bbox 716 5248 982 5321; x_wconf 68' lang='grc' dir='ltr'><strong>καρτξίμῳν</strong></span> <span class='ocrx_word' id='word_1_682' title='bbox 1012 5270 1067 5305; x_wconf 77' lang='grc' dir='ltr'><strong><em>τε</em></strong></span> <span class='ocrx_word' id='word_1_683' title='bbox 1097 5251 1177 5301; x_wconf 80' lang='grc' dir='ltr'><strong>καὶ</strong></span> <span class='ocrx_word' id='word_1_684' title='bbox 1196 5248 1457 5321; x_wconf 56' lang='lat' dir='ltr'><strong>«Studien-my.</strong></span> 
     </span>
    </p>
   </div>
   <div class='ocr_carea' id='block_1_93' title="bbox 281 5306 1779 5385">
    <p class='ocr_par' dir='ltr' id='par_1_93' title="bbox 281 5306 1779 5385">
     <span class='ocr_line' id='line_1_93' title="bbox 281 5306 1779 5385; baseline -0.014 0"><span class='ocrx_word' id='word_1_685' title='bbox 281 5306 925 5385; x_wconf 59' lang='grc' dir='ltr'><strong>ῖξίὶῖἧὲἐῗῖἰίιόῖιςάῐιί</strong></span> <span class='ocrx_word' id='word_1_686' title='bbox 947 5357 964 5384; x_wconf 88' lang='grc'>,</span> <span class='ocrx_word' id='word_1_687' title='bbox 1005 5334 1120 5371; x_wconf 78' lang='lat' dir='ltr'><strong>cum</strong></span> <span class='ocrx_word' id='word_1_688' title='bbox 1156 5331 1267 5370; x_wconf 80' lang='lat' dir='ltr'><strong>nec.</strong></span> <span class='ocrx_word' id='word_1_689' title='bbox 1295 5306 1515 5368; x_wconf 82' lang='lat' dir='ltr'><strong>&#39;lbidem</strong></span> <span class='ocrx_word' id='word_1_690' title='bbox 1541 5312 1597 5366; x_wconf 89' lang='lat' dir='ltr'><strong>in</strong></span> <span class='ocrx_word' id='word_1_691' title='bbox 1622 5306 1779 5365; x_wconf 90' lang='lat' dir='ltr'><strong>Colb.</strong></span> 
     </span>
    </p>
   </div>
   <div class='ocr_carea' id='block_1_94' title="bbox 209 5393 1106 5467">
    <p class='ocr_par' dir='ltr' id='par_1_94' title="bbox 209 5393 1106 5467">
     <span class='ocr_line' id='line_1_94' title="bbox 209 5393 1106 5467; baseline -0.021 -9"><span class='ocrx_word' id='word_1_692' title='bbox 209 5399 449 5458; x_wconf 76' lang='lat' dir='ltr'><strong>secundo</strong></span> <span class='ocrx_word' id='word_1_693' title='bbox 478 5412 575 5467; x_wconf 88' lang='lat' dir='ltr'><strong>pro</strong></span> <span class='ocrx_word' id='word_1_694' title='bbox 601 5394 700 5467; x_wconf 63' lang='lat' dir='ltr'><strong>rite</strong></span> <span class='ocrx_word' id='word_1_695' title='bbox 728 5393 923 5467; x_wconf 76' lang='lat' dir='ltr'><strong>legitur</strong></span> <span class='ocrx_word' id='word_1_696' title='bbox 951 5396 1106 5467; x_wconf 61' lang='lat' dir='ltr'><strong>recte.</strong></span> 
     </span>
    </p>
   </div>
   <div class='ocr_carea' id='block_1_95' title="bbox 284 5448 1782 5537">
    <p class='ocr_par' dir='ltr' id='par_1_95' title="bbox 284 5448 1782 5537">
     <span class='ocr_line' id='line_1_95' title="bbox 284 5448 1782 5537; baseline -0.015 -13"><span class='ocrx_word' id='word_1_697' title='bbox 284 5448 584 5537; x_wconf 50' lang='grc' dir='ltr'><strong>ἓᾜὶίεὶιὶὶ</strong></span> <span class='ocrx_word' id='word_1_698' title='bbox 602 5448 731 5537; x_wconf 54' lang='lat' dir='ltr'><strong>aus</strong></span> <span class='ocrx_word' id='word_1_699' title='bbox 754 5448 884 5537; x_wconf 68' lang='lat' dir='ltr'><strong>libri</strong></span> <span class='ocrx_word' id='word_1_700' title='bbox 903 5467 958 5537; x_wconf 63' lang='lat' dir='ltr'><strong>et</strong></span> <span class='ocrx_word' id='word_1_701' title='bbox 984 5456 1131 5537; x_wconf 74' lang='lat' dir='ltr'><strong>editi,</strong></span> <span class='ocrx_word' id='word_1_702' title='bbox 1151 5450 1610 5537; x_wconf 37' lang='lat' dir='ltr'><strong>.invisil‘tilemnpe‘</strong></span> <span class='ocrx_word' id='word_1_703' title='bbox 1619 5448 1782 5537; x_wconf 37' lang='lat' dir='ltr'><strong>usus.</strong></span> 
     </span>
    </p>
   </div>
   <div class='ocr_carea' id='block_1_96' title="bbox 210 5517 1781 5628">
    <p class='ocr_par' dir='ltr' id='par_1_96' title="bbox 210 5517 1781 5628">
     <span class='ocr_line' id='line_1_96' title="bbox 210 5517 1781 5628; baseline -0.015 -32"><span class='ocrx_word' id='word_1_704' title='bbox 210 5517 674 5628; x_wconf 44' lang='grc' dir='ltr'><strong>ᾳριιῇἧῖμᾙάδιε,</strong></span> <span class='ocrx_word' id='word_1_705' title='bbox 695 5528 1015 5621; x_wconf 54' lang='lat' dir='ltr'><strong>jnvinbugm</strong></span> <span class='ocrx_word' id='word_1_706' title='bbox 1054 5517 1185 5579; x_wconf 67' lang='lat' dir='ltr'><strong>dixit</strong></span> <span class='ocrx_word' id='word_1_707' title='bbox 1212 5524 1274 5578; x_wconf 84' lang='lat' dir='ltr'><strong>ob</strong></span> <span class='ocrx_word' id='word_1_708' title='bbox 1303 5522 1455 5575; x_wconf 71' lang='lat' dir='ltr'><strong>duas.</strong></span> <span class='ocrx_word' id='word_1_709' title='bbox 1484 5518 1543 5575; x_wconf 89' lang='lat' dir='ltr'><strong>In</strong></span> <span class='ocrx_word' id='word_1_710' title='bbox 1570 5517 1781 5583; x_wconf 70' lang='lat' dir='ltr'><strong>Graeco,</strong></span> 
     </span>
    </p>
   </div>
   <div class='ocr_carea' id='block_1_97' title="bbox 210 5607 1784 5751">
    <p class='ocr_par' dir='ltr' id='par_1_97' title="bbox 210 5607 1784 5751">
     <span class='ocr_line' id='line_1_97' title="bbox 210 5607 1040 5681; baseline -0.02 -15"><span class='ocrx_word' id='word_1_711' title='bbox 210 5612 428 5681; x_wconf 71' lang='grc' dir='ltr'><strong>ἁὸρατον</strong></span> <span class='ocrx_word' id='word_1_712' title='bbox 458 5607 510 5662; x_wconf 77' lang='grc' dir='ltr'><strong>δὲ</strong></span> <span class='ocrx_word' id='word_1_713' title='bbox 539 5610 628 5663; x_wconf 74' lang='grc' dir='ltr'><strong>τὴν</strong></span> <span class='ocrx_word' id='word_1_714' title='bbox 653 5610 745 5673; x_wconf 73' lang='grc' dir='ltr'><strong>γῆν</strong></span> <span class='ocrx_word' id='word_1_715' title='bbox 771 5607 1040 5675; x_wconf 73' lang='grc' dir='ltr'><strong>προσεῖπε.</strong></span> 
     </span>
     <span class='ocr_line' id='line_1_98' title="bbox 285 5657 1784 5751; baseline -0.014 -19"><span class='ocrx_word' id='word_1_716' title='bbox 285 5677 313 5716; x_wconf 66' lang='grc' dir='ltr'><strong><em>τι</em></strong></span> <span class='ocrx_word' id='word_1_717' title='bbox 350 5675 498 5751; x_wconf 86' lang='lat' dir='ltr'><strong>Editi</strong></span> <span class='ocrx_word' id='word_1_718' title='bbox 512 5684 567 5728; x_wconf 90' lang='lat' dir='ltr'><strong>et</strong></span> <span class='ocrx_word' id='word_1_719' title='bbox 588 5671 696 5751; x_wconf 70' lang='lat' dir='ltr'><strong>duo</strong></span> <span class='ocrx_word' id='word_1_720' title='bbox 724 5684 877 5751; x_wconf 46' lang='lat' dir='ltr'><strong>mss...</strong></span> <span class='ocrx_word' id='word_1_721' title='bbox 899 5662 1291 5751; x_wconf 58' lang='lat' dir='ltr'><strong>conceptqfttlia.</strong></span> <span class='ocrx_word' id='word_1_722' title='bbox 1321 5657 1784 5751; x_wconf 35' lang='grc' dir='ltr'><strong>(ἔθηκμεθξιιιιιίιιὶεἰ</strong></span> 
     </span>
    </p>
   </div>
   <div class='ocr_carea' id='block_1_98' title="bbox 214 5731 1789 5810">
    <p class='ocr_par' dir='ltr' id='par_1_98' title="bbox 214 5731 1789 5810">
     <span class='ocr_line' id='line_1_99' title="bbox 214 5731 1789 5810; baseline -0.016 -5"><span class='ocrx_word' id='word_1_723' title='bbox 214 5748 564 5810; x_wconf 65' lang='lat' dir='ltr'><strong>receptaculis.</strong></span> <span class='ocrx_word' id='word_1_724' title='bbox 587 5740 693 5800; x_wconf 78' lang='lat' dir='ltr'><strong>Sed</strong></span> <span class='ocrx_word' id='word_1_725' title='bbox 712 5739 826 5798; x_wconf 84' lang='lat' dir='ltr'><strong>sive</strong></span> <span class='ocrx_word' id='word_1_726' title='bbox 844 5731 969 5797; x_wconf 78' lang='lat' dir='ltr'><strong>hoc.</strong></span> <span class='ocrx_word' id='word_1_727' title='bbox 996 5731 1110 5791; x_wconf 77' lang='lat' dir='ltr'><strong>sive</strong></span> <span class='ocrx_word' id='word_1_728' title='bbox 1133 5734 1223 5789; x_wconf 91' lang='lat' dir='ltr'><strong>illo</strong></span> <span class='ocrx_word' id='word_1_729' title='bbox 1248 5732 1407 5789; x_wconf 91' lang='lat' dir='ltr'><strong>modo</strong></span> <span class='ocrx_word' id='word_1_730' title='bbox 1428 5731 1657 5801; x_wconf 82' lang='lat' dir='ltr'><strong>legatur,</strong></span> <span class='ocrx_word' id='word_1_731' title='bbox 1682 5740 1789 5783; x_wconf 77' lang='lat' dir='ltr'><strong>vox</strong></span> 
     </span>
    </p>
   </div>
   <div class='ocr_carea' id='block_1_99' title="bbox 1882 4656 3459 4738">
    <p class='ocr_par' dir='ltr' id='par_1_99' title="bbox 1882 4656 3459 4738">
     <span class='ocr_line' id='line_1_100' title="bbox 1882 4656 3459 4738; baseline -0.014 -7"><span class='ocrx_word' id='word_1_732' title='bbox 1882 4676 1979 4731; x_wconf 89' lang='lat' dir='ltr'><strong>Dei</strong></span> <span class='ocrx_word' id='word_1_733' title='bbox 2023 4673 2347 4727; x_wconf 86' lang='lat' dir='ltr'><strong>videbuntur</strong></span> <span class='ocrx_word' id='word_1_734' title='bbox 2384 4667 2639 4738; x_wconf 64' lang='lat' dir='ltr'><strong>potentiae</strong></span> <span class='ocrx_word' id='word_1_735' title='bbox 2667 4676 2967 4730; x_wconf 79' lang='lat' dir='ltr'><strong>coaequare,</strong></span> <span class='ocrx_word' id='word_1_736' title='bbox 3010 4660 3054 4714; x_wconf 92' lang='lat' dir='ltr'><strong>si</strong></span> <span class='ocrx_word' id='word_1_737' title='bbox 3102 4666 3279 4711; x_wconf 90' lang='lat' dir='ltr'><strong>tamen</strong></span> <span class='ocrx_word' id='word_1_738' title='bbox 3317 4656 3459 4710; x_wconf 88' lang='lat' dir='ltr'><strong>valet</strong></span> 
     </span>
    </p>
   </div>
   <div class='ocr_carea' id='block_1_100' title="bbox 1885 4745 3460 4831">
    <p class='ocr_par' dir='ltr' id='par_1_100' title="bbox 1885 4745 3460 4831">
     <span class='ocr_line' id='line_1_101' title="bbox 1885 4745 3460 4831; baseline -0.015 -9"><span class='ocrx_word' id='word_1_739' title='bbox 1885 4766 2041 4822; x_wconf 86' lang='lat' dir='ltr'><strong>tellus</strong></span> <span class='ocrx_word' id='word_1_740' title='bbox 2064 4769 2313 4819; x_wconf 89' lang='lat' dir='ltr'><strong>cunctam</strong></span> <span class='ocrx_word' id='word_1_741' title='bbox 2334 4775 2433 4831; x_wconf 90' lang='lat' dir='ltr'><strong>per</strong></span> <span class='ocrx_word' id='word_1_742' title='bbox 2457 4773 2517 4813; x_wconf 88' lang='lat' dir='ltr'><strong>se</strong></span> <span class='ocrx_word' id='word_1_743' title='bbox 2545 4756 2639 4810; x_wconf 91' lang='lat' dir='ltr'><strong>Dei</strong></span> <span class='ocrx_word' id='word_1_744' title='bbox 2659 4751 2978 4824; x_wconf 87' lang='lat' dir='ltr'><strong>sapientiam</strong></span> <span class='ocrx_word' id='word_1_745' title='bbox 3015 4748 3210 4804; x_wconf 91' lang='lat' dir='ltr'><strong>metiri.</strong></span> <span class='ocrx_word' id='word_1_746' title='bbox 3243 4745 3335 4801; x_wconf 88' lang='lat' dir='ltr'><strong>Sin</strong></span> <span class='ocrx_word' id='word_1_747' title='bbox 3364 4761 3460 4799; x_wconf 91' lang='lat' dir='ltr'><strong>au-</strong></span> 
     </span>
    </p>
   </div>
   <div class='ocr_carea' id='block_1_101' title="bbox 1885 4834 3460 4912">
    <p class='ocr_par' dir='ltr' id='par_1_101' title="bbox 1885 4834 3460 4912">
     <span class='ocr_line' id='line_1_102' title="bbox 1885 4834 3460 4912; baseline -0.014 0"><span class='ocrx_word' id='word_1_748' title='bbox 1885 4866 1996 4912; x_wconf 88' lang='lat' dir='ltr'><strong>tem</strong></span> <span class='ocrx_word' id='word_1_749' title='bbox 2023 4855 2199 4909; x_wconf 90' lang='lat' dir='ltr'><strong>minor</strong></span> <span class='ocrx_word' id='word_1_750' title='bbox 2238 4858 2321 4907; x_wconf 90' lang='lat' dir='ltr'><strong>est</strong></span> <span class='ocrx_word' id='word_1_751' title='bbox 2358 4848 2582 4903; x_wconf 90' lang='lat' dir='ltr'><strong>materia</strong></span> <span class='ocrx_word' id='word_1_752' title='bbox 2627 4844 2820 4899; x_wconf 76' lang='lat' dir='ltr'><strong>divina:</strong></span> <span class='ocrx_word' id='word_1_753' title='bbox 2865 4839 3115 4912; x_wconf 77' lang='lat' dir='ltr'><strong>potentiae</strong></span> <span class='ocrx_word' id='word_1_754' title='bbox 3145 4876 3161 4903; x_wconf 90' lang='lat'><strong>,</strong></span> <span class='ocrx_word' id='word_1_755' title='bbox 3204 4844 3260 4891; x_wconf 93' lang='lat' dir='ltr'><strong>ct</strong></span> <span class='ocrx_word' id='word_1_756' title='bbox 3304 4834 3460 4890; x_wconf 89' lang='lat' dir='ltr'><strong>sicin</strong></span> 
     </span>
    </p>
   </div>
   <div class='ocr_carea' id='block_1_102' title="bbox 1891 4922 3462 5009">
    <p class='ocr_par' dir='ltr' id='par_1_102' title="bbox 1891 4922 3462 5009">
     <span class='ocr_line' id='line_1_103' title="bbox 1891 4922 3462 5009; baseline -0.018 -6"><span class='ocrx_word' id='word_1_757' title='bbox 1891 4945 2212 5002; x_wconf 88' lang='lat' dir='ltr'><strong>atrociorem</strong></span> <span class='ocrx_word' id='word_1_758' title='bbox 2274 4922 2661 5009; x_wconf 85' lang='lat' dir='ltr'><strong>blasphemiam</strong></span> <span class='ocrx_word' id='word_1_759' title='bbox 2715 4944 2900 4986; x_wconf 91' lang='lat' dir='ltr'><strong>eorum</strong></span> <span class='ocrx_word' id='word_1_760' title='bbox 2953 4941 3130 4982; x_wconf 89' lang='lat' dir='ltr'><strong>sermo</strong></span> <span class='ocrx_word' id='word_1_761' title='bbox 3189 4923 3462 4983; x_wconf 88' lang='lat' dir='ltr'><strong>ducetur;</strong></span> 
     </span>
    </p>
   </div>
   <div class='ocr_carea' id='block_1_103' title="bbox 1886 5143 3460 5244">
    <p class='ocr_par' dir='ltr' id='par_1_103' title="bbox 1886 5143 3460 5244">
     <span class='ocr_line' id='line_1_104' title="bbox 1886 5143 3460 5244; baseline -0.016 -24"><span class='ocrx_word' id='word_1_762' title='bbox 1886 5163 2074 5219; x_wconf 72' lang='lat' dir='ltr'><strong>Gneca</strong></span> <span class='ocrx_word' id='word_1_763' title='bbox 2102 5159 2246 5244; x_wconf 82' lang='lat' dir='ltr'><strong>haud</strong></span> <span class='ocrx_word' id='word_1_764' title='bbox 2275 5158 2767 5244; x_wconf 61' lang='lat' dir='ltr'><strong>felicitererpressa</strong></span> <span class='ocrx_word' id='word_1_765' title='bbox 2787 5158 2890 5239; x_wconf 72' lang='lat' dir='ltr'><strong>est.</strong></span> <span class='ocrx_word' id='word_1_766' title='bbox 2912 5146 3112 5208; x_wconf 78' lang='lat' dir='ltr'><strong>Malim,</strong></span> <span class='ocrx_word' id='word_1_767' title='bbox 3140 5146 3195 5198; x_wconf 85' lang='lat' dir='ltr'><strong>in</strong></span> <span class='ocrx_word' id='word_1_768' title='bbox 3223 5143 3460 5215; x_wconf 76' lang='lat' dir='ltr'><strong>proprias</strong></span> 
     </span>
    </p>
   </div>
   <div class='ocr_carea' id='block_1_104' title="bbox 1886 5241 3349 5368">
    <p class='ocr_par' dir='ltr' id='par_1_104' title="bbox 1886 5241 3349 5368">
     <span class='ocr_line' id='line_1_105' title="bbox 1886 5241 3042 5314; baseline -0.017 -24"><span class='ocrx_word' id='word_1_769' title='bbox 1886 5241 2328 5314; x_wconf 69' lang='lat' dir='ltr'><strong>congregationes,</strong></span> <span class='ocrx_word' id='word_1_770' title='bbox 2360 5241 2429 5289; x_wconf 80' lang='grc' dir='ltr'><strong>εἰς</strong></span> <span class='ocrx_word' id='word_1_771' title='bbox 2451 5241 2514 5284; x_wconf 69' lang='grc' dir='ltr'><strong>τά</strong></span> <span class='ocrx_word' id='word_1_772' title='bbox 2534 5241 2691 5282; x_wconf 65' lang='lat' dir='ltr'><strong>aiataiat</strong></span> <span class='ocrx_word' id='word_1_773' title='bbox 2712 5241 3042 5300; x_wconf 72' lang='grc' dir='ltr'><strong>σνστημᾳτα.</strong></span> 
     </span>
     <span class='ocr_line' id='line_1_106' title="bbox 1961 5282 3349 5368; baseline -0.019 -10"><span class='ocrx_word' id='word_1_774' title='bbox 1961 5315 1984 5343; x_wconf 78' lang='grc'><strong><em>⁸</em></strong></span> <span class='ocrx_word' id='word_1_775' title='bbox 2024 5302 2171 5357; x_wconf 78' lang='lat' dir='ltr'><strong>Libri</strong></span> <span class='ocrx_word' id='word_1_776' title='bbox 2193 5311 2421 5362; x_wconf 88' lang='lat' dir='ltr'><strong>veteres,</strong></span> <span class='ocrx_word' id='word_1_777' title='bbox 2448 5305 2625 5368; x_wconf 83' lang='lat' dir='ltr'><strong>utpote</strong></span> <span class='ocrx_word' id='word_1_778' title='bbox 2643 5308 2778 5368; x_wconf 56' lang='lat' dir='ltr'><strong>quae.</strong></span> <span class='ocrx_word' id='word_1_779' title='bbox 2806 5289 2986 5368; x_wconf 44' lang='lat' dir='ltr'><strong>EditI,‘</strong></span> <span class='ocrx_word' id='word_1_780' title='bbox 2998 5292 3168 5354; x_wconf 81' lang='lat' dir='ltr'><strong>utpote</strong></span> <span class='ocrx_word' id='word_1_781' title='bbox 3195 5282 3349 5355; x_wconf 85' lang='lat' dir='ltr'><strong>quod.</strong></span> 
     </span>
    </p>
   </div>
   <div class='ocr_carea' id='block_1_105' title="bbox 1964 5356 3368 5435">
    <p class='ocr_par' dir='ltr' id='par_1_105' title="bbox 1964 5356 3368 5435">
     <span class='ocr_line' id='line_1_107' title="bbox 1964 5356 3368 5435; baseline -0.006 -9"><span class='ocrx_word' id='word_1_782' title='bbox 1964 5375 1983 5413; x_wconf 71' lang='grc' dir='ltr'>ί</span> <span class='ocrx_word' id='word_1_783' title='bbox 2024 5356 2178 5427; x_wconf 81' lang='lat' dir='ltr'><strong>Gelb.</strong></span> <span class='ocrx_word' id='word_1_784' title='bbox 2210 5356 3070 5435; x_wconf 57' lang='lat' dir='ltr'><strong>secundus,&#39;cowq&#39;uaricumDea.</strong></span> <span class='ocrx_word' id='word_1_785' title='bbox 3112 5425 3139 5435; x_wconf 23' lang='grc' dir='ltr'><strong>Α.</strong></span> <span class='ocrx_word' id='word_1_786' title='bbox 3212 5419 3250 5435; x_wconf 45' lang='lat' dir='ltr'><strong>ﬁ</strong></span> <span class='ocrx_word' id='word_1_787' title='bbox 3288 5420 3300 5432; x_wconf 84' lang='lat'><em>_</em></span> <span class='ocrx_word' id='word_1_788' title='bbox 3328 5434 3331 5435; x_wconf 15' lang='grc' dir='ltr'><em>ν</em></span> <span class='ocrx_word' id='word_1_789' title='bbox 3355 5417 3368 5435; x_wconf 44' lang='grc' dir='ltr'><em>ε</em></span> 
     </span>
    </p>
   </div>
   <div class='ocr_carea' id='block_1_106' title="bbox 1958 5418 3460 5502">
    <p class='ocr_par' dir='ltr' id='par_1_106' title="bbox 1958 5418 3460 5502">
     <span class='ocr_line' id='line_1_108' title="bbox 1958 5418 3460 5502; baseline -0.017 -8"><span class='ocrx_word' id='word_1_790' title='bbox 1958 5454 1984 5494; x_wconf 72' lang='grc' dir='ltr'>ι</span> <span class='ocrx_word' id='word_1_791' title='bbox 2422 5418 2721 5500; x_wconf 62' lang='lat' dir='ltr'><strong>secundus,</strong></span> <span class='ocrx_word' id='word_1_792' title='bbox 2748 5432 2859 5502; x_wconf 75' lang='lat' dir='ltr'><strong>ejus</strong></span> <span class='ocrx_word' id='word_1_793' title='bbox 2887 5425 3174 5502; x_wconf 67' lang='lat' dir='ltr'><strong>substantia</strong></span> <span class='ocrx_word' id='word_1_794' title='bbox 3203 5419 3300 5502; x_wconf 71' lang='grc' dir='ltr'><strong><em>ρεί</em></strong></span> <span class='ocrx_word' id='word_1_795' title='bbox 3322 5418 3460 5502; x_wconf 60' lang='lat' dir='ltr'><strong>vide-</strong></span> 
     </span>
    </p>
   </div>
   <div class='ocr_carea' id='block_1_107' title="bbox 1889 5490 3459 5583">
    <p class='ocr_par' dir='ltr' id='par_1_107' title="bbox 1889 5490 3459 5583">
     <span class='ocr_line' id='line_1_109' title="bbox 1889 5490 3459 5583; baseline -0.012 -15"><span class='ocrx_word' id='word_1_796' title='bbox 1889 5490 2324 5583; x_wconf 49' lang='lat' dir='ltr'><strong>mafﬂiéiuie&#39;</strong></span> <span class='ocrx_word' id='word_1_797' title='bbox 2338 5490 2636 5583; x_wconf 32' lang='lat' dir='ltr'><strong>carentium;</strong></span> <span class='ocrx_word' id='word_1_798' title='bbox 2662 5490 2720 5583; x_wconf 57' lang='lat' dir='ltr'><strong>si:</strong></span> <span class='ocrx_word' id='word_1_799' title='bbox 2737 5490 2903 5583; x_wconf 56' lang='lat' dir='ltr'><strong>ta&#39;rnen</strong></span> <span class='ocrx_word' id='word_1_800' title='bbox 2922 5496 3129 5583; x_wconf 4' lang='lat' dir='ltr'><strong>quateret</strong></span> <span class='ocrx_word' id='word_1_801' title='bbox 3157 5490 3459 5583; x_wconf 33' lang='lat' dir='ltr'><strong>talking?</strong></span> 
     </span>
    </p>
   </div>
   <div class='ocr_carea' id='block_1_108' title="bbox 1891 5556 3458 5638">
    <p class='ocr_par' dir='ltr' id='par_1_108' title="bbox 1891 5556 3458 5638">
     <span class='ocr_line' id='line_1_110' title="bbox 1891 5556 3458 5638; baseline -0.02 1"><span class='ocrx_word' id='word_1_802' title='bbox 2036 5556 2562 5637; x_wconf 55' lang='lat' dir='ltr'><strong>nBL&#39;Zéi&#39;Eexiiéniii’.‘</strong></span> <span class='ocrx_word' id='word_1_803' title='bbox 2582 5556 2773 5631; x_wconf 81' lang='lat' dir='ltr'><strong>Statim</strong></span> <span class='ocrx_word' id='word_1_804' title='bbox 2803 5568 2939 5625; x_wconf 87' lang='lat' dir='ltr'><strong>idem</strong></span> <span class='ocrx_word' id='word_1_805' title='bbox 2962 5562 3154 5629; x_wconf 78' lang='lat' dir='ltr'><strong>codex,</strong></span> <span class='ocrx_word' id='word_1_806' title='bbox 3182 5574 3347 5614; x_wconf 78' lang='lat' dir='ltr'><strong>temo</strong></span> <span class='ocrx_word' id='word_1_807' title='bbox 3365 5556 3458 5609; x_wconf 77' lang='lat' dir='ltr'><strong>du-</strong></span> 
     </span>
    </p>
   </div>
   <div class='ocr_carea' id='block_1_109' title="bbox 1891 5662 2106 5709">
    <p class='ocr_par' dir='ltr' id='par_1_109' title="bbox 1891 5662 2106 5709">
     <span class='ocr_line' id='line_1_111' title="bbox 1891 5662 2106 5709; baseline -0.019 0"><span class='ocrx_word' id='word_1_808' title='bbox 1891 5662 2106 5709; x_wconf 69' lang='lat' dir='ltr'><strong>veretur.</strong></span> 
     </span>
    </p>
   </div>
  </div>
