3824 6214
393 326 497 378 ὅξδ

1315 329 1655 387 APPENDIX
1695 329 1978 390 OPERUM
2013 332 2071 387 S.
2111 328 2359 387 BASILII
2401 325 2636 383 MAGNl.

3533 316 3642 365 8M

391 443 587 512 quippe
624 440 714 510 qui
737 446 956 510 propter
978 438 1212 508 ἰηορὶθιη
1257 439 1514 502 materiae,
1538 435 1861 491 ineﬂicaeem
1909 441 1962 488 et
1994 437 2036 494 Α
2066 435 2344 504 ﬁgmentis,
2373 453 2434 491 ac
2464 437 2750 493 miserabili
2771 450 2984 491 suarum
3014 437 3393 505 cogitationum
3422 435 3442 475 ΐ
3474 453 3638 496 sensu

389 533 620 587 otiosum
642 532 694 584 in
715 531 823 584 suis
841 529 1092 598 operibus
1102 529 1268 584 Deum
1282 537 1544 585 conantur
1555 540 1964 594 asserere,quos

390 622 604 690 quidem
650 621 898 674 humana:
925 626 1129 672 naturae
1175 619 1299 672 talia
1345 619 1544 672 sentire
1581 617 1792 686 decepit
1825 614 1964 669 indi-

389 713 588 779 gentia.
618 709 798 764 Saneal
820 709 1071 778 quoniam
1095 709 1232 778 apud
1254 725 1352 764 nos
1373 724 1460 763 ars
1482 722 1810 776 unaquthue
1837 719 1962 772 erga

389 801 622 868 aliquam
649 798 942 852 adhibitam
978 798 1258 852 materiam
1297 806 1602 866 exercetur,
1633 799 1771 853 sicut
1795 796 1962 851 fabri-

388 890 510 945 litas
538 892 679 946 circa
707 888 926 957 ferrum,
950 893 1281 960 carpentaria
1311 893 1452 948 circa
1475 893 1694 960 lignum,
1726 900 1779 946 et
1798 893 1851 946 in
1880 892 1962 947 his

376 980 479 1050 71
494 981 536 1048 ι
559 979 702 1036 aliud
716 983 960 1046 estquod
973 983 1234 1053 subj-acet,
1251 985 1396 1041 aliud
1412 988 1644 1057 species,
1661 984 1802 1040 aliud
1817 983 1956 1053 quod

387 1079 652 1130 formatur
671 1091 738 1129 ex
764 1075 939 1144 specie
969 1092 981 1126 :
1010 1091 1131 1128 nam
1167 1076 1390 1130 materia
1431 1082 1513 1128 est
1538 1089 1654 1143 quae
1697 1073 1963 1128 extrinse-

390 1182 482 1221 cus
511 1167 814 1230 assumitur,
855 1165 1060 1235 species
1087 1180 1203 1234 quaa
1233 1182 1300 1220 ex
1327 1174 1444 1220 arte
1474 1165 1796 1234 producitur,
1835 1179 1960 1233 per-

385 1260 548 1314 fectio
581 1266 762 1311 autem
788 1265 870 1311 est
897 1271 1015 1324 qua:
1042 1271 1108 1310 ex
1139 1265 1365 1325 utraque
1389 1257 1746 1325 componitur,
1785 1254 1838 1308 id
1877 1262 1961 1308 est

387 1350 454 1403 de
479 1349 657 1421 specie
685 1355 845 1416 atque
890 1349 1113 1404 materia
1147 1366 1160 1400 :
1191 1349 1268 1404 sic
1297 1350 1582 1418 opinantur
1606 1354 1661 1400 et
1686 1345 1752 1399 de
1781 1345 1958 1401 divina

385 1439 721 1509 operatione,
749 1442 964 1497 schema
993 1439 1207 1508 quidem
1234 1438 1432 1492 mundo
1454 1438 1520 1492 de
1547 1438 1806 1506 sapientia
1832 1453 1961 1492 con-

371 1531 574 1588 .ditoris
602 1531 630 1571 1³
669 1534 912 1600 allatum,
953 1533 1230 1587 materiam
1276 1547 1404 1585 vero
1434 1531 1763 1585 extrinsecus
1810 1545 1960 1584 crea-

387 1622 493 1674 tori
523 1620 684 1677 fuisse
713 1623 1004 1692 subjectum
1031 1641 1042 1674 :
1074 1633 1234 1690 atque
1272 1623 1344 1676 ita
1371 1623 1673 1675 universum
1705 1620 1959 1674 mundum

386 1728 508 1768 esse
536 1724 918 1780 constructum,
967 1716 1056 1784 qui
1087 1715 1436 1770 substantiam
1481 1715 1694 1783 quidem
1725 1715 1962 1785 possidet

386 1804 599 1862 aliunde
624 1806 918 1874 qumsitam,
964 1807 1178 1860 schema
1216 1821 1345 1860 vero
1387 1813 1442 1859 et
1481 1805 1720 1873 figuram,
1771 1822 1836 1859 ex
1865 1805 1959 1859 Dei

386 1895 582 1948 virtute
606 1904 932 1964 perceptam.
964 1905 985 1933 ο
1016 1895 1150 1950 llinc
1170 1896 1272 1950 illis
1301 1895 1454 1948 datur
1481 1897 1688 1951 occasio
1711 1896 1958 1963 negandi,

385 1985 560 2039 causis
608 1985 774 2040 Deum
826 2001 1052 2058 przeesse
1081 1987 1381 2054 mundanis,
1413 1995 1467 2042 et
1511 1995 1770 2056 tanquam
1802 1986 1828 2025 ἀ
1860 1990 1958 2043 sti-

383 2075 468 2144 pis
496 2075 718 2144 alicujus
741 2063 918 2130 rerum
947 2077 1202 2144 genitura:
1232 2078 1531 2146 portionem
1553 2078 1798 2145 exiguam
1827 2094 1956 2133 con-

385 2166 600 2221 tulisse:
625 2167 843 2222 minime
861 2168 1113 2233 valentes,
1138 2177 1357 2238 propter
1379 2169 1677 2223 intellectus
1701 2170 1958 2239 inopiam,

384 2257 451 2309 ad
479 2258 688 2312 culmen
709 2258 978 2328 respicere
998 2258 1255 2312 veritatis.
1281 2257 1389 2314 Nec
1409 2258 1816 2313 considerarent
1835 2262 1959 2328 quia

382 2346 472 2400 hic
499 2346 714 2414 quidem
749 2362 836 2401 ars
875 2355 997 2416 post
1027 2347 1304 2401 materiam
1334 2349 1571 2403 noscitur
1597 2348 1848 2414 adhibita,
1875 2350 1959 2402 vi”-

384 2443 453 2490 tze
481 2437 652 2504 gratia
697 2437 1086 2506 dispensandm.
1115 2437 1248 2492 Nam
1286 2437 1404 2491 lana
1438 2437 1651 2506 quidem
1679 2438 1776 2491 fuit
1803 2446 1957 2494 ante-

381 2528 510 2593 rior,
543 2527 757 2582 texendi
787 2537 964 2582 autem
991 2543 1119 2583 usus
1163 2537 1349 2598 postea
1394 2535 1638 2596 repertus
1675 2535 1775 2592 est,
1806 2535 1865 2581 ut
1905 2528 1957 2583 id

381 2617 524 2686 quod
552 2634 651 2688 per
676 2626 921 2672 naturam
945 2621 1120 2674 minus
1148 2619 1320 2674 fuerat
1347 2620 1681 2688 suppleretur
1701 2635 1767 2674 ex
1801 2628 1952 2688 arte;

381 2708 582 2778 lignum
610 2724 824 2779 quoque
845 2711 991 2780 prius
1015 2710 1130 2774 fuit,
1155 2711 1300 2780 quod
1327 2727 1415 2765 ars
1443 2711 1704 2765 dolatoria
1725 2720 1958 2781 postmo-

381 2803 511 2862 dum
556 2803 889 2879 percipiens,
948 2804 1000 2857 in
1041 2819 1271 2872 ususque
1321 2803 1650 2858 necessarios
1697 2803 1950 2865 formans,

380 2894 813 2948 commoditatem
843 2895 996 2956 nobis
1045 2911 1151 2949 non
1180 2910 1398 2964 parvam
1445 2895 1688 2948 contulit.
1739 2894 1868 2948 Nam
1900 2902 1954 2948 et

380 3000 585 3047 remum
614 2986 810 3053 nautis,
840 2995 893 3040 et
921 2986 1325 3054 agricultoribus
1355 2986 1726 3050 ventilabrnm,
1757 2995 1811 3040 et
1834 2986 1950 3041 bel-

379 3074 637 3132 latoribus
673 3079 880 3132 hastam
919 3077 1082 3133 dedit.
1118 3079 1256 3132 Deus
1285 3086 1482 3144 autem,
1515 3079 1822 3147 priusquam
1853 3079 1949 3133 tie-

2063 532 2314 584 virtutem
2342 537 2520 584 mente
2548 529 3138 598 incomprehensibilem
3167 538 3219 583 et
3245 528 3495 584 humanis
3523 546 3639 586 ser-

2064 620 2310 674 monibus
2339 618 2658 674 ineﬂ‘abilem
2685 626 3042 673 contrectare.

2133 711 2184 764 5.
2219 710 2365 764 Fecit
2386 710 2525 764 Deus
2547 711 2726 763 caelum
2757 719 2806 764 et
2848 719 3061 772 terram,
3090 725 3196 764 non
3221 711 3428 778 singula
3455 727 3521 766 ex
3551 713 3637 767 di-

2062 803 2222 856 midia
2260 809 2433 872 parte,
2477 803 2572 856 sed
2599 804 2863 869 integrum
2891 802 3082 855 cmlum
3128 811 3183 857 et
3235 803 3496 870 integram
3523 816 3635 858 ter-

2060 907 2193 956 ram,
2227 893 2279 946 id
2310 900 2395 946 est
2429 893 2597 961 ipsam
2638 893 2988 947 substantiam
3017 907 3137 946 cum
3167 893 3345 960 specie
3385 909 3635 962 compre-

2061 980 2299 1035 hensam.
2327 979 2444 1034 Non
2465 981 2605 1034 enim
2627 981 2954 1034 schematum
2979 988 3224 1049 repertor
3245 989 3328 1034 est
3348 980 3511 1048 Deus,
3543 982 3636 1036 sed

2063 1075 2224 1128 totius
2251 1081 2453 1128 naturae
2477 1080 2708 1128 creator.
2757 1073 2887 1126 Nam
2917 1072 3276 1141 respondeant
3312 1073 3468 1127 nobis
3496 1088 3637 1140 quo-

2061 1165 2224 1219 modo
2251 1165 2352 1219 sibi
2379 1165 2703 1219 conveniunt
2732 1165 3002 1234 operatrix
3033 1164 3126 1218 Dei
3155 1165 3325 1219 virtus
3362 1172 3416 1218 et
3457 1166 3636 1233 passi-

2061 1257 2183 1312 bilis
2219 1265 2408 1313 natura
2435 1258 2695 1322 materiae,
2742 1273 2964 1326 quarum
2994 1272 3119 1321 una,
3163 1257 3307 1325 quod
3333 1256 3636 1323 subjectum

2062 1355 2162 1412 est,
2191 1347 2526 1403 solummodo
2551 1349 2666 1403 sine
2696 1348 2859 1415 figura
2884 1348 3128 1416 prmstitit
3151 1365 3164 1411 ;
3197 1347 3363 1400 altera
3385 1348 3638 1401 schema-

2061 1446 2175 1493 tum
2204 1440 2448 1508 peritiam
2489 1439 2786 1510 possidens,
2815 1439 3079 1492 ordinavit
3106 1438 3303 1501 oblata,
3337 1445 3396 1491 ut
3423 1439 3640 1506 utrique

2061 1529 2205 1598 quod
2233 1529 2417 1584 deerat
2443 1531 2768 1600 praeberetur
2789 1545 2856 1582 ex
2881 1528 3070 1592 altero,
3093 1527 3368 1582 Conditori
3394 1527 3638 1596 quidem,

2061 1627 2120 1673 ut
2141 1620 2360 1674 haberet
2381 1622 2433 1674 in
2462 1635 2567 1688 quo
2595 1627 2777 1689 posset
2805 1619 2937 1673 artis
2959 1629 2982 1664 ε
3004 1619 3288 1672 ostendere
3314 1619 3594 1672 scientiam
3622 1636 3635 1669 :

2061 1711 2298 1764 materia:
2316 1726 2445 1765 vero
2484 1719 2543 1764 ut
2570 1711 2896 1764 informitate
2923 1709 3185 1778 deposita,
3209 1710 3412 1762 vultum
3452 1725 3642 1768 sume-

1995 1790 2036 1847 Β
2063 1806 2146 1854 ret
2175 1801 2494 1869 speciosum.
2530 1799 2636 1854 Sed
2663 1815 2823 1869 super
2853 1799 2933 1852 his
2959 1799 3219 1853 hactenus
3243 1815 3257 1863 ;
3290 1798 3358 1851 ad
3387 1798 3475 1851 illa
3505 1813 3642 1850 vero

2062 1904 2180 1960 qua:
2207 1891 2580 1958 proposuimus
2603 1897 2936 1943 revertamur
2968 1907 2980 1940 :
3017 1888 3174 1942 Terra
3205 1899 3373 1941 autem
3411 1897 3526 1940 erat
3555 1890 3642 1940 in-

2059 1980 2269 2034 visibilis
2289 1987 2336 2032 et
2357 1980 2709 2047 incomposita.
2742 1978 2873 2031 Cum
2902 1977 3102 2032 diceret
3145 1996 3156 2028 :
3185 1975 3250 2030 In
3281 1978 3538 2046 principio
3561 1979 3641 2047 fe-

2061 2071 2128 2122 cit
2149 2069 2286 2122 Deus
2307 2069 2485 2127 cazlum
2505 2077 2552 2120 et
2574 2077 2785 2134 terram,
2811 2067 2958 2136 plura
2985 2067 3214 2128 reticuit,
3235 2067 3286 2119 id
3315 2074 3414 2131 est,
3435 2067 3635 2133 ignem,

2060 2172 2274 2226 aquam,
2298 2173 2496 2224 aerem,
2513 2172 2629 2225 qua:
2653 2157 2836 2225 utique
2864 2156 3140 2225 passiones
3167 2156 3411 2224 quaedam
3435 2155 3503 2208 de
3535 2155 3640 2210 illis

2059 2248 2438 2318 principalibus
2481 2256 2773 2317 procreata:
2820 2253 2970 2310 sunt,
3023 2261 3140 2315 quae
3179 2247 3388 2310 omnia,
3421 2255 3638 2314 utpote

2058 2339 2239 2394 mundi
2277 2337 2745 2400 consummatoria,
2775 2336 2932 2390 simul
2977 2337 3092 2390 sine
3139 2335 3303 2389 dubio
3351 2350 3634 2404 processe-

2057 2436 2202 2483 runt.
2251 2426 2356 2482 Sed
2392 2427 2678 2481 historicus
2706 2427 2817 2481 haec
2845 2427 3089 2481 consulto
3117 2427 3393 2495 prmteriit,
3439 2433 3499 2480 ut
3535 2441 3637 2479 no-

2056 2525 2224 2573 strum
2253 2534 2348 2573 cor
2375 2527 2592 2573 acueret
2618 2518 2682 2572 ad
2709 2518 3021 2572 industriam
3048 2534 3115 2572 cx
3135 2518 3320 2587 paucis
3343 2518 3637 2572 occasioni-

2055 2608 2154 2663 bus
2177 2609 2488 2678 capiendam
2507 2651 2520 2672 ,
2551 2624 2670 2677 qute
2699 2608 2825 2663 facit
2852 2624 2952 2663 nos
2980 2611 3280 2676 cogitantes
3309 2609 3636 2676 investigare

2055 2713 2173 2767 qua:
2197 2698 2409 2753 desunt.
2431 2696 2456 2734 ιι
2486 2697 2626 2766 Ergo
2655 2699 2904 2768 quoniam
2933 2698 3152 2752 minime
3179 2697 3244 2751 de
3266 2712 3401 2766 aqua
3429 2697 3635 2752 dictum

2052 2789 2223 2842 fuerat
2250 2788 2374 2857 quia
2413 2787 2539 2841 fecit
2573 2802 2711 2851 eam,
2743 2787 2880 2841 dixit
2907 2794 3086 2840 autem
3115 2785 3257 2854 quod
3280 2797 3418 2841 terra
3445 2788 3636 2842 invisi-

2051 2880 2170 2934 bilis
2198 2879 2510 2942 habebatur,
2555 2885 2612 2931 tu
2643 2887 2816 2932 tecum
2845 2885 3097 2947 reputare
3134 2879 3354 2933 debebis
3380 2895 3488 2948 quo
3518 2887 3637 2947 teg-

2051 2971 2195 3024 mine
2220 2980 2362 3024 terra
2401 2969 2578 3023 velata
2627 2984 2732 3024 non
2782 2969 3092 3039 apparebat,
3141 2986 3298 3039 quam
3345 2985 3445 3025 nec
3489 2971 3637 3038 ignis

2052 3060 2382 3115 abscondere
2445 3067 2696 3128 poterat,
2757 3061 2848 3128 qui
2917 3061 3102 3129 utique
3179 3061 3384 3115 lucidus
3447 3063 3640 3130 potius

379 3176 501 3224 rent
527 3182 643 3239 quae
672 3167 934 3233 videntur,
969 3170 1146 3222 omnia
1170 3175 1348 3226 mente
1376 3168 1709 3236 complexus,
1737 3169 1952 3223 volens-
1980 3137 2026 3201 C
2055 3167 2216 3222 quam
2261 3150 2574 3205 tenebrosus
2620 3158 2730 3215 θεῖν
2781 3165 2880 3204 nec
2917 3164 3011 3203 δεῖ
3037 3151 3282 3219 operire:
3335 3151 3485 3217 ουῙιιδ
3518 3167 3640 3206 cel“

378 3273 485 3326 que
531 3259 585 3318 in
613 3267 636 3293 ε
660 3259 991 3312 nativitatem
1019 3257 1318 3329 producere
1341 3272 1458 3325 quze
1489 3273 1593 3311 non
1623 3266 1794 3323 erant,
1825 3273 1954 3312 con-

379 3348 634 3408 sideravit
659 3349 831 3418 qualis
869 3349 1095 3403 mundus
1141 3364 1258 3403 esse
1304 3348 1542 3413 deberet,
1575 3349 1794 3418 ejusque
1829 3365 1952 3419 spe-

377 3437 480 3491 ciei
508 3452 798 3506 congruam
840 3439 1114 3494 materiam
1142 3441 1537 3506 congeneravit.
1567 3439 1634 3492 Et
1661 3440 1798 3494 caalo
1831 3441 1951 3508 qui-

377 3526 498 3582 dem
529 3527 803 3597 deputavit
829 3527 1106 3594 decentem
1128 3528 1226 3582 sibi
1250 3536 1512 3592 naturam,
1537 3537 1801 3584 terrarum
1823 3545 1951 3585 vero

377 3619 635 3678 schemati
680 3617 993 3673 familiarem
1039 3618 1378 3694 debitamque
1405 3621 1755 3674 substantiam
1801 3637 1951 3675 com-

382 3707 640 3762 modavit.
674 3707 853 3776 Ignem
893 3725 1042 3773 vero,
1086 3718 1140 3764 et
1168 3725 1378 3777 aquam,
1411 3717 1467 3764 et
1505 3725 1684 3765 aerem
1712 3710 1954 3765 distinxit

376 3807 438 3852 ut
476 3801 642 3853 voluit
674 3818 686 3851 :
730 3811 785 3854 et
822 3801 875 3854 in
905 3801 1143 3856 ordinem
1190 3800 1408 3860 deduxit
1435 3817 1595 3874 quem
1625 3803 1950 3870 singulorum

375 3891 513 3950 ratio
535 3890 824 3958 flagitabat.
850 3890 1038 3944 Totum
1069 3898 1245 3950 autem
1270 3892 1543 3957 mundum,
1563 3907 1679 3946 cum
1704 3900 1846 3946 esset
1869 3893 1949 3947 sui

375 3980 666 4048 dissimilis,
708 3989 762 4035 et
796 3996 860 4034 ex
907 3981 1215 4036 diversitate
1243 3983 1591 4051 compositus,
1625 3983 1949 4037 inviolabili-

373 4069 476 4126 bus
502 4071 775 4140 cujusdam
804 4071 1102 4131 concordiae
1131 4072 1353 4127 vinculis
1387 4080 1670 4137 arctatum,
1702 4073 1756 4127 in
1786 4091 1946 4128 unam

373 4163 690 4238 spcietatem
718 4163 1350 4237 compaginationemque
1380 4163 1647 4228 devinxit,
1688 4173 1746 4218 ut
1785 4167 1947 4219 etiam

373 4251 463 4306 illa
488 4266 606 4320 qua:
626 4251 849 4305 multum
872 4267 902 4304 a
919 4267 978 4306 se
998 4252 1264 4321 positione
1287 4251 1576 4318 distabant,
1595 4256 1948 4323 permixtione

375 4351 559 4402 mutua
605 4341 854 4411 copulata
901 4342 1202 4398 credantur.
1247 4342 1468 4396 Cessent
1513 4357 1641 4412 ergo
1693 4344 1949 4402 fabulosis

2057 3253 2108 3297 te
2161 3249 2349 3296 natura
2391 3242 2670 3312 perspicua
2717 3249 2799 3294 est
2847 3259 2859 3292 :
2909 3241 3107 3309 quippe
3134 3242 3225 3310 qui
3254 3242 3491 3295 omnium
3538 3257 3640 3296 re-

2052 3349 2170 3388 rum
2193 3334 2396 3404 species
2417 3333 2616 3402 liquido
2644 3331 2657 3368 ί
2684 3333 2976 3386 visentibus
2997 3333 3318 3387 manifestat.
3347 3333 3637 3403 Reliquum

2053 3435 2134 3480 est
2180 3426 2340 3496 igitur
2385 3434 2443 3478 ut
2490 3425 2845 3491 intelligamus
2891 3439 3086 3493 aquam
3132 3423 3294 3479 fuisse
3338 3427 3640 3481 summitati

2054 3516 2259 3570 telluris
2303 3515 2629 3578 obductam;
2666 3513 2900 3568 nondum
2940 3516 3084 3568 enim
3131 3514 3183 3567 in
3212 3529 3308 3568 sua
3338 3523 3636 3584 concepta—

2057 3608 2174 3662 cula
2198 3606 2435 3660 humoris
2462 3614 2650 3658 natura
2680 3605 2994 3659 deﬂuxerat.
3025 3604 3104 3659 0b
3131 3605 3236 3659 hoc
3255 3619 3382 3673 ergo
3413 3621 3519 3660 non
3548 3623 3640 3661 so-

2058 3699 2167 3752 lum
2197 3696 2471 3750 invisibilis
2501 3703 2661 3757 terra,
2694 3693 2787 3747 sed
2815 3695 2976 3748 etiam
3007 3694 3360 3762 incomposita
3386 3696 3640 3749 nomina-

2057 3798 2162 3843 tur.
2196 3787 2346 3842 Licet
2381 3787 2544 3840 etiam
2587 3801 2729 3839 nunc
2757 3799 3012 3853 aquarum
3053 3785 3372 3838 abundantia
3401 3785 3634 3854 impedi-

2056 3891 2237 3938 mento
2266 3889 2348 3935 est
2370 3888 2544 3944 teme,
2571 3878 2853 3948 quominus
2884 3876 3144 3931 fructuum
3172 3878 3326 3946 copia
3355 3878 3638 3933 ministre-

2057 3982 2161 4027 tur.
2185 3972 2310 4028 Hzec
2335 3985 2462 4038 ergo
2489 3983 2648 4023 causa
2676 3968 2898 4033 exstitit,
2932 3974 2990 4020 ut
3017 3982 3116 4022 nec
3140 3967 3310 4021 videri
3331 3969 3500 4037 possit
3526 3970 3639 4023 ari-

2049 4068 2117 4122 da
2141 4108 2156 4133 ,
2187 4075 2241 4124 et
2268 4065 2558 4119 haberetur
2583 4061 2957 4129 incomposita.
2989 4058 3047 4113 Si
3075 4059 3290 4128 quidem
3313 4068 3469 4113 terra:
3488 4075 3638 4114 com-

2048 4163 2244 4234 positio
2294 4167 2377 4214 est
2420 4173 2567 4221 suus,
2619 4163 2678 4209 ut
2705 4155 2953 4220 diximus,
2999 4154 3257 4208 naturalis
3305 4163 3548 4219 ornatus,
3576 4155 3634 4208 id

2048 4263 2152 4320 est,
2176 4260 2385 4319 segetes
2413 4251 2464 4303 in
2493 4247 2713 4318 planitie
2741 4245 3077 4308 ﬂuctuantes,
3108 4258 3208 4297 nec
3238 4260 3343 4298 non
3369 4252 3524 4313 prata
3551 4245 3638 4298 vi.

2048 4345 2244 4409 rentia,
2292 4341 2550 4408 varioque
2601 4336 2793 4410 ﬂorum
2837 4335 3022 4390 colore
3067 4334 3419 4404 splendentia,
3464 4335 3638 4389 colles

446 4485 474 4515 α
511 4474 662 4531 Colb.
713 4479 978 4549 secundus
1026 4485 1081 4530 et
1109 4478 1278 4549 .alter,
1320 4494 1447 4532 sane
1485 4493 1746 4549 quoniam.
1782 4479 1944 4549 Editi,
1975 4489 2026 4548 D
2050 4483 2162 4539 suis
2189 4491 2425 4549 numeris
2448 4473 2767 4529 absolutam.
2798 4470 3066 4549 Scriptum
3097 4477 3425 4549 oportuerat,
3459 4472 3636 4540 faten-

369 4563 498 4616 sane
543 4547 813 4616 quomoda.
854 4545 1054 4616 ibidem
1098 4544 1249 4616 Colb.
1307 4544 1590 4609 secundus,
1641 4544 1943 4608 adhibitam.

371 4615 533 4692 ljltliti,
559 4615 807 4670 adhibita.
853 4615 1056 4692 Rursus
1101 4615 1253 4670 Colb.
1284 4616 1568 4682 secundus,
1603 4634 1667 4669 ea:
1711 4628 1942 4692 utraque.

373 4687 473 4738 Alii
497 4687 602 4754 duo
630 4701 758 4740 mss.
789 4695 842 4740 et
863 4687 1010 4752 editi,
1037 4703 1100 4738 ea:
1122 4694 1349 4754 utroque.

445 4766 468 4794 ε
509 4753 650 4808 Editi
693 4764 747 4809 et
773 4754 926 4817 Colb.
959 4756 1178 4822 primus,
1223 4753 1468 4808 ablatum.
1515 4755 1617 4809 Alii
1647 4755 1754 4812 duo
1789 4774 1916 4815 mss.

369 4825 610 4896 allatam,
639 4825 796 4896 bene.
830 4824 1075 4896 Basilius,
1106 4828 1350 4896 énﬁxtim.

446 4899 468 4928 ⁸
508 4893 671 4961 Editi,
703 4894 826 4952 data
863 4895 1131 4952 occasione
1156 4893 1358 4962 grandi,
1390 4897 1578 4962 causis,
1611 4904 1736 4960 etc.,
1779 4898 1937 4954 male.

370 4963 525 5020 Colb.
569 4965 789 5034 primus,
818 4963 974 5034 tiatur
1013 4966 1278 5018 occasione
1310 4966 1529 5034 grandi,
1571 4969 1760 5034 causis,
1809 4977 1938 5029 etc.,

372 5037 540 5089 nihilo
563 5032 785 5103 melius“
803 5032 984 5086 Codex
1014 5041 1196 5087 noster
1214 5043 1268 5088 et
1295 5032 1446 5087 Colb.
1478 5032 1762 5098 secundus,
1789 5037 1942 5089 datur

371 5107 573 5164 occasio
586 5105 827 5175 negandi,
841 5103 1028 5175 cau_sis,
1042 5111 1144 5175 etc.
1155 5145 1168 5168 ,
1183 5105 1401 5174 Optime.
1418 5104 1508 5157 Est
1526 5115 1673 5159 certe
1685 5105 1943 5175 ejusmodi

370 5175 485 5228 haec
515 5171 696 5240 lectio,
725 5180 784 5227 ut
811 5171 1351 5227 corilirmatione'non
1401 5175 1632 5242 indigeat
1665 5193 1676 5227 :
1713 5171 1818 5229 sed
1860 5184 1942 5228 ta-

369 5259 495 5312 men
525 5244 571 5298 si
593 5257 754 5312 quam
777 5242 896 5312 quis
922 5244 1176 5312 requirat,
1223 5244 1388 5312 possit
1415 5245 1717 5298 conlirmari
1745 5260 1813 5298 ex
1840 5244 1943 5300 illis

370 5303 678 5379 Basilianis:
704 5315 756 5366 ἔκ
782 5303 834 5368 δὲ
864 5303 1048 5368 source
1077 5303 1252 5374 αὐτέοῐξ
1280 5315 1508 5383 ὑπάρχει
1530 5317 1809 5383 ἀρνεῖσθαι.

442 5384 469 5422 ά
499 5383 660 5448 Editi,
686 5393 736 5436 et
765 5391 1006 5452 tanquam
1025 5385 1216 5452 stirpis,
1243 5392 1510 5451 corrupte.
1541 5383 1722 5440 Codex
1761 5391 1945 5438 noster

371 5463 428 5526 et
451 5453 932 5526 Colb.“.secundus,
961 5462 1010 5505 et
1049 5462 1291 5526 tanquam
1335 5455 1502 5526 stipis,
1543 5455 1843 5510 emendate.
1884 5453 1943 5507 In

369 5522 576 5599 Gnaeo,
595 5522 692 5599 ρῖον
713 5524 767 5599 δέ
785 5527 960 5599 ipa'wpp
984 5525 1116 5599 τινὸς
1133 5522 1418 5594 ἠληρωτήν.
1437 5523 1750 5592 Quanquam
1765 5531 1943 5577 autem

370 5609 478 5650 vox
498 5595 645 5664 stipis
672 5593 980 5650 mihi'valde
1003 5593 1276 5664 probatur,
1305 5609 1411 5664 non
1458 5605 1740 5664 propterea
1768 5601 1945 5646 tamen

369 5661 607 5742 putanda
651 5673 732 5742 est
771 5665 985 5734 placere
1007 5661 1161 5715 mihi
1203 5661 1470 5732 periodus
1489 5661 1600 5718 tota
1633 5683 1645 5716 :
1680 5665 1786 5718 imo
1815 5666 1946 5742 mihi

345 5737 829 5812 persuasissimum
852 5743 934 5792 est
961 5747 1079 5792 eam
1107 5747 1350 5789 mancam
1392 5749 1532 5804 csse,
1561 5751 1659 5792 nec
1701 5737 1945 5796 omnibus

2050 4561 2134 4606 tur
2151 4561 2315 4603 tamen
2340 4545 2505 4599 Deum
2528 4553 2769 4611 tanquam
2789 4540 3086 4594 collatorem
3107 4540 3253 4609 stipis
3264 4539 3501 4611 alicujus.
3521 4549 3632 4595 etc.

2052 4621 2203 4677 Colb.
2234 4618 2436 4684 primus
2482 4610 2652 4684 prima
2695 4624 2886 4684 manu,
2916 4611 3083 4678 stipis,
3128 4610 3382 4684 secunda,
3427 4610 3630 4679 stirpis.

2049 4691 2160 4745 Nec
2187 4679 2274 4740 hic
2315 4679 2507 4744 solum,
2540 4679 2635 4734 sed
2663 4689 2718 4733 et
2761 4679 2888 4732 alibi
2927 4694 3088 4746 smpe,
3124 4679 3215 4746 qui
3244 4679 3515 4743 corrigere
3542 4696 3638 4733 vo-

2048 4762 2196 4822 lunt,
2241 4756 2408 4823 magis
2452 4752 2612 4807 etiam
2657 4755 3010 4817 corrumpunt
3055 4763 3173 4818 qua:
3201 4747 3491 4801 emendare
3533 4765 3636 4804 vo-

2048 4830 2347 4957 Ιωξδῖἒῗῖίῑί,
2373 4894 2426 4946 in
2456 4892 2742 4944 nativitate.
2771 4887 2952 4943 Codex
2975 4895 3157 4941 noster
3183 4894 3238 4939 et
3258 4884 3412 4950 Colb.
3437 4901 3636 4942 secun-

2043 4968 2166 5034 dus,
2197 4968 2250 5019 in
2281 4963 2618 5034 nativitatem.

2121 5029 2338 5094 I'Editi,
2365 5031 2554 5086 sensui.
2586 5029 2729 5082 Libri
2761 5035 2987 5085 veteres.
3025 5042 3197 5094 sensu.

2119 5117 2144 5154 ε
2185 5093 2347 5167 Editi,
2397 5109 2655 5155 ostentare
2687 5098 3086 5167 conscientiam.
3127 5093 3282 5148 Colb.
3337 5095 3632 5167 secundus,

2043 5176 2313 5230 ostendere
2336 5166 2629 5226 scientiam.
2669 5166 2850 5222 Codex
2894 5175 3110 5231 noster,
3159 5175 3418 5219 ostentare
3458 5166 3635 5218 scien-

2046 5257 2319 5368 Ml'lnbibri
2347 5307 2611 5380 impressi,
2637 5305 2776 5378 Ergo
2802 5322 2934 5359 cum.
2960 5304 3178 5374 Antiqui
3193 5304 3299 5359 duo
3321 5304 3463 5367 libri,
3491 5301 3636 5373 Ergo

2047 5400 2336 5508 qutinggl'b.
2371 5446 2656 5521 secundus,
2699 5446 2892 5521 liquido
2927 5443 3230 5521 viden-tibus.
3259 5443 3460 5497 ibidem
3488 5443 3634 5521 idern

2048 5525 2242 5587 codex,
2273 5538 2410 5593 aqua
2439 5519 2597 5590 fuisse
2625 5512 3123 5593 summitatern._§lii
3153 5514 3259 5567 duo
3280 5521 3498 5593 mssact
3525 5512 3635 5593 edi-

2050 5579 2108 5660 ti,
2137 5579 2504 5666 aquam'fuisse
2523 5586 2831 5666 summitati,
2857 5600 2963 5666 no‘n
2984 5583 3190 5666 diversa
3213 5582 3501 5663 sententia.
3527 5579 3636 5666 Nec

2050 5652 2144 5730 ita,
2179 5652 2354 5719 inulto'
2377 5661 2532 5722 infra,
2553 5655 2706 5711 Colb.
2735 5655 3024 5718 secundus,
3057 5652 3148 5708 sed
3179 5669 3338 5706 vacua
3365 5655 3634 5720 incompr

2052 5744 2254 5804 situque
2284 5737 2638 5801 nuncupatur.
