3824 6214
192 339 304 389 885

932 345 1305 402 EUSTATHII
1348 344 1760 400 llEXAEMERl
1804 343 2300 401 METAPHRASIS
2339 315 2542 402 LIBER
2585 347 2650 402 ll;

3325 350 3432 403 886

205 455 497 522 uberrimi,
553 459 919 528 montiumque
960 465 1192 520 vertices
1231 464 1510 520 arboribus
1551 460 1780 518 excelsis
1809 459 1854 516 A
1883 455 2189 524 disputant,
2230 471 2328 510 nec
2378 457 2715 512 tenebrarum
2777 458 3126 529 principalem
3175 463 3456 530 quamdam

202 546 385 616 opaci,
418 559 645 614 quorum
671 550 800 604 nihil
826 552 1058 608 habebat
1085 562 1246 618 terra,
1269 555 1570 625 parturiens
1599 552 1776 606 adhuc

196 639 367 708 712
390 639 726 692 nativitatem
743 649 1060 695 cunctorum
1084 645 1306 707 pr0pter
1325 637 1542 690 insitam
1561 636 1778 688 sibimet

191 745 224 784 ιι
242 731 509 786 Creatore
533 730 817 786 virtutem:
841 731 935 787 sed
954 741 1164 801 tempus
1177 729 1548 798 exspectabat,
1567 737 1625 780 ut
1643 741 1776 797 prte—

197 820 452 885 ceptione
479 817 654 871 divina
683 827 973 888 conceptus
999 835 1124 874 suos
1151 818 1418 888 proferret
1450 818 1514 871 ad
1545 818 1736 871 lucem.

268 908 325 962 4.
361 907 430 961 Et
456 918 624 971 erant,
656 910 848 978 inquit,
881 909 1098 964 tenebrae
1140 927 1292 980 super
1317 909 1576 980 abyssum.
1632 907 1774 960 Rur-

196 1015 400 1068 susque
429 999 545 1052 aliaa
575 997 871 1053 fabularum
887 1000 1214 1062 occasiones,
1233 1006 1288 1054 et
1316 998 1648 1053 infandorum
1681 995 1776 1066 ﬁg-

197 1099 509 1143 mentorum
554 1089 750 1142 dantur
776 1090 858 1144 his
896 1091 986 1158 qui
1015 1090 1080 1143 ad
1110 1090 1382 1144 arbitrium
1411 1105 1562 1144 suum
1593 1089 1774 1144 detor-

197 1187 372 1249 quent
400 1180 560 1234 verba
589 1179 895 1248 Scripturze.
923 1179 1191 1234 Tenebras
1219 1181 1360 1233 enim
1391 1196 1495 1235 non
1523 1195 1589 1234 eo
1612 1179 1774 1235 modo

198 1286 310 1340 quo
335 1281 358 1305 λ
391 1279 530 1323 nata:
558 1277 680 1324 sunt
713 1270 1150 1338 interpretantur,
1195 1268 1248 1322 id
1275 1275 1354 1322 est
1381 1283 1556 1322 aerem
1585 1283 1776 1337 quem-

196 1363 326 1415 dam
355 1361 659 1425 obscurum,
684 1360 770 1415 vel
796 1360 971 1414 locum
1002 1359 1372 1427 interjectione
1399 1359 1625 1426 alicujus
1652 1373 1774 1412 cor—

200 1453 351 1519 poris
366 1452 704 1504 obscuratum
723 1467 736 1514 ;
755 1449 847 1504 sed
874 1450 1125 1503 virtutem
1153 1449 1336 1503 dicunt
1361 1449 1664 1516 malignam,
1688 1449 1776 1502 vel

150 1582 158 1588 .
199 1542 381 1608 potius
410 1541 577 1610 ipsam
608 1540 864 1592 malitiam
892 1540 1177 1592 habentem
1219 1554 1285 1593 ex
1313 1541 1599 1610 semetipsa
1626 1541 1775 1608 prin-

199 1631 440 1699 icipium,
471 1631 828 1684 adversariam
854 1629 1080 1684 bonitati
1110 1629 1226 1696 Dei,
1271 1638 1328 1682 et
1361 1630 1498 1684 hanc
1535 1639 1779 1685 asserunt

201 1722 545 1773 tenebrarum
571 1733 689 1773 esse
715 1725 982 1770 naturam.
1024 1716 1080 1770 Si
1107 1718 1250 1771 enim
1282 1718 1419 1772 Deus
1458 1719 1634 1773 lumen
1673 1729 1773 1784 est,

1879 545 2274 615 malignamque
2301 547 2673 612 substantiam,
2707 549 3040 618 bonitatique
3068 563 3454 621 repugnantem

1878 651 1997 689 esse
2025 636 2266 691 dicimus.
2295 637 2409 692 Duo
2439 639 2578 691 enim
2612 640 2884 708 proposita
2914 643 3014 695 sibi
3044 657 3141 711 per
3161 645 3457 698 contrarie-

1879 734 2062 791 tatem,
2096 742 2314 782 necesse
2342 738 2423 782 est
2452 731 2669 784 alterna:
2713 730 2829 785 fore
2872 733 3168 800 perniciosa
3205 734 3457 788 substan-

1878 817 1983 881 tim,
1995 817 2277 887 jurgiaque
2304 819 2404 872 sibi
2430 821 2755 888 sempiterna
2784 821 3078 890 parientia;
3105 830 3306 892 utpote
3335 840 3453 878 mu-

1877 908 1982 961 tuis
2009 908 2149 961 inter
2176 923 2234 962 se
2262 909 2530 980 pugnandi
2557 911 2993 966 contentionibus
3023 913 3282 981 obligata.
3311 919 3456 979 Quo-

1876 1013 1994 1051 rum
2031 999 2076 1052 si
2117 1015 2279 1053 unum
2305 1003 2656 1070 superaverit,
2702 1003 2818 1056 sine
2845 1002 3006 1058 dubio
3035 1006 3300 1059 contraria
3332 1023 3456 1076 pars

1875 1087 2082 1142 devicta
2110 1091 2458 1144 consumitur.
2489 1090 2643 1156 Quod
2669 1092 2712 1145 si
2743 1107 2954 1162 semper
2982 1094 3315 1163 mquiparare
3343 1111 3456 1148 ma-

1877 1177 2044 1236 litiam
2082 1178 2309 1233 bonitati
2341 1181 2603 1234 voluerint
2629 1198 2642 1245 ;
2683 1180 2710 1218 (ι
2741 1183 3107 1236 incessabilem
3133 1184 3295 1238 rebus
3322 1200 3454 1238 con-

1877 1267 2076 1321 ﬂictum
2110 1253 2574 1338 corruptelamque
2602 1269 2916 1338 subjicient,
2946 1271 3108 1324 modo
3147 1273 3454 1340 superanti-

1875 1354 1975 1408 bus
1995 1354 2221 1409 invicem
2246 1371 2303 1410 se
2324 1357 2581 1425 partibus,
2599 1359 2760 1412 modo
2786 1359 2888 1412 sibi
2910 1359 3239 1414 cedentibus.
3258 1360 3454 1414 Verum

1876 1443 1922 1497 si
1950 1444 2204 1497 malitiam
2235 1459 2264 1498 a
2293 1445 2532 1500 bonitate
2552 1449 2792 1516 superari
2830 1451 3196 1517 pronuntient,
3230 1467 3348 1520 qum
3371 1469 3455 1505 ra-A

1877 1534 1954 1587 tio
1982 1541 2064 1588 est
2092 1541 2151 1586 ut
2179 1541 2366 1588 natura
2392 1537 2606 1590 malitite
2634 1553 2741 1592 non
2771 1539 3014 1592 videatur
3038 1541 3272 1596 funditus
3294 1543 3457 1595 inter-

1878 1620 2046 1674 iisse?
2094 1620 2186 1674 Sin
2213 1631 2236 1659 ε
2286 1634 2484 1688 autem,
2537 1625 2683 1692 quod
2729 1626 2908 1681 dicere
2953 1629 3102 1682 nefas
3147 1638 3250 1694 est,
3292 1633 3456 1685 miror

1877 1711 2146 1777 quomodo
2171 1727 2276 1765 non
2308 1712 2532 1780 fugiunt,
2567 1723 2674 1768 tam
2713 1716 3028 1784 sacrilegam
3068 1719 3453 1788 blasphemiam

218 1810 450 1878 "quium
471 1849 485 1872 ,
523 1810 639 1863 sine
678 1808 840 1862 dubio
883 1821 1184 1876 repugnans
1211 1809 1260 1863 ei
1286 1811 1453 1864 vinus
1481 1811 1774 1866 obscuritas
1805 1812 1847 1869 Β
1875 1801 2226 1870 proferentes.
2259 1802 2364 1858 Sed
2393 1821 2488 1859 nos
2517 1807 2772 1860 malitiam
2802 1809 3049 1862 nascendi
3074 1810 3392 1878 principium
3423 1828 3450 1862 a

201 1912 286 1957 est
306 1901 597 1956 secundum
635 1901 894 1953 rationem
934 1915 1142 1964 sensus,
1174 1916 1280 1954 non
1315 1916 1383 1954 ex
1411 1902 1515 1956 alio
1544 1901 1773 1970 quodam

202 1999 446 2046 mutuata
473 1991 841 2054 substantiam,
868 1988 963 2042 sed
990 1997 1072 2042 est
1092 1990 1290 2043 malitia
1318 1990 1399 2043 sui
1425 1991 1672 2057 genitrix,
1697 1992 1776 2044 la-

203 2083 301 2136 bes
341 2083 658 2147 animarum,
690 2080 877 2133 mortis
912 2079 1169 2141 etlectrix,
1194 2081 1446 2148 probitati
1489 2082 1776 2150 contraria,

202 2185 368 2239 quam
394 2177 450 2223 et
475 2169 785 2234 subsistere,
817 2176 870 2220 et
898 2183 928 2220 a
974 2167 1082 2221 Deo
1103 2167 1130 2205 δ
1161 2167 1353 2222 factam
1396 2183 1513 2224 esse
1557 2179 1777 2224 conten-

201 2263 356 2314 dunt.
390 2259 467 2312 Ex
491 2259 597 2312 hoc
625 2259 784 2325 igitur
811 2257 954 2326 quod
981 2271 1091 2311 non
1132 2259 1351 2328 impium
1397 2266 1452 2313 et
1499 2258 1778 2328 profanum

201 2351 395 2416 dogma
427 2347 697 2415 fingatur?
731 2345 830 2411 Qui
861 2362 969 2400 non
1009 2347 1120 2416 lupi
1162 2355 1425 2416 raptores,
1463 2347 1782 2404 dilaniantes

203 2452 423 2507 gregem
474 2437 702 2501 Domini,
733 2451 804 2491 ex
849 2437 950 2490 hac
994 2451 1126 2490 voce
1168 2446 1439 2492 sumentes
1481 2438 1776 2504 exordium,

203 2531 538 2598 simplicibus
577 2527 856 2582 animabus
900 2528 1169 2597 obripiant
1194 2530 1217 2583 ?
1246 2528 1381 2584 llinc
1407 2530 1690 2584 Marcionis
1726 2537 1782 2585 et

205 2619 498 2682 Valentini,
527 2627 582 2672 et
608 2617 949 2672 exsecrabilis
976 2617 1388 2672 Manichaeorum
1426 2627 1570 2674 secta
1598 2634 1781 2673 mana-

205 2717 325 2764 vit:
370 2725 532 2778 quam
575 2708 912 2777 putredinem
957 2709 1077 2776 quis
1105 2707 1460 2763 Ecclesiarum
1501 2711 1782 2766 nominans

205 2815 317 2854 non
343 2799 622 2870 peccabit?
650 2797 784 2864 Quid
811 2799 1020 2866 longius
1047 2814 1077 2852 a
1109 2800 1330 2854 veritate
1366 2801 1586 2867 secedis,
1618 2817 1652 2855 o
1679 2802 1782 2856 ho--

207 2906 322 2957 mo,
353 2905 542 2944 causas
590 2890 704 2958 ipse
733 2889 828 2943 tibi
865 2889 1182 2958 perditionis
1218 2891 1521 2958 exquirens,
1567 2908 1690 2946 cum
1714 2893 1784 2947 sit

208 2995 390 3035 sermo
437 2979 661 3048 simplex
705 2985 761 3032 et
805 2979 1054 3033 omnibus
1099 2979 1332 3049 planus?
1374 2980 1672 3049 Invisibilis,
1699 2984 1782 3036 in-

205 3073 346 3140 quit,
390 3079 503 3124 erat
531 3079 688 3123 terra.
733 3068 888 3122 Cur?
916 3070 1039 3136 quia
1083 3070 1334 3125 videlicet
1378 3072 1676 3141 superiecta
1705 3075 1782 3128 illi

1877 1891 1988 1947 Deo
2017 1909 2122 1946 non
2151 1895 2421 1962 accepisse
2450 1896 2549 1950 hac
2577 1897 2783 1952 ratione
2829 1898 3120 1966 firmamus,
3171 1901 3292 1970 quia
3325 1903 3452 1956 nihil

1877 1998 2062 2038 eorum
2083 2000 2201 2054 quae
2240 1986 2340 2039 sibi
2386 1989 2654 2042 contraria
2683 1998 2826 2056 sunt,
2869 1998 3047 2058 potest
3074 1991 3154 2046 sui
3183 1991 3450 2061 quidpiam

1876 2087 2134 2142 generare
2162 2074 2180 2112 ί
2215 2075 2490 2131 dissimile.
2524 2077 2706 2147 Neque
2735 2079 2876 2133 enim
2907 2069 2990 2134 vel
3019 2095 3087 2134 ex
3128 2083 3236 2136 vita
3265 2085 3454 2137 mortis

1877 2165 2029 2232 origo
2056 2167 2344 2234 processit,
2374 2167 2458 2220 vel
2489 2169 2734 2223 tenebras
2779 2178 2990 2224 constat
3042 2188 3072 2224 a
3104 2171 3220 2226 luce
3264 2171 3455 2227 forma-

1878 2262 1981 2320 tas,
2008 2257 2093 2310 vel
2121 2272 2189 2311 ex
2213 2259 2526 2325 tegritudine
2567 2261 2891 2325 sanitatem;
2940 2262 3033 2316 sed
3069 2263 3121 2316 in
3166 2262 3452 2317 affectuum

1879 2346 2264 2400 mutationibus
2289 2361 2501 2416 semper
2523 2363 2590 2402 ex
2618 2350 2901 2404 contrariis
2921 2351 2985 2404 ad
3004 2353 3272 2405 contraria
3289 2361 3456 2407 trans-

1880 2439 2108 2492 lationes
2179 2437 2500 2494 efﬁciuntur.
2551 2441 2609 2495 ln
2661 2442 3026 2497 nativitatibus
3070 2459 3197 2497 vero
3239 2461 3346 2500 non
3389 2461 3454 2498 ex

1881 2529 2183 2594 contrariis,
2214 2529 2309 2584 sed
2328 2545 2395 2583 ex
2421 2531 2682 2585 similibus
2711 2548 2798 2586 res
2841 2547 3171 2602 unaquaeque
3199 2534 3453 2588 succedit.

1881 2616 2041 2686 Ergo,
2087 2619 2350 2688 inquiunt,
2393 2621 2438 2674 si
2485 2636 2660 2689 neque
2711 2623 2970 2689 genitales
3017 2631 3145 2676 sunt
3195 2625 3450 2686 tenebrae,

1882 2723 2058 2775 neque
2087 2723 2154 2761 ex
2183 2707 2294 2762 Deo
2325 2707 2496 2773 factae,
2535 2711 2675 2764 unde
2707 2713 2808 2765 illis
2835 2713 2984 2780 origo
3012 2722 3096 2767 est
3124 2715 3146 2766 ?
3176 2714 3304 2767 Nam
3335 2716 3454 2782 quia

1883 2796 2036 2849 sintB
2066 2797 2238 2862 make,
2291 2798 2462 2852 nullus
2496 2797 2649 2852 audet
2689 2813 2985 2867 repugnare
3031 2802 3290 2855 vivorum.
3322 2801 3458 2867 Quid

1883 2903 2011 2955 ergo
2039 2905 2138 2943 nos
2175 2889 2442 2944 dicimus?
2481 2890 2614 2956 Quia
2643 2892 2838 2945 malum
2879 2901 2962 2946 est
2987 2909 3094 2947 non
3124 2895 3300 2963 aliqua
3337 2895 3456 2948 viva

1885 2987 1939 3033 et
1967 2980 2200 3034 animata
2251 2980 2566 3044 substantia,
2613 2981 2706 3034 sed
2749 2980 2970 3036 aﬂ‘ectus
3016 2983 3226 3051 quidam
3276 2985 3457 3063 virtuti

1885 3070 2213 3137 contrarius,
2243 3077 2296 3124 et
2321 3087 2348 3123 a
2380 3071 2617 3125 bonitate
2645 3070 2883 3139 dejectus
2906 3113 2921 3136 ,
2951 3081 3006 3126 et
3033 3073 3086 3126 in
3115 3073 3458 3141 pravissimo—

209 3163 386 3218 fuerat
414 3162 650 3231 abyssus.
675 3158 864 3230 Abyssi
886 3167 1061 3212 autem
1081 3161 1170 3228 qui
1193 3169 1275 3214 est
1302 3161 1616 3229 intellectus,
1649 3178 1786 3233 aqua
1815 3160 1859 3222 C
1889 3177 2007 3214 rum
2029 3161 2292 3215 mentibus
2311 3161 2620 3215 collocatus.

210 3252 377 3305 nimia
409 3250 668 3304 inﬁnitum
696 3249 898 3303 habens
923 3247 1261 3316 profundum.
1295 3249 1400 3303 Sed
1436 3251 1648 3317 scimus,
1702 3253 1785 3306 in-

210 3345 424 3414 quiunt,
456 3343 622 3396 multa
656 3356 884 3410 corpora
932 3341 1092 3394 etiam
1149 3357 1246 3410 per
1285 3357 1477 3410 aquam
1506 3355 1526 3381 ε
1558 3343 1785 3398 lucidam

209 3435 530 3504 plerumque
569 3430 818 3500 spectari.
846 3428 1126 3494 Quomodo
1153 3444 1282 3497 ergo
1326 3439 1452 3486 tunc
1491 3433 1631 3486 nulla
1661 3450 1784 3503 pars

210 3533 370 3578 terra:
399 3539 497 3592 per
523 3537 688 3590 aquas
734 3520 1156 3575 ostendebatur?
1183 3523 1435 3589 quoniam
1465 3524 1664 3579 lumine
1691 3541 1782 3580 ca-
1806 3534 1813 3541 '

209 3615 385 3674 rebat,
417 3620 470 3665 et
491 3610 806 3664 obscuratus
832 3617 947 3662 erat
966 3609 1139 3663 adhuc
1162 3609 1472 3678 superfusus
1493 3614 1644 3681 aquis
1670 3629 1780 3668 aer.

209 3703 344 3758 Nam
370 3717 492 3756 cum
521 3701 651 3754 radii
681 3700 809 3754 solis
853 3714 1046 3766 aquam
1089 3703 1506 3768 penetraverint,
1557 3705 1788 3760 calculos

207 3807 305 3848 eos
332 3791 428 3860 qui
452 3790 714 3844 habentur
751 3789 802 3842 in
851 3789 1018 3842 altum
1043 3804 1183 3859 stupe
1209 3791 1562 3860 prospicimus
1605 3811 1618 3845 :
1646 3796 1789 3864 quod

207 3891 358 3936 certe
388 3880 533 3934 nullo
585 3878 745 3932 modo
792 3876 906 3933 ﬁeri
937 3887 1094 3933 nocte
1142 3888 1341 3948 potest.
1371 3881 1545 3936 Causa
1576 3898 1704 3951 ergo
1733 3892 1792 3938 ut

209 3971 354 4019 esset
379 3971 520 4017 terra
550 3961 844 4026 invisibilis,
874 3962 1194 4030 superiectio
1218 3962 1316 4016 fuit
1344 3979 1622 4034 aquarum.
1656 3967 1792 4023 Dicit

211 4056 355 4109 enim
398 4053 644 4123 abyssum
691 4052 868 4116 fuisse,
910 4053 1001 4121 qui
1053 4054 1352 4109 retardaret
1381 4065 1655 4126 aspectum
1690 4077 1701 4111 :
1736 4067 1791 4113 et

210 4145 327 4212 ipsa
358 4143 581 4212 abyssus
607 4141 890 4195 obscurata
928 4149 1060 4195 erat.
1091 4140 1232 4209 Ergo
1264 4158 1361 4198 nec
1389 4145 1636 4214 abyssum
1660 4163 1790 4202 con-

211 4233 498 4288 trariarum
545 4232 800 4285 virtutum
844 4232 1258 4298 multitudinem,
1307 4241 1365 4287 ut
1411 4235 1624 4304 quidam
1655 4237 1788 4295 falso

263 4353 311 4380 ἰι
350 4341 488 4396 Editi
530 4350 584 4395 et
617 4341 769 4396 Colb.
801 4343 1020 4412 primus,
1066 4361 1164 4412 quo
1207 4355 1342 4399 noue
1372 4354 1508 4400 sunt.
1551 4347 1652 4402 Alii
1679 4351 1786 4406 duo

212 4429 367 4473 mss.,
397 4428 494 4480 quo
523 4422 661 4465 nata:
694 4423 848 4476 sunt;
874 4421 928 4466 et
956 4414 1026 4466 ita
1056 4413 1334 4480 legendum
1363 4431 1482 4469 esse
1502 4421 1788 4474 ostendunt

212 4483 483 4560 Basiliana
511 4482 619 4560 illa:
647 4485 704 4560 αςρ
733 4486 832 4553 γὰρ
862 4485 1042 4560 noto;
1087 4490 1185 4553 οὐχ
1217 4487 1283 4560 ᾡς
1308 4489 1520 4560 πέφρκεν
1550 4490 1785 4560 ἐξηγοῦν-

212 4576 318 4607 ται.
347 4550 544 4623 Ibidem
575 4550 1040 4623 Colb.?secundus,
1071 4550 1338 4623 quemdam
1366 4550 1780 4612 obscuratum...

129 4677 136 4686 ,
212 4622 446 4702 corporis
489 4618 861 4716 obugtbratunt.
906 4618 1359 4716 [aliquantonpOSCt
1397 4625 1545 4716 idem
1582 4630 1780 4716 eode},
1817 4657 1865 4716 D

211 4690 523 4770 principium
545 4689 892 4770 aduersarium
908 4690 1156 4770 bonitatis
1177 4689 1293 4745 Dei.
1319 4692 1554 4748 Subinde
1582 4696 1668 4750 hic
1697 4698 1785 4751 ille

212 4757 328 4830 ipse
348 4757 539 4830 codex,
564 4757 700 4811 labes
722 4759 1012 4830 animabus.

286 4829 312 4867 ι’
350 4828 505 4881 Coib.
539 4829 823 4904 secundus,
871 4832 1062 4904 factum
1099 4839 1427 4904 eontemnunt
1449 4848 1465 4884 :
1489 4833 1582 4886 sed
1614 4850 1788 4904 neque

214 4901 541 4970 hac,_neque
573 4897 779 4970 vulgata
811 4899 1061 4970 lectione,
1103 4898 1283 4970 Gneca
1320 4901 1456 4954 bene
1477 4897 1788 4970 exprimun-

213 4980 322 5022 tur.
348 4967 512 5034 lgitur
543 4967 585 5019 si
619 4968 737 5035 quis
770 4969 947 5035 cupiat
975 4969 1292 5021 sententiam
1334 4967 1616 5025 verborum
1648 4973 1793 5028 Basi-

214 5040 268 5092 lii
303 5045 637 5108 perspectam
678 5036 975 5108 habere,’ei
1003 5046 1199 5108 auctor
1217 5055 1331 5092 sum
1361 5048 1418 5092 ut
1464 5042 1635 5108 ipsum
1672 5044 1790 5098 fon-

216 5104 324 5180 tem
356 5107 530 5180 adeat.
578 5104 975 5180 RursusCo‘l‘b.
1005 5107 1287 5171 secundus,
1327 5104 1604 5180 ﬁngitur...
1646 5112 1789 5167 obri-

216 5178 385 5245 piunt.
433 5175 654 5243 Insuper
691 5190 756 5228 eo
806 5176 857 5228 in
898 5176 1034 5230 libro
1071 5193 1170 5246 pro
1202 5175 1431 5247 raptores
1469 5180 1658 5248 legitur
1705 5201 1793 5237 ra—

254 5262 388 5298 0088.

215 5262 520 5381 ραῖεδιξιιίιί,
561 5313 752 5367 lucida.
784 5313 967 5368 Codex
997 5324 1182 5371 noster
1221 5326 1277 5370 et
1304 5315 1458 5372 Colb.
1509 5321 1790 5383 secundus,

219 5383 465 5459 lucidam.
485 5383 542 5438 In
570 5383 774 5459 critico,
798 5384 859 5459 δι’
877 5386 1057 5445 ὕδατος
1081 5389 1378 5459 λεπτοτέρφρ
1403 5393 1486 5443 καὶ
1514 5389 1752 5459 διαυγοῦς
1779 5410 1790 5444 :

232 5453 554 5527 sbi.voce_m
613 5455 920 5527 λεπτοτέραν
985 5457 1236 5527 omissam
1289 5453 1553 5511 videmus.
1615 5453 1796 5514 Utrius

235 5518 403 5574 vute'm
432 5522 584 5595 culpa
611 5521 664 5595 id
689 5518 966 5595 evenerit,
1013 5525 1315 5595 interpretis
1344 5542 1410 5580 an
1443 5527 1677 5594 librarii,
1707 5547 1796 5585 nc-

223 5606 335 5653 mo,
365 5591 578 5658 opinor,
607 5591 760 5646 facile
787 5592 998 5647 dixerit.

299 5665 322 5696 (³
352 5659 525 5734 λΕιίὶῐί,
543 5661 962 5734 inaccessabilem
992 5662 1137 5717 rebus
1168 5668 1476 5734 conﬂictum,
1502 5668 1657 5722 male.
1686 5668 1792 5721 An-

229 5731 363 5799 tiqui
393 5739 503 5787 tres
541 5731 680 5800 libri,
720 5732 1086 5788 incessabilem.
1120 5731 1370 5806 Displicet
1409 5748 1587 5796 autem
1633 5739 1792 5795 lectio

1959 3251 2011 3304 5.
2053 3250 2386 3320 Quapropter
2429 3251 2556 3305 nolo
2603 3259 2656 3305 te
2705 3252 2902 3306 malum
2948 3260 3262 3306 extraneum
3311 3255 3455 3308 arbi-

1888 3341 2048 3403 trari,
2081 3356 2182 3395 nec
2211 3341 2351 3394 idem
2387 3340 2738 3410 principalem
2777 3350 3020 3395 naturam
3058 3343 3308 3411 nequitiae
3338 3359 3459 3413 pos-

1886 3429 2065 3488 sidens
2088 3429 2294 3494 opinari
2323 3447 2335 3481 :
2369 3428 2459 3483 sed
2488 3445 2596 3483 sua:
2623 3431 2847 3498 quisque
2874 3431 3088 3485 malitia:
3130 3429 3157 3467 ιι
3185 3447 3242 3486 se
3271 3444 3460 3487 aucto-

1889 3534 2004 3572 rem
2050 3533 2166 3573 esse
2213 3526 2519 3586 cognoscat.
2571 3516 2770 3572 Eorum
2820 3519 2962 3572 enim
3008 3535 3126 3588 quae
3166 3521 3320 3575 nobis
3345 3536 3461 3575 eve~

1892 3609 2064 3673 niunt,
2100 3608 2203 3663 alia
2226 3617 2348 3662 sunt
2369 3623 2435 3662 ex
2461 3615 2669 3672 natura,
2696 3608 2746 3661 id
2767 3617 2850 3662 est
2869 3619 3116 3664 senectus
3143 3618 3197 3664 et
3218 3611 3460 3678 languor;

1893 3700 1997 3753 alia
2026 3705 2216 3770 sponte
2236 3697 2546 3763 succedunt,
2573 3697 2623 3752 id
2649 3706 2730 3752 est
2750 3700 2950 3753 fortuiti
2973 3715 3143 3763 casus,
3167 3702 3255 3769 qui
3279 3703 3462 3757 alienis

1891 3804 1920 3842 a
1951 3803 2011 3844 se
2039 3789 2352 3858 plerumque
2387 3788 2615 3854 negotiis
2644 3788 2974 3844 incursantes
2994 3790 3080 3844 vel
3102 3791 3336 3844 lmtitiam
3362 3809 3462 3846 no-

1889 3881 1974 3935 bis
2003 3879 2249 3946 alTerunt,
2281 3880 2366 3934 vel
2393 3895 2700 3946 mwrorem,
2732 3882 2870 3935 sicut
2896 3891 3115 3951 puteum
3144 3883 3463 3941 fodientibus

1892 3971 2124 4025 occurrit
2171 3971 2407 4024 thesauri
2457 3970 2676 4025 latentis
2726 3971 2995 4036 inventio;
3046 3982 3136 4027 aut
3177 3977 3245 4027 ad
3293 3975 3464 4030 forum

1895 4061 2238 4129 pergentibus
2286 4059 2344 4113 fit
2382 4061 2593 4114 obviam
2640 4061 2811 4114 rabidi
2839 4063 2988 4117 canis
3026 4065 3304 4120 adventus.
3351 4068 3465 4120 Alia

1894 4166 2025 4206 vero
2054 4151 2108 4204 in
2139 4159 2319 4204 nostra
2347 4158 2471 4203 sunt
2495 4159 2795 4220 potestate:
2827 4153 2965 4206 sicut
3002 4155 3334 4224 voluptatum
3364 4156 3466 4212 im-

1898 4241 2073 4296 narei
2111 4241 2419 4311 cupidines,
2465 4250 2765 4310 temperare
2809 4243 3091 4309 libidines,
3142 4246 3466 4301 iracundiam

1890 4355 2053 4422 prior,
2095 4369 2201 4406 non
2241 4353 2384 4420 quod
2425 4355 2600 4408 minus
2646 4353 2833 4408 Latina
2861 4357 2958 4420 sit,
2989 4373 3109 4412 cum
3142 4361 3258 4414 alia:
3289 4361 3467 4416 multae

1888 4424 2242 4494 ejusgenﬁeris
2271 4424 2323 4476 in
2362 4423 2462 4494 hac
2500 4424 2942 4493 interpretatione
2986 4429 3338 4494 reperiantur,
3370 4434 3465 4484 sed

1888 4493 2031 4568 quod
2077 4493 2144 4546 ad
2179 4507 2369 4547 vocem
2401 4491 2657 4547 Grtecam
2689 4491 3079 4550 accommodari
3128 4514 3233 4551 non
3275 4491 3463 4568 possit,

1889 4561 2192 4628 ἀπαύστως.

1961 4641 1984 4668 ο
2023 4629 2177 4684 Colb.
2219 4631 2502 4696 secundus,
2535 4633 2616 4686 sin
2644 4643 2813 4686 autem
2856 4650 2888 4686 a
2927 4636 3126 4689 malitia
3169 4635 3466 4700 bonitatem,

1889 4702 2219 4772 quodidic'ere
2247 4704 2394 4772 nefas
2432 4711 2524 4754 est.
2555 4701 2613 4754 ld
2645 4703 2854 4770 plenius
2881 4705 3095 4770 quidem
3137 4721 3255 4761 esse
3282 4716 3337 4760 et
3365 4710 3470 4762 cla-

1891 4773 2002 4824 rius
2024 4771 2225 4836 fateor;
2257 4771 2351 4824 sed
2382 4785 2572 4826 vereor
2595 4787 2661 4824 ne
2680 4773 2805 4838 quid
2828 4772 3072 4827 librarius
3099 4776 3166 4830 de
3193 4792 3290 4830 suo
3319 4778 3469 4832 addi~

1889 4841 2046 4906 derit,
2077 4856 2195 4893 eum
2225 4841 2535 4909 simpliciter
2564 4841 2703 4908 apud
2733 4840 2981 4895 Basilium
3012 4844 3237 4911 legatur,
3270 4848 3407 4910 εἰδὲ,
3444 4849 3468 4902 ὁ

1891 4917 1959 4978 μή
1984 4912 2119 4988 θέμςς
2141 4915 2315 4971 εἰπεῖν.
2340 4914 2600 4980 θαυμάζω,
2633 4911 2714 4964 sin
2746 4912 2936 4977 minus,
2964 4915 3098 4982 quod
3128 4915 3294 4969 dicere
3321 4920 3469 4988 nefas

1893 4988 1988 5041 est,
2016 4980 2196 5044 miror,
2221 4989 2326 5033 etc.
2362 5005 2366 5010 ι

1969 5048 1986 5086 τ
2029 5048 2181 5102 Colb.
2213 5049 2492 5110 secundus,
2525 5050 2808 5104 consimile.
2840 5050 2920 5104 Ad
2949 5052 3168 5106 verbum
3200 5053 3268 5106 ita
3300 5055 3466 5108 inter-

1894 5119 2386 5188 pretabimur,rq_uia
2434 5119 2561 5188 nihil
2599 5122 2976 5174 contrariorum
3019 5140 3050 5174 a
3092 5125 3349 5176 contrario
3376 5142 3468 5176 stu-

1898 5198 2188 5259 generatur.
2222 5186 2394 5241 Verba
2421 5186 2606 5242 Gmca
2656 5188 2768 5242 haec
2794 5199 2936 5255 sunt,
2978 5191 3058 5244 διὰ
3091 5197 3148 5244 τὸ
3187 5193 3339 5258 μηδὲν
3371 5204 3469 5248 τῶν

1899 5260 2128 5328 ἐναντίων
2155 5262 2293 5328 ποιρά
2315 5265 2408 5313 τοῦ
2435 5259 2654 5311 ἐναντίου
2684 5263 2925 5326 γίνεσθαι.
2966 5261 3155 5312 Statim
3193 5259 3348 5314 Colb.
3381 5277 3468 5315 se-

1897 5326 2122 5388 cundus,
2148 5343 2179 5378 a
2208 5326 2317 5379 luce
2337 5328 2600 5396 firmatas,
2621 5342 2726 5379 non
2758 5329 2828 5380 ita
2861 5337 3024 5382 recte.
3053 5328 3290 5384 Subinde
3315 5332 3465 5386 editi.

1899 5395 1973 5449 ad.
1996 5403 2194 5447 contra.
2226 5395 2367 5449 Libri
2397 5397 2622 5463 antiqui,
2654 5395 2722 5448 ad
2741 5400 3024 5454 contraria.

1972 5475 1996 5509 ε
2037 5463 2179 5517 Libri
2207 5474 2433 5529 veteres,
2459 5465 2616 5518 mala.

1973 5531 2000 5570 ιι
2027 5531 2189 5599 Editi,
2207 5544 2447 5587 actorem.
2466 5535 2618 5587 Colb.
2642 5535 2927 5598 secundus,
2951 5546 3226 5590 auctorem.
3252 5538 3307 5591 In
3329 5538 3468 5591 Gne-

1903 5619 1986 5676 co,
2017 5603 2437 5676 eipxnyév..ldem
2466 5604 2718 5658 mendum
2757 5605 3030 5674 aliquanto
3061 5615 3186 5660 ante
3212 5609 3467 5661 emenda-

1901 5687 2092 5731 VllllllS.

1979 5743 1988 5777 ¹
2035 5741 2196 5810 Ειίἱιι,
2229 5742 2551 5814 cupiditates.
2586 5744 2654 5801 At
2672 5746 2840 5801 nostri
2870 5755 2979 5804 tres
3005 5761 3156 5814 mss.,
3181 5749 3463 5813 cupidines.
