  <div class='ocr_page' id='page_1' title='image "/cluster/home/n/w/nwhite01/storage/ocr_20150623/30/nnc1.0046978810/465.png"; bbox 0 0 3824 6214; ppageno 0'>
   <div class='ocr_carea' id='block_1_1' title="bbox 365 248 476 306">
    <p class='ocr_par' dir='ltr' id='par_1_1' title="bbox 365 248 476 306">
     <span class='ocr_line' id='line_1_1' title="bbox 365 248 476 306; baseline -0.018 0"><span class='ocrx_word' id='word_1_1' title='bbox 365 248 476 306; x_wconf 77' lang='lat'><strong>887&#39;</strong></span> 
     </span>
    </p>
   </div>
   <div class='ocr_carea' id='block_1_2' title="bbox 1243 249 2570 308">
    <p class='ocr_par' dir='ltr' id='par_1_2' title="bbox 1243 249 2570 308">
     <span class='ocr_line' id='line_1_2' title="bbox 1243 249 2570 308; baseline -0.001 -1"><span class='ocrx_word' id='word_1_2' title='bbox 1243 251 1586 308; x_wconf 68' lang='lat' dir='ltr'><strong>APPENDIX</strong></span> <span class='ocrx_word' id='word_1_3' title='bbox 1623 250 1909 307; x_wconf 77' lang='lat' dir='ltr'><strong>OPERUM</strong></span> <span class='ocrx_word' id='word_1_4' title='bbox 1949 252 2007 306; x_wconf 92' lang='lat' dir='ltr'><strong>S.</strong></span> <span class='ocrx_word' id='word_1_5' title='bbox 2051 250 2290 306; x_wconf 81' lang='lat' dir='ltr'><strong>BASILII</strong></span> <span class='ocrx_word' id='word_1_6' title='bbox 2331 249 2570 306; x_wconf 78' lang='lat' dir='ltr'><strong>MAGNI.</strong></span> 
     </span>
    </p>
   </div>
   <div class='ocr_carea' id='block_1_3' title="bbox 3473 256 3591 312">
    <p class='ocr_par' dir='ltr' id='par_1_3' title="bbox 3473 256 3591 312">
     <span class='ocr_line' id='line_1_3' title="bbox 3473 256 3591 312; baseline -0.017 1"><span class='ocrx_word' id='word_1_7' title='bbox 3473 256 3591 312; x_wconf 78' lang='grc'>883</span> 
     </span>
    </p>
   </div>
   <div class='ocr_carea' id='block_1_4' title="bbox 380 373 3604 459">
    <p class='ocr_par' dir='ltr' id='par_1_4' title="bbox 380 373 3604 459">
     <span class='ocr_line' id='line_1_4' title="bbox 380 373 3604 459; baseline -0.003 -23"><span class='ocrx_word' id='word_1_8' title='bbox 380 379 658 442; x_wconf 87' lang='lat' dir='ltr'><strong>cohibere;</strong></span> <span class='ocrx_word' id='word_1_9' title='bbox 682 376 766 430; x_wconf 90' lang='lat' dir='ltr'><strong>vel</strong></span> <span class='ocrx_word' id='word_1_10' title='bbox 789 376 1125 459; x_wconf 83' lang='lat' dir='ltr'><strong>instigantem</strong></span> <span class='ocrx_word' id='word_1_11' title='bbox 1145 374 1333 440; x_wconf 86' lang='lat' dir='ltr'><strong>vitare,</strong></span> <span class='ocrx_word' id='word_1_12' title='bbox 1355 373 1438 428; x_wconf 86' lang='lat' dir='ltr'><strong>vel</strong></span> <span class='ocrx_word' id='word_1_13' title='bbox 1462 373 1740 428; x_wconf 72' lang='lat' dir='ltr'><strong>veritatem</strong></span> <span class='ocrx_word' id='word_1_14' title='bbox 1765 373 1935 442; x_wconf 83' lang='lat' dir='ltr'><strong>sequi,</strong></span> <span class='ocrx_word' id='word_1_15' title='bbox 1965 377 2012 434; x_wconf 76' lang='grc' dir='ltr'><strong>Α</strong></span> <span class='ocrx_word' id='word_1_16' title='bbox 2043 391 2153 430; x_wconf 89' lang='lat' dir='ltr'><strong>ram</strong></span> <span class='ocrx_word' id='word_1_17' title='bbox 2180 377 2505 432; x_wconf 80' lang='lat' dir='ltr'><strong>rotunditate</strong></span> <span class='ocrx_word' id='word_1_18' title='bbox 2534 376 2840 432; x_wconf 84' lang='lat' dir='ltr'><strong>conclusum</strong></span> <span class='ocrx_word' id='word_1_19' title='bbox 2858 414 2874 440; x_wconf 95' lang='lat'><strong>,</strong></span> <span class='ocrx_word' id='word_1_20' title='bbox 2904 376 3104 430; x_wconf 81' lang='lat' dir='ltr'><strong>habens</strong></span> <span class='ocrx_word' id='word_1_21' title='bbox 3123 390 3317 444; x_wconf 87' lang='lat' dir='ltr'><strong>corpus</strong></span> <span class='ocrx_word' id='word_1_22' title='bbox 3341 375 3604 443; x_wconf 84' lang='lat' dir='ltr'><strong>spissum,</strong></span> 
     </span>
    </p>
   </div>
   <div class='ocr_carea' id='block_1_5' title="bbox 382 465 1936 534">
    <p class='ocr_par' dir='ltr' id='par_1_5' title="bbox 382 465 1936 534">
     <span class='ocr_line' id='line_1_5' title="bbox 382 465 1936 534; baseline -0.003 -11"><span class='ocrx_word' id='word_1_23' title='bbox 382 470 467 524; x_wconf 91' lang='lat' dir='ltr'><strong>vel</strong></span> <span class='ocrx_word' id='word_1_24' title='bbox 488 469 664 522; x_wconf 90' lang='lat' dir='ltr'><strong>odisse</strong></span> <span class='ocrx_word' id='word_1_25' title='bbox 683 465 1034 528; x_wconf 80' lang='lat' dir='ltr'><strong>mendacium,</strong></span> <span class='ocrx_word' id='word_1_26' title='bbox 1057 466 1241 520; x_wconf 91' lang='lat' dir='ltr'><strong>mitem</strong></span> <span class='ocrx_word' id='word_1_27' title='bbox 1267 466 1502 521; x_wconf 90' lang='lat' dir='ltr'><strong>moribus</strong></span> <span class='ocrx_word' id='word_1_28' title='bbox 1530 479 1648 519; x_wconf 85' lang='lat' dir='ltr'><strong>esse</strong></span> <span class='ocrx_word' id='word_1_29' title='bbox 1677 465 1755 518; x_wconf 85' lang='lat' dir='ltr'><strong>vel</strong></span> <span class='ocrx_word' id='word_1_30' title='bbox 1787 479 1936 534; x_wconf 84' lang='lat' dir='ltr'><strong>aspe-</strong></span> 
     </span>
    </p>
   </div>
   <div class='ocr_carea' id='block_1_6' title="bbox 381 553 1936 622">
    <p class='ocr_par' dir='ltr' id='par_1_6' title="bbox 381 553 1936 622">
     <span class='ocr_line' id='line_1_6' title="bbox 381 553 1936 622; baseline -0.003 -10"><span class='ocrx_word' id='word_1_31' title='bbox 381 575 518 620; x_wconf 80' lang='lat' dir='ltr'><strong>rum,</strong></span> <span class='ocrx_word' id='word_1_32' title='bbox 551 556 804 610; x_wconf 87' lang='lat' dir='ltr'><strong>humilem</strong></span> <span class='ocrx_word' id='word_1_33' title='bbox 830 554 915 608; x_wconf 88' lang='lat' dir='ltr'><strong>vel</strong></span> <span class='ocrx_word' id='word_1_34' title='bbox 943 555 1160 608; x_wconf 88' lang='lat' dir='ltr'><strong>elatum.</strong></span> <span class='ocrx_word' id='word_1_35' title='bbox 1192 553 1424 620; x_wconf 88' lang='lat' dir='ltr'><strong>Quarum</strong></span> <span class='ocrx_word' id='word_1_36' title='bbox 1453 554 1612 622; x_wconf 79' lang='lat' dir='ltr'><strong>igitur</strong></span> <span class='ocrx_word' id='word_1_37' title='bbox 1637 569 1814 608; x_wconf 90' lang='lat' dir='ltr'><strong>rerum</strong></span> <span class='ocrx_word' id='word_1_38' title='bbox 1837 554 1936 608; x_wconf 93' lang='lat' dir='ltr'><strong>do-</strong></span> 
     </span>
    </p>
   </div>
   <div class='ocr_carea' id='block_1_7' title="bbox 381 644 1932 710">
    <p class='ocr_par' dir='ltr' id='par_1_7' title="bbox 381 644 1932 710">
     <span class='ocr_line' id='line_1_7' title="bbox 381 644 1932 710; baseline -0.003 -10"><span class='ocrx_word' id='word_1_39' title='bbox 381 649 509 701; x_wconf 85' lang='lat' dir='ltr'><strong>mini</strong></span> <span class='ocrx_word' id='word_1_40' title='bbox 538 646 811 710; x_wconf 81' lang='lat' dir='ltr'><strong>habemur,</strong></span> <span class='ocrx_word' id='word_1_41' title='bbox 842 659 1024 698; x_wconf 88' lang='lat' dir='ltr'><strong>earum</strong></span> <span class='ocrx_word' id='word_1_42' title='bbox 1053 644 1264 700; x_wconf 88' lang='lat' dir='ltr'><strong>aliunde</strong></span> <span class='ocrx_word' id='word_1_43' title='bbox 1297 659 1402 698; x_wconf 93' lang='lat' dir='ltr'><strong>non</strong></span> <span class='ocrx_word' id='word_1_44' title='bbox 1437 651 1740 697; x_wconf 84' lang='lat' dir='ltr'><strong>mutuamur</strong></span> <span class='ocrx_word' id='word_1_45' title='bbox 1767 644 1932 696; x_wconf 91' lang='lat' dir='ltr'><strong>initia.</strong></span> 
     </span>
    </p>
   </div>
   <div class='ocr_carea' id='block_1_8' title="bbox 380 733 1938 804">
    <p class='ocr_par' dir='ltr' id='par_1_8' title="bbox 380 733 1938 804">
     <span class='ocr_line' id='line_1_8' title="bbox 380 733 1938 804; baseline -0.001 -14"><span class='ocrx_word' id='word_1_46' title='bbox 380 737 561 804; x_wconf 75' lang='lat' dir='ltr'><strong>itaque</strong></span> <span class='ocrx_word' id='word_1_47' title='bbox 589 749 911 802; x_wconf 83' lang='lat' dir='ltr'><strong>recognosce</strong></span> <span class='ocrx_word' id='word_1_48' title='bbox 949 734 1074 803; x_wconf 83' lang='lat' dir='ltr'><strong>quia</strong></span> <span class='ocrx_word' id='word_1_49' title='bbox 1112 733 1252 802; x_wconf 90' lang='lat' dir='ltr'><strong>quod</strong></span> <span class='ocrx_word' id='word_1_50' title='bbox 1281 735 1494 803; x_wconf 86' lang='lat' dir='ltr'><strong>proprie</strong></span> <span class='ocrx_word' id='word_1_51' title='bbox 1516 734 1712 787; x_wconf 89' lang='lat' dir='ltr'><strong>malum</strong></span> <span class='ocrx_word' id='word_1_52' title='bbox 1737 741 1848 795; x_wconf 89' lang='lat' dir='ltr'><strong>est,</strong></span> <span class='ocrx_word' id='word_1_53' title='bbox 1871 749 1938 788; x_wconf 86' lang='lat' dir='ltr'><strong>ex</strong></span> 
     </span>
    </p>
   </div>
   <div class='ocr_carea' id='block_1_9' title="bbox 381 822 1935 891">
    <p class='ocr_par' dir='ltr' id='par_1_9' title="bbox 381 822 1935 891">
     <span class='ocr_line' id='line_1_9' title="bbox 381 822 1935 891; baseline -0.005 -10"><span class='ocrx_word' id='word_1_54' title='bbox 381 825 676 881; x_wconf 87' lang='lat' dir='ltr'><strong>commissis</strong></span> <span class='ocrx_word' id='word_1_55' title='bbox 701 824 903 879; x_wconf 82' lang='lat' dir='ltr'><strong>arbitrii</strong></span> <span class='ocrx_word' id='word_1_56' title='bbox 932 824 1084 877; x_wconf 88' lang='lat' dir='ltr'><strong>liberi</strong></span> <span class='ocrx_word' id='word_1_57' title='bbox 1104 824 1246 891; x_wconf 88' lang='lat' dir='ltr'><strong>capit</strong></span> <span class='ocrx_word' id='word_1_58' title='bbox 1271 823 1564 878; x_wconf 79' lang='lat' dir='ltr'><strong>exordium.</strong></span> <span class='ocrx_word' id='word_1_59' title='bbox 1595 822 1776 890; x_wconf 85' lang='lat' dir='ltr'><strong>Neque</strong></span> <span class='ocrx_word' id='word_1_60' title='bbox 1797 823 1935 876; x_wconf 88' lang='lat' dir='ltr'><strong>enim</strong></span> 
     </span>
    </p>
   </div>
   <div class='ocr_carea' id='block_1_10' title="bbox 377 912 1938 982">
    <p class='ocr_par' dir='ltr' id='par_1_10' title="bbox 377 912 1938 982">
     <span class='ocr_line' id='line_1_10' title="bbox 377 912 1938 982; baseline -0.004 -11"><span class='ocrx_word' id='word_1_61' title='bbox 377 918 425 972; x_wconf 92' lang='lat' dir='ltr'><strong>si</strong></span> <span class='ocrx_word' id='word_1_62' title='bbox 454 917 650 970; x_wconf 90' lang='lat' dir='ltr'><strong>malum</strong></span> <span class='ocrx_word' id='word_1_63' title='bbox 681 931 752 971; x_wconf 75' lang='lat' dir='ltr'><strong>ex</strong></span> <span class='ocrx_word' id='word_1_64' title='bbox 770 916 1088 969; x_wconf 84' lang='lat' dir='ltr'><strong>necessitate</strong></span> <span class='ocrx_word' id='word_1_65' title='bbox 1114 912 1477 977; x_wconf 87' lang='lat' dir='ltr'><strong>descenderet,</strong></span> <span class='ocrx_word' id='word_1_66' title='bbox 1511 921 1687 967; x_wconf 90' lang='lat' dir='ltr'><strong>tantus</strong></span> <span class='ocrx_word' id='word_1_67' title='bbox 1713 928 1938 982; x_wconf 89' lang='lat' dir='ltr'><strong>peccan-</strong></span> 
     </span>
    </p>
   </div>
   <div class='ocr_carea' id='block_1_11' title="bbox 378 1000 1936 1072">
    <p class='ocr_par' dir='ltr' id='par_1_11' title="bbox 378 1000 1936 1072">
     <span class='ocr_line' id='line_1_11' title="bbox 378 1000 1936 1072; baseline -0.004 -14"><span class='ocrx_word' id='word_1_68' title='bbox 378 1005 519 1059; x_wconf 87' lang='lat' dir='ltr'><strong>tibus</strong></span> <span class='ocrx_word' id='word_1_69' title='bbox 545 1005 719 1072; x_wconf 88' lang='lat' dir='ltr'><strong>legum</strong></span> <span class='ocrx_word' id='word_1_70' title='bbox 744 1011 917 1058; x_wconf 89' lang='lat' dir='ltr'><strong>metus</strong></span> <span class='ocrx_word' id='word_1_71' title='bbox 945 1003 1279 1057; x_wconf 85' lang='lat' dir='ltr'><strong>incumberet</strong></span> <span class='ocrx_word' id='word_1_72' title='bbox 1303 1020 1314 1054; x_wconf 89' lang='lat'><strong>:</strong></span> <span class='ocrx_word' id='word_1_73' title='bbox 1341 1010 1434 1055; x_wconf 90' lang='lat' dir='ltr'><strong>aut</strong></span> <span class='ocrx_word' id='word_1_74' title='bbox 1449 1001 1654 1070; x_wconf 91' lang='lat' dir='ltr'><strong>judices</strong></span> <span class='ocrx_word' id='word_1_75' title='bbox 1681 1000 1936 1069; x_wconf 87' lang='lat' dir='ltr'><strong>supplicia</strong></span> 
     </span>
    </p>
   </div>
   <div class='ocr_carea' id='block_1_12' title="bbox 359 1097 1936 1170">
    <p class='ocr_par' dir='ltr' id='par_1_12' title="bbox 359 1097 1936 1170">
     <span class='ocr_line' id='line_1_12' title="bbox 359 1097 1936 1170; baseline -0.003 -14"><span class='ocrx_word' id='word_1_76' title='bbox 359 1099 521 1170; x_wconf 78' lang='lat'><strong>713</strong></span> <span class='ocrx_word' id='word_1_77' title='bbox 569 1100 884 1155; x_wconf 83' lang='lat' dir='ltr'><strong>criminosis</strong></span> <span class='ocrx_word' id='word_1_78' title='bbox 923 1099 1085 1170; x_wconf 83' lang='lat' dir='ltr'><strong>digna</strong></span> <span class='ocrx_word' id='word_1_79' title='bbox 1125 1106 1449 1154; x_wconf 87' lang='lat' dir='ltr'><strong>statuerent.</strong></span> <span class='ocrx_word' id='word_1_80' title='bbox 1487 1097 1613 1153; x_wconf 65' lang='lat' dir='ltr'><strong>Haec</strong></span> <span class='ocrx_word' id='word_1_81' title='bbox 1643 1097 1772 1152; x_wconf 80' lang='lat' dir='ltr'><strong>milii</strong></span> <span class='ocrx_word' id='word_1_82' title='bbox 1791 1097 1936 1152; x_wconf 90' lang='lat' dir='ltr'><strong>dicta</strong></span> 
     </span>
    </p>
   </div>
   <div class='ocr_carea' id='block_1_13' title="bbox 359 1184 1935 1262">
    <p class='ocr_par' dir='ltr' id='par_1_13' title="bbox 359 1184 1935 1262">
     <span class='ocr_line' id='line_1_13' title="bbox 359 1184 1935 1262; baseline -0.001 -16"><span class='ocrx_word' id='word_1_83' title='bbox 359 1193 470 1246; x_wconf 85' lang='lat' dir='ltr'><strong>sint</strong></span> <span class='ocrx_word' id='word_1_84' title='bbox 489 1207 655 1260; x_wconf 89' lang='lat' dir='ltr'><strong>super</strong></span> <span class='ocrx_word' id='word_1_85' title='bbox 681 1207 747 1248; x_wconf 90' lang='lat' dir='ltr'><strong>eo</strong></span> <span class='ocrx_word' id='word_1_86' title='bbox 771 1193 913 1262; x_wconf 89' lang='lat' dir='ltr'><strong>quod</strong></span> <span class='ocrx_word' id='word_1_87' title='bbox 950 1191 1168 1260; x_wconf 88' lang='lat' dir='ltr'><strong>proprie</strong></span> <span class='ocrx_word' id='word_1_88' title='bbox 1192 1190 1388 1245; x_wconf 90' lang='lat' dir='ltr'><strong>malum</strong></span> <span class='ocrx_word' id='word_1_89' title='bbox 1409 1199 1512 1246; x_wconf 92' lang='lat' dir='ltr'><strong>est.</strong></span> <span class='ocrx_word' id='word_1_90' title='bbox 1535 1184 1935 1256; x_wconf 63' lang='lat' dir='ltr'><strong>IEgi-itudinem</strong></span> 
     </span>
    </p>
   </div>
   <div class='ocr_carea' id='block_1_14' title="bbox 376 1275 1938 1342">
    <p class='ocr_par' dir='ltr' id='par_1_14' title="bbox 376 1275 1938 1342">
     <span class='ocr_line' id='line_1_14' title="bbox 376 1275 1938 1342; baseline 0.002 -16"><span class='ocrx_word' id='word_1_91' title='bbox 376 1289 506 1328; x_wconf 85' lang='lat' dir='ltr'><strong>vero</strong></span> <span class='ocrx_word' id='word_1_92' title='bbox 527 1275 612 1328; x_wconf 87' lang='lat' dir='ltr'><strong>vel</strong></span> <span class='ocrx_word' id='word_1_93' title='bbox 641 1283 928 1340; x_wconf 82' lang='lat' dir='ltr'><strong>egestatem</strong></span> <span class='ocrx_word' id='word_1_94' title='bbox 948 1313 963 1337; x_wconf 97' lang='lat'><strong>,</strong></span> <span class='ocrx_word' id='word_1_95' title='bbox 993 1282 1084 1327; x_wconf 90' lang='lat' dir='ltr'><strong>aut</strong></span> <span class='ocrx_word' id='word_1_96' title='bbox 1109 1275 1471 1340; x_wconf 84' lang='lat' dir='ltr'><strong>ignominiam,</strong></span> <span class='ocrx_word' id='word_1_97' title='bbox 1497 1282 1550 1329; x_wconf 90' lang='lat' dir='ltr'><strong>et</strong></span> <span class='ocrx_word' id='word_1_98' title='bbox 1574 1275 1677 1328; x_wconf 83' lang='lat' dir='ltr'><strong>alia</strong></span> <span class='ocrx_word' id='word_1_99' title='bbox 1703 1289 1822 1342; x_wconf 86' lang='lat' dir='ltr'><strong>quae</strong></span> <span class='ocrx_word' id='word_1_100' title='bbox 1849 1290 1938 1329; x_wconf 88' lang='lat' dir='ltr'><strong>so-</strong></span> 
     </span>
    </p>
   </div>
   <div class='ocr_carea' id='block_1_15' title="bbox 377 1362 1937 1427">
    <p class='ocr_par' dir='ltr' id='par_1_15' title="bbox 377 1362 1937 1427">
     <span class='ocr_line' id='line_1_15' title="bbox 377 1362 1937 1427; baseline 0 -11"><span class='ocrx_word' id='word_1_101' title='bbox 377 1364 489 1416; x_wconf 90' lang='lat' dir='ltr'><strong>lent</strong></span> <span class='ocrx_word' id='word_1_102' title='bbox 523 1362 861 1418; x_wconf 80' lang='lat' dir='ltr'><strong>moestiticare</strong></span> <span class='ocrx_word' id='word_1_103' title='bbox 905 1363 1196 1427; x_wconf 87' lang='lat' dir='ltr'><strong>mortales,</strong></span> <span class='ocrx_word' id='word_1_104' title='bbox 1237 1371 1265 1399; x_wconf 73' lang='grc' dir='ltr'><strong>ι</strong></span> <span class='ocrx_word' id='word_1_105' title='bbox 1302 1363 1526 1417; x_wconf 90' lang='lat' dir='ltr'><strong>necdum</strong></span> <span class='ocrx_word' id='word_1_106' title='bbox 1572 1364 1627 1416; x_wconf 91' lang='lat' dir='ltr'><strong>in</strong></span> <span class='ocrx_word' id='word_1_107' title='bbox 1678 1364 1937 1418; x_wconf 90' lang='lat' dir='ltr'><strong>malorum</strong></span> 
     </span>
    </p>
   </div>
   <div class='ocr_carea' id='block_1_16' title="bbox 377 1443 1938 1520">
    <p class='ocr_par' dir='ltr' id='par_1_16' title="bbox 377 1443 1938 1520">
     <span class='ocr_line' id='line_1_16' title="bbox 377 1443 1938 1520; baseline 0.001 -16"><span class='ocrx_word' id='word_1_108' title='bbox 377 1465 572 1505; x_wconf 91' lang='lat' dir='ltr'><strong>censeo</strong></span> <span class='ocrx_word' id='word_1_109' title='bbox 609 1458 812 1520; x_wconf 90' lang='lat' dir='ltr'><strong>partem</strong></span> <span class='ocrx_word' id='word_1_110' title='bbox 850 1451 1096 1518; x_wconf 89' lang='lat' dir='ltr'><strong>ponenda</strong></span> <span class='ocrx_word' id='word_1_111' title='bbox 1115 1443 1132 1514; x_wconf 55' lang='grc'><strong>;”</strong></span> <span class='ocrx_word' id='word_1_112' title='bbox 1167 1451 1290 1518; x_wconf 86' lang='lat' dir='ltr'><strong>quia</strong></span> <span class='ocrx_word' id='word_1_113' title='bbox 1318 1467 1418 1504; x_wconf 90' lang='lat' dir='ltr'><strong>nec</strong></span> <span class='ocrx_word' id='word_1_114' title='bbox 1444 1465 1628 1505; x_wconf 91' lang='lat' dir='ltr'><strong>eorum</strong></span> <span class='ocrx_word' id='word_1_115' title='bbox 1658 1450 1938 1506; x_wconf 70' lang='lat' dir='ltr'><strong>contraria:</strong></span> 
     </span>
    </p>
   </div>
   <div class='ocr_carea' id='block_1_17' title="bbox 377 1541 1933 1596">
    <p class='ocr_par' dir='ltr' id='par_1_17' title="bbox 377 1541 1933 1596">
     <span class='ocr_line' id='line_1_17' title="bbox 377 1541 1933 1596; baseline -0.001 0"><span class='ocrx_word' id='word_1_116' title='bbox 377 1556 562 1596; x_wconf 67' lang='lat' dir='ltr'><strong>causae.</strong></span> <span class='ocrx_word' id='word_1_117' title='bbox 616 1541 667 1594; x_wconf 92' lang='lat' dir='ltr'><strong>in</strong></span> <span class='ocrx_word' id='word_1_118' title='bbox 723 1543 967 1594; x_wconf 83' lang='lat' dir='ltr'><strong>maximis</strong></span> <span class='ocrx_word' id='word_1_119' title='bbox 1015 1541 1276 1594; x_wconf 86' lang='lat' dir='ltr'><strong>bonorum</strong></span> <span class='ocrx_word' id='word_1_120' title='bbox 1323 1543 1533 1596; x_wconf 88' lang='lat' dir='ltr'><strong>sedibus</strong></span> <span class='ocrx_word' id='word_1_121' title='bbox 1573 1542 1933 1596; x_wconf 85' lang='lat' dir='ltr'><strong>collocantur:</strong></span> 
     </span>
    </p>
   </div>
   <div class='ocr_carea' id='block_1_18' title="bbox 375 1630 1935 1700">
    <p class='ocr_par' dir='ltr' id='par_1_18' title="bbox 375 1630 1935 1700">
     <span class='ocr_line' id='line_1_18' title="bbox 375 1630 1935 1700; baseline 0.002 -18"><span class='ocrx_word' id='word_1_122' title='bbox 375 1645 601 1697; x_wconf 92' lang='lat' dir='ltr'><strong>quorum</strong></span> <span class='ocrx_word' id='word_1_123' title='bbox 649 1630 750 1684; x_wconf 87' lang='lat' dir='ltr'><strong>alia</strong></span> <span class='ocrx_word' id='word_1_124' title='bbox 797 1639 922 1682; x_wconf 89' lang='lat' dir='ltr'><strong>sunt</strong></span> <span class='ocrx_word' id='word_1_125' title='bbox 960 1631 1241 1696; x_wconf 87' lang='lat' dir='ltr'><strong>naturalia,</strong></span> <span class='ocrx_word' id='word_1_126' title='bbox 1281 1647 1398 1699; x_wconf 65' lang='lat' dir='ltr'><strong>quae</strong></span> <span class='ocrx_word' id='word_1_127' title='bbox 1437 1632 1747 1700; x_wconf 85' lang='lat' dir='ltr'><strong>plerumque</strong></span> <span class='ocrx_word' id='word_1_128' title='bbox 1784 1632 1935 1686; x_wconf 88' lang='lat' dir='ltr'><strong>nobis</strong></span> 
     </span>
    </p>
   </div>
   <div class='ocr_carea' id='block_1_19' title="bbox 2036 464 3605 534">
    <p class='ocr_par' dir='ltr' id='par_1_19' title="bbox 2036 464 3605 534">
     <span class='ocr_line' id='line_1_19' title="bbox 2036 464 3605 534; baseline -0.003 -12"><span class='ocrx_word' id='word_1_129' title='bbox 2036 479 2091 523; x_wconf 86' lang='lat' dir='ltr'><strong>et</strong></span> <span class='ocrx_word' id='word_1_130' title='bbox 2117 469 2251 522; x_wconf 88' lang='lat' dir='ltr'><strong>adeo</strong></span> <span class='ocrx_word' id='word_1_131' title='bbox 2277 467 2506 522; x_wconf 83' lang='lat' dir='ltr'><strong>validum</strong></span> <span class='ocrx_word' id='word_1_132' title='bbox 2530 507 2545 531; x_wconf 90' lang='lat'><strong>,</strong></span> <span class='ocrx_word' id='word_1_133' title='bbox 2593 475 2651 520; x_wconf 91' lang='lat' dir='ltr'><strong>ut</strong></span> <span class='ocrx_word' id='word_1_134' title='bbox 2677 466 2844 534; x_wconf 88' lang='lat' dir='ltr'><strong>possit</strong></span> <span class='ocrx_word' id='word_1_135' title='bbox 2880 481 2943 520; x_wconf 92' lang='lat' dir='ltr'><strong>ea</strong></span> <span class='ocrx_word' id='word_1_136' title='bbox 2989 481 3106 534; x_wconf 65' lang='lat' dir='ltr'><strong>qua:</strong></span> <span class='ocrx_word' id='word_1_137' title='bbox 3135 466 3463 519; x_wconf 79' lang='lat' dir='ltr'><strong>extrinsecus</strong></span> <span class='ocrx_word' id='word_1_138' title='bbox 3493 464 3605 518; x_wconf 80' lang='lat' dir='ltr'><strong>ha-</strong></span> 
     </span>
    </p>
   </div>
   <div class='ocr_carea' id='block_1_20' title="bbox 2035 554 3598 625">
    <p class='ocr_par' dir='ltr' id='par_1_20' title="bbox 2035 554 3598 625">
     <span class='ocr_line' id='line_1_20' title="bbox 2035 554 3598 625; baseline -0.003 -14"><span class='ocrx_word' id='word_1_139' title='bbox 2035 560 2226 612; x_wconf 78' lang='lat' dir='ltr'><strong>bentur</strong></span> <span class='ocrx_word' id='word_1_140' title='bbox 2267 558 2334 611; x_wconf 90' lang='lat' dir='ltr'><strong>ab</strong></span> <span class='ocrx_word' id='word_1_141' title='bbox 2372 557 2712 610; x_wconf 88' lang='lat' dir='ltr'><strong>interioribus</strong></span> <span class='ocrx_word' id='word_1_142' title='bbox 2737 570 3016 625; x_wconf 86' lang='lat' dir='ltr'><strong>separare;</strong></span> <span class='ocrx_word' id='word_1_143' title='bbox 3047 557 3114 610; x_wconf 92' lang='lat' dir='ltr'><strong>ob</strong></span> <span class='ocrx_word' id='word_1_144' title='bbox 3143 556 3247 609; x_wconf 90' lang='lat' dir='ltr'><strong>hoc</strong></span> <span class='ocrx_word' id='word_1_145' title='bbox 3286 554 3598 608; x_wconf 86' lang='lat' dir='ltr'><strong>necessario</strong></span> 
     </span>
    </p>
   </div>
   <div class='ocr_carea' id='block_1_21' title="bbox 2033 645 3596 716">
    <p class='ocr_par' dir='ltr' id='par_1_21' title="bbox 2033 645 3596 716">
     <span class='ocr_line' id='line_1_21' title="bbox 2033 645 3596 716; baseline -0.004 -16"><span class='ocrx_word' id='word_1_146' title='bbox 2033 653 2158 716; x_wconf 81' lang='lat' dir='ltr'><strong>post</strong></span> <span class='ocrx_word' id='word_1_147' title='bbox 2183 661 2241 700; x_wconf 88' lang='lat' dir='ltr'><strong>se</strong></span> <span class='ocrx_word' id='word_1_148' title='bbox 2262 647 2532 712; x_wconf 75' lang='lat' dir='ltr'><strong>regionem</strong></span> <span class='ocrx_word' id='word_1_149' title='bbox 2559 645 2797 700; x_wconf 89' lang='lat' dir='ltr'><strong>relictam</strong></span> <span class='ocrx_word' id='word_1_150' title='bbox 2815 686 2830 709; x_wconf 93' lang='lat'><strong>,</strong></span> <span class='ocrx_word' id='word_1_151' title='bbox 2861 653 3129 699; x_wconf 87' lang='lat' dir='ltr'><strong>carentem</strong></span> <span class='ocrx_word' id='word_1_152' title='bbox 3156 645 3272 698; x_wconf 92' lang='lat' dir='ltr'><strong>luce</strong></span> <span class='ocrx_word' id='word_1_153' title='bbox 3291 645 3596 704; x_wconf 85' lang='lat' dir='ltr'><strong>constituit,</strong></span> 
     </span>
    </p>
   </div>
   <div class='ocr_carea' id='block_1_22' title="bbox 2036 732 3595 804">
    <p class='ocr_par' dir='ltr' id='par_1_22' title="bbox 2036 732 3595 804">
     <span class='ocr_line' id='line_1_22' title="bbox 2036 732 3595 804; baseline -0.003 -14"><span class='ocrx_word' id='word_1_154' title='bbox 2036 745 2244 804; x_wconf 90' lang='lat' dir='ltr'><strong>utpote</strong></span> <span class='ocrx_word' id='word_1_155' title='bbox 2288 735 2492 802; x_wconf 78' lang='lat' dir='ltr'><strong>fulgore</strong></span> <span class='ocrx_word' id='word_1_156' title='bbox 2537 734 2629 802; x_wconf 88' lang='lat' dir='ltr'><strong>qui</strong></span> <span class='ocrx_word' id='word_1_157' title='bbox 2665 733 2893 803; x_wconf 87' lang='lat' dir='ltr'><strong>desuper</strong></span> <span class='ocrx_word' id='word_1_158' title='bbox 2936 734 3174 787; x_wconf 88' lang='lat' dir='ltr'><strong>radiabat</strong></span> <span class='ocrx_word' id='word_1_159' title='bbox 3201 734 3442 788; x_wconf 70' lang='lat' dir='ltr'><strong>ncluso.</strong></span> <span class='ocrx_word' id='word_1_160' title='bbox 3465 732 3595 785; x_wconf 88' lang='lat' dir='ltr'><strong>Tria</strong></span> 
     </span>
    </p>
   </div>
   <div class='ocr_carea' id='block_1_23' title="bbox 2037 824 3590 892">
    <p class='ocr_par' dir='ltr' id='par_1_23' title="bbox 2037 824 3590 892">
     <span class='ocr_line' id='line_1_23' title="bbox 2037 824 3590 892; baseline -0.003 -13"><span class='ocrx_word' id='word_1_161' title='bbox 2037 826 2177 880; x_wconf 82' lang='lat' dir='ltr'><strong>enim</strong></span> <span class='ocrx_word' id='word_1_162' title='bbox 2220 825 2374 879; x_wconf 88' lang='lat' dir='ltr'><strong>simul</strong></span> <span class='ocrx_word' id='word_1_163' title='bbox 2421 831 2632 892; x_wconf 86' lang='lat' dir='ltr'><strong>oportet</strong></span> <span class='ocrx_word' id='word_1_164' title='bbox 2674 824 2727 876; x_wconf 92' lang='lat' dir='ltr'><strong>in</strong></span> <span class='ocrx_word' id='word_1_165' title='bbox 2755 825 2939 878; x_wconf 90' lang='lat' dir='ltr'><strong>umbra</strong></span> <span class='ocrx_word' id='word_1_166' title='bbox 2979 824 3218 878; x_wconf 82' lang='lat' dir='ltr'><strong>facienda</strong></span> <span class='ocrx_word' id='word_1_167' title='bbox 3245 838 3590 886; x_wconf 88' lang='lat' dir='ltr'><strong>concurrere,</strong></span> 
     </span>
    </p>
   </div>
   <div class='ocr_carea' id='block_1_24' title="bbox 2039 911 3591 981">
    <p class='ocr_par' dir='ltr' id='par_1_24' title="bbox 2039 911 3591 981">
     <span class='ocr_line' id='line_1_24' title="bbox 2039 911 3591 981; baseline -0.002 -11"><span class='ocrx_word' id='word_1_168' title='bbox 2039 915 2232 976; x_wconf 70' lang='lat' dir='ltr'><strong>lucem,</strong></span> <span class='ocrx_word' id='word_1_169' title='bbox 2263 928 2486 981; x_wconf 90' lang='lat' dir='ltr'><strong>corpus,</strong></span> <span class='ocrx_word' id='word_1_170' title='bbox 2515 920 2570 966; x_wconf 86' lang='lat' dir='ltr'><strong>et</strong></span> <span class='ocrx_word' id='word_1_171' title='bbox 2607 912 2942 966; x_wconf 86' lang='lat' dir='ltr'><strong>obscuratum</strong></span> <span class='ocrx_word' id='word_1_172' title='bbox 2968 913 3162 966; x_wconf 90' lang='lat' dir='ltr'><strong>locum.</strong></span> <span class='ocrx_word' id='word_1_173' title='bbox 3205 912 3343 978; x_wconf 86' lang='lat' dir='ltr'><strong>Ergo</strong></span> <span class='ocrx_word' id='word_1_174' title='bbox 3364 911 3591 967; x_wconf 71' lang='lat' dir='ltr'><strong>munda-</strong></span> 
     </span>
    </p>
   </div>
   <div class='ocr_carea' id='block_1_25' title="bbox 2039 1001 3596 1070">
    <p class='ocr_par' dir='ltr' id='par_1_25' title="bbox 2039 1001 3596 1070">
     <span class='ocr_line' id='line_1_25' title="bbox 2039 1001 3596 1070; baseline -0.003 -11"><span class='ocrx_word' id='word_1_175' title='bbox 2039 1019 2132 1059; x_wconf 86' lang='lat' dir='ltr'><strong>Ias</strong></span> <span class='ocrx_word' id='word_1_176' title='bbox 2175 1003 2450 1064; x_wconf 86' lang='lat' dir='ltr'><strong>tenebras,</strong></span> <span class='ocrx_word' id='word_1_177' title='bbox 2491 1017 2557 1056; x_wconf 85' lang='lat' dir='ltr'><strong>ex</strong></span> <span class='ocrx_word' id='word_1_178' title='bbox 2602 1001 2786 1056; x_wconf 90' lang='lat' dir='ltr'><strong>umbra</strong></span> <span class='ocrx_word' id='word_1_179' title='bbox 2827 1001 3028 1055; x_wconf 75' lang='lat' dir='ltr'><strong>cmlesti</strong></span> <span class='ocrx_word' id='word_1_180' title='bbox 3057 1003 3295 1070; x_wconf 81' lang='lat' dir='ltr'><strong>corporis</strong></span> <span class='ocrx_word' id='word_1_181' title='bbox 3323 1003 3596 1055; x_wconf 80' lang='lat' dir='ltr'><strong>exstitisse</strong></span> 
     </span>
    </p>
   </div>
   <div class='ocr_carea' id='block_1_26' title="bbox 2035 1089 3591 1160">
    <p class='ocr_par' dir='ltr' id='par_1_26' title="bbox 2035 1089 3591 1160">
     <span class='ocr_line' id='line_1_26' title="bbox 2035 1089 3591 1160; baseline -0.004 -11"><span class='ocrx_word' id='word_1_182' title='bbox 2035 1093 2306 1149; x_wconf 81' lang='lat' dir='ltr'><strong>sciendum</strong></span> <span class='ocrx_word' id='word_1_183' title='bbox 2342 1101 2442 1147; x_wconf 90' lang='lat' dir='ltr'><strong>est.</strong></span> <span class='ocrx_word' id='word_1_184' title='bbox 2484 1091 2562 1145; x_wconf 90' lang='lat' dir='ltr'><strong>Tu</strong></span> <span class='ocrx_word' id='word_1_185' title='bbox 2598 1106 2726 1146; x_wconf 92' lang='lat' dir='ltr'><strong>vero</strong></span> <span class='ocrx_word' id='word_1_186' title='bbox 2770 1106 2866 1160; x_wconf 92' lang='lat' dir='ltr'><strong>per</strong></span> <span class='ocrx_word' id='word_1_187' title='bbox 2909 1091 3208 1160; x_wconf 86' lang='lat' dir='ltr'><strong>exemplum</strong></span> <span class='ocrx_word' id='word_1_188' title='bbox 3252 1089 3591 1143; x_wconf 82' lang='lat' dir='ltr'><strong>manifestum</strong></span> 
     </span>
    </p>
   </div>
   <div class='ocr_carea' id='block_1_27' title="bbox 2035 1181 3590 1252">
    <p class='ocr_par' dir='ltr' id='par_1_27' title="bbox 2035 1181 3590 1252">
     <span class='ocr_line' id='line_1_27' title="bbox 2035 1181 3590 1252; baseline -0.004 -13"><span class='ocrx_word' id='word_1_189' title='bbox 2035 1185 2250 1239; x_wconf 82' lang='lat' dir='ltr'><strong>adverte</strong></span> <span class='ocrx_word' id='word_1_190' title='bbox 2273 1199 2392 1252; x_wconf 74' lang='lat' dir='ltr'><strong>qua:</strong></span> <span class='ocrx_word' id='word_1_191' title='bbox 2413 1183 2655 1237; x_wconf 89' lang='lat' dir='ltr'><strong>dicimus.</strong></span> <span class='ocrx_word' id='word_1_192' title='bbox 2705 1181 2763 1236; x_wconf 92' lang='lat' dir='ltr'><strong>Si</strong></span> <span class='ocrx_word' id='word_1_193' title='bbox 2788 1182 2885 1236; x_wconf 89' lang='lat' dir='ltr'><strong>sub</strong></span> <span class='ocrx_word' id='word_1_194' title='bbox 2909 1183 3212 1236; x_wconf 90' lang='lat' dir='ltr'><strong>meridianis</strong></span> <span class='ocrx_word' id='word_1_195' title='bbox 3238 1182 3382 1235; x_wconf 89' lang='lat' dir='ltr'><strong>horis</strong></span> <span class='ocrx_word' id='word_1_196' title='bbox 3411 1182 3590 1234; x_wconf 89' lang='lat' dir='ltr'><strong>taber-</strong></span> 
     </span>
    </p>
   </div>
   <div class='ocr_carea' id='block_1_28' title="bbox 2034 1271 3592 1340">
    <p class='ocr_par' dir='ltr' id='par_1_28' title="bbox 2034 1271 3592 1340">
     <span class='ocr_line' id='line_1_28' title="bbox 2034 1271 3592 1340; baseline -0.003 -12"><span class='ocrx_word' id='word_1_197' title='bbox 2034 1275 2282 1329; x_wconf 79' lang='lat' dir='ltr'><strong>naculum</strong></span> <span class='ocrx_word' id='word_1_198' title='bbox 2328 1273 2422 1326; x_wconf 92' lang='lat' dir='ltr'><strong>tibi</strong></span> <span class='ocrx_word' id='word_1_199' title='bbox 2472 1271 2739 1340; x_wconf 85' lang='lat' dir='ltr'><strong>quoddam</strong></span> <span class='ocrx_word' id='word_1_200' title='bbox 2767 1287 2834 1325; x_wconf 80' lang='lat' dir='ltr'><strong>ex</strong></span> <span class='ocrx_word' id='word_1_201' title='bbox 2874 1272 3095 1325; x_wconf 90' lang='lat' dir='ltr'><strong>materia</strong></span> <span class='ocrx_word' id='word_1_202' title='bbox 3125 1271 3288 1327; x_wconf 89' lang='lat' dir='ltr'><strong>densa</strong></span> <span class='ocrx_word' id='word_1_203' title='bbox 3333 1271 3488 1324; x_wconf 91' lang='lat' dir='ltr'><strong>nimis</strong></span> <span class='ocrx_word' id='word_1_204' title='bbox 3535 1277 3592 1324; x_wconf 85' lang='lat' dir='ltr'><strong>et</strong></span> 
     </span>
    </p>
   </div>
   <div class='ocr_carea' id='block_1_29' title="bbox 2035 1360 3591 1432">
    <p class='ocr_par' dir='ltr' id='par_1_29' title="bbox 2035 1360 3591 1432">
     <span class='ocr_line' id='line_1_29' title="bbox 2035 1360 3591 1432; baseline -0.003 -14"><span class='ocrx_word' id='word_1_205' title='bbox 2035 1379 2203 1432; x_wconf 89' lang='lat' dir='ltr'><strong>opaca</strong></span> <span class='ocrx_word' id='word_1_206' title='bbox 2229 1362 2528 1416; x_wconf 87' lang='lat' dir='ltr'><strong>fundaveris</strong></span> <span class='ocrx_word' id='word_1_207' title='bbox 2550 1403 2566 1428; x_wconf 95' lang='lat'><strong>,</strong></span> <span class='ocrx_word' id='word_1_208' title='bbox 2608 1361 2661 1414; x_wconf 91' lang='lat' dir='ltr'><strong>in</strong></span> <span class='ocrx_word' id='word_1_209' title='bbox 2700 1362 3004 1429; x_wconf 88' lang='lat' dir='ltr'><strong>spontaneis</strong></span> <span class='ocrx_word' id='word_1_210' title='bbox 3039 1369 3092 1414; x_wconf 91' lang='lat' dir='ltr'><strong>te</strong></span> <span class='ocrx_word' id='word_1_211' title='bbox 3132 1360 3324 1414; x_wconf 90' lang='lat' dir='ltr'><strong>ibidem</strong></span> <span class='ocrx_word' id='word_1_212' title='bbox 3352 1360 3591 1414; x_wconf 85' lang='lat' dir='ltr'><strong>tenebris</strong></span> 
     </span>
    </p>
   </div>
   <div class='ocr_carea' id='block_1_30' title="bbox 2033 1451 3593 1520">
    <p class='ocr_par' dir='ltr' id='par_1_30' title="bbox 2033 1451 3593 1520">
     <span class='ocr_line' id='line_1_30' title="bbox 2033 1451 3593 1520; baseline -0.001 -13"><span class='ocrx_word' id='word_1_213' title='bbox 2033 1454 2338 1508; x_wconf 81' lang='lat' dir='ltr'><strong>collocabis.</strong></span> <span class='ocrx_word' id='word_1_214' title='bbox 2380 1452 2534 1506; x_wconf 88' lang='lat' dir='ltr'><strong>Tales</strong></span> <span class='ocrx_word' id='word_1_215' title='bbox 2561 1465 2688 1518; x_wconf 84' lang='lat' dir='ltr'><strong>ergo</strong></span> <span class='ocrx_word' id='word_1_216' title='bbox 2710 1459 2765 1504; x_wconf 92' lang='lat' dir='ltr'><strong>et</strong></span> <span class='ocrx_word' id='word_1_217' title='bbox 2793 1451 2908 1504; x_wconf 92' lang='lat' dir='ltr'><strong>illas</strong></span> <span class='ocrx_word' id='word_1_218' title='bbox 2929 1451 3174 1504; x_wconf 86' lang='lat' dir='ltr'><strong>tenebras</strong></span> <span class='ocrx_word' id='word_1_219' title='bbox 3200 1466 3318 1505; x_wconf 89' lang='lat' dir='ltr'><strong>esse</strong></span> <span class='ocrx_word' id='word_1_220' title='bbox 3343 1452 3593 1520; x_wconf 87' lang='lat' dir='ltr'><strong>opinare,</strong></span> 
     </span>
    </p>
   </div>
   <div class='ocr_carea' id='block_1_31' title="bbox 2035 1539 3594 1612">
    <p class='ocr_par' dir='ltr' id='par_1_31' title="bbox 2035 1539 3594 1612">
     <span class='ocr_line' id='line_1_31' title="bbox 2035 1539 3594 1612; baseline -0.002 -14"><span class='ocrx_word' id='word_1_221' title='bbox 2035 1559 2143 1598; x_wconf 87' lang='lat' dir='ltr'><strong>non</strong></span> <span class='ocrx_word' id='word_1_222' title='bbox 2169 1543 2526 1612; x_wconf 81' lang='lat' dir='ltr'><strong>principaliter</strong></span> <span class='ocrx_word' id='word_1_223' title='bbox 2552 1542 2860 1596; x_wconf 90' lang='lat' dir='ltr'><strong>substitutas</strong></span> <span class='ocrx_word' id='word_1_224' title='bbox 2883 1582 2896 1602; x_wconf 87' lang='lat'><strong>,</strong></span> <span class='ocrx_word' id='word_1_225' title='bbox 2927 1539 3019 1594; x_wconf 90' lang='lat' dir='ltr'><strong>sed</strong></span> <span class='ocrx_word' id='word_1_226' title='bbox 3045 1556 3352 1609; x_wconf 90' lang='lat' dir='ltr'><strong>processum</strong></span> <span class='ocrx_word' id='word_1_227' title='bbox 3379 1549 3594 1595; x_wconf 82' lang='lat' dir='ltr'><strong>secutas</strong></span> 
     </span>
    </p>
   </div>
   <div class='ocr_carea' id='block_1_32' title="bbox 2035 1631 3592 1701">
    <p class='ocr_par' dir='ltr' id='par_1_32' title="bbox 2035 1631 3592 1701">
     <span class='ocr_line' id='line_1_32' title="bbox 2035 1631 3592 1701; baseline -0.001 -14"><span class='ocrx_word' id='word_1_228' title='bbox 2035 1635 2269 1688; x_wconf 88' lang='lat' dir='ltr'><strong>alterius.</strong></span> <span class='ocrx_word' id='word_1_229' title='bbox 2311 1633 2417 1687; x_wconf 86' lang='lat' dir='ltr'><strong>Has</strong></span> <span class='ocrx_word' id='word_1_230' title='bbox 2450 1641 2627 1686; x_wconf 87' lang='lat' dir='ltr'><strong>autem</strong></span> <span class='ocrx_word' id='word_1_231' title='bbox 2668 1633 2914 1686; x_wconf 88' lang='lat' dir='ltr'><strong>tenebras</strong></span> <span class='ocrx_word' id='word_1_232' title='bbox 2956 1631 3132 1686; x_wconf 91' lang='lat' dir='ltr'><strong>ferunt</strong></span> <span class='ocrx_word' id='word_1_233' title='bbox 3177 1633 3366 1701; x_wconf 64' lang='lat' dir='ltr'><strong>abysso</strong></span> <span class='ocrx_word' id='word_1_234' title='bbox 3393 1647 3592 1700; x_wconf 87' lang='lat' dir='ltr'><strong>super-</strong></span> 
     </span>
    </p>
   </div>
   <div class='ocr_carea' id='block_1_33' title="bbox 375 1721 3595 1793">
    <p class='ocr_par' dir='ltr' id='par_1_33' title="bbox 375 1721 3595 1793">
     <span class='ocr_line' id='line_1_33' title="bbox 375 1721 3595 1793; baseline 0.001 -19"><span class='ocrx_word' id='word_1_235' title='bbox 375 1721 622 1775; x_wconf 87' lang='lat' dir='ltr'><strong>videntur</strong></span> <span class='ocrx_word' id='word_1_236' title='bbox 651 1722 849 1774; x_wconf 89' lang='lat' dir='ltr'><strong>utiliter</strong></span> <span class='ocrx_word' id='word_1_237' title='bbox 870 1722 1103 1776; x_wconf 90' lang='lat' dir='ltr'><strong>evenire.</strong></span> <span class='ocrx_word' id='word_1_238' title='bbox 1145 1721 1480 1790; x_wconf 85' lang='lat' dir='ltr'><strong>QuaprOpter</strong></span> <span class='ocrx_word' id='word_1_239' title='bbox 1500 1723 1525 1759; x_wconf 75' lang='lat' dir='ltr'><strong>b</strong></span> <span class='ocrx_word' id='word_1_240' title='bbox 1549 1730 1846 1790; x_wconf 88' lang='lat' dir='ltr'><strong>suspectam</strong></span> <span class='ocrx_word' id='word_1_241' title='bbox 1868 1722 1934 1776; x_wconf 84' lang='lat' dir='ltr'><strong>de</strong></span> <span class='ocrx_word' id='word_1_242' title='bbox 1965 1723 2006 1780; x_wconf 87' lang='grc' dir='ltr'><strong>Β</strong></span> <span class='ocrx_word' id='word_1_243' title='bbox 2034 1722 2159 1778; x_wconf 85' lang='lat' dir='ltr'><strong>ferri</strong></span> <span class='ocrx_word' id='word_1_244' title='bbox 2183 1741 2196 1776; x_wconf 89' lang='lat'><strong>:</strong></span> <span class='ocrx_word' id='word_1_245' title='bbox 2227 1724 2350 1793; x_wconf 89' lang='lat' dir='ltr'><strong>quia</strong></span> <span class='ocrx_word' id='word_1_246' title='bbox 2377 1723 2683 1776; x_wconf 82' lang='lat' dir='ltr'><strong>extremitas</strong></span> <span class='ocrx_word' id='word_1_247' title='bbox 2727 1723 2866 1776; x_wconf 90' lang='lat' dir='ltr'><strong>aeris</strong></span> <span class='ocrx_word' id='word_1_248' title='bbox 2904 1723 3060 1776; x_wconf 87' lang='lat' dir='ltr'><strong>solita</strong></span> <span class='ocrx_word' id='word_1_249' title='bbox 3088 1731 3169 1776; x_wconf 92' lang='lat' dir='ltr'><strong>est</strong></span> <span class='ocrx_word' id='word_1_250' title='bbox 3195 1721 3441 1791; x_wconf 81' lang='lat' dir='ltr'><strong>conjungi</strong></span> <span class='ocrx_word' id='word_1_251' title='bbox 3468 1738 3595 1777; x_wconf 88' lang='lat' dir='ltr'><strong>cor-</strong></span> 
     </span>
    </p>
   </div>
   <div class='ocr_carea' id='block_1_34' title="bbox 375 1811 1931 1881">
    <p class='ocr_par' dir='ltr' id='par_1_34' title="bbox 375 1811 1931 1881">
     <span class='ocr_line' id='line_1_34' title="bbox 375 1811 1931 1881; baseline 0.001 -17"><span class='ocrx_word' id='word_1_252' title='bbox 375 1811 611 1865; x_wconf 88' lang='lat' dir='ltr'><strong>moribus</strong></span> <span class='ocrx_word' id='word_1_253' title='bbox 659 1813 1019 1866; x_wconf 90' lang='lat' dir='ltr'><strong>narrationem</strong></span> <span class='ocrx_word' id='word_1_254' title='bbox 1078 1813 1131 1865; x_wconf 92' lang='lat' dir='ltr'><strong>in</strong></span> <span class='ocrx_word' id='word_1_255' title='bbox 1183 1814 1464 1880; x_wconf 82' lang='lat' dir='ltr'><strong>praesentia</strong></span> <span class='ocrx_word' id='word_1_256' title='bbox 1514 1822 1931 1881; x_wconf 88' lang='lat' dir='ltr'><strong>compescentes,</strong></span> 
     </span>
    </p>
   </div>
   <div class='ocr_carea' id='block_1_35' title="bbox 2029 1813 3594 1887">
    <p class='ocr_par' dir='ltr' id='par_1_35' title="bbox 2029 1813 3594 1887">
     <span class='ocr_line' id='line_1_35' title="bbox 2029 1813 3594 1887; baseline -0.004 -15"><span class='ocrx_word' id='word_1_257' title='bbox 2029 1832 2220 1887; x_wconf 87' lang='lat' dir='ltr'><strong>porum</strong></span> <span class='ocrx_word' id='word_1_258' title='bbox 2248 1816 2543 1885; x_wconf 89' lang='lat' dir='ltr'><strong>speciebus.</strong></span> <span class='ocrx_word' id='word_1_259' title='bbox 2585 1814 2690 1870; x_wconf 92' lang='lat' dir='ltr'><strong>Sed</strong></span> <span class='ocrx_word' id='word_1_260' title='bbox 2715 1827 2735 1852; x_wconf 75' lang='grc' dir='ltr'><em>ε</em></span> <span class='ocrx_word' id='word_1_261' title='bbox 2762 1824 2888 1868; x_wconf 90' lang='lat' dir='ltr'><strong>tunc</strong></span> <span class='ocrx_word' id='word_1_262' title='bbox 2914 1829 3049 1882; x_wconf 92' lang='lat' dir='ltr'><strong>aqua</strong></span> <span class='ocrx_word' id='word_1_263' title='bbox 3083 1822 3197 1869; x_wconf 88' lang='lat' dir='ltr'><strong>erat</strong></span> <span class='ocrx_word' id='word_1_264' title='bbox 3221 1813 3466 1868; x_wconf 90' lang='lat' dir='ltr'><strong>omnibus</strong></span> <span class='ocrx_word' id='word_1_265' title='bbox 3493 1829 3594 1867; x_wconf 84' lang='lat' dir='ltr'><strong>su—</strong></span> 
     </span>
    </p>
   </div>
   <div class='ocr_carea' id='block_1_36' title="bbox 376 1900 3597 1976">
    <p class='ocr_par' dir='ltr' id='par_1_36' title="bbox 376 1900 3597 1976">
     <span class='ocr_line' id='line_1_36' title="bbox 376 1900 3597 1976; baseline 0.001 -23"><span class='ocrx_word' id='word_1_266' title='bbox 376 1900 859 1954; x_wconf 88' lang='lat' dir='ltr'><strong>considerationem</strong></span> <span class='ocrx_word' id='word_1_267' title='bbox 903 1901 1080 1968; x_wconf 87' lang='lat' dir='ltr'><strong>potius</strong></span> <span class='ocrx_word' id='word_1_268' title='bbox 1127 1901 1462 1954; x_wconf 86' lang='lat' dir='ltr'><strong>tenebrarum</strong></span> <span class='ocrx_word' id='word_1_269' title='bbox 1510 1902 1840 1969; x_wconf 90' lang='lat' dir='ltr'><strong>simpliciter,</strong></span> <span class='ocrx_word' id='word_1_270' title='bbox 1871 1917 1935 1955; x_wconf 92' lang='lat' dir='ltr'><strong>ac</strong></span> <span class='ocrx_word' id='word_1_271' title='bbox 2028 1907 2263 1976; x_wconf 90' lang='lat' dir='ltr'><strong>perjecta</strong></span> <span class='ocrx_word' id='word_1_272' title='bbox 2287 1947 2302 1971; x_wconf 89' lang='lat'><strong>,</strong></span> <span class='ocrx_word' id='word_1_273' title='bbox 2345 1913 2563 1975; x_wconf 89' lang='lat' dir='ltr'><strong>propter</strong></span> <span class='ocrx_word' id='word_1_274' title='bbox 2601 1904 2744 1972; x_wconf 92' lang='lat' dir='ltr'><strong>quod</strong></span> <span class='ocrx_word' id='word_1_275' title='bbox 2788 1905 3090 1959; x_wconf 89' lang='lat' dir='ltr'><strong>necessario</strong></span> <span class='ocrx_word' id='word_1_276' title='bbox 3135 1903 3382 1959; x_wconf 86' lang='lat' dir='ltr'><strong>tenebras</strong></span> <span class='ocrx_word' id='word_1_277' title='bbox 3429 1918 3597 1972; x_wconf 84' lang='lat' dir='ltr'><strong>super</strong></span> 
     </span>
    </p>
   </div>
   <div class='ocr_carea' id='block_1_37' title="bbox 375 1989 1932 2044">
    <p class='ocr_par' dir='ltr' id='par_1_37' title="bbox 375 1989 1932 2044">
     <span class='ocr_line' id='line_1_37' title="bbox 375 1989 1932 2044; baseline 0 -2"><span class='ocrx_word' id='word_1_278' title='bbox 375 1989 489 2042; x_wconf 83' lang='lat' dir='ltr'><strong>sine</strong></span> <span class='ocrx_word' id='word_1_279' title='bbox 545 1989 651 2042; x_wconf 91' lang='lat' dir='ltr'><strong>ulla</strong></span> <span class='ocrx_word' id='word_1_280' title='bbox 699 1989 985 2042; x_wconf 88' lang='lat' dir='ltr'><strong>calliditate</strong></span> <span class='ocrx_word' id='word_1_281' title='bbox 1034 1991 1228 2044; x_wconf 88' lang='lat' dir='ltr'><strong>nostris</strong></span> <span class='ocrx_word' id='word_1_282' title='bbox 1282 1991 1545 2044; x_wconf 86' lang='lat' dir='ltr'><strong>mentibus</strong></span> <span class='ocrx_word' id='word_1_283' title='bbox 1589 1991 1932 2044; x_wconf 88' lang='lat' dir='ltr'><strong>attrahamus.</strong></span> 
     </span>
    </p>
   </div>
   <div class='ocr_carea' id='block_1_38' title="bbox 375 2080 1938 2156">
    <p class='ocr_par' dir='ltr' id='par_1_38' title="bbox 375 2080 1938 2156">
     <span class='ocr_line' id='line_1_38' title="bbox 375 2080 1938 2156; baseline 0.004 -23"><span class='ocrx_word' id='word_1_284' title='bbox 375 2080 605 2149; x_wconf 84' lang='lat' dir='ltr'><strong>Flagitat</strong></span> <span class='ocrx_word' id='word_1_285' title='bbox 629 2090 805 2135; x_wconf 91' lang='lat' dir='ltr'><strong>autem</strong></span> <span class='ocrx_word' id='word_1_286' title='bbox 835 2097 1010 2137; x_wconf 90' lang='lat' dir='ltr'><strong>sermo</strong></span> <span class='ocrx_word' id='word_1_287' title='bbox 1036 2084 1172 2138; x_wconf 88' lang='lat' dir='ltr'><strong>scire</strong></span> <span class='ocrx_word' id='word_1_288' title='bbox 1195 2100 1292 2138; x_wconf 91' lang='lat' dir='ltr'><strong>nos</strong></span> <span class='ocrx_word' id='word_1_289' title='bbox 1309 2123 1324 2148; x_wconf 94' lang='lat'><strong>,</strong></span> <span class='ocrx_word' id='word_1_290' title='bbox 1356 2086 1400 2138; x_wconf 91' lang='lat' dir='ltr'><strong>si</strong></span> <span class='ocrx_word' id='word_1_291' title='bbox 1429 2086 1660 2156; x_wconf 65' lang='lat' dir='ltr'><strong>tenebrat</strong></span> <span class='ocrx_word' id='word_1_292' title='bbox 1679 2101 1938 2153; x_wconf 85' lang='lat' dir='ltr'><strong>congene-</strong></span> 
     </span>
    </p>
   </div>
   <div class='ocr_carea' id='block_1_39' title="bbox 374 2172 1937 2245">
    <p class='ocr_par' dir='ltr' id='par_1_39' title="bbox 374 2172 1937 2245">
     <span class='ocr_line' id='line_1_39' title="bbox 374 2172 1937 2245; baseline 0.005 -21"><span class='ocrx_word' id='word_1_293' title='bbox 374 2179 507 2224; x_wconf 71' lang='lat' dir='ltr'><strong>ratte</strong></span> <span class='ocrx_word' id='word_1_294' title='bbox 536 2179 661 2224; x_wconf 90' lang='lat' dir='ltr'><strong>sunt</strong></span> <span class='ocrx_word' id='word_1_295' title='bbox 693 2172 921 2234; x_wconf 89' lang='lat' dir='ltr'><strong>mundo,</strong></span> <span class='ocrx_word' id='word_1_296' title='bbox 954 2175 1051 2227; x_wconf 88' lang='lat' dir='ltr'><strong>etsi</strong></span> <span class='ocrx_word' id='word_1_297' title='bbox 1079 2176 1374 2230; x_wconf 89' lang='lat' dir='ltr'><strong>anteriores</strong></span> <span class='ocrx_word' id='word_1_298' title='bbox 1401 2176 1646 2245; x_wconf 78' lang='lat' dir='ltr'><strong>putandze</strong></span> <span class='ocrx_word' id='word_1_299' title='bbox 1669 2186 1792 2231; x_wconf 88' lang='lat' dir='ltr'><strong>sunt</strong></span> <span class='ocrx_word' id='word_1_300' title='bbox 1819 2193 1937 2232; x_wconf 90' lang='lat' dir='ltr'><strong>esse</strong></span> 
     </span>
    </p>
   </div>
   <div class='ocr_carea' id='block_1_40' title="bbox 374 2261 1936 2330">
    <p class='ocr_par' dir='ltr' id='par_1_40' title="bbox 374 2261 1936 2330">
     <span class='ocr_line' id='line_1_40' title="bbox 374 2261 1936 2330; baseline 0.005 -16"><span class='ocrx_word' id='word_1_301' title='bbox 374 2276 532 2330; x_wconf 88' lang='lat' dir='ltr'><strong>quam</strong></span> <span class='ocrx_word' id='word_1_302' title='bbox 561 2261 671 2318; x_wconf 77' lang='lat' dir='ltr'><strong>lux.</strong></span> <span class='ocrx_word' id='word_1_303' title='bbox 714 2262 863 2326; x_wconf 86' lang='lat' dir='ltr'><strong>Quod</strong></span> <span class='ocrx_word' id='word_1_304' title='bbox 893 2264 937 2317; x_wconf 89' lang='lat' dir='ltr'><strong>si</strong></span> <span class='ocrx_word' id='word_1_305' title='bbox 967 2265 1038 2317; x_wconf 90' lang='lat' dir='ltr'><strong>ita</strong></span> <span class='ocrx_word' id='word_1_306' title='bbox 1077 2274 1190 2329; x_wconf 89' lang='lat' dir='ltr'><strong>est,</strong></span> <span class='ocrx_word' id='word_1_307' title='bbox 1233 2282 1327 2319; x_wconf 91' lang='lat' dir='ltr'><strong>cur</strong></span> <span class='ocrx_word' id='word_1_308' title='bbox 1353 2266 1587 2320; x_wconf 86' lang='lat' dir='ltr'><strong>deterior</strong></span> <span class='ocrx_word' id='word_1_309' title='bbox 1609 2283 1694 2321; x_wconf 90' lang='lat' dir='ltr'><strong>res</strong></span> <span class='ocrx_word' id='word_1_310' title='bbox 1716 2268 1936 2322; x_wconf 90' lang='lat' dir='ltr'><strong>meliore</strong></span> 
     </span>
    </p>
   </div>
   <div class='ocr_carea' id='block_1_41' title="bbox 375 2349 1937 2427">
    <p class='ocr_par' dir='ltr' id='par_1_41' title="bbox 375 2349 1937 2427">
     <span class='ocr_line' id='line_1_41' title="bbox 375 2349 1937 2427; baseline 0.006 -24"><span class='ocrx_word' id='word_1_311' title='bbox 375 2349 602 2404; x_wconf 88' lang='lat' dir='ltr'><strong>habetur</strong></span> <span class='ocrx_word' id='word_1_312' title='bbox 625 2354 929 2421; x_wconf 88' lang='lat' dir='ltr'><strong>antiquior?</strong></span> <span class='ocrx_word' id='word_1_313' title='bbox 952 2353 1262 2424; x_wconf 83' lang='lat' dir='ltr'><strong>Quanquam</strong></span> <span class='ocrx_word' id='word_1_314' title='bbox 1286 2372 1582 2411; x_wconf 90' lang='lat' dir='ltr'><strong>asseramus</strong></span> <span class='ocrx_word' id='word_1_315' title='bbox 1602 2358 1696 2411; x_wconf 90' lang='lat' dir='ltr'><strong>has</strong></span> <span class='ocrx_word' id='word_1_316' title='bbox 1725 2373 1937 2427; x_wconf 91' lang='lat' dir='ltr'><strong>quoque</strong></span> 
     </span>
    </p>
   </div>
   <div class='ocr_carea' id='block_1_42' title="bbox 374 2441 1937 2511">
    <p class='ocr_par' dir='ltr' id='par_1_42' title="bbox 374 2441 1937 2511">
     <span class='ocr_line' id='line_1_42' title="bbox 374 2441 1937 2511; baseline 0.005 -18"><span class='ocrx_word' id='word_1_317' title='bbox 374 2441 622 2494; x_wconf 79' lang='lat' dir='ltr'><strong>tenebras</strong></span> <span class='ocrx_word' id='word_1_318' title='bbox 661 2457 768 2495; x_wconf 93' lang='lat' dir='ltr'><strong>non</strong></span> <span class='ocrx_word' id='word_1_319' title='bbox 805 2457 870 2496; x_wconf 83' lang='lat' dir='ltr'><strong>ex</strong></span> <span class='ocrx_word' id='word_1_320' title='bbox 911 2443 992 2497; x_wconf 89' lang='lat' dir='ltr'><strong>sui</strong></span> <span class='ocrx_word' id='word_1_321' title='bbox 1030 2452 1275 2498; x_wconf 89' lang='lat' dir='ltr'><strong>constare</strong></span> <span class='ocrx_word' id='word_1_322' title='bbox 1303 2445 1594 2498; x_wconf 89' lang='lat' dir='ltr'><strong>substantia</strong></span> <span class='ocrx_word' id='word_1_323' title='bbox 1618 2487 1634 2511; x_wconf 94' lang='lat'><strong>,</strong></span> <span class='ocrx_word' id='word_1_324' title='bbox 1683 2446 1776 2500; x_wconf 90' lang='lat' dir='ltr'><strong>sed</strong></span> <span class='ocrx_word' id='word_1_325' title='bbox 1819 2461 1937 2502; x_wconf 86' lang='lat' dir='ltr'><strong>esse</strong></span> 
     </span>
    </p>
   </div>
   <div class='ocr_carea' id='block_1_43' title="bbox 375 2531 1930 2600">
    <p class='ocr_par' dir='ltr' id='par_1_43' title="bbox 375 2531 1930 2600">
     <span class='ocr_line' id='line_1_43' title="bbox 375 2531 1930 2600; baseline 0.005 -18"><span class='ocrx_word' id='word_1_326' title='bbox 375 2531 560 2585; x_wconf 87' lang='lat' dir='ltr'><strong>vitium</strong></span> <span class='ocrx_word' id='word_1_327' title='bbox 587 2533 852 2600; x_wconf 87' lang='lat' dir='ltr'><strong>quoddam</strong></span> <span class='ocrx_word' id='word_1_328' title='bbox 883 2534 936 2586; x_wconf 90' lang='lat' dir='ltr'><strong>in</strong></span> <span class='ocrx_word' id='word_1_329' title='bbox 966 2549 1124 2598; x_wconf 90' lang='lat' dir='ltr'><strong>aere,</strong></span> <span class='ocrx_word' id='word_1_330' title='bbox 1163 2535 1431 2588; x_wconf 89' lang='lat' dir='ltr'><strong>subtracta</strong></span> <span class='ocrx_word' id='word_1_331' title='bbox 1460 2535 1576 2590; x_wconf 91' lang='lat' dir='ltr'><strong>luce</strong></span> <span class='ocrx_word' id='word_1_332' title='bbox 1615 2537 1930 2591; x_wconf 90' lang='lat' dir='ltr'><strong>confectum.</strong></span> 
     </span>
    </p>
   </div>
   <div class='ocr_carea' id='block_1_44' title="bbox 375 2619 1938 2692">
    <p class='ocr_par' dir='ltr' id='par_1_44' title="bbox 375 2619 1938 2692">
     <span class='ocr_line' id='line_1_44' title="bbox 375 2619 1938 2692; baseline 0.006 -18"><span class='ocrx_word' id='word_1_333' title='bbox 375 2619 442 2674; x_wconf 80' lang='lat' dir='ltr'><strong>Et</strong></span> <span class='ocrx_word' id='word_1_334' title='bbox 485 2636 667 2676; x_wconf 87' lang='lat' dir='ltr'><strong>rursus</strong></span> <span class='ocrx_word' id='word_1_335' title='bbox 705 2623 1044 2690; x_wconf 70' lang='lat' dir='ltr'><strong>quaerendum</strong></span> <span class='ocrx_word' id='word_1_336' title='bbox 1097 2632 1180 2677; x_wconf 89' lang='lat' dir='ltr'><strong>est</strong></span> <span class='ocrx_word' id='word_1_337' title='bbox 1233 2639 1337 2692; x_wconf 91' lang='lat' dir='ltr'><strong>qua</strong></span> <span class='ocrx_word' id='word_1_338' title='bbox 1377 2625 1494 2680; x_wconf 91' lang='lat' dir='ltr'><strong>luce</strong></span> <span class='ocrx_word' id='word_1_339' title='bbox 1544 2626 1696 2680; x_wconf 92' lang='lat' dir='ltr'><strong>locus</strong></span> <span class='ocrx_word' id='word_1_340' title='bbox 1754 2628 1938 2682; x_wconf 90' lang='lat' dir='ltr'><strong>mundi</strong></span> 
     </span>
    </p>
   </div>
   <div class='ocr_carea' id='block_1_45' title="bbox 376 2714 1938 2783">
    <p class='ocr_par' dir='ltr' id='par_1_45' title="bbox 376 2714 1938 2783">
     <span class='ocr_line' id='line_1_45' title="bbox 376 2714 1938 2783; baseline 0.004 -19"><span class='ocrx_word' id='word_1_341' title='bbox 376 2721 596 2779; x_wconf 91' lang='lat' dir='ltr'><strong>repente</strong></span> <span class='ocrx_word' id='word_1_342' title='bbox 644 2714 882 2781; x_wconf 85' lang='lat' dir='ltr'><strong>privatus</strong></span> <span class='ocrx_word' id='word_1_343' title='bbox 910 2722 1007 2766; x_wconf 92' lang='lat' dir='ltr'><strong>est.</strong></span> <span class='ocrx_word' id='word_1_344' title='bbox 1063 2714 1399 2782; x_wconf 51' lang='lat' dir='ltr'><strong>Arbitramur,</strong></span> <span class='ocrx_word' id='word_1_345' title='bbox 1419 2715 1559 2769; x_wconf 92' lang='lat' dir='ltr'><strong>enim</strong></span> <span class='ocrx_word' id='word_1_346' title='bbox 1607 2717 1729 2783; x_wconf 92' lang='lat' dir='ltr'><strong>quia</strong></span> <span class='ocrx_word' id='word_1_347' title='bbox 1769 2717 1815 2770; x_wconf 92' lang='lat' dir='ltr'><strong>si</strong></span> <span class='ocrx_word' id='word_1_348' title='bbox 1843 2716 1938 2770; x_wconf 90' lang='lat' dir='ltr'><strong>fuit</strong></span> 
     </span>
    </p>
   </div>
   <div class='ocr_carea' id='block_1_46' title="bbox 377 2800 1935 2872">
    <p class='ocr_par' dir='ltr' id='par_1_46' title="bbox 377 2800 1935 2872">
     <span class='ocr_line' id='line_1_46' title="bbox 377 2800 1935 2872; baseline 0.004 -19"><span class='ocrx_word' id='word_1_349' title='bbox 377 2800 676 2869; x_wconf 82' lang='lat' dir='ltr'><strong>quidpiam,</strong></span> <span class='ocrx_word' id='word_1_350' title='bbox 703 2810 825 2856; x_wconf 90' lang='lat' dir='ltr'><strong>ante</strong></span> <span class='ocrx_word' id='word_1_351' title='bbox 853 2802 1237 2856; x_wconf 88' lang='lat' dir='ltr'><strong>institutionem</strong></span> <span class='ocrx_word' id='word_1_352' title='bbox 1263 2805 1525 2857; x_wconf 89' lang='lat' dir='ltr'><strong>sensibilis</strong></span> <span class='ocrx_word' id='word_1_353' title='bbox 1554 2805 1708 2872; x_wconf 90' lang='lat' dir='ltr'><strong>hujus</strong></span> <span class='ocrx_word' id='word_1_354' title='bbox 1735 2815 1788 2859; x_wconf 90' lang='lat' dir='ltr'><strong>et</strong></span> <span class='ocrx_word' id='word_1_355' title='bbox 1815 2821 1935 2860; x_wconf 88' lang='lat' dir='ltr'><strong>cor-</strong></span> 
     </span>
    </p>
   </div>
   <div class='ocr_carea' id='block_1_47' title="bbox 377 2891 1934 2962">
    <p class='ocr_par' dir='ltr' id='par_1_47' title="bbox 377 2891 1934 2962">
     <span class='ocr_line' id='line_1_47' title="bbox 377 2891 1934 2962; baseline 0.005 -21"><span class='ocrx_word' id='word_1_356' title='bbox 377 2891 641 2958; x_wconf 88' lang='lat' dir='ltr'><strong>ruptibilis</strong></span> <span class='ocrx_word' id='word_1_357' title='bbox 666 2891 885 2955; x_wconf 87' lang='lat' dir='ltr'><strong>mundi,</strong></span> <span class='ocrx_word' id='word_1_358' title='bbox 933 2891 1168 2960; x_wconf 88' lang='lat' dir='ltr'><strong>profecto</strong></span> <span class='ocrx_word' id='word_1_359' title='bbox 1202 2909 1251 2946; x_wconf 79' lang='grc' dir='ltr'><strong>ιιι</strong></span> <span class='ocrx_word' id='word_1_360' title='bbox 1280 2893 1396 2948; x_wconf 91' lang='lat' dir='ltr'><strong>luce</strong></span> <span class='ocrx_word' id='word_1_361' title='bbox 1424 2893 1543 2948; x_wconf 84' lang='lat' dir='ltr'><strong>fuit.</strong></span> <span class='ocrx_word' id='word_1_362' title='bbox 1585 2894 1765 2962; x_wconf 78' lang='lat' dir='ltr'><strong>Neque</strong></span> <span class='ocrx_word' id='word_1_363' title='bbox 1793 2896 1934 2949; x_wconf 87' lang='lat' dir='ltr'><strong>enim</strong></span> 
     </span>
    </p>
   </div>
   <div class='ocr_carea' id='block_1_48' title="bbox 377 2982 1935 3053">
    <p class='ocr_par' dir='ltr' id='par_1_48' title="bbox 377 2982 1935 3053">
     <span class='ocr_line' id='line_1_48' title="bbox 377 2982 1935 3053; baseline 0.003 -18"><span class='ocrx_word' id='word_1_364' title='bbox 377 2982 606 3050; x_wconf 81' lang='lat' dir='ltr'><strong>dignitas</strong></span> <span class='ocrx_word' id='word_1_365' title='bbox 631 2985 938 3052; x_wconf 80' lang='lat' dir='ltr'><strong>angelorum</strong></span> <span class='ocrx_word' id='word_1_366' title='bbox 961 3023 976 3048; x_wconf 94' lang='lat'><strong>,</strong></span> <span class='ocrx_word' id='word_1_367' title='bbox 1009 3000 1106 3039; x_wconf 92' lang='lat' dir='ltr'><strong>nec</strong></span> <span class='ocrx_word' id='word_1_368' title='bbox 1129 2986 1364 3039; x_wconf 90' lang='lat' dir='ltr'><strong>omnium</strong></span> <span class='ocrx_word' id='word_1_369' title='bbox 1394 2986 1684 3040; x_wconf 80' lang='lat' dir='ltr'><strong>cmlestium</strong></span> <span class='ocrx_word' id='word_1_370' title='bbox 1713 2987 1935 3053; x_wconf 67' lang='lat' dir='ltr'><strong>militiai,</strong></span> 
     </span>
    </p>
   </div>
   <div class='ocr_carea' id='block_1_49' title="bbox 2032 1997 2836 2067">
    <p class='ocr_par' dir='ltr' id='par_1_49' title="bbox 2032 1997 2836 2067">
     <span class='ocr_line' id='line_1_49' title="bbox 2032 1997 2836 2067; baseline -0.004 -16"><span class='ocrx_word' id='word_1_371' title='bbox 2032 1999 2276 2067; x_wconf 89' lang='lat' dir='ltr'><strong>abyssum</strong></span> <span class='ocrx_word' id='word_1_372' title='bbox 2303 1997 2464 2052; x_wconf 89' lang='lat' dir='ltr'><strong>fuisse</strong></span> <span class='ocrx_word' id='word_1_373' title='bbox 2483 1997 2708 2051; x_wconf 88' lang='lat' dir='ltr'><strong>relatum</strong></span> <span class='ocrx_word' id='word_1_374' title='bbox 2737 2005 2836 2050; x_wconf 89' lang='lat' dir='ltr'><strong>est.</strong></span> 
     </span>
    </p>
   </div>
   <div class='ocr_carea' id='block_1_50' title="bbox 2101 2083 3592 2157">
    <p class='ocr_par' dir='ltr' id='par_1_50' title="bbox 2101 2083 3592 2157">
     <span class='ocr_line' id='line_1_50' title="bbox 2101 2083 3592 2157; baseline 0 -19"><span class='ocrx_word' id='word_1_375' title='bbox 2101 2087 2148 2140; x_wconf 85' lang='lat'><strong>6.</strong></span> <span class='ocrx_word' id='word_1_376' title='bbox 2191 2086 2262 2139; x_wconf 89' lang='lat' dir='ltr'><strong>Et</strong></span> <span class='ocrx_word' id='word_1_377' title='bbox 2289 2088 2525 2157; x_wconf 76' lang='lat' dir='ltr'><strong>spiritus,</strong></span> <span class='ocrx_word' id='word_1_378' title='bbox 2559 2085 2755 2153; x_wconf 84' lang='lat' dir='ltr'><strong>inquit,</strong></span> <span class='ocrx_word' id='word_1_379' title='bbox 2787 2085 2884 2139; x_wconf 87' lang='lat' dir='ltr'><strong>Dei</strong></span> <span class='ocrx_word' id='word_1_380' title='bbox 2913 2083 3167 2156; x_wconf 76' lang='lat' dir='ltr'><strong>ferebatur</strong></span> <span class='ocrx_word' id='word_1_381' title='bbox 3194 2100 3345 2154; x_wconf 88' lang='lat' dir='ltr'><strong>super</strong></span> <span class='ocrx_word' id='word_1_382' title='bbox 3379 2099 3592 2154; x_wconf 75' lang='lat' dir='ltr'><strong>aquam.</strong></span> 
     </span>
    </p>
   </div>
   <div class='ocr_carea' id='block_1_51' title="bbox 2033 2173 3594 2247">
    <p class='ocr_par' dir='ltr' id='par_1_51' title="bbox 2033 2173 3594 2247">
     <span class='ocr_line' id='line_1_51' title="bbox 2033 2173 3594 2247; baseline -0.003 -16"><span class='ocrx_word' id='word_1_383' title='bbox 2033 2176 2154 2231; x_wconf 85' lang='lat' dir='ltr'><strong>Sive</strong></span> <span class='ocrx_word' id='word_1_384' title='bbox 2181 2175 2512 2231; x_wconf 76' lang='lat' dir='ltr'><strong>diifusionem</strong></span> <span class='ocrx_word' id='word_1_385' title='bbox 2539 2177 2676 2230; x_wconf 87' lang='lat' dir='ltr'><strong>aeris</strong></span> <span class='ocrx_word' id='word_1_386' title='bbox 2704 2176 2886 2247; x_wconf 77' lang='lat' dir='ltr'><strong>istius,</strong></span> <span class='ocrx_word' id='word_1_387' title='bbox 2916 2174 3160 2243; x_wconf 90' lang='lat' dir='ltr'><strong>spiritum</strong></span> <span class='ocrx_word' id='word_1_388' title='bbox 3188 2173 3334 2237; x_wconf 85' lang='lat' dir='ltr'><strong>dicit,</strong></span> <span class='ocrx_word' id='word_1_389' title='bbox 3371 2173 3594 2241; x_wconf 87' lang='lat' dir='ltr'><strong>percipe</strong></span> 
     </span>
    </p>
   </div>
   <div class='ocr_carea' id='block_1_52' title="bbox 2033 2264 3595 2338">
    <p class='ocr_par' dir='ltr' id='par_1_52' title="bbox 2033 2264 3595 2338">
     <span class='ocr_line' id='line_1_52' title="bbox 2033 2264 3595 2338; baseline -0.005 -15"><span class='ocrx_word' id='word_1_390' title='bbox 2033 2271 2345 2338; x_wconf 88' lang='lat' dir='ltr'><strong>scriptorem</strong></span> <span class='ocrx_word' id='word_1_391' title='bbox 2371 2269 2646 2337; x_wconf 91' lang='lat' dir='ltr'><strong>portiones</strong></span> <span class='ocrx_word' id='word_1_392' title='bbox 2682 2267 2776 2321; x_wconf 90' lang='lat' dir='ltr'><strong>tibi</strong></span> <span class='ocrx_word' id='word_1_393' title='bbox 2812 2265 2995 2320; x_wconf 90' lang='lat' dir='ltr'><strong>mundi</strong></span> <span class='ocrx_word' id='word_1_394' title='bbox 3024 2264 3255 2332; x_wconf 84' lang='lat' dir='ltr'><strong>singulas</strong></span> <span class='ocrx_word' id='word_1_395' title='bbox 3279 2277 3595 2317; x_wconf 87' lang='lat' dir='ltr'><strong>enumeran-</strong></span> 
     </span>
    </p>
   </div>
   <div class='ocr_carea' id='block_1_53' title="bbox 2035 2355 3592 2424">
    <p class='ocr_par' dir='ltr' id='par_1_53' title="bbox 2035 2355 3592 2424">
     <span class='ocr_line' id='line_1_53' title="bbox 2035 2355 3592 2424; baseline -0.004 -12"><span class='ocrx_word' id='word_1_396' title='bbox 2035 2368 2173 2424; x_wconf 89' lang='lat' dir='ltr'><strong>tem;</strong></span> <span class='ocrx_word' id='word_1_397' title='bbox 2235 2373 2358 2412; x_wconf 90' lang='lat' dir='ltr'><strong>nam</strong></span> <span class='ocrx_word' id='word_1_398' title='bbox 2415 2356 2605 2412; x_wconf 86' lang='lat' dir='ltr'><strong>fecisse</strong></span> <span class='ocrx_word' id='word_1_399' title='bbox 2650 2357 2816 2410; x_wconf 90' lang='lat' dir='ltr'><strong>Deum</strong></span> <span class='ocrx_word' id='word_1_400' title='bbox 2857 2355 2986 2409; x_wconf 88' lang='lat' dir='ltr'><strong>dicit</strong></span> <span class='ocrx_word' id='word_1_401' title='bbox 3031 2355 3220 2409; x_wconf 78' lang='lat' dir='ltr'><strong>omium</strong></span> <span class='ocrx_word' id='word_1_402' title='bbox 3270 2362 3324 2406; x_wconf 92' lang='lat' dir='ltr'><strong>et</strong></span> <span class='ocrx_word' id='word_1_403' title='bbox 3369 2361 3592 2418; x_wconf 87' lang='lat' dir='ltr'><strong>terram,</strong></span> 
     </span>
    </p>
   </div>
   <div class='ocr_carea' id='block_1_54' title="bbox 2034 2444 3593 2519">
    <p class='ocr_par' dir='ltr' id='par_1_54' title="bbox 2034 2444 3593 2519">
     <span class='ocr_line' id='line_1_54' title="bbox 2034 2444 3593 2519; baseline -0.005 -15"><span class='ocrx_word' id='word_1_404' title='bbox 2034 2465 2223 2519; x_wconf 90' lang='lat' dir='ltr'><strong>aquam</strong></span> <span class='ocrx_word' id='word_1_405' title='bbox 2271 2457 2326 2504; x_wconf 92' lang='lat' dir='ltr'><strong>et</strong></span> <span class='ocrx_word' id='word_1_406' title='bbox 2369 2463 2584 2514; x_wconf 90' lang='lat' dir='ltr'><strong>aerem,</strong></span> <span class='ocrx_word' id='word_1_407' title='bbox 2633 2449 2774 2502; x_wconf 91' lang='lat' dir='ltr'><strong>hunc</strong></span> <span class='ocrx_word' id='word_1_408' title='bbox 2817 2446 3072 2514; x_wconf 89' lang='lat' dir='ltr'><strong>liquidum</strong></span> <span class='ocrx_word' id='word_1_409' title='bbox 3113 2454 3274 2514; x_wconf 87' lang='lat' dir='ltr'><strong>atque</strong></span> <span class='ocrx_word' id='word_1_410' title='bbox 3300 2444 3593 2510; x_wconf 79' lang='lat' dir='ltr'><strong>diffusum;</strong></span> 
     </span>
    </p>
   </div>
   <div class='ocr_carea' id='block_1_55' title="bbox 2033 2531 3596 2607">
    <p class='ocr_par' dir='ltr' id='par_1_55' title="bbox 2033 2531 3596 2607">
     <span class='ocr_line' id='line_1_55' title="bbox 2033 2531 3596 2607; baseline -0.003 -14"><span class='ocrx_word' id='word_1_411' title='bbox 2033 2540 2164 2603; x_wconf 88' lang='lat' dir='ltr'><strong>sive,</strong></span> <span class='ocrx_word' id='word_1_412' title='bbox 2182 2541 2207 2575; x_wconf 74' lang='grc' dir='ltr'>α</span> <span class='ocrx_word' id='word_1_413' title='bbox 2224 2537 2366 2607; x_wconf 90' lang='lat' dir='ltr'><strong>quod</strong></span> <span class='ocrx_word' id='word_1_414' title='bbox 2384 2553 2568 2592; x_wconf 89' lang='lat' dir='ltr'><strong>verum</strong></span> <span class='ocrx_word' id='word_1_415' title='bbox 2589 2537 2756 2605; x_wconf 86' lang='lat' dir='ltr'><strong>magis</strong></span> <span class='ocrx_word' id='word_1_416' title='bbox 2775 2536 3040 2599; x_wconf 82' lang='lat' dir='ltr'><strong>existimo,</strong></span> <span class='ocrx_word' id='word_1_417' title='bbox 3055 2534 3256 2603; x_wconf 85' lang='lat' dir='ltr'><strong>etquod</strong></span> <span class='ocrx_word' id='word_1_418' title='bbox 3270 2531 3451 2601; x_wconf 89' lang='lat' dir='ltr'><strong>bisqui</strong></span> <span class='ocrx_word' id='word_1_419' title='bbox 3465 2541 3596 2588; x_wconf 84' lang='lat' dir='ltr'><strong>ante</strong></span> 
     </span>
    </p>
   </div>
   <div class='ocr_carea' id='block_1_56' title="bbox 2033 2619 3594 2696">
    <p class='ocr_par' dir='ltr' id='par_1_56' title="bbox 2033 2619 3594 2696">
     <span class='ocr_line' id='line_1_56' title="bbox 2033 2619 3594 2696; baseline -0.004 -15"><span class='ocrx_word' id='word_1_420' title='bbox 2033 2644 2132 2681; x_wconf 87' lang='lat' dir='ltr'><strong>nos</strong></span> <span class='ocrx_word' id='word_1_421' title='bbox 2159 2627 2306 2682; x_wconf 84' lang='lat' dir='ltr'><strong>fuere</strong></span> <span class='ocrx_word' id='word_1_422' title='bbox 2350 2627 2632 2696; x_wconf 89' lang='lat' dir='ltr'><strong>probatum</strong></span> <span class='ocrx_word' id='word_1_423' title='bbox 2671 2633 2780 2691; x_wconf 89' lang='lat' dir='ltr'><strong>est,</strong></span> <span class='ocrx_word' id='word_1_424' title='bbox 2827 2624 3081 2692; x_wconf 86' lang='lat' dir='ltr'><strong>Spiritum</strong></span> <span class='ocrx_word' id='word_1_425' title='bbox 3110 2624 3204 2678; x_wconf 92' lang='lat' dir='ltr'><strong>Dei</strong></span> <span class='ocrx_word' id='word_1_426' title='bbox 3231 2622 3396 2686; x_wconf 88' lang='lat' dir='ltr'><strong>dicit,</strong></span> <span class='ocrx_word' id='word_1_427' title='bbox 3426 2619 3479 2675; x_wconf 90' lang='lat' dir='ltr'><strong>id</strong></span> <span class='ocrx_word' id='word_1_428' title='bbox 3508 2630 3594 2676; x_wconf 75' lang='lat' dir='ltr'><strong>est</strong></span> 
     </span>
    </p>
   </div>
   <div class='ocr_carea' id='block_1_57' title="bbox 2033 2712 3596 2782">
    <p class='ocr_par' dir='ltr' id='par_1_57' title="bbox 2033 2712 3596 2782">
     <span class='ocr_line' id='line_1_57' title="bbox 2033 2712 3596 2782; baseline -0.004 -10"><span class='ocrx_word' id='word_1_429' title='bbox 2033 2726 2294 2773; x_wconf 89' lang='lat' dir='ltr'><strong>sanctum.</strong></span> <span class='ocrx_word' id='word_1_430' title='bbox 2337 2716 2646 2770; x_wconf 84' lang='lat' dir='ltr'><strong>Reservavit</strong></span> <span class='ocrx_word' id='word_1_431' title='bbox 2684 2715 2824 2769; x_wconf 90' lang='lat' dir='ltr'><strong>enim</strong></span> <span class='ocrx_word' id='word_1_432' title='bbox 2869 2713 3168 2782; x_wconf 81' lang='lat' dir='ltr'><strong>Scriptura,</strong></span> <span class='ocrx_word' id='word_1_433' title='bbox 3194 2719 3254 2766; x_wconf 91' lang='lat' dir='ltr'><strong>ut</strong></span> <span class='ocrx_word' id='word_1_434' title='bbox 3271 2712 3596 2781; x_wconf 61' lang='lat' dir='ltr'><strong>praecipuam</strong></span> 
     </span>
    </p>
   </div>
   <div class='ocr_carea' id='block_1_58' title="bbox 2036 2802 3590 2874">
    <p class='ocr_par' dir='ltr' id='par_1_58' title="bbox 2036 2802 3590 2874">
     <span class='ocr_line' id='line_1_58' title="bbox 2036 2802 3590 2874; baseline -0.005 -12"><span class='ocrx_word' id='word_1_435' title='bbox 2036 2806 2191 2873; x_wconf 86' lang='lat' dir='ltr'><strong>hujus</strong></span> <span class='ocrx_word' id='word_1_436' title='bbox 2218 2812 2585 2874; x_wconf 90' lang='lat' dir='ltr'><strong>competenter</strong></span> <span class='ocrx_word' id='word_1_437' title='bbox 2629 2805 2951 2858; x_wconf 90' lang='lat' dir='ltr'><strong>mentionem</strong></span> <span class='ocrx_word' id='word_1_438' title='bbox 2995 2803 3224 2857; x_wconf 90' lang='lat' dir='ltr'><strong>nominis</strong></span> <span class='ocrx_word' id='word_1_439' title='bbox 3253 2802 3590 2856; x_wconf 88' lang='lat' dir='ltr'><strong>declararet:</strong></span> 
     </span>
    </p>
   </div>
   <div class='ocr_carea' id='block_1_59' title="bbox 2035 2892 3591 2962">
    <p class='ocr_par' dir='ltr' id='par_1_59' title="bbox 2035 2892 3591 2962">
     <span class='ocr_line' id='line_1_59' title="bbox 2035 2892 3591 2962; baseline -0.003 -13"><span class='ocrx_word' id='word_1_440' title='bbox 2035 2897 2341 2962; x_wconf 84' lang='lat' dir='ltr'><strong>nullumque</strong></span> <span class='ocrx_word' id='word_1_441' title='bbox 2381 2894 2541 2948; x_wconf 91' lang='lat' dir='ltr'><strong>alium</strong></span> <span class='ocrx_word' id='word_1_442' title='bbox 2571 2895 2813 2962; x_wconf 87' lang='lat' dir='ltr'><strong>spiritum</strong></span> <span class='ocrx_word' id='word_1_443' title='bbox 2840 2893 3037 2947; x_wconf 90' lang='lat' dir='ltr'><strong>dictum</strong></span> <span class='ocrx_word' id='word_1_444' title='bbox 3066 2893 3320 2947; x_wconf 86' lang='lat' dir='ltr'><strong>debemus</strong></span> <span class='ocrx_word' id='word_1_445' title='bbox 3349 2892 3591 2957; x_wconf 89' lang='lat' dir='ltr'><strong>credere,</strong></span> 
     </span>
    </p>
   </div>
   <div class='ocr_carea' id='block_1_60' title="bbox 2035 2980 3592 3052">
    <p class='ocr_par' dir='ltr' id='par_1_60' title="bbox 2035 2980 3592 3052">
     <span class='ocr_line' id='line_1_60' title="bbox 2035 2980 3592 3052; baseline -0.002 -13"><span class='ocrx_word' id='word_1_446' title='bbox 2035 2986 2135 3039; x_wconf 85' lang='lat' dir='ltr'><strong>nisi</strong></span> <span class='ocrx_word' id='word_1_447' title='bbox 2165 2988 2435 3047; x_wconf 56' lang='lat' dir='ltr'><strong>sanctuilu</strong></span> <span class='ocrx_word' id='word_1_448' title='bbox 2455 2984 2544 3052; x_wconf 91' lang='lat' dir='ltr'><strong>qui</strong></span> <span class='ocrx_word' id='word_1_449' title='bbox 2565 2984 2736 3037; x_wconf 57' lang='lat' dir='ltr'><strong>beata</strong></span> <span class='ocrx_word' id='word_1_450' title='bbox 2765 2999 2828 3037; x_wconf 93' lang='lat' dir='ltr'><strong>ac</strong></span> <span class='ocrx_word' id='word_1_451' title='bbox 2851 2980 3167 3038; x_wconf 60' lang='lat' dir='ltr'><strong>Venerabilis</strong></span> <span class='ocrx_word' id='word_1_452' title='bbox 3198 2982 3472 3037; x_wconf 87' lang='lat' dir='ltr'><strong>Trinitatis</strong></span> <span class='ocrx_word' id='word_1_453' title='bbox 3491 2997 3592 3036; x_wconf 78' lang='lat' dir='ltr'><strong>ex-</strong></span> 
     </span>
    </p>
   </div>
   <div class='ocr_carea' id='block_1_61' title="bbox 375 3066 3592 3146">
    <p class='ocr_par' dir='ltr' id='par_1_61' title="bbox 375 3066 3592 3146">
     <span class='ocr_line' id='line_1_61' title="bbox 375 3066 3592 3146; baseline -0 -21"><span class='ocrx_word' id='word_1_454' title='bbox 375 3071 462 3125; x_wconf 87' lang='lat' dir='ltr'><strong>vel</strong></span> <span class='ocrx_word' id='word_1_455' title='bbox 482 3073 526 3126; x_wconf 90' lang='lat' dir='ltr'><strong>si</strong></span> <span class='ocrx_word' id='word_1_456' title='bbox 554 3074 678 3142; x_wconf 91' lang='lat' dir='ltr'><strong>quid</strong></span> <span class='ocrx_word' id='word_1_457' title='bbox 705 3082 786 3127; x_wconf 92' lang='lat' dir='ltr'><strong>est</strong></span> <span class='ocrx_word' id='word_1_458' title='bbox 815 3075 1169 3139; x_wconf 90' lang='lat' dir='ltr'><strong>nominatum,</strong></span> <span class='ocrx_word' id='word_1_459' title='bbox 1219 3085 1312 3130; x_wconf 90' lang='lat' dir='ltr'><strong>aut</strong></span> <span class='ocrx_word' id='word_1_460' title='bbox 1351 3077 1802 3146; x_wconf 88' lang='lat' dir='ltr'><strong>incompellabile,</strong></span> <span class='ocrx_word' id='word_1_461' title='bbox 1844 3087 1936 3132; x_wconf 91' lang='lat' dir='ltr'><strong>aut</strong></span> <span class='ocrx_word' id='word_1_462' title='bbox 1960 3067 2000 3126; x_wconf 91' lang='lat' dir='ltr'><strong>C</strong></span> <span class='ocrx_word' id='word_1_463' title='bbox 2036 3077 2211 3144; x_wconf 90' lang='lat' dir='ltr'><strong>pletor</strong></span> <span class='ocrx_word' id='word_1_464' title='bbox 2239 3083 2322 3129; x_wconf 91' lang='lat' dir='ltr'><strong>est</strong></span> <span class='ocrx_word' id='word_1_465' title='bbox 2342 3113 2359 3138; x_wconf 96' lang='lat'><strong>,</strong></span> <span class='ocrx_word' id='word_1_466' title='bbox 2389 3085 2444 3128; x_wconf 90' lang='lat' dir='ltr'><strong>et</strong></span> <span class='ocrx_word' id='word_1_467' title='bbox 2470 3075 2610 3126; x_wconf 93' lang='lat' dir='ltr'><strong>hunc</strong></span> <span class='ocrx_word' id='word_1_468' title='bbox 2636 3073 2964 3126; x_wconf 88' lang='lat' dir='ltr'><strong>intellectum</strong></span> <span class='ocrx_word' id='word_1_469' title='bbox 2992 3072 3208 3140; x_wconf 90' lang='lat' dir='ltr'><strong>capiens</strong></span> <span class='ocrx_word' id='word_1_470' title='bbox 3229 3111 3244 3135; x_wconf 93' lang='lat'><strong>,</strong></span> <span class='ocrx_word' id='word_1_471' title='bbox 3293 3071 3466 3138; x_wconf 87' lang='lat' dir='ltr'><strong>majus</strong></span> <span class='ocrx_word' id='word_1_472' title='bbox 3496 3066 3592 3134; x_wconf 71' lang='lat' dir='ltr'><strong>tibi</strong></span> 
     </span>
    </p>
   </div>
   <div class='ocr_carea' id='block_1_62' title="bbox 379 3161 1933 3235">
    <p class='ocr_par' dir='ltr' id='par_1_62' title="bbox 379 3161 1933 3235">
     <span class='ocr_line' id='line_1_62' title="bbox 379 3161 1933 3235; baseline 0.003 -19"><span class='ocrx_word' id='word_1_473' title='bbox 379 3161 553 3229; x_wconf 83' lang='lat' dir='ltr'><strong>aliqua</strong></span> <span class='ocrx_word' id='word_1_474' title='bbox 600 3163 928 3217; x_wconf 88' lang='lat' dir='ltr'><strong>rationabilis</strong></span> <span class='ocrx_word' id='word_1_475' title='bbox 973 3165 1161 3229; x_wconf 88' lang='lat' dir='ltr'><strong>virtus,</strong></span> <span class='ocrx_word' id='word_1_476' title='bbox 1202 3165 1286 3218; x_wconf 85' lang='lat' dir='ltr'><strong>vel</strong></span> <span class='ocrx_word' id='word_1_477' title='bbox 1334 3166 1658 3220; x_wconf 81' lang='lat' dir='ltr'><strong>ministratur</strong></span> <span class='ocrx_word' id='word_1_478' title='bbox 1696 3167 1933 3235; x_wconf 84' lang='lat' dir='ltr'><strong>spiritus,</strong></span> 
     </span>
    </p>
   </div>
   <div class='ocr_carea' id='block_1_63' title="bbox 374 3253 1933 3322">
    <p class='ocr_par' dir='ltr' id='par_1_63' title="bbox 374 3253 1933 3322">
     <span class='ocr_line' id='line_1_63' title="bbox 374 3253 1933 3322; baseline 0.005 -18"><span class='ocrx_word' id='word_1_479' title='bbox 374 3253 566 3320; x_wconf 89' lang='lat' dir='ltr'><strong>degere</strong></span> <span class='ocrx_word' id='word_1_480' title='bbox 595 3262 773 3322; x_wconf 86' lang='lat' dir='ltr'><strong>posset</strong></span> <span class='ocrx_word' id='word_1_481' title='bbox 801 3255 852 3307; x_wconf 93' lang='lat' dir='ltr'><strong>in</strong></span> <span class='ocrx_word' id='word_1_482' title='bbox 885 3256 1146 3320; x_wconf 90' lang='lat' dir='ltr'><strong>tenebris,</strong></span> <span class='ocrx_word' id='word_1_483' title='bbox 1178 3256 1270 3310; x_wconf 90' lang='lat' dir='ltr'><strong>sed</strong></span> <span class='ocrx_word' id='word_1_484' title='bbox 1299 3256 1352 3309; x_wconf 94' lang='lat' dir='ltr'><strong>in</strong></span> <span class='ocrx_word' id='word_1_485' title='bbox 1377 3257 1525 3319; x_wconf 92' lang='lat' dir='ltr'><strong>luce,</strong></span> <span class='ocrx_word' id='word_1_486' title='bbox 1557 3264 1612 3311; x_wconf 88' lang='lat' dir='ltr'><strong>et</strong></span> <span class='ocrx_word' id='word_1_487' title='bbox 1641 3257 1817 3311; x_wconf 61' lang='lat' dir='ltr'><strong>laetitia</strong></span> <span class='ocrx_word' id='word_1_488' title='bbox 1838 3258 1933 3312; x_wconf 87' lang='lat' dir='ltr'><strong>de-</strong></span> 
     </span>
    </p>
   </div>
   <div class='ocr_carea' id='block_1_64' title="bbox 373 3343 1936 3414">
    <p class='ocr_par' dir='ltr' id='par_1_64' title="bbox 373 3343 1936 3414">
     <span class='ocr_line' id='line_1_64' title="bbox 373 3343 1936 3414; baseline 0.003 -19"><span class='ocrx_word' id='word_1_489' title='bbox 373 3352 586 3395; x_wconf 84' lang='lat' dir='ltr'><strong>centem</strong></span> <span class='ocrx_word' id='word_1_490' title='bbox 615 3343 714 3396; x_wconf 92' lang='lat' dir='ltr'><strong>sibi</strong></span> <span class='ocrx_word' id='word_1_491' title='bbox 742 3343 977 3396; x_wconf 88' lang='lat' dir='ltr'><strong>habitum</strong></span> <span class='ocrx_word' id='word_1_492' title='bbox 998 3344 1318 3413; x_wconf 84' lang='lat' dir='ltr'><strong>possidebat.</strong></span> <span class='ocrx_word' id='word_1_493' title='bbox 1351 3345 1427 3399; x_wconf 93' lang='lat' dir='ltr'><strong>De</strong></span> <span class='ocrx_word' id='word_1_494' title='bbox 1453 3361 1557 3414; x_wconf 91' lang='lat' dir='ltr'><strong>qua</strong></span> <span class='ocrx_word' id='word_1_495' title='bbox 1584 3361 1642 3400; x_wconf 89' lang='lat' dir='ltr'><strong>re</strong></span> <span class='ocrx_word' id='word_1_496' title='bbox 1670 3347 1936 3402; x_wconf 91' lang='lat' dir='ltr'><strong>neminem</strong></span> 
     </span>
    </p>
   </div>
   <div class='ocr_carea' id='block_1_65' title="bbox 373 3433 1937 3503">
    <p class='ocr_par' dir='ltr' id='par_1_65' title="bbox 373 3433 1937 3503">
     <span class='ocr_line' id='line_1_65' title="bbox 373 3433 1937 3503; baseline 0.005 -20"><span class='ocrx_word' id='word_1_497' title='bbox 373 3440 504 3502; x_wconf 87' lang='lat' dir='ltr'><strong>puto</strong></span> <span class='ocrx_word' id='word_1_498' title='bbox 565 3433 1034 3491; x_wconf 80' lang='lat' dir='ltr'><strong>contradicturum.</strong></span> <span class='ocrx_word' id='word_1_499' title='bbox 1113 3435 1359 3503; x_wconf 87' lang='lat' dir='ltr'><strong>Quisquis</strong></span> <span class='ocrx_word' id='word_1_500' title='bbox 1401 3450 1528 3503; x_wconf 85' lang='lat' dir='ltr'><strong>ergo</strong></span> <span class='ocrx_word' id='word_1_501' title='bbox 1577 3438 1753 3490; x_wconf 87' lang='lat' dir='ltr'><strong>lumen</strong></span> <span class='ocrx_word' id='word_1_502' title='bbox 1812 3437 1937 3491; x_wconf 90' lang='lat' dir='ltr'><strong>illud</strong></span> 
     </span>
    </p>
   </div>
   <div class='ocr_carea' id='block_1_66' title="bbox 373 3519 1937 3595">
    <p class='ocr_par' dir='ltr' id='par_1_66' title="bbox 373 3519 1937 3595">
     <span class='ocr_line' id='line_1_66' title="bbox 373 3519 1937 3595; baseline 0.006 -22"><span class='ocrx_word' id='word_1_503' title='bbox 373 3519 515 3589; x_wconf 85' lang='lat' dir='ltr'><strong>quod</strong></span> <span class='ocrx_word' id='word_1_504' title='bbox 565 3537 725 3591; x_wconf 91' lang='lat' dir='ltr'><strong>super</strong></span> <span class='ocrx_word' id='word_1_505' title='bbox 769 3523 933 3578; x_wconf 66' lang='lat' dir='ltr'><strong>caelos</strong></span> <span class='ocrx_word' id='word_1_506' title='bbox 974 3532 1056 3578; x_wconf 82' lang='lat' dir='ltr'><strong>est</strong></span> <span class='ocrx_word' id='word_1_507' title='bbox 1101 3524 1154 3578; x_wconf 91' lang='lat' dir='ltr'><strong>in</strong></span> <span class='ocrx_word' id='word_1_508' title='bbox 1199 3525 1461 3580; x_wconf 90' lang='lat' dir='ltr'><strong>bonorum</strong></span> <span class='ocrx_word' id='word_1_509' title='bbox 1501 3527 1937 3595; x_wconf 89' lang='lat' dir='ltr'><strong>promissionibus</strong></span> 
     </span>
    </p>
   </div>
   <div class='ocr_carea' id='block_1_67' title="bbox 376 3611 1936 3686">
    <p class='ocr_par' dir='ltr' id='par_1_67' title="bbox 376 3611 1936 3686">
     <span class='ocr_line' id='line_1_67' title="bbox 376 3611 1936 3686; baseline 0.004 -22"><span class='ocrx_word' id='word_1_510' title='bbox 376 3612 652 3679; x_wconf 84' lang='lat' dir='ltr'><strong>opperitur</strong></span> <span class='ocrx_word' id='word_1_511' title='bbox 671 3653 686 3676; x_wconf 91' lang='lat'><strong>,</strong></span> <span class='ocrx_word' id='word_1_512' title='bbox 717 3611 783 3666; x_wconf 93' lang='lat' dir='ltr'><strong>de</strong></span> <span class='ocrx_word' id='word_1_513' title='bbox 811 3627 916 3681; x_wconf 90' lang='lat' dir='ltr'><strong>quo</strong></span> <span class='ocrx_word' id='word_1_514' title='bbox 945 3613 1196 3668; x_wconf 92' lang='lat' dir='ltr'><strong>Salomon</strong></span> <span class='ocrx_word' id='word_1_515' title='bbox 1224 3615 1350 3668; x_wconf 92' lang='lat' dir='ltr'><strong>dicit</strong></span> <span class='ocrx_word' id='word_1_516' title='bbox 1374 3633 1386 3667; x_wconf 91' lang='lat'>:</span> <span class='ocrx_word' id='word_1_517' title='bbox 1419 3614 1532 3668; x_wconf 78' lang='lat' dir='ltr'><strong>Lua:</strong></span> <span class='ocrx_word' id='word_1_518' title='bbox 1554 3617 1709 3685; x_wconf 87' lang='lat' dir='ltr'><strong>justis</strong></span> <span class='ocrx_word' id='word_1_519' title='bbox 1738 3632 1936 3686; x_wconf 81' lang='lat' dir='ltr'><strong>semper</strong></span> 
     </span>
    </p>
   </div>
   <div class='ocr_carea' id='block_1_68' title="bbox 373 3699 1934 3777">
    <p class='ocr_par' dir='ltr' id='par_1_68' title="bbox 373 3699 1934 3777">
     <span class='ocr_line' id='line_1_68' title="bbox 373 3699 1934 3777; baseline 0.006 -25"><span class='ocrx_word' id='word_1_520' title='bbox 373 3699 552 3768; x_wconf 83' lang='lat' dir='ltr'><strong>(Prov.</strong></span> <span class='ocrx_word' id='word_1_521' title='bbox 586 3718 694 3766; x_wconf 83' lang='lat' dir='ltr'><strong>xm,</strong></span> <span class='ocrx_word' id='word_1_522' title='bbox 719 3701 793 3772; x_wconf 84' lang='lat'><strong>9).</strong></span> <span class='ocrx_word' id='word_1_523' title='bbox 818 3703 884 3757; x_wconf 89' lang='lat' dir='ltr'><strong>Et</strong></span> <span class='ocrx_word' id='word_1_524' title='bbox 916 3704 1201 3773; x_wconf 90' lang='lat' dir='ltr'><strong>Apostolus</strong></span> <span class='ocrx_word' id='word_1_525' title='bbox 1225 3723 1237 3758; x_wconf 89' lang='lat'><strong>:</strong></span> <span class='ocrx_word' id='word_1_526' title='bbox 1273 3703 1478 3760; x_wconf 77' lang='lat' dir='ltr'><strong>Gratias</strong></span> <span class='ocrx_word' id='word_1_527' title='bbox 1522 3714 1728 3777; x_wconf 81' lang='lat' dir='ltr'><strong>agentes</strong></span> <span class='ocrx_word' id='word_1_528' title='bbox 1757 3706 1866 3762; x_wconf 89' lang='lat' dir='ltr'><strong>Deo</strong></span> <span class='ocrx_word' id='word_1_529' title='bbox 1885 3717 1934 3761; x_wconf 88' lang='lat' dir='ltr'><strong>et</strong></span> 
     </span>
    </p>
   </div>
   <div class='ocr_carea' id='block_1_69' title="bbox 373 3787 1932 3864">
    <p class='ocr_par' dir='ltr' id='par_1_69' title="bbox 373 3787 1932 3864">
     <span class='ocr_line' id='line_1_69' title="bbox 373 3787 1932 3864; baseline 0.005 -22"><span class='ocrx_word' id='word_1_530' title='bbox 373 3787 556 3851; x_wconf 84' lang='lat' dir='ltr'><strong>Patri,</strong></span> <span class='ocrx_word' id='word_1_531' title='bbox 579 3794 663 3860; x_wconf 83' lang='lat' dir='ltr'><strong>qui</strong></span> <span class='ocrx_word' id='word_1_532' title='bbox 699 3809 792 3845; x_wconf 86' lang='lat' dir='ltr'><strong>nos</strong></span> <span class='ocrx_word' id='word_1_533' title='bbox 822 3795 942 3862; x_wconf 82' lang='lat' dir='ltr'><strong>fecit</strong></span> <span class='ocrx_word' id='word_1_534' title='bbox 973 3795 1186 3848; x_wconf 82' lang='lat' dir='ltr'><strong>idoneos</strong></span> <span class='ocrx_word' id='word_1_535' title='bbox 1209 3796 1261 3847; x_wconf 88' lang='lat' dir='ltr'><strong>in</strong></span> <span class='ocrx_word' id='word_1_536' title='bbox 1288 3797 1522 3864; x_wconf 87' lang='lat' dir='ltr'><strong>portione</strong></span> <span class='ocrx_word' id='word_1_537' title='bbox 1549 3799 1699 3850; x_wconf 83' lang='lat' dir='ltr'><strong>sortis</strong></span> <span class='ocrx_word' id='word_1_538' title='bbox 1727 3805 1932 3850; x_wconf 86' lang='lat' dir='ltr'><strong>sancto.-</strong></span> 
     </span>
    </p>
   </div>
   <div class='ocr_carea' id='block_1_70' title="bbox 372 3879 1930 3952">
    <p class='ocr_par' dir='ltr' id='par_1_70' title="bbox 372 3879 1930 3952">
     <span class='ocr_line' id='line_1_70' title="bbox 372 3879 1930 3952; baseline 0.008 -24"><span class='ocrx_word' id='word_1_539' title='bbox 372 3893 487 3929; x_wconf 87' lang='lat' dir='ltr'><strong>rum</strong></span> <span class='ocrx_word' id='word_1_540' title='bbox 513 3880 567 3931; x_wconf 90' lang='lat' dir='ltr'><strong>in</strong></span> <span class='ocrx_word' id='word_1_541' title='bbox 598 3879 706 3933; x_wconf 86' lang='lat' dir='ltr'><strong>luce</strong></span> <span class='ocrx_word' id='word_1_542' title='bbox 747 3880 880 3951; x_wconf 82' lang='lat' dir='ltr'><strong>(Col.</strong></span> <span class='ocrx_word' id='word_1_543' title='bbox 905 3898 942 3948; x_wconf 85' lang='lat'><strong>1,</strong></span> <span class='ocrx_word' id='word_1_544' title='bbox 976 3882 1085 3952; x_wconf 72' lang='grc'><strong>12).</strong></span> <span class='ocrx_word' id='word_1_545' title='bbox 1136 3883 1191 3937; x_wconf 91' lang='lat' dir='ltr'><strong>Si</strong></span> <span class='ocrx_word' id='word_1_546' title='bbox 1239 3885 1380 3938; x_wconf 90' lang='lat' dir='ltr'><strong>enim</strong></span> <span class='ocrx_word' id='word_1_547' title='bbox 1427 3885 1662 3938; x_wconf 88' lang='lat' dir='ltr'><strong>damnati</strong></span> <span class='ocrx_word' id='word_1_548' title='bbox 1695 3886 1747 3938; x_wconf 90' lang='lat' dir='ltr'><strong>in</strong></span> <span class='ocrx_word' id='word_1_549' title='bbox 1777 3894 1930 3940; x_wconf 90' lang='lat' dir='ltr'><strong>tene-</strong></span> 
     </span>
    </p>
   </div>
   <div class='ocr_carea' id='block_1_71' title="bbox 372 3963 1934 4042">
    <p class='ocr_par' dir='ltr' id='par_1_71' title="bbox 372 3963 1934 4042">
     <span class='ocr_line' id='line_1_71' title="bbox 372 3963 1934 4042; baseline 0.008 -25"><span class='ocrx_word' id='word_1_550' title='bbox 372 3965 497 4019; x_wconf 90' lang='lat' dir='ltr'><strong>bras</strong></span> <span class='ocrx_word' id='word_1_551' title='bbox 520 3967 733 4022; x_wconf 88' lang='lat' dir='ltr'><strong>ultimas</strong></span> <span class='ocrx_word' id='word_1_552' title='bbox 772 3970 1068 4037; x_wconf 90' lang='lat' dir='ltr'><strong>abigantur,</strong></span> <span class='ocrx_word' id='word_1_553' title='bbox 1114 3973 1167 4025; x_wconf 89' lang='lat' dir='ltr'><strong>hi</strong></span> <span class='ocrx_word' id='word_1_554' title='bbox 1208 3963 1298 4040; x_wconf 84' lang='lat' dir='ltr'><strong>qui</strong></span> <span class='ocrx_word' id='word_1_555' title='bbox 1327 3974 1806 4028; x_wconf 89' lang='lat' dir='ltr'><strong>remunerationem</strong></span> <span class='ocrx_word' id='word_1_556' title='bbox 1835 3989 1934 4042; x_wconf 89' lang='lat' dir='ltr'><strong>pro</strong></span> 
     </span>
    </p>
   </div>
   <div class='ocr_carea' id='block_1_72' title="bbox 372 4054 1931 4128">
    <p class='ocr_par' dir='ltr' id='par_1_72' title="bbox 372 4054 1931 4128">
     <span class='ocr_line' id='line_1_72' title="bbox 372 4054 1931 4128; baseline 0.006 -20"><span class='ocrx_word' id='word_1_557' title='bbox 372 4054 544 4121; x_wconf 80' lang='lat' dir='ltr'><strong>dignis</strong></span> <span class='ocrx_word' id='word_1_558' title='bbox 570 4059 820 4126; x_wconf 90' lang='lat' dir='ltr'><strong>operibus</strong></span> <span class='ocrx_word' id='word_1_559' title='bbox 848 4061 1253 4128; x_wconf 74' lang='lat' dir='ltr'><strong>praestolamur,</strong></span> <span class='ocrx_word' id='word_1_560' title='bbox 1285 4063 1336 4116; x_wconf 93' lang='lat' dir='ltr'><strong>in</strong></span> <span class='ocrx_word' id='word_1_561' title='bbox 1367 4077 1430 4116; x_wconf 87' lang='lat' dir='ltr'><strong>ea</strong></span> <span class='ocrx_word' id='word_1_562' title='bbox 1465 4064 1581 4117; x_wconf 91' lang='lat' dir='ltr'><strong>sine</strong></span> <span class='ocrx_word' id='word_1_563' title='bbox 1608 4063 1769 4117; x_wconf 90' lang='lat' dir='ltr'><strong>dubio</strong></span> <span class='ocrx_word' id='word_1_564' title='bbox 1794 4063 1931 4128; x_wconf 91' lang='lat' dir='ltr'><strong>luce,</strong></span> 
     </span>
    </p>
   </div>
   <div class='ocr_carea' id='block_1_73' title="bbox 371 4149 1932 4217">
    <p class='ocr_par' dir='ltr' id='par_1_73' title="bbox 371 4149 1932 4217">
     <span class='ocr_line' id='line_1_73' title="bbox 371 4149 1932 4217; baseline 0.008 -22"><span class='ocrx_word' id='word_1_565' title='bbox 371 4158 488 4210; x_wconf 73' lang='lat' dir='ltr'><strong>quas</strong></span> <span class='ocrx_word' id='word_1_566' title='bbox 513 4154 594 4198; x_wconf 92' lang='lat' dir='ltr'><strong>est</strong></span> <span class='ocrx_word' id='word_1_567' title='bbox 616 4154 766 4200; x_wconf 70' lang='lat' dir='ltr'><strong>ext—ra</strong></span> <span class='ocrx_word' id='word_1_568' title='bbox 788 4149 1058 4214; x_wconf 90' lang='lat' dir='ltr'><strong>mundum,</strong></span> <span class='ocrx_word' id='word_1_569' title='bbox 1075 4150 1264 4217; x_wconf 85' lang='lat' dir='ltr'><strong>quietis</strong></span> <span class='ocrx_word' id='word_1_570' title='bbox 1285 4151 1604 4207; x_wconf 89' lang='lat' dir='ltr'><strong>domicilium</strong></span> <span class='ocrx_word' id='word_1_571' title='bbox 1625 4155 1932 4208; x_wconf 90' lang='lat' dir='ltr'><strong>sortientur.</strong></span> 
     </span>
    </p>
   </div>
   <div class='ocr_carea' id='block_1_74' title="bbox 371 4231 1934 4312">
    <p class='ocr_par' dir='ltr' id='par_1_74' title="bbox 371 4231 1934 4312">
     <span class='ocr_line' id='line_1_74' title="bbox 371 4231 1934 4312; baseline 0.007 -25"><span class='ocrx_word' id='word_1_572' title='bbox 371 4231 536 4298; x_wconf 82' lang='lat' dir='ltr'><strong>igitur</strong></span> <span class='ocrx_word' id='word_1_573' title='bbox 567 4236 690 4302; x_wconf 92' lang='lat' dir='ltr'><strong>quia</strong></span> <span class='ocrx_word' id='word_1_574' title='bbox 731 4245 939 4291; x_wconf 91' lang='lat' dir='ltr'><strong>constat</strong></span> <span class='ocrx_word' id='word_1_575' title='bbox 982 4238 1178 4293; x_wconf 91' lang='lat' dir='ltr'><strong>factum</strong></span> <span class='ocrx_word' id='word_1_576' title='bbox 1213 4256 1328 4295; x_wconf 90' lang='lat' dir='ltr'><strong>esse</strong></span> <span class='ocrx_word' id='word_1_577' title='bbox 1357 4243 1548 4296; x_wconf 75' lang='lat' dir='ltr'><strong>coelum</strong></span> <span class='ocrx_word' id='word_1_578' title='bbox 1577 4245 1934 4312; x_wconf 73' lang='lat' dir='ltr'><strong>prmceptione</strong></span> 
     </span>
    </p>
   </div>
   <div class='ocr_carea' id='block_1_75' title="bbox 2036 3161 3594 3230">
    <p class='ocr_par' dir='ltr' id='par_1_75' title="bbox 2036 3161 3594 3230">
     <span class='ocr_line' id='line_1_75' title="bbox 2036 3161 3594 3230; baseline -0.002 -12"><span class='ocrx_word' id='word_1_579' title='bbox 2036 3164 2258 3220; x_wconf 90' lang='lat' dir='ltr'><strong>subinde</strong></span> <span class='ocrx_word' id='word_1_580' title='bbox 2279 3163 2613 3218; x_wconf 88' lang='lat' dir='ltr'><strong>commodum</strong></span> <span class='ocrx_word' id='word_1_581' title='bbox 2637 3161 2864 3216; x_wconf 89' lang='lat' dir='ltr'><strong>conferri</strong></span> <span class='ocrx_word' id='word_1_582' title='bbox 2885 3162 3134 3230; x_wconf 88' lang='lat' dir='ltr'><strong>reperies.</strong></span> <span class='ocrx_word' id='word_1_583' title='bbox 3167 3161 3442 3226; x_wconf 88' lang='lat' dir='ltr'><strong>Quomodo</strong></span> <span class='ocrx_word' id='word_1_584' title='bbox 3462 3174 3594 3228; x_wconf 83' lang='lat' dir='ltr'><strong>ergo</strong></span> 
     </span>
    </p>
   </div>
   <div class='ocr_carea' id='block_1_76' title="bbox 2039 3251 3592 3324">
    <p class='ocr_par' dir='ltr' id='par_1_76' title="bbox 2039 3251 3592 3324">
     <span class='ocr_line' id='line_1_76' title="bbox 2039 3251 3592 3324; baseline -0.002 -16"><span class='ocrx_word' id='word_1_585' title='bbox 2039 3256 2126 3310; x_wconf 90' lang='lat' dir='ltr'><strong>hic</strong></span> <span class='ocrx_word' id='word_1_586' title='bbox 2168 3255 2383 3324; x_wconf 90' lang='lat' dir='ltr'><strong>spiritus</strong></span> <span class='ocrx_word' id='word_1_587' title='bbox 2433 3255 2576 3324; x_wconf 78' lang='lat' dir='ltr'><strong>aquis</strong></span> <span class='ocrx_word' id='word_1_588' title='bbox 2634 3252 3080 3322; x_wconf 76' lang='lat' dir='ltr'><strong>superferebatur?</strong></span> <span class='ocrx_word' id='word_1_589' title='bbox 3134 3252 3304 3306; x_wconf 90' lang='lat' dir='ltr'><strong>dicam</strong></span> <span class='ocrx_word' id='word_1_590' title='bbox 3351 3251 3445 3305; x_wconf 90' lang='lat' dir='ltr'><strong>tibi</strong></span> <span class='ocrx_word' id='word_1_591' title='bbox 3482 3267 3592 3305; x_wconf 89' lang='lat' dir='ltr'><strong>non</strong></span> 
     </span>
    </p>
   </div>
   <div class='ocr_carea' id='block_1_77' title="bbox 2040 3339 3594 3410">
    <p class='ocr_par' dir='ltr' id='par_1_77' title="bbox 2040 3339 3594 3410">
     <span class='ocr_line' id='line_1_77' title="bbox 2040 3339 3594 3410; baseline -0.001 -13"><span class='ocrx_word' id='word_1_592' title='bbox 2040 3360 2218 3398; x_wconf 91' lang='lat' dir='ltr'><strong>meum</strong></span> <span class='ocrx_word' id='word_1_593' title='bbox 2238 3358 2557 3405; x_wconf 91' lang='lat' dir='ltr'><strong>sermonem,</strong></span> <span class='ocrx_word' id='word_1_594' title='bbox 2583 3342 2676 3396; x_wconf 91' lang='lat' dir='ltr'><strong>sed</strong></span> <span class='ocrx_word' id='word_1_595' title='bbox 2699 3343 2800 3396; x_wconf 86' lang='lat' dir='ltr'><strong>viri</strong></span> <span class='ocrx_word' id='word_1_596' title='bbox 2828 3342 3102 3410; x_wconf 91' lang='lat' dir='ltr'><strong>cujusdam</strong></span> <span class='ocrx_word' id='word_1_597' title='bbox 3130 3355 3324 3409; x_wconf 84' lang='lat' dir='ltr'><strong>genere</strong></span> <span class='ocrx_word' id='word_1_598' title='bbox 3345 3339 3486 3410; x_wconf 86' lang='lat' dir='ltr'><strong>Syri,</strong></span> <span class='ocrx_word' id='word_1_599' title='bbox 3501 3340 3594 3407; x_wconf 89' lang='lat' dir='ltr'><strong>qui</strong></span> 
     </span>
    </p>
   </div>
   <div class='ocr_carea' id='block_1_78' title="bbox 2042 3429 3593 3501">
    <p class='ocr_par' dir='ltr' id='par_1_78' title="bbox 2042 3429 3593 3501">
     <span class='ocr_line' id='line_1_78' title="bbox 2042 3429 3593 3501; baseline -0.004 -13"><span class='ocrx_word' id='word_1_600' title='bbox 2042 3443 2244 3488; x_wconf 90' lang='lat' dir='ltr'><strong>tantum</strong></span> <span class='ocrx_word' id='word_1_601' title='bbox 2269 3435 2453 3488; x_wconf 88' lang='lat' dir='ltr'><strong>aberat</strong></span> <span class='ocrx_word' id='word_1_602' title='bbox 2487 3449 2518 3486; x_wconf 91' lang='lat' dir='ltr'><strong>a</strong></span> <span class='ocrx_word' id='word_1_603' title='bbox 2545 3433 2804 3501; x_wconf 90' lang='lat' dir='ltr'><strong>sapientia</strong></span> <span class='ocrx_word' id='word_1_604' title='bbox 2837 3432 3014 3487; x_wconf 66' lang='lat' dir='ltr'><strong>saeculi</strong></span> <span class='ocrx_word' id='word_1_605' title='bbox 3041 3439 3296 3500; x_wconf 89' lang='lat' dir='ltr'><strong>quantum</strong></span> <span class='ocrx_word' id='word_1_606' title='bbox 3324 3444 3465 3484; x_wconf 74' lang='lat' dir='ltr'><strong>vene</strong></span> <span class='ocrx_word' id='word_1_607' title='bbox 3491 3429 3593 3484; x_wconf 84' lang='lat' dir='ltr'><strong>do-</strong></span> 
     </span>
    </p>
   </div>
   <div class='ocr_carea' id='block_1_79' title="bbox 2041 3517 3596 3592">
    <p class='ocr_par' dir='ltr' id='par_1_79' title="bbox 2041 3517 3596 3592">
     <span class='ocr_line' id='line_1_79' title="bbox 2041 3517 3596 3592; baseline -0.004 -14"><span class='ocrx_word' id='word_1_608' title='bbox 2041 3520 2226 3578; x_wconf 64' lang='lat' dir='ltr'><strong>ctrinie</strong></span> <span class='ocrx_word' id='word_1_609' title='bbox 2254 3523 2527 3592; x_wconf 80' lang='lat' dir='ltr'><strong>proximus</strong></span> <span class='ocrx_word' id='word_1_610' title='bbox 2559 3522 2871 3575; x_wconf 92' lang='lat' dir='ltr'><strong>habebatur.</strong></span> <span class='ocrx_word' id='word_1_611' title='bbox 2915 3520 3135 3574; x_wconf 90' lang='lat' dir='ltr'><strong>Dicebat</strong></span> <span class='ocrx_word' id='word_1_612' title='bbox 3167 3520 3308 3573; x_wconf 92' lang='lat' dir='ltr'><strong>enim</strong></span> <span class='ocrx_word' id='word_1_613' title='bbox 3336 3517 3596 3588; x_wconf 71' lang='lat' dir='ltr'><strong>Syrorum</strong></span> 
     </span>
    </p>
   </div>
   <div class='ocr_carea' id='block_1_80' title="bbox 2039 3607 3595 3680">
    <p class='ocr_par' dir='ltr' id='par_1_80' title="bbox 2039 3607 3595 3680">
     <span class='ocr_line' id='line_1_80' title="bbox 2039 3607 3595 3680; baseline -0.006 -11"><span class='ocrx_word' id='word_1_614' title='bbox 2039 3629 2224 3671; x_wconf 88' lang='lat' dir='ltr'><strong>vocem</strong></span> <span class='ocrx_word' id='word_1_615' title='bbox 2255 3613 2613 3669; x_wconf 88' lang='lat' dir='ltr'><strong>facundiorem</strong></span> <span class='ocrx_word' id='word_1_616' title='bbox 2642 3627 2758 3666; x_wconf 89' lang='lat' dir='ltr'><strong>esse</strong></span> <span class='ocrx_word' id='word_1_617' title='bbox 2776 3653 2792 3678; x_wconf 94' lang='lat'><strong>,</strong></span> <span class='ocrx_word' id='word_1_618' title='bbox 2827 3619 2884 3666; x_wconf 91' lang='lat' dir='ltr'><strong>et</strong></span> <span class='ocrx_word' id='word_1_619' title='bbox 2903 3619 3122 3680; x_wconf 89' lang='lat' dir='ltr'><strong>propter</strong></span> <span class='ocrx_word' id='word_1_620' title='bbox 3151 3609 3423 3663; x_wconf 65' lang='lat' dir='ltr'><strong>Hebraiéte</strong></span> <span class='ocrx_word' id='word_1_621' title='bbox 3447 3617 3471 3644; x_wconf 71' lang='grc' dir='ltr'><strong><em>ο</em></strong></span> <span class='ocrx_word' id='word_1_622' title='bbox 3495 3607 3595 3660; x_wconf 91' lang='lat' dir='ltr'><strong>lin-</strong></span> 
     </span>
    </p>
   </div>
   <div class='ocr_carea' id='block_1_81' title="bbox 2038 3699 3597 3774">
    <p class='ocr_par' dir='ltr' id='par_1_81' title="bbox 2038 3699 3597 3774">
     <span class='ocr_line' id='line_1_81' title="bbox 2038 3699 3597 3774; baseline -0.006 -12"><span class='ocrx_word' id='word_1_623' title='bbox 2038 3721 2154 3774; x_wconf 70' lang='lat' dir='ltr'><strong>gua:</strong></span> <span class='ocrx_word' id='word_1_624' title='bbox 2181 3707 2550 3773; x_wconf 82' lang='lat' dir='ltr'><strong>cognationem</strong></span> <span class='ocrx_word' id='word_1_625' title='bbox 2575 3743 2588 3766; x_wconf 95' lang='lat'><strong>,</strong></span> <span class='ocrx_word' id='word_1_626' title='bbox 2621 3703 3011 3772; x_wconf 86' lang='lat' dir='ltr'><strong>Scripturarum</strong></span> <span class='ocrx_word' id='word_1_627' title='bbox 3051 3701 3217 3769; x_wconf 87' lang='lat' dir='ltr'><strong>magis</strong></span> <span class='ocrx_word' id='word_1_628' title='bbox 3261 3699 3597 3753; x_wconf 83' lang='lat' dir='ltr'><strong>sermonibus</strong></span> 
     </span>
    </p>
   </div>
   <div class='ocr_carea' id='block_1_82' title="bbox 2039 3789 3590 3861">
    <p class='ocr_par' dir='ltr' id='par_1_82' title="bbox 2039 3789 3590 3861">
     <span class='ocr_line' id='line_1_82' title="bbox 2039 3789 3590 3861; baseline -0.008 -11"><span class='ocrx_word' id='word_1_629' title='bbox 2039 3797 2334 3852; x_wconf 88' lang='lat' dir='ltr'><strong>indulsisse.</strong></span> <span class='ocrx_word' id='word_1_630' title='bbox 2377 3794 2572 3848; x_wconf 88' lang='lat' dir='ltr'><strong>Sensus</strong></span> <span class='ocrx_word' id='word_1_631' title='bbox 2614 3794 2790 3861; x_wconf 87' lang='lat' dir='ltr'><strong>itaque</strong></span> <span class='ocrx_word' id='word_1_632' title='bbox 2831 3793 2960 3846; x_wconf 92' lang='lat' dir='ltr'><strong>dicti</strong></span> <span class='ocrx_word' id='word_1_633' title='bbox 2988 3791 3127 3845; x_wconf 92' lang='lat' dir='ltr'><strong>illius</strong></span> <span class='ocrx_word' id='word_1_634' title='bbox 3153 3791 3256 3844; x_wconf 90' lang='lat' dir='ltr'><strong>hoc</strong></span> <span class='ocrx_word' id='word_1_635' title='bbox 3282 3789 3442 3841; x_wconf 90' lang='lat' dir='ltr'><strong>modo</strong></span> <span class='ocrx_word' id='word_1_636' title='bbox 3471 3795 3590 3840; x_wconf 88' lang='lat' dir='ltr'><strong>est:</strong></span> 
     </span>
    </p>
   </div>
   <div class='ocr_carea' id='block_1_83' title="bbox 2039 3878 3592 3955">
    <p class='ocr_par' dir='ltr' id='par_1_83' title="bbox 2039 3878 3592 3955">
     <span class='ocr_line' id='line_1_83' title="bbox 2039 3878 3592 3955; baseline -0.007 -15"><span class='ocrx_word' id='word_1_637' title='bbox 2039 3886 2482 3955; x_wconf 71' lang='lat' dir='ltr'><strong>Superferebalur,</strong></span> <span class='ocrx_word' id='word_1_638' title='bbox 2522 3884 2708 3950; x_wconf 88' lang='lat' dir='ltr'><strong>inquit,</strong></span> <span class='ocrx_word' id='word_1_639' title='bbox 2741 3882 2986 3952; x_wconf 80' lang='lat' dir='ltr'><strong>Spiritus,</strong></span> <span class='ocrx_word' id='word_1_640' title='bbox 3023 3882 3126 3934; x_wconf 89' lang='lat' dir='ltr'><strong>hoc</strong></span> <span class='ocrx_word' id='word_1_641' title='bbox 3164 3890 3246 3934; x_wconf 90' lang='lat' dir='ltr'><strong>est</strong></span> <span class='ocrx_word' id='word_1_642' title='bbox 3292 3878 3507 3932; x_wconf 86' lang='lat' dir='ltr'><strong>fovebat</strong></span> <span class='ocrx_word' id='word_1_643' title='bbox 3540 3883 3592 3930; x_wconf 88' lang='lat' dir='ltr'><strong>et</strong></span> 
     </span>
    </p>
   </div>
   <div class='ocr_carea' id='block_1_84' title="bbox 2038 3967 3592 4041">
    <p class='ocr_par' dir='ltr' id='par_1_84' title="bbox 2038 3967 3592 4041">
     <span class='ocr_line' id='line_1_84' title="bbox 2038 3967 3592 4041; baseline -0.008 -12"><span class='ocrx_word' id='word_1_644' title='bbox 2038 3975 2337 4029; x_wconf 82' lang='lat' dir='ltr'><strong>viviticabat</strong></span> <span class='ocrx_word' id='word_1_645' title='bbox 2367 3988 2624 4041; x_wconf 87' lang='lat' dir='ltr'><strong>aquarum</strong></span> <span class='ocrx_word' id='word_1_646' title='bbox 2662 3980 2932 4036; x_wconf 87' lang='lat' dir='ltr'><strong>naturam,</strong></span> <span class='ocrx_word' id='word_1_647' title='bbox 2964 3971 3029 4024; x_wconf 90' lang='lat' dir='ltr'><strong>ad</strong></span> <span class='ocrx_word' id='word_1_648' title='bbox 3055 3968 3453 4024; x_wconf 90' lang='lat' dir='ltr'><strong>similitudinem</strong></span> <span class='ocrx_word' id='word_1_649' title='bbox 3479 3967 3592 4034; x_wconf 86' lang='lat' dir='ltr'><strong>gal-</strong></span> 
     </span>
    </p>
   </div>
   <div class='ocr_carea' id='block_1_85' title="bbox 2037 4055 3594 4127">
    <p class='ocr_par' dir='ltr' id='par_1_85' title="bbox 2037 4055 3594 4127">
     <span class='ocr_line' id='line_1_85' title="bbox 2037 4055 3594 4127; baseline -0.008 -10"><span class='ocrx_word' id='word_1_650' title='bbox 2037 4064 2155 4118; x_wconf 73' lang='lat' dir='ltr'><strong>lina:</strong></span> <span class='ocrx_word' id='word_1_651' title='bbox 2178 4063 2418 4117; x_wconf 86' lang='lat' dir='ltr'><strong>cubantis</strong></span> <span class='ocrx_word' id='word_1_652' title='bbox 2444 4079 2455 4113; x_wconf 96' lang='lat'>:</span> <span class='ocrx_word' id='word_1_653' title='bbox 2485 4062 2699 4115; x_wconf 88' lang='lat' dir='ltr'><strong>vitalem</strong></span> <span class='ocrx_word' id='word_1_654' title='bbox 2720 4060 2970 4113; x_wconf 89' lang='lat' dir='ltr'><strong>virtutem</strong></span> <span class='ocrx_word' id='word_1_655' title='bbox 2992 4059 3072 4112; x_wconf 92' lang='lat' dir='ltr'><strong>his</strong></span> <span class='ocrx_word' id='word_1_656' title='bbox 3099 4071 3216 4127; x_wconf 78' lang='lat' dir='ltr'><strong>quae</strong></span> <span class='ocrx_word' id='word_1_657' title='bbox 3241 4055 3257 4094; x_wconf 74' lang='grc' dir='ltr'><strong>ί</strong></span> <span class='ocrx_word' id='word_1_658' title='bbox 3285 4055 3594 4109; x_wconf 87' lang='lat' dir='ltr'><strong>fovebantur</strong></span> 
     </span>
    </p>
   </div>
   <div class='ocr_carea' id='block_1_86' title="bbox 2042 4145 3594 4220">
    <p class='ocr_par' dir='ltr' id='par_1_86' title="bbox 2042 4145 3594 4220">
     <span class='ocr_line' id='line_1_86' title="bbox 2042 4145 3594 4220; baseline -0.008 -13"><span class='ocrx_word' id='word_1_659' title='bbox 2042 4152 2299 4220; x_wconf 88' lang='lat' dir='ltr'><strong>injiciens.</strong></span> <span class='ocrx_word' id='word_1_660' title='bbox 2341 4150 2648 4218; x_wconf 86' lang='lat' dir='ltr'><strong>Hujusmodi</strong></span> <span class='ocrx_word' id='word_1_661' title='bbox 2696 4164 2822 4216; x_wconf 88' lang='lat' dir='ltr'><strong>ergo</strong></span> <span class='ocrx_word' id='word_1_662' title='bbox 2861 4150 2998 4203; x_wconf 91' lang='lat' dir='ltr'><strong>ratio</strong></span> <span class='ocrx_word' id='word_1_663' title='bbox 3026 4147 3168 4216; x_wconf 90' lang='lat' dir='ltr'><strong>quod</strong></span> <span class='ocrx_word' id='word_1_664' title='bbox 3206 4146 3340 4200; x_wconf 80' lang='lat' dir='ltr'><strong>dixit</strong></span> <span class='ocrx_word' id='word_1_665' title='bbox 3365 4145 3594 4212; x_wconf 80' lang='lat' dir='ltr'><strong>superfe-</strong></span> 
     </span>
    </p>
   </div>
   <div class='ocr_carea' id='block_1_87' title="bbox 2040 4232 3592 4308">
    <p class='ocr_par' dir='ltr' id='par_1_87' title="bbox 2040 4232 3592 4308">
     <span class='ocr_line' id='line_1_87' title="bbox 2040 4232 3592 4308; baseline -0.006 -14"><span class='ocrx_word' id='word_1_666' title='bbox 2040 4241 2266 4308; x_wconf 83' lang='lat' dir='ltr'><strong>rebatur,</strong></span> <span class='ocrx_word' id='word_1_667' title='bbox 2329 4241 2404 4293; x_wconf 91' lang='lat' dir='ltr'><strong>sic</strong></span> <span class='ocrx_word' id='word_1_668' title='bbox 2446 4239 2846 4306; x_wconf 66' lang='lat' dir='ltr'><strong>interpretatur}</strong></span> <span class='ocrx_word' id='word_1_669' title='bbox 2879 4238 2933 4291; x_wconf 93' lang='lat' dir='ltr'><strong>id</strong></span> <span class='ocrx_word' id='word_1_670' title='bbox 2978 4247 3059 4291; x_wconf 92' lang='lat' dir='ltr'><strong>est</strong></span> <span class='ocrx_word' id='word_1_671' title='bbox 3111 4235 3179 4289; x_wconf 90' lang='lat' dir='ltr'><strong>ad</strong></span> <span class='ocrx_word' id='word_1_672' title='bbox 3222 4232 3592 4288; x_wconf 78' lang='lat' dir='ltr'><strong>vivificandam</strong></span> 
     </span>
    </p>
   </div>
   <div class='ocr_carea' id='block_1_88' title="bbox 371 4316 3592 4400">
    <p class='ocr_par' dir='ltr' id='par_1_88' title="bbox 371 4316 3592 4400">
     <span class='ocr_line' id='line_1_88' title="bbox 371 4316 3592 4400; baseline -0.001 -26"><span class='ocrx_word' id='word_1_673' title='bbox 371 4316 506 4386; x_wconf 90' lang='lat' dir='ltr'><strong>Dei,</strong></span> <span class='ocrx_word' id='word_1_674' title='bbox 537 4323 816 4392; x_wconf 90' lang='lat' dir='ltr'><strong>subitoque</strong></span> <span class='ocrx_word' id='word_1_675' title='bbox 860 4325 1152 4383; x_wconf 89' lang='lat' dir='ltr'><strong>distensum</strong></span> <span class='ocrx_word' id='word_1_676' title='bbox 1176 4369 1192 4396; x_wconf 95' lang='lat'><strong>,</strong></span> <span class='ocrx_word' id='word_1_677' title='bbox 1234 4344 1298 4385; x_wconf 86' lang='lat' dir='ltr'><strong>ac</strong></span> <span class='ocrx_word' id='word_1_678' title='bbox 1325 4329 1571 4384; x_wconf 83' lang='lat' dir='ltr'><strong>familiari</strong></span> <span class='ocrx_word' id='word_1_679' title='bbox 1599 4333 1796 4387; x_wconf 91' lang='lat' dir='ltr'><strong>circum</strong></span> <span class='ocrx_word' id='word_1_680' title='bbox 1824 4340 1932 4386; x_wconf 91' lang='lat' dir='ltr'><strong>ter-</strong></span> <span class='ocrx_word' id='word_1_681' title='bbox 1963 4322 2012 4379; x_wconf 76' lang='lat' dir='ltr'><strong>D</strong></span> <span class='ocrx_word' id='word_1_682' title='bbox 2034 4345 2288 4400; x_wconf 89' lang='lat' dir='ltr'><strong>aquarum</strong></span> <span class='ocrx_word' id='word_1_683' title='bbox 2315 4339 2560 4383; x_wconf 90' lang='lat' dir='ltr'><strong>naturam</strong></span> <span class='ocrx_word' id='word_1_684' title='bbox 2601 4328 2973 4396; x_wconf 89' lang='lat' dir='ltr'><strong>compellebat.</strong></span> <span class='ocrx_word' id='word_1_685' title='bbox 3020 4325 3101 4379; x_wconf 78' lang='lat' dir='ltr'><strong>Ex</strong></span> <span class='ocrx_word' id='word_1_686' title='bbox 3127 4341 3233 4395; x_wconf 91' lang='lat' dir='ltr'><strong>quo</strong></span> <span class='ocrx_word' id='word_1_687' title='bbox 3267 4323 3592 4378; x_wconf 75' lang='lat' dir='ltr'><strong>sufﬁcienter</strong></span> 
     </span>
    </p>
   </div>
   <div class='ocr_carea' id='block_1_89' title="bbox 443 4509 1929 4592">
    <p class='ocr_par' dir='ltr' id='par_1_89' title="bbox 443 4509 1929 4592">
     <span class='ocr_line' id='line_1_89' title="bbox 443 4509 1929 4592; baseline 0.007 -29"><span class='ocrx_word' id='word_1_688' title='bbox 443 4509 878 4592; x_wconf 48' lang='lat' dir='ltr'><strong>tEditimedum.</strong></span> <span class='ocrx_word' id='word_1_689' title='bbox 902 4512 1056 4570; x_wconf 88' lang='lat' dir='ltr'><strong>Colb.</strong></span> <span class='ocrx_word' id='word_1_690' title='bbox 1081 4517 1360 4583; x_wconf 89' lang='lat' dir='ltr'><strong>secundus,</strong></span> <span class='ocrx_word' id='word_1_691' title='bbox 1383 4518 1615 4572; x_wconf 81' lang='lat' dir='ltr'><strong>necdum.</strong></span> <span class='ocrx_word' id='word_1_692' title='bbox 1649 4517 1772 4572; x_wconf 83' lang='lat' dir='ltr'><strong>Mox</strong></span> <span class='ocrx_word' id='word_1_693' title='bbox 1795 4535 1929 4574; x_wconf 90' lang='lat' dir='ltr'><strong>unus</strong></span> 
     </span>
    </p>
   </div>
   <div class='ocr_carea' id='block_1_90' title="bbox 370 4578 1310 4652">
    <p class='ocr_par' dir='ltr' id='par_1_90' title="bbox 370 4578 1310 4652">
     <span class='ocr_line' id='line_1_90' title="bbox 370 4578 1310 4652; baseline 0.005 -18"><span class='ocrx_word' id='word_1_694' title='bbox 370 4578 648 4652; x_wconf 33' lang='lat' dir='ltr'><strong>cade§,_in&#39;</strong></span> <span class='ocrx_word' id='word_1_695' title='bbox 671 4587 921 4636; x_wconf 83' lang='lat' dir='ltr'><strong>malorum</strong></span> <span class='ocrx_word' id='word_1_696' title='bbox 945 4601 1122 4638; x_wconf 80' lang='lat' dir='ltr'><strong>censeo</strong></span> <span class='ocrx_word' id='word_1_697' title='bbox 1147 4596 1310 4652; x_wconf 88' lang='lat' dir='ltr'><strong>parte.</strong></span> 
     </span>
    </p>
   </div>
   <div class='ocr_carea' id='block_1_91' title="bbox 373 4647 1928 4728">
    <p class='ocr_par' dir='ltr' id='par_1_91' title="bbox 373 4647 1928 4728">
     <span class='ocr_line' id='line_1_91' title="bbox 373 4647 1928 4728; baseline 0.005 -28"><span class='ocrx_word' id='word_1_698' title='bbox 373 4716 405 4728; x_wconf 41' lang='lat'><strong>&#39;_</strong></span> <span class='ocrx_word' id='word_1_699' title='bbox 444 4647 667 4728; x_wconf 45' lang='lat' dir='ltr'><strong>D.Editi,</strong></span> <span class='ocrx_word' id='word_1_700' title='bbox 697 4663 1003 4728; x_wconf 53' lang='lat' dir='ltr'><strong>suspectam:</strong></span> <span class='ocrx_word' id='word_1_701' title='bbox 1035 4647 1186 4728; x_wconf 62' lang='lat' dir='ltr'><strong>Colb.</strong></span> <span class='ocrx_word' id='word_1_702' title='bbox 1219 4654 1498 4728; x_wconf 76' lang='lat' dir='ltr'><strong>secundus,</strong></span> <span class='ocrx_word' id='word_1_703' title='bbox 1532 4663 1818 4728; x_wconf 82' lang='lat' dir='ltr'><strong>susceptam</strong></span> <span class='ocrx_word' id='word_1_704' title='bbox 1828 4672 1853 4728; x_wconf 56' lang='grc' dir='ltr'>ί</span> <span class='ocrx_word' id='word_1_705' title='bbox 1874 4664 1928 4728; x_wconf 76' lang='lat' dir='ltr'><strong>et</strong></span> 
     </span>
    </p>
   </div>
   <div class='ocr_carea' id='block_1_92' title="bbox 371 4716 1928 4796">
    <p class='ocr_par' dir='ltr' id='par_1_92' title="bbox 371 4716 1928 4796">
     <span class='ocr_line' id='line_1_92' title="bbox 371 4716 1928 4796; baseline 0.006 -28"><span class='ocrx_word' id='word_1_706' title='bbox 371 4716 442 4768; x_wconf 91' lang='lat' dir='ltr'><strong>ita</strong></span> <span class='ocrx_word' id='word_1_707' title='bbox 475 4716 854 4796; x_wconf 61' lang='lat' dir='ltr'><strong>legioportere</strong></span> <span class='ocrx_word' id='word_1_708' title='bbox 897 4722 1049 4796; x_wconf 84' lang='lat' dir='ltr'><strong>multi</strong></span> <span class='ocrx_word' id='word_1_709' title='bbox 1087 4722 1314 4796; x_wconf 78' lang='lat' dir='ltr'><strong>fortasse</strong></span> <span class='ocrx_word' id='word_1_710' title='bbox 1361 4716 1779 4796; x_wconf 71' lang='lat' dir='ltr'><strong>arbitrabuntur.</strong></span> <span class='ocrx_word' id='word_1_711' title='bbox 1823 4725 1928 4778; x_wconf 90' lang='lat' dir='ltr'><strong>Sed</strong></span> 
     </span>
    </p>
   </div>
   <div class='ocr_carea' id='block_1_93' title="bbox 371 4786 1927 4859">
    <p class='ocr_par' dir='ltr' id='par_1_93' title="bbox 371 4786 1927 4859">
     <span class='ocr_line' id='line_1_93' title="bbox 371 4786 1927 4859; baseline 0.006 -24"><span class='ocrx_word' id='word_1_712' title='bbox 371 4799 479 4837; x_wconf 90' lang='lat' dir='ltr'><strong>non</strong></span> <span class='ocrx_word' id='word_1_713' title='bbox 494 4786 692 4859; x_wconf 80' lang='lat' dir='ltr'><strong>_d_ubi_to</strong></span> <span class='ocrx_word' id='word_1_714' title='bbox 718 4791 845 4856; x_wconf 86' lang='lat' dir='ltr'><strong>quin</strong></span> <span class='ocrx_word' id='word_1_715' title='bbox 886 4791 1098 4857; x_wconf 87' lang='lat' dir='ltr'><strong>vulgata</strong></span> <span class='ocrx_word' id='word_1_716' title='bbox 1138 4791 1295 4847; x_wconf 89' lang='lat' dir='ltr'><strong>lectio</strong></span> <span class='ocrx_word' id='word_1_717' title='bbox 1339 4793 1614 4846; x_wconf 84' lang='lat' dir='ltr'><strong>retinenda</strong></span> <span class='ocrx_word' id='word_1_718' title='bbox 1654 4795 1761 4859; x_wconf 90' lang='lat' dir='ltr'><strong>sit,</strong></span> <span class='ocrx_word' id='word_1_719' title='bbox 1804 4809 1927 4848; x_wconf 86' lang='lat' dir='ltr'><strong>cum</strong></span> 
     </span>
    </p>
   </div>
   <div class='ocr_carea' id='block_1_94' title="bbox 369 4854 1925 4937">
    <p class='ocr_par' dir='ltr' id='par_1_94' title="bbox 369 4854 1925 4937">
     <span class='ocr_line' id='line_1_94' title="bbox 369 4854 1925 4937; baseline 0.006 -32"><span class='ocrx_word' id='word_1_720' title='bbox 369 4854 510 4935; x_wconf 81' lang='lat' dir='ltr'><strong>apud</strong></span> <span class='ocrx_word' id='word_1_721' title='bbox 523 4854 774 4937; x_wconf 60' lang='lat' dir='ltr'><strong>Basiliam</strong></span> <span class='ocrx_word' id='word_1_722' title='bbox 798 4854 1048 4937; x_wconf 78' lang='lat' dir='ltr'><strong>legamus,</strong></span> <span class='ocrx_word' id='word_1_723' title='bbox 1065 4867 1238 4937; x_wconf 55' lang='grc' dir='ltr'><strong>πᾶσαιι</strong></span> <span class='ocrx_word' id='word_1_724' title='bbox 1257 4859 1341 4915; x_wconf 72' lang='grc' dir='ltr'><strong>οὖν</strong></span> <span class='ocrx_word' id='word_1_725' title='bbox 1360 4870 1596 4937; x_wconf 49' lang='grc' dir='ltr'><strong>τροτςι-κήν</strong></span> <span class='ocrx_word' id='word_1_726' title='bbox 1613 4869 1696 4916; x_wconf 83' lang='grc' dir='ltr'><strong>καὶ</strong></span> <span class='ocrx_word' id='word_1_727' title='bbox 1795 4866 1925 4937; x_wconf 47' lang='lat' dir='ltr'><strong>uno:</strong></span> 
     </span>
    </p>
   </div>
   <div class='ocr_carea' id='block_1_95' title="bbox 369 4927 1930 5010">
    <p class='ocr_par' dir='ltr' id='par_1_95' title="bbox 369 4927 1930 5010">
     <span class='ocr_line' id='line_1_95' title="bbox 369 4927 1930 5010; baseline 0.006 -36"><span class='ocrx_word' id='word_1_728' title='bbox 369 4927 504 5010; x_wconf 39' lang='lat' dir='ltr'><strong>tto-iac</strong></span> <span class='ocrx_word' id='word_1_729' title='bbox 525 4927 572 4977; x_wconf 82' lang='grc' dir='ltr'><strong>ἐν</strong></span> <span class='ocrx_word' id='word_1_730' title='bbox 593 4930 646 4996; x_wconf 77' lang='grc' dir='ltr'><strong>γὲ</strong></span> <span class='ocrx_word' id='word_1_731' title='bbox 675 4936 746 5010; x_wconf 54' lang='lat' dir='ltr'><strong>rei)</strong></span> <span class='ocrx_word' id='word_1_732' title='bbox 769 4932 976 5010; x_wconf 54' lang='grc' dir='ltr'><strong>τξρὸνῖι</strong></span> <span class='ocrx_word' id='word_1_733' title='bbox 1000 4927 1454 5010; x_wconf 57' lang='grc' dir='ltr'><strong>ξᾳτασιγὰσαντές.</strong></span> <span class='ocrx_word' id='word_1_734' title='bbox 1475 4931 1640 4986; x_wconf 85' lang='lat' dir='ltr'><strong>Nemo</strong></span> <span class='ocrx_word' id='word_1_735' title='bbox 1654 4933 1792 5010; x_wconf 81' lang='lat' dir='ltr'><strong>enim</strong></span> <span class='ocrx_word' id='word_1_736' title='bbox 1802 4931 1930 5010; x_wconf 78' lang='grc' dir='ltr'><strong>,0ρὶ-</strong></span> 
     </span>
    </p>
   </div>
   <div class='ocr_carea' id='block_1_96' title="bbox 372 4950 1925 5073">
    <p class='ocr_par' dir='ltr' id='par_1_96' title="bbox 372 4950 1925 5073">
     <span class='ocr_line' id='line_1_96' title="bbox 372 4950 1925 5050; baseline 0.005 -76"><span class='ocrx_word' id='word_1_737' title='bbox 372 4950 504 4982; x_wconf 78' lang='grc' dir='ltr'><strong>νοιας</strong></span> <span class='ocrx_word' id='word_1_738' title='bbox 525 4950 572 4977; x_wconf 76' lang='grc' dir='ltr'><strong>εν</strong></span> <span class='ocrx_word' id='word_1_739' title='bbox 593 4950 646 4996; x_wconf 76' lang='grc' dir='ltr'><strong>’γε</strong></span> <span class='ocrx_word' id='word_1_740' title='bbox 675 4950 746 5007; x_wconf 49' lang='grc' dir='ltr'><strong>ἐξω</strong></span> <span class='ocrx_word' id='word_1_741' title='bbox 769 4950 976 5050; x_wconf 58' lang='grc' dir='ltr'><strong>’τέοοντι</strong></span> <span class='ocrx_word' id='word_1_742' title='bbox 1000 4952 1454 5009; x_wconf 67' lang='grc' dir='ltr'><strong>κοξτασιγασαντες.</strong></span> <span class='ocrx_word' id='word_1_743' title='bbox 1475 4950 1640 4986; x_wconf 74' lang='lat' dir='ltr'><strong>nemo</strong></span> <span class='ocrx_word' id='word_1_744' title='bbox 1654 4950 1792 4986; x_wconf 82' lang='lat' dir='ltr'><strong>enim</strong></span> <span class='ocrx_word' id='word_1_745' title='bbox 1802 4950 1925 5010; x_wconf 68' lang='grc' dir='ltr'><strong>,θρι-</strong></span> 
     </span>
     <span class='ocr_line' id='line_1_97' title="bbox 372 4983 1925 5073; baseline 0.006 -30"><span class='ocrx_word' id='word_1_746' title='bbox 372 5008 627 5073; x_wconf 46' lang='grc' dir='ltr'>ιιοιχιιοιι</span> <span class='ocrx_word' id='word_1_747' title='bbox 657 4983 798 5073; x_wconf 50' lang='lat' dir='ltr'><strong>Vide!</strong></span> <span class='ocrx_word' id='word_1_748' title='bbox 827 5068 837 5073; x_wconf 70' lang='lat'><em>_</em></span> <span class='ocrx_word' id='word_1_749' title='bbox 865 4998 1148 5073; x_wconf 42' lang='lat' dir='ltr'><strong>&quot;Statille</strong></span> <span class='ocrx_word' id='word_1_750' title='bbox 1168 5041 1184 5065; x_wconf 86' lang='lat'><strong>,</strong></span> <span class='ocrx_word' id='word_1_751' title='bbox 1365 5010 1649 5073; x_wconf 69' lang='lat' dir='ltr'><strong>suspectans</strong></span> 
     </span>
    </p>
   </div>
   <div class='ocr_carea' id='block_1_97' title="bbox 371 5066 1928 5142">
    <p class='ocr_par' dir='ltr' id='par_1_97' title="bbox 371 5066 1928 5142">
     <span class='ocr_line' id='line_1_98' title="bbox 371 5066 1928 5142; baseline 0 -20"><span class='ocrx_word' id='word_1_752' title='bbox 371 5066 671 5142; x_wconf 63' lang='lat' dir='ltr'><strong>exprimere</strong></span> <span class='ocrx_word' id='word_1_753' title='bbox 696 5066 928 5142; x_wconf 71' lang='lat' dir='ltr'><strong>voluisse</strong></span> <span class='ocrx_word' id='word_1_754' title='bbox 952 5067 1106 5133; x_wconf 79' lang='lat' dir='ltr'><strong>illud,</strong></span> <span class='ocrx_word' id='word_1_755' title='bbox 1132 5074 1213 5142; x_wconf 58' lang='lat' dir='ltr'><strong>aut</strong></span> <span class='ocrx_word' id='word_1_756' title='bbox 1241 5066 1572 5142; x_wconf 51' lang='lat' dir='ltr'><strong>tremat“.</strong></span> <span class='ocrx_word' id='word_1_757' title='bbox 1606 5071 1709 5125; x_wconf 91' lang='lat' dir='ltr'><strong>Sed</strong></span> <span class='ocrx_word' id='word_1_758' title='bbox 1732 5066 1928 5124; x_wconf 70' lang='grc' dir='ltr'>ιιιίιιίῠὶ</span> 
     </span>
    </p>
   </div>
   <div class='ocr_carea' id='block_1_98' title="bbox 371 5136 1926 5208">
    <p class='ocr_par' dir='ltr' id='par_1_98' title="bbox 371 5136 1926 5208">
     <span class='ocr_line' id='line_1_99' title="bbox 371 5136 1926 5208; baseline 0.006 -28"><span class='ocrx_word' id='word_1_759' title='bbox 371 5144 512 5208; x_wconf 65' lang='lat' dir='ltr'><strong>sa-pe</strong></span> <span class='ocrx_word' id='word_1_760' title='bbox 536 5172 551 5197; x_wconf 91' lang='lat'><strong>,</strong></span> <span class='ocrx_word' id='word_1_761' title='bbox 594 5136 666 5186; x_wconf 91' lang='lat' dir='ltr'><strong>ita</strong></span> <span class='ocrx_word' id='word_1_762' title='bbox 695 5136 781 5188; x_wconf 93' lang='lat' dir='ltr'><strong>hic</strong></span> <span class='ocrx_word' id='word_1_763' title='bbox 819 5150 1031 5204; x_wconf 88' lang='lat' dir='ltr'><strong>quoque</strong></span> <span class='ocrx_word' id='word_1_764' title='bbox 1056 5138 1338 5208; x_wconf 75' lang='lat' dir='ltr'><strong>verborum</strong></span> <span class='ocrx_word' id='word_1_765' title='bbox 1367 5138 1669 5194; x_wconf 73' lang='lat' dir='ltr'><strong>Gratcorum</strong></span> <span class='ocrx_word' id='word_1_766' title='bbox 1709 5147 1926 5194; x_wconf 87' lang='lat' dir='ltr'><strong>senten-</strong></span> 
     </span>
    </p>
   </div>
   <div class='ocr_carea' id='block_1_99' title="bbox 369 5204 1927 5264">
    <p class='ocr_par' dir='ltr' id='par_1_99' title="bbox 369 5204 1927 5264">
     <span class='ocr_line' id='line_1_100' title="bbox 369 5204 1927 5264; baseline 0.006 -15"><span class='ocrx_word' id='word_1_767' title='bbox 369 5204 499 5251; x_wconf 83' lang='lat' dir='ltr'><strong>tiam</strong></span> <span class='ocrx_word' id='word_1_768' title='bbox 525 5211 796 5258; x_wconf 89' lang='lat' dir='ltr'><strong>assecutus</strong></span> <span class='ocrx_word' id='word_1_769' title='bbox 823 5220 932 5258; x_wconf 89' lang='lat' dir='ltr'><strong>non</strong></span> <span class='ocrx_word' id='word_1_770' title='bbox 955 5212 1056 5259; x_wconf 89' lang='lat' dir='ltr'><strong>est.</strong></span> <span class='ocrx_word' id='word_1_771' title='bbox 1103 5204 1254 5261; x_wconf 87' lang='lat' dir='ltr'><strong>Hunc</strong></span> <span class='ocrx_word' id='word_1_772' title='bbox 1289 5207 1463 5262; x_wconf 92' lang='lat' dir='ltr'><strong>locum</strong></span> <span class='ocrx_word' id='word_1_773' title='bbox 1501 5210 1573 5261; x_wconf 91' lang='lat' dir='ltr'><strong>ita</strong></span> <span class='ocrx_word' id='word_1_774' title='bbox 1615 5223 1927 5264; x_wconf 86' lang='lat' dir='ltr'><strong>conversum</strong></span> 
     </span>
    </p>
   </div>
   <div class='ocr_carea' id='block_1_100' title="bbox 369 5273 1927 5354">
    <p class='ocr_par' dir='ltr' id='par_1_100' title="bbox 369 5273 1927 5354">
     <span class='ocr_line' id='line_1_101' title="bbox 369 5273 1927 5354; baseline 0.006 -36"><span class='ocrx_word' id='word_1_775' title='bbox 369 5275 681 5354; x_wconf 68' lang='lat' dir='ltr'><strong>oportuerat</strong></span> <span class='ocrx_word' id='word_1_776' title='bbox 707 5291 716 5324; x_wconf 95' lang='lat'>:</span> <span class='ocrx_word' id='word_1_777' title='bbox 743 5273 956 5354; x_wconf 72' lang='lat' dir='ltr'><strong>Omnem</strong></span> <span class='ocrx_word' id='word_1_778' title='bbox 983 5275 1137 5354; x_wconf 72' lang='lat' dir='ltr'><strong>igitur</strong></span> <span class='ocrx_word' id='word_1_779' title='bbox 1161 5277 1643 5354; x_wconf 68' lang='lat' dir='ltr'><strong>interpretationem,</strong></span> <span class='ocrx_word' id='word_1_780' title='bbox 1677 5279 1832 5345; x_wconf 78' lang='lat' dir='ltr'><strong>tropis</strong></span> <span class='ocrx_word' id='word_1_781' title='bbox 1876 5283 1927 5328; x_wconf 86' lang='lat' dir='ltr'><strong>et</strong></span> 
     </span>
    </p>
   </div>
   <div class='ocr_carea' id='block_1_101' title="bbox 370 5335 1923 5415">
    <p class='ocr_par' dir='ltr' id='par_1_101' title="bbox 370 5335 1923 5415">
     <span class='ocr_line' id='line_1_102' title="bbox 370 5335 1923 5415; baseline 0.005 -27"><span class='ocrx_word' id='word_1_782' title='bbox 370 5335 628 5415; x_wconf 70' lang='lat' dir='ltr'><strong>allegoriis</strong></span> <span class='ocrx_word' id='word_1_783' title='bbox 654 5335 1059 5415; x_wconf 74' lang='lat' dir='ltr'><strong>constantem,in</strong></span> <span class='ocrx_word' id='word_1_784' title='bbox 1077 5335 1349 5412; x_wconf 64' lang='lat' dir='ltr'><strong>praesentia</strong></span> <span class='ocrx_word' id='word_1_785' title='bbox 1364 5335 1823 5415; x_wconf 72' lang='lat' dir='ltr'><strong>prwterntittentes,</strong></span> <span class='ocrx_word' id='word_1_786' title='bbox 1849 5355 1923 5396; x_wconf 77' lang='lat' dir='ltr'><strong>te-</strong></span> 
     </span>
    </p>
   </div>
   <div class='ocr_carea' id='block_1_102' title="bbox 371 5402 1914 5482">
    <p class='ocr_par' dir='ltr' id='par_1_102' title="bbox 371 5402 1914 5482">
     <span class='ocr_line' id='line_1_103' title="bbox 371 5402 1914 5482; baseline 0.007 -26"><span class='ocrx_word' id='word_1_787' title='bbox 371 5402 640 5482; x_wconf 55' lang='lat' dir='ltr'><strong>nebrarum</strong></span> <span class='ocrx_word' id='word_1_788' title='bbox 683 5413 938 5465; x_wconf 84' lang='lat' dir='ltr'><strong>notionem</strong></span> <span class='ocrx_word' id='word_1_789' title='bbox 977 5402 1270 5482; x_wconf 70' lang='lat' dir='ltr'><strong>simpliciter</strong></span> <span class='ocrx_word' id='word_1_790' title='bbox 1309 5402 1513 5468; x_wconf 57' lang='lat' dir='ltr'><strong>et&#39;citra</strong></span> <span class='ocrx_word' id='word_1_791' title='bbox 1551 5402 1914 5475; x_wconf 75' lang='lat' dir='ltr'><strong>curiositatem,</strong></span> 
     </span>
    </p>
   </div>
   <div class='ocr_carea' id='block_1_103' title="bbox 369 5477 1418 5551">
    <p class='ocr_par' dir='ltr' id='par_1_103' title="bbox 369 5477 1418 5551">
     <span class='ocr_line' id='line_1_104' title="bbox 369 5477 1418 5551; baseline 0.007 -23"><span class='ocrx_word' id='word_1_792' title='bbox 369 5485 576 5551; x_wconf 53' lang='lat' dir='ltr'><strong>sessum</strong></span> <span class='ocrx_word' id='word_1_793' title='bbox 586 5477 872 5551; x_wconf 60' lang='lat' dir='ltr'><strong>Scriptum</strong></span> <span class='ocrx_word' id='word_1_794' title='bbox 891 5477 1418 5551; x_wconf 54' lang='lat' dir='ltr'><strong>secuti,&#39;aceipiamus.</strong></span> 
     </span>
    </p>
   </div>
   <div class='ocr_carea' id='block_1_104' title="bbox 446 5541 1914 5619">
    <p class='ocr_par' dir='ltr' id='par_1_104' title="bbox 446 5541 1914 5619">
     <span class='ocr_line' id='line_1_105' title="bbox 446 5541 1914 5619; baseline 0.012 -24"><span class='ocrx_word' id='word_1_795' title='bbox 446 5554 465 5580; x_wconf 73' lang='grc' dir='ltr'><strong>ο</strong></span> <span class='ocrx_word' id='word_1_796' title='bbox 503 5541 662 5603; x_wconf 85' lang='lat' dir='ltr'><strong>Editi.</strong></span> <span class='ocrx_word' id='word_1_797' title='bbox 689 5566 824 5607; x_wconf 76' lang='lat' dir='ltr'><strong>aqua</strong></span> <span class='ocrx_word' id='word_1_798' title='bbox 864 5551 968 5607; x_wconf 86' lang='lat' dir='ltr'><strong>iam</strong></span> <span class='ocrx_word' id='word_1_799' title='bbox 995 5541 1244 5606; x_wconf 63' lang='lat' dir='ltr'><strong>omnibus.</strong></span> <span class='ocrx_word' id='word_1_800' title='bbox 1287 5552 1438 5608; x_wconf 87' lang='lat' dir='ltr'><strong>Colb.</strong></span> <span class='ocrx_word' id='word_1_801' title='bbox 1462 5553 1754 5617; x_wconf 80' lang='lat' dir='ltr'><strong>secundus.</strong></span> <span class='ocrx_word' id='word_1_802' title='bbox 1783 5568 1914 5619; x_wconf 72' lang='lat' dir='ltr'><strong>aqua</strong></span> 
     </span>
    </p>
   </div>
   <div class='ocr_carea' id='block_1_105' title="bbox 2029 4515 3592 4586">
    <p class='ocr_par' dir='ltr' id='par_1_105' title="bbox 2029 4515 3592 4586">
     <span class='ocr_line' id='line_1_106' title="bbox 2029 4515 3592 4586; baseline -0.003 -14"><span class='ocrx_word' id='word_1_803' title='bbox 2029 4528 2139 4572; x_wconf 89' lang='lat' dir='ltr'><strong>erat</strong></span> <span class='ocrx_word' id='word_1_804' title='bbox 2183 4517 2430 4571; x_wconf 84' lang='lat' dir='ltr'><strong>omnibus.</strong></span> <span class='ocrx_word' id='word_1_805' title='bbox 2501 4517 2785 4584; x_wconf 86' lang='lat' dir='ltr'><strong>Aliquanto</strong></span> <span class='ocrx_word' id='word_1_806' title='bbox 2837 4525 2960 4586; x_wconf 88' lang='lat' dir='ltr'><strong>post</strong></span> <span class='ocrx_word' id='word_1_807' title='bbox 3009 4517 3148 4572; x_wconf 87' lang='lat' dir='ltr'><strong>idem</strong></span> <span class='ocrx_word' id='word_1_808' title='bbox 3186 4515 3400 4579; x_wconf 75' lang='lat' dir='ltr'><strong>codex,</strong></span> <span class='ocrx_word' id='word_1_809' title='bbox 3447 4530 3592 4584; x_wconf 82' lang='lat' dir='ltr'><strong>super</strong></span> 
     </span>
    </p>
   </div>
   <div class='ocr_carea' id='block_1_106' title="bbox 2031 4605 3596 4726">
    <p class='ocr_par' dir='ltr' id='par_1_106' title="bbox 2031 4605 3596 4726">
     <span class='ocr_line' id='line_1_107' title="bbox 2031 4605 3596 4726; baseline 0.01 -35"><span class='ocrx_word' id='word_1_810' title='bbox 2031 4605 2322 4715; x_wconf 59' lang='grc' dir='ltr'><strong>αῳέαὲἀξιῑ,</strong></span> <span class='ocrx_word' id='word_1_811' title='bbox 2352 4657 2669 4726; x_wconf 71' lang='lat' dir='ltr'><strong>quadriiugis</strong></span> <span class='ocrx_word' id='word_1_812' title='bbox 2691 4655 2944 4726; x_wconf 53' lang='lat' dir='ltr'><strong>existimo.</strong></span> <span class='ocrx_word' id='word_1_813' title='bbox 2971 4653 3122 4708; x_wconf 89' lang='lat' dir='ltr'><strong>Colb.</strong></span> <span class='ocrx_word' id='word_1_814' title='bbox 3146 4653 3430 4726; x_wconf 75' lang='lat' dir='ltr'><strong>secundus,</strong></span> <span class='ocrx_word' id='word_1_815' title='bbox 3460 4652 3596 4726; x_wconf 79' lang='lat' dir='ltr'><strong>quod</strong></span> 
     </span>
    </p>
   </div>
   <div class='ocr_carea' id='block_1_107' title="bbox 2028 4721 3590 4797">
    <p class='ocr_par' dir='ltr' id='par_1_107' title="bbox 2028 4721 3590 4797">
     <span class='ocr_line' id='line_1_108' title="bbox 2028 4721 3590 4797; baseline -0.003 -18"><span class='ocrx_word' id='word_1_816' title='bbox 2028 4721 2382 4797; x_wconf 12' lang='lat' dir='ltr'><strong>uerumlinagis</strong></span> <span class='ocrx_word' id='word_1_817' title='bbox 2410 4725 2664 4797; x_wconf 72' lang='lat' dir='ltr'><strong>existimo.</strong></span> <span class='ocrx_word' id='word_1_818' title='bbox 2700 4724 2757 4776; x_wconf 91' lang='lat' dir='ltr'><strong>ln</strong></span> <span class='ocrx_word' id='word_1_819' title='bbox 2783 4721 2987 4797; x_wconf 57' lang='lat' dir='ltr'><strong>Grieco,</strong></span> <span class='ocrx_word' id='word_1_820' title='bbox 3023 4727 3362 4797; x_wconf 60' lang='grc' dir='ltr'><strong>ἀληᾷέστερον.</strong></span> <span class='ocrx_word' id='word_1_821' title='bbox 3394 4721 3590 4797; x_wconf 72' lang='lat' dir='ltr'><strong>ibidem</strong></span> 
     </span>
    </p>
   </div>
   <div class='ocr_carea' id='block_1_108' title="bbox 2030 4793 3521 4861">
    <p class='ocr_par' dir='ltr' id='par_1_108' title="bbox 2030 4793 3521 4861">
     <span class='ocr_line' id='line_1_109' title="bbox 2030 4793 3521 4861; baseline -0.005 -13"><span class='ocrx_word' id='word_1_822' title='bbox 2030 4810 2154 4848; x_wconf 85' lang='lat' dir='ltr'><strong>mss.</strong></span> <span class='ocrx_word' id='word_1_823' title='bbox 2187 4793 2316 4847; x_wconf 13' lang='lat' dir='ltr'><strong>duo,</strong></span> <span class='ocrx_word' id='word_1_824' title='bbox 2337 4809 2454 4846; x_wconf 90' lang='lat' dir='ltr'><strong>cum</strong></span> <span class='ocrx_word' id='word_1_825' title='bbox 2486 4793 2670 4852; x_wconf 79' lang='lat' dir='ltr'><strong>editis,</strong></span> <span class='ocrx_word' id='word_1_826' title='bbox 2701 4795 3028 4861; x_wconf 74' lang='lat' dir='ltr'><strong>prtecipuam.</strong></span> <span class='ocrx_word' id='word_1_827' title='bbox 3057 4793 3229 4858; x_wconf 81' lang='lat' dir='ltr'><strong>Alius,</strong></span> <span class='ocrx_word' id='word_1_828' title='bbox 3249 4793 3521 4860; x_wconf 72' lang='lat' dir='ltr'><strong>prwcipue.</strong></span> 
     </span>
    </p>
   </div>
   <div class='ocr_carea' id='block_1_109' title="bbox 2106 4861 3588 4930">
    <p class='ocr_par' dir='ltr' id='par_1_109' title="bbox 2106 4861 3588 4930">
     <span class='ocr_line' id='line_1_110' title="bbox 2106 4861 3588 4930; baseline -0.001 -16"><span class='ocrx_word' id='word_1_829' title='bbox 2106 4877 2128 4898; x_wconf 73' lang='grc' dir='ltr'>υ</span> <span class='ocrx_word' id='word_1_830' title='bbox 2168 4863 2384 4929; x_wconf 86' lang='lat' dir='ltr'><strong>Antiqui</strong></span> <span class='ocrx_word' id='word_1_831' title='bbox 2419 4861 2524 4915; x_wconf 91' lang='lat' dir='ltr'><strong>duo</strong></span> <span class='ocrx_word' id='word_1_832' title='bbox 2553 4862 2671 4914; x_wconf 81' lang='lat' dir='ltr'><strong>libri</strong></span> <span class='ocrx_word' id='word_1_833' title='bbox 2712 4871 2765 4914; x_wconf 91' lang='lat' dir='ltr'><strong>et</strong></span> <span class='ocrx_word' id='word_1_834' title='bbox 2809 4862 2968 4929; x_wconf 82' lang='lat' dir='ltr'><strong>editi,</strong></span> <span class='ocrx_word' id='word_1_835' title='bbox 2997 4864 3186 4930; x_wconf 71' lang='lat' dir='ltr'><strong>lingua:</strong></span> <span class='ocrx_word' id='word_1_836' title='bbox 3226 4862 3588 4930; x_wconf 85' lang='lat' dir='ltr'><strong>cognitionem.</strong></span> 
     </span>
    </p>
   </div>
   <div class='ocr_carea' id='block_1_110' title="bbox 2028 4929 3590 4999">
    <p class='ocr_par' dir='ltr' id='par_1_110' title="bbox 2028 4929 3590 4999">
     <span class='ocr_line' id='line_1_111' title="bbox 2028 4929 3590 4999; baseline -0.004 -14"><span class='ocrx_word' id='word_1_837' title='bbox 2028 4931 2096 4985; x_wconf 84' lang='lat' dir='ltr'><strong>Et</strong></span> <span class='ocrx_word' id='word_1_838' title='bbox 2123 4933 2208 4985; x_wconf 93' lang='lat' dir='ltr'><strong>hic</strong></span> <span class='ocrx_word' id='word_1_839' title='bbox 2243 4946 2454 4999; x_wconf 90' lang='lat' dir='ltr'><strong>quoque</strong></span> <span class='ocrx_word' id='word_1_840' title='bbox 2481 4931 2635 4984; x_wconf 89' lang='lat' dir='ltr'><strong>unius</strong></span> <span class='ocrx_word' id='word_1_841' title='bbox 2664 4930 2906 4984; x_wconf 65' lang='lat' dir='ltr'><strong>litterulae</strong></span> <span class='ocrx_word' id='word_1_842' title='bbox 2937 4929 3158 4983; x_wconf 82' lang='lat' dir='ltr'><strong>mutatio</strong></span> <span class='ocrx_word' id='word_1_843' title='bbox 3185 4929 3590 4999; x_wconf 81' lang='lat' dir='ltr'><strong>pulcherrimam</strong></span> 
     </span>
    </p>
   </div>
   <div class='ocr_carea' id='block_1_111' title="bbox 2028 4996 3590 5070">
    <p class='ocr_par' dir='ltr' id='par_1_111' title="bbox 2028 4996 3590 5070">
     <span class='ocr_line' id='line_1_112' title="bbox 2028 4996 3590 5070; baseline -0.004 -14"><span class='ocrx_word' id='word_1_844' title='bbox 2028 4996 2343 5056; x_wconf 77' lang='lat' dir='ltr'><strong>sententiam</strong></span> <span class='ocrx_word' id='word_1_845' title='bbox 2365 4996 2705 5070; x_wconf 30' lang='lat' dir='ltr'><strong>fdepravavit.</strong></span> <span class='ocrx_word' id='word_1_846' title='bbox 2769 4999 2883 5052; x_wconf 78' lang='lat' dir='ltr'><strong>Non</strong></span> <span class='ocrx_word' id='word_1_847' title='bbox 2923 5002 3080 5070; x_wconf 80' lang='lat' dir='ltr'><strong>enim</strong></span> <span class='ocrx_word' id='word_1_848' title='bbox 3108 4996 3590 5070; x_wconf 70' lang='lat' dir='ltr'><strong>cognitionem__legi</strong></span> 
     </span>
    </p>
   </div>
   <div class='ocr_carea' id='block_1_112' title="bbox 2029 5066 3590 5140">
    <p class='ocr_par' dir='ltr' id='par_1_112' title="bbox 2029 5066 3590 5140">
     <span class='ocr_line' id='line_1_113' title="bbox 2029 5066 3590 5140; baseline -0.005 -15"><span class='ocrx_word' id='word_1_849' title='bbox 2029 5079 2240 5140; x_wconf 88' lang='lat' dir='ltr'><strong>oportet</strong></span> <span class='ocrx_word' id='word_1_850' title='bbox 2284 5069 2377 5140; x_wconf 83' lang='lat' dir='ltr'><strong>sed</strong></span> <span class='ocrx_word' id='word_1_851' title='bbox 2403 5066 2872 5140; x_wconf 79' lang='lat' dir='ltr'><strong>cognationem,_ut</strong></span> <span class='ocrx_word' id='word_1_852' title='bbox 2896 5085 2966 5140; x_wconf 61' lang='lat' dir='ltr'><strong>eis</strong></span> <span class='ocrx_word' id='word_1_853' title='bbox 2992 5069 3144 5122; x_wconf 91' lang='lat' dir='ltr'><strong>Colb.</strong></span> <span class='ocrx_word' id='word_1_854' title='bbox 3166 5066 3411 5140; x_wconf 73' lang='lat' dir='ltr'><strong>secundo</strong></span> <span class='ocrx_word' id='word_1_855' title='bbox 3433 5066 3590 5140; x_wconf 44' lang='lat' dir='ltr'><strong>disci:-</strong></span> 
     </span>
    </p>
   </div>
   <div class='ocr_carea' id='block_1_113' title="bbox 2027 5134 3590 5205">
    <p class='ocr_par' dir='ltr' id='par_1_113' title="bbox 2027 5134 3590 5205">
     <span class='ocr_line' id='line_1_114' title="bbox 2027 5134 3590 5205; baseline -0.004 -12"><span class='ocrx_word' id='word_1_856' title='bbox 2027 5134 2167 5204; x_wconf 60' lang='lat' dir='ltr'><strong>w&#39;us,</strong></span> <span class='ocrx_word' id='word_1_857' title='bbox 2196 5134 2565 5205; x_wconf 52' lang='lat' dir='ltr'><strong>magisque&#39;ex</strong></span> <span class='ocrx_word' id='word_1_858' title='bbox 2593 5139 2768 5191; x_wconf 78' lang='lat' dir='ltr'><strong>verbis</strong></span> <span class='ocrx_word' id='word_1_859' title='bbox 2793 5137 2991 5201; x_wconf 90' lang='lat' dir='ltr'><strong>Basilii,</strong></span> <span class='ocrx_word' id='word_1_860' title='bbox 3017 5153 3136 5205; x_wconf 82' lang='lat' dir='ltr'><strong>quae</strong></span> <span class='ocrx_word' id='word_1_861' title='bbox 3164 5139 3274 5191; x_wconf 68' lang='grc' dir='ltr'>ιιιρο</span> <span class='ocrx_word' id='word_1_862' title='bbox 3299 5143 3424 5190; x_wconf 89' lang='lat' dir='ltr'><strong>sunt</strong></span> <span class='ocrx_word' id='word_1_863' title='bbox 3449 5176 3465 5201; x_wconf 89' lang='lat'><strong>,</strong></span> <span class='ocrx_word' id='word_1_864' title='bbox 3510 5134 3590 5188; x_wconf 73' lang='grc' dir='ltr'><strong>διὰ</strong></span> 
     </span>
    </p>
   </div>
   <div class='ocr_carea' id='block_1_114' title="bbox 2033 5205 3600 5280">
    <p class='ocr_par' dir='ltr' id='par_1_114' title="bbox 2033 5205 3600 5280">
     <span class='ocr_line' id='line_1_115' title="bbox 2033 5205 3600 5280; baseline -0.001 -22"><span class='ocrx_word' id='word_1_865' title='bbox 2033 5215 2117 5280; x_wconf 58' lang='grc' dir='ltr'><strong>τήν</strong></span> <span class='ocrx_word' id='word_1_866' title='bbox 2143 5211 2270 5280; x_wconf 71' lang='grc' dir='ltr'><strong>πρὸς</strong></span> <span class='ocrx_word' id='word_1_867' title='bbox 2293 5215 2382 5280; x_wconf 60' lang='grc' dir='ltr'><strong>τήν</strong></span> <span class='ocrx_word' id='word_1_868' title='bbox 2411 5207 2650 5280; x_wconf 62' lang='grc' dir='ltr'>Ἐϐραῖδᾳ</span> <span class='ocrx_word' id='word_1_869' title='bbox 2677 5208 2966 5280; x_wconf 57' lang='grc' dir='ltr'><strong>’γειτνζιᾳ-ιν.</strong></span> <span class='ocrx_word' id='word_1_870' title='bbox 2990 5206 3193 5261; x_wconf 81' lang='lat' dir='ltr'><strong>Rursus</strong></span> <span class='ocrx_word' id='word_1_871' title='bbox 3219 5205 3374 5260; x_wconf 87' lang='lat' dir='ltr'><strong>Colb.</strong></span> <span class='ocrx_word' id='word_1_872' title='bbox 3401 5219 3600 5277; x_wconf 26' lang='lat' dir='ltr'><strong>secun—f</strong></span> 
     </span>
    </p>
   </div>
   <div class='ocr_carea' id='block_1_115' title="bbox 2029 5275 3028 5356">
    <p class='ocr_par' dir='ltr' id='par_1_115' title="bbox 2029 5275 3028 5356">
     <span class='ocr_line' id='line_1_116' title="bbox 2029 5275 3028 5356; baseline -0.003 -25"><span class='ocrx_word' id='word_1_873' title='bbox 2029 5279 2144 5356; x_wconf 56' lang='lat' dir='ltr'><strong>dus,</strong></span> <span class='ocrx_word' id='word_1_874' title='bbox 2168 5275 2329 5356; x_wconf 53' lang='lat' dir='ltr'><strong>inagis</strong></span> <span class='ocrx_word' id='word_1_875' title='bbox 2350 5275 2709 5356; x_wconf 60' lang='lat' dir='ltr'><strong>qttwsiionibus</strong></span> <span class='ocrx_word' id='word_1_876' title='bbox 2738 5275 3028 5356; x_wconf 65' lang='lat' dir='ltr'><strong>indulsisse.</strong></span> 
     </span>
    </p>
   </div>
   <div class='ocr_carea' id='block_1_116' title="bbox 2105 5340 3592 5418">
    <p class='ocr_par' dir='ltr' id='par_1_116' title="bbox 2105 5340 3592 5418">
     <span class='ocr_line' id='line_1_117' title="bbox 2105 5340 3592 5418; baseline -0.003 -21"><span class='ocrx_word' id='word_1_877' title='bbox 2105 5344 2123 5381; x_wconf 72' lang='grc' dir='ltr'><strong>ί</strong></span> <span class='ocrx_word' id='word_1_878' title='bbox 2167 5340 2333 5418; x_wconf 51' lang='lat' dir='ltr'><strong>Edi&#39;ti1</strong></span> <span class='ocrx_word' id='word_1_879' title='bbox 2356 5340 2654 5418; x_wconf 69' lang='lat' dir='ltr'><strong>ferebantur</strong></span> <span class='ocrx_word' id='word_1_880' title='bbox 2680 5345 2919 5418; x_wconf 60' lang='lat' dir='ltr'><strong>initiatisl</strong></span> <span class='ocrx_word' id='word_1_881' title='bbox 2945 5343 3159 5412; x_wconf 87' lang='lat' dir='ltr'><strong>Antiqui</strong></span> <span class='ocrx_word' id='word_1_882' title='bbox 3181 5343 3455 5418; x_wconf 48' lang='lat' dir='ltr'><strong>duonlibri,</strong></span> <span class='ocrx_word' id='word_1_883' title='bbox 3483 5340 3592 5418; x_wconf 54' lang='lat' dir='ltr'><strong>inji-</strong></span> 
     </span>
    </p>
   </div>
   <div class='ocr_carea' id='block_1_117' title="bbox 2021 5411 3590 5484">
    <p class='ocr_par' dir='ltr' id='par_1_117' title="bbox 2021 5411 3590 5484">
     <span class='ocr_line' id='line_1_118' title="bbox 2021 5411 3590 5484; baseline -0.003 -17"><span class='ocrx_word' id='word_1_884' title='bbox 2021 5417 2174 5469; x_wconf 85' lang='lat' dir='ltr'><strong>ciens.</strong></span> <span class='ocrx_word' id='word_1_885' title='bbox 2209 5413 2264 5466; x_wconf 90' lang='lat' dir='ltr'><strong>ln</strong></span> <span class='ocrx_word' id='word_1_886' title='bbox 2295 5411 2500 5477; x_wconf 55' lang='lat' dir='ltr'><strong>Ganeo,</strong></span> <span class='ocrx_word' id='word_1_887' title='bbox 2547 5417 2868 5484; x_wconf 53' lang='grc' dir='ltr'><strong>ἐνιείσηςνέ</strong></span> <span class='ocrx_word' id='word_1_888' title='bbox 2885 5414 3012 5478; x_wconf 64' lang='lat' dir='ltr'><strong>Quae</strong></span> <span class='ocrx_word' id='word_1_889' title='bbox 3045 5411 3160 5484; x_wconf 56' lang='lat' dir='ltr'><strong>vos</strong></span> <span class='ocrx_word' id='word_1_890' title='bbox 3192 5413 3259 5467; x_wconf 85' lang='lat' dir='ltr'><strong>ad</strong></span> <span class='ocrx_word' id='word_1_891' title='bbox 3283 5411 3486 5484; x_wconf 66' lang='lat' dir='ltr'><strong>_iipw90g_</strong></span> <span class='ocrx_word' id='word_1_892' title='bbox 3511 5411 3590 5463; x_wconf 71' lang='lat' dir='ltr'><strong>re-</strong></span> 
     </span>
    </p>
   </div>
   <div class='ocr_carea' id='block_1_118' title="bbox 2020 5479 3590 5539">
    <p class='ocr_par' dir='ltr' id='par_1_118' title="bbox 2020 5479 3590 5539">
     <span class='ocr_line' id='line_1_119' title="bbox 2020 5479 3590 5539; baseline -0.004 0"><span class='ocrx_word' id='word_1_893' title='bbox 2020 5485 2188 5539; x_wconf 87' lang='lat' dir='ltr'><strong>fertur</strong></span> <span class='ocrx_word' id='word_1_894' title='bbox 2208 5485 2279 5535; x_wconf 90' lang='lat' dir='ltr'><strong>ita</strong></span> <span class='ocrx_word' id='word_1_895' title='bbox 2311 5490 2367 5536; x_wconf 92' lang='lat' dir='ltr'><strong>ut</strong></span> <span class='ocrx_word' id='word_1_896' title='bbox 2394 5497 2582 5536; x_wconf 88' lang='lat' dir='ltr'><strong>sensus</strong></span> <span class='ocrx_word' id='word_1_897' title='bbox 2609 5484 2767 5536; x_wconf 90' lang='lat' dir='ltr'><strong>sit....</strong></span> <span class='ocrx_word' id='word_1_898' title='bbox 2801 5481 2868 5534; x_wconf 82' lang='lat' dir='ltr'><strong>ad</strong></span> <span class='ocrx_word' id='word_1_899' title='bbox 2890 5485 3008 5535; x_wconf 85' lang='lat' dir='ltr'><strong>sim.</strong></span> <span class='ocrx_word' id='word_1_900' title='bbox 3043 5479 3182 5534; x_wconf 81' lang='lat' dir='ltr'><strong>Gatl.</strong></span> <span class='ocrx_word' id='word_1_901' title='bbox 3211 5479 3328 5534; x_wconf 56' lang='lat' dir='ltr'><strong>cubi</strong></span> <span class='ocrx_word' id='word_1_902' title='bbox 3364 5481 3590 5535; x_wconf 65' lang='lat' dir='ltr'><strong>ritatema</strong></span> 
     </span>
    </p>
   </div>
   <div class='ocr_carea' id='block_1_119' title="bbox 2019 5549 3324 5632">
    <p class='ocr_par' dir='ltr' id='par_1_119' title="bbox 2019 5549 3324 5632">
     <span class='ocr_line' id='line_1_120' title="bbox 2019 5549 3324 5632; baseline -0.001 -26"><span class='ocrx_word' id='word_1_903' title='bbox 2019 5569 2114 5632; x_wconf 79' lang='lat' dir='ltr'><strong>que</strong></span> <span class='ocrx_word' id='word_1_904' title='bbox 2142 5554 2256 5607; x_wconf 81' lang='lat' dir='ltr'><strong>virt.</strong></span> <span class='ocrx_word' id='word_1_905' title='bbox 2289 5552 2364 5606; x_wconf 83' lang='lat' dir='ltr'><strong>his</strong></span> <span class='ocrx_word' id='word_1_906' title='bbox 2389 5567 2500 5621; x_wconf 62' lang='lat' dir='ltr'><strong>qua!</strong></span> <span class='ocrx_word' id='word_1_907' title='bbox 2529 5554 2759 5620; x_wconf 75' lang='lat' dir='ltr'><strong>ferentur</strong></span> <span class='ocrx_word' id='word_1_908' title='bbox 2795 5551 3135 5606; x_wconf 79' lang='lat' dir='ltr'><strong>imminentis.</strong></span> <span class='ocrx_word' id='word_1_909' title='bbox 3169 5549 3324 5605; x_wconf 79' lang='lat' dir='ltr'><strong>Enn.</strong></span> 
     </span>
    </p>
   </div>
  </div>
