3824 6214
144 314 251 368 889

881 299 1259 360 EUSTATHII
1300 299 1709 359 llEXAEMERI
1748 298 2243 357 METAPIIBASIS
2280 293 2493 353 LIBER
2531 293 2599 352 li.

3279 290 3385 347 890

139 441 306 498 etiam
335 434 464 492 illud
504 431 649 504 quod
675 445 707 484 a
735 427 1055 498 quibusdam
1086 426 1245 483 valde
1271 426 1584 496 requiritur,
1609 441 1710 496 ap—
1737 429 1788 489 Δ
1814 437 2094 500 operatum
2134 441 2218 485 est
2239 468 2257 498 ,
2298 427 2394 484 sed
2436 428 2563 498 quia
2607 424 2806 483 coloris
2830 419 2918 482 sui
2974 435 3171 492 magna
3219 422 3382 477 nobis

139 528 361 587 probari
408 534 625 595 potest:
673 521 800 591 quia
825 534 928 575 nec
974 517 1195 590 genitali
1219 516 1458 588 potentia
1485 514 1714 587 Spiritus

135 606 308 680 714.
336 616 566 663 sanctus
592 615 763 664 caret.

212 707 265 759 7.
310 703 379 757 Et
397 704 527 757 dixit
553 702 708 767 Deus,
738 699 864 754 Fiat
889 699 998 753 lux.
1031 697 1210 752 Prima
1227 697 1441 753 voxDei
1466 705 1716 752 naturam

143 795 360 849 luminis
392 792 703 855 fabricavit,
743 806 808 846 ac
837 789 1084 846 tenebras
1110 788 1361 858 dispulit,
1403 803 1719 843 maerorem-

144 898 251 953 que
277 881 559 947 dissolvit,
602 890 657 935 et
705 894 918 934 omnem
964 878 1142 933 subito
1171 879 1346 932 laetam
1373 878 1607 946 speciem
1629 875 1719 945 ju—

146 973 486 1040 cundamque
516 968 789 1040 produxit.
842 966 1004 1022 Polus
1033 974 1160 1021 tunc
1185 967 1454 1035 apparuit,
1488 965 1577 1033 qui
1607 972 1724 1018 erat

150 1065 367 1119 interim
413 1063 617 1117 celatus
664 1075 696 1113 a
736 1058 996 1124 Domino;
1058 1065 1315 1125 tantaque
1350 1056 1465 1125 ejus
1492 1055 1725 1126 pulchri-

151 1156 280 1210 tudo
332 1153 665 1224 perclaruit,
726 1159 979 1219 quantam
1028 1165 1168 1204 nunc
1213 1150 1372 1205 etiam
1416 1146 1727 1202 testiﬁcatur

150 1254 421 1315 aspectus.
472 1242 577 1297 Aer
616 1248 794 1295 autem
841 1239 1204 1293 illustrabatur
1248 1254 1316 1291 ex
1362 1253 1426 1291 ea
1466 1237 1581 1290 luce
1608 1250 1728 1304 quae

150 1336 252 1390 sibi
275 1341 396 1389 erat
422 1332 677 1394 admixta,
721 1337 1037 1396 acutamque
1059 1328 1482 1397 penetrationem
1527 1325 1728 1394 proprii

150 1425 394 1494 fulgoris,
424 1424 621 1491 ubique
641 1437 738 1491 per
757 1435 945 1476 omnes
962 1435 1088 1474 suos
1116 1419 1370 1473 terminos
1399 1416 1725 1472 intendebat.

151 1516 380 1572 Sursum
426 1515 571 1569 enim
616 1511 805 1565 tctbcri
851 1518 967 1564 erat
1004 1509 1248 1578 cmloque
1280 1508 1510 1573 vicinus;
1548 1507 1730 1560 latitu-

153 1607 282 1662 dine
304 1613 485 1660 autem
512 1603 761 1660 boreales
788 1602 944 1656 simul
964 1608 1020 1655 et
1044 1600 1325 1665 australes,
1357 1612 1588 1666 eoasque
1608 1612 1733 1667 par-

152 1707 255 1762 tes,
289 1712 504 1752 necnon
553 1704 608 1749 et
654 1692 903 1748 occiduas
948 1690 1328 1758 contingebat,
1358 1689 1554 1757 quippe
1581 1686 1732 1754 cujus

153 1797 352 1844 natura
400 1786 577 1843 lucida
619 1793 704 1840 est
748 1791 913 1852 atque
962 1781 1243 1851 perspicua
1267 1819 1283 1844 ,
1332 1786 1554 1848 propter
1591 1775 1734 1847 quod

1817 522 2210 577 oblectamenta
2260 520 2501 589 largitur.
2540 518 2800 574 Similiter
2844 516 3008 572 etiam
3058 514 3214 579 stella
3264 526 3386 584 qum

1817 613 2084 668 vocitatur
2108 610 2334 673 Antifer,
2365 610 2605 666 omnium
2629 609 2865 666 siderum
2893 606 3253 678 pulcherrima
3281 618 3384 659 no-

1818 705 2071 767 minatur,
2117 713 2140 741 ο
2178 718 2288 757 non
2325 712 2547 773 propter
2577 702 2829 758 eximiam
2867 697 3387 769 compaginationem

1821 794 2202 857 membrorum,
2231 807 2352 860 quae
2372 792 2517 846 nulla
2539 798 2664 847 sunt
2689 791 2738 846 ei
2755 829 2770 856 ,
2798 789 2892 845 sed
2917 789 3040 859 quia
3067 789 3243 842 [tntum
3271 785 3385 839 ala-

1822 899 2076 953 cremque
2121 883 2382 952 fulgorem
2410 883 2607 938 nostris
2648 881 2906 953 impendit
2943 880 3234 936 obtutibus.
3275 876 3388 931 llu-

1819 975 2053 1045 jusmodi
2100 989 2229 1043 ergo
2266 975 2362 1030 Dei
2400 975 2800 1043 testimonium,
2845 989 2956 1028 non
2993 973 3059 1027 ad
3084 972 3188 1027 hoc
3215 971 3389 1025 solum

1822 1066 2042 1134 respicit
2060 1066 2203 1135 quod
2230 1079 2329 1135 per
2346 1080 2408 1120 se
2434 1065 2525 1119 lux
2552 1065 2693 1119 bona
2721 1073 2806 1120 est
2831 1072 2887 1120 et
2911 1063 3144 1134 jucunda
3165 1076 3392 1117 cemen-

1825 1156 2001 1223 tibus,
2030 1156 2122 1209 sed
2152 1155 2313 1210 etiam
2340 1162 2561 1224 propter
2593 1155 2877 1209 utilitatem
2905 1168 3024 1224 quae
3049 1150 3392 1222 postmodum

1826 1260 1896 1299 ex
1923 1260 1986 1299 ea
2008 1244 2106 1298 fuit
2128 1244 2320 1299 collata
2349 1244 2688 1309 mortalibus,
2719 1244 2914 1298 bonam
2944 1242 3097 1297 dixit.
3155 1240 3222 1295 Et
3242 1256 3396 1312 sepa-

1828 1334 1960 1388 ravit
1986 1332 2124 1387 Deus
2147 1335 2281 1387 inter
2299 1333 2461 1387 lucem
2499 1340 2551 1386 et
2590 1331 2855 1397 tenebras,
2888 1332 2941 1387 id
2971 1339 3054 1387 est
3081 1330 3398 1386 incommix-

1829 1429 1939 1475 tam
1980 1429 2225 1475 naturam
2254 1421 2463 1475 illarum
2487 1461 2502 1487 ,
2535 1420 2742 1489 sibique
2765 1436 2837 1475 ex
2866 1421 3250 1475 contrarietate
3278 1416 3393 1473 dis-

1829 1527 2015 1582 parem
2055 1511 2366 1578 fabricavit;
2396 1511 2594 1580 quippe
2620 1526 2752 1581 quas
2779 1511 3002 1581 prolixis
3044 1526 3074 1564 a
3111 1524 3170 1563 se
3216 1509 3402 1578 spatiis

1831 1611 1888 1658 et
1914 1602 2157 1657 destituit
2177 1610 2232 1657 et
2259 1602 2529 1666 discrevit,
2560 1603 2699 1657 sicut
2723 1601 2923 1656 dictum
2952 1607 3035 1655 est
3059 1618 3072 1653 :
3114 1597 3182 1653 Et
3210 1600 3403 1654 vocavit

1832 1692 1975 1748 Deus
2003 1694 2164 1749 lucem
2192 1694 2347 1759 diem,
2379 1702 2428 1746 et
2449 1694 2687 1747 tenebras
2712 1694 2906 1748 vocavit
2935 1701 3153 1747 noctem.

1905 1785 1959 1840 8.
2000 1785 2150 1841 Nunc
2181 1785 2394 1854 quidem
2421 1792 2546 1855 post
2572 1785 2702 1840 solis
2726 1785 3054 1839 creationem
3080 1783 3196 1837 dies
3220 1782 3405 1852 appel-

156 1880 336 1935 nullas
383 1893 561 1933 moras
611 1884 705 1931 aut
741 1884 988 1942 tempora
1017 1872 1111 1926 lux
1136 1886 1234 1941 per
1275 1885 1398 1924 eum
1426 1882 1736 1924 commeans
1768 1844 1811 1902 Β
1837 1875 1998 1938 latur,
2026 1875 2081 1929 id
2100 1881 2183 1930 est
2198 1844 2304 1929 laer
2332 1874 2351 1913 ί
2379 1844 2495 1930 sole
2522 1874 2836 1939 illustratus,
2864 1888 2986 1928 cum
3015 1873 3065 1927 in
3095 1844 3409 1940 hemisphae-

157 1971 483 2028 sustinebat.
534 1967 683 2023 Sicut
729 1965 872 2019 enim
919 1964 1141 2018 obtutus
1184 1968 1428 2033 nostros,
1480 1958 1596 2014 sine
1625 1957 1735 2012 ullo

158 2067 442 2118 momento
471 2056 726 2126 temporis
750 2097 766 2122 ,
806 2069 898 2108 aer
941 2068 1067 2107 mox
1113 2051 1181 2105 ad
1222 2066 1284 2105 ea
1330 2049 1506 2116 dirigit
1531 2064 1649 2118 qua:
1668 2049 1741 2102 vi-

158 2155 388 2215 dentur;
419 2151 495 2204 ita
522 2148 655 2203 lucis
681 2161 955 2202 accessum
976 2144 1252 2208 velociter,
1285 2149 1342 2197 et
1369 2143 1514 2196 omni
1544 2141 1739 2196 celeri-

160 2253 274 2297 tate
302 2247 648 2312 perceptum,
694 2252 791 2307 per
812 2251 998 2290 omnes
1037 2234 1170 2288 ﬁnes
1206 2248 1314 2289 sua:
1356 2232 1743 2301 coniplexiouis

161 2333 380 2389 infudit.
426 2330 621 2385 Ether
654 2344 870 2399 quoque
898 2328 1176 2382 venustius
1197 2335 1222 2362 α
1244 2326 1599 2380 illuminatum
1628 2322 1745 2379 efﬁ-

165 2427 310 2482 citur
337 2466 356 2493 ,
398 2431 456 2478 et
498 2436 650 2491 aqua:
694 2419 1083 2489 splendidiores
1107 2425 1403 2488 apparent,
1438 2432 1547 2471 non
1573 2416 1746 2471 solum

163 2517 294 2587 quia
348 2513 483 2569 lucis
515 2511 748 2567 candore
790 2511 1103 2573 lustrantur,
1145 2509 1239 2563 sed
1266 2508 1431 2563 etiam
1467 2521 1749 2577 repercus-

162 2608 323 2663 sioue
351 2605 471 2671 ejus
494 2603 791 2658 emicantes
813 2641 829 2666 ,
872 2601 1156 2656 clariorem
1200 2599 1431 2655 reddunt
1467 2599 1608 2653 aeris
1635 2596 1752 2653 elli-

166 2696 335 2765 giem.
363 2692 441 2747 Ita
470 2692 649 2747 omnia
676 2706 784 2746 vox
821 2690 1022 2756 divina,
1057 2697 1209 2757 grata
1226 2697 1281 2743 et
1308 2689 1530 2743 honesta
1554 2686 1754 2742 consti-

165 2784 293 2838 ttn't.
347 2781 483 2836 Nam
529 2781 670 2835 sicut
715 2780 771 2834 lii
814 2779 906 2847 qui
946 2779 1053 2833 olei
1099 2778 1381 2849 aspergine
1418 2777 1757 2847 perspicuum

165 2875 272 2932 sibi
308 2871 636 2944 profundum
680 2871 845 2926 maris
891 2869 1162 2936 efﬁciunt,
1187 2870 1266 2925 sic
1310 2884 1488 2923 rerum
1513 2867 1760 2923 conditor

167 2966 316 3023 Deus
351 2964 436 3020 sui
464 2964 574 3018 oris
601 2961 785 3017 aiilatu
803 3003 818 3026 ,
846 2961 1231 3029 iucunditatem
1263 2959 1417 3022 lucis,
1447 2957 1650 3013 mundo
1672 2971 1762 3011 re-

171 3064 347 3129 pente
370 3053 670 3110 constituit.
701 3051 829 3105 Fiat
849 3052 959 3113 lux,
992 3051 1128 3127 dixit
1155 3051 1296 3104 Deus
1321 3067 1333 3103 :
1366 3048 1761 3129 confestimque

170 3124 472 3220 praeceptio
501 3144 599 3198 fuit
624 3158 760 3213 opus
783 3183 799 3208 ,
852 3150 907 3197 et
952 3124 1093 3196 facta
1116 3150 1303 3195 natura
1331 3149 1414 3195 est
1432 3182 1447 3207 ,
1476 3141 1599 3210 quia
1629 3124 1763 3192 uibil

171 3235 554 3306 toluptuosius
601 3234 656 3287 in
691 3232 916 3287 fruendo
946 3231 1323 3299 cogitationem
1351 3230 1549 3299 poterit
1574 3229 1752 3283 subire

176 3325 519 3382 mortalium.
558 3323 664 3378 Sed
693 3331 748 3377 et
782 3323 828 3377 si
860 3322 1074 3392 quando
1109 3337 1299 3376 vocem
1327 3335 1757 3389 sermonemque,

175 3416 269 3473 vel
292 3415 714 3486 praeceptionem
739 3412 836 3467 Dei
856 3411 1110 3477 dicimus,
1150 3411 1313 3465 debes
1343 3411 1623 3465 advertere
1655 3426 1764 3465 non

181 3506 492 3563 intentione
524 3504 548 3542 ι’
584 3511 841 3571 motuque
876 3502 1120 3571 corporis
1145 3517 1334 3556 vocem
1370 3500 1643 3556 reddentis
1670 3515 1763 3554 so-

180 3613 316 3654 num
342 3597 649 3667 quempiam
678 3595 935 3650 destinari
953 3635 968 3659 ,
1000 3609 1099 3649 nec
1120 3609 1300 3648 aerem
1328 3593 1505 3659 lingua
1530 3604 1550 3630 ο
1576 3592 1766 3645 verbe-

181 3697 369 3747 ratum
388 3728 405 3753 ,
435 3701 554 3741 esse
580 3685 677 3741 Dei
703 3701 1037 3740 sermonem:
1085 3684 1177 3740 sed
1205 3684 1493 3739 voluntatis
1520 3698 1629 3737 suae
1648 3697 1770 3735 mo-

182 3788 434 3836 mentum
454 3816 471 3841 ,
503 3778 755 3846 quoniam
802 3786 1027 3846 propter
1062 3792 1158 3831 eos
1184 3776 1275 3844 qui
1301 3775 1563 3830 docentur
1589 3774 1772 3827 utilius

184 3885 313 3926 esse
358 3883 672 3935 censemus,
722 3868 999 3936 speciatim
1045 3867 1272 3934 ﬁgurare
1316 3873 1663 3935 praeceptum.
1702 3863 1773 3915 Et

186 3961 321 4017 vidit
355 3958 495 4013 Deus
525 3961 644 4031 quia
683 3960 772 4013 tua:
807 3958 962 4013 bona.
1001 3959 1203 4025 Quibus
1231 3959 1391 4027 igitur
1428 3959 1600 4012 lucem
1629 3957 1772 4011 cele—

187 4053 360 4109 brare
385 4064 486 4105 nos
512 4051 809 4120 poterimus
839 4051 1103 4115 laudibus,
1136 4066 1257 4105 cum
1284 4051 1390 4105 tale
1412 4050 1479 4105 de
1505 4065 1601 4103 sua
1629 4050 1776 4103 boni-

190 4148 311 4196 tate
335 4139 700 4193 testimonium
732 4155 762 4192 a
783 4138 1074 4193 Conditore
1100 4139 1390 4193 meruerit?
1417 4139 1567 4192 Licet
1595 4138 1775 4192 divina

189 4231 365 4287 verba
394 4238 610 4284 nostros
650 4230 799 4298 paria
827 4230 1015 4284 oculos
1055 4229 1122 4283 de
1152 4229 1240 4283 illa
1263 4229 1507 4298 judicare
1535 4230 1775 4298 compel-

191 4319 332 4384 lant,
362 4334 489 4373 nam
515 4332 693 4373 sermo
716 4334 821 4373 non
849 4317 1048 4372 sufﬁcit
1074 4319 1344 4387 explicare
1370 4326 1626 4388 quantum
1656 4335 1780 4374 sen-

191 4428 290 4467 sus
316 4411 455 4467 aciei
483 4413 816 4480 praeveniens
844 4421 1145 4467 attestatur.
1181 4413 1238 4467 Si
1267 4416 1409 4468 enim
1439 4415 1778 4483 pulchritudo

192 4517 466 4572 corporea
502 4517 569 4556 ex
596 4499 625 4539 ἀ
653 4503 908 4557 membris
950 4503 1091 4557 inter
1126 4520 1185 4559 se
1226 4506 1327 4559 rite
1360 4506 1699 4574 compositis,
1726 4511 1781 4559 et

192 4609 267 4649 ex
287 4593 487 4648 coloris
514 4602 797 4648 venustate
824 4593 1103 4660 formatur,
1133 4597 1405 4663 quomodo
1429 4597 1599 4651 lucem
1628 4599 1779 4667 cujus

197 4690 395 4739 natura
422 4684 648 4753 simplex
675 4692 788 4751 est,
816 4686 1022 4754 sibique
1046 4701 1141 4754 per
1169 4689 1345 4741 omnia
1375 4689 1560 4743 similis
1580 4732 1594 4756 ,
1624 4692 1777 4759 plena

196 4771 582 4842 przedicatione
623 4773 766 4843 quod
807 4775 950 4828 bona
995 4776 1100 4842 sit,
1138 4791 1421 4845 possumus
1467 4779 1780 4847 explicare?

195 4861 279 4918 ita
300 4860 449 4917 enim
482 4869 538 4916 et
572 4877 765 4917 aurum
800 4863 1002 4918 bonum
1024 4863 1279 4929 dicimus,
1332 4883 1443 4920 non
1480 4868 1604 4934 quia
1644 4869 1780 4923 bene

272 5047 301 5076 ι
341 5036 497 5091 Colb.
531 5035 820 5103 secundus,
858 5036 1181 5090 illuminatus
1222 5039 1469 5106 efﬁcitur;
1518 5046 1573 5095 et
1614 5043 1688 5094 ita
1715 5057 1781 5096 ex

198 5108 399 5176 regulis
425 5107 786 5175 grammaticis
814 5106 917 5173 legi
955 5113 1208 5172 oportere
1238 5115 1478 5176 putarem
1500 5151 1515 5175 ,
1551 5110 1650 5165 nisi
1678 5127 1783 5167 vox

202 5174 364 5255 {aliter
385 5174 817 5255 esset_.neut_rius
853 5176 1066 5255 generis
1094 5174 1255 5255 apud
1282 5174 1619 5255 Eustathium
1636 5221 1652 5247 ,
1691 5181 1783 5250 qui

204 5250 259 5301 in
290 5247 429 5299 libro
456 5244 618 5316 tertio
661 5245 799 5316 ultra
835 5243 1069 5297 medium
1098 5243 1178 5316 sic
1202 5247 1446 5316 scripsit,
1495 5243 1656 5304 aether
1683 5243 1782 5303 a'u-

209 5327 311 5369 tem
330 5316 443 5383 quis
472 5314 666 5369 dubitet
685 5315 978 5383 ﬂammeum
1001 5313 1150 5367 esse?

279 5384 304 5421 δ
342 5383 516 5450 Editi,
532 5385 788 5438 mentione
812 5391 1065 5454 motuque.
1103 5383 1173 5437 At
1200 5385 1367 5439 nostri
1400 5393 1508 5441 tres
1528 5403 1683 5453 mss,
1700 5389 1784 5442 in-

204 5454 436 5513 tentione
460 5461 717 5520 motuque.
785 5493 800 5511 .
1788 5474 1789 5477 η

282 5532 314 5593 ε*
347 5520 522 5592 Editi,
561 5520 878 5593 verberatum
924 5537 1233 5593 sermonem1
1290 5521 1442 5593 Colb.
1491 5526 1781 5593 secundus,

209 5587 529 5671 verberatum
576 5606 688 5646 esse
724 5587 825 5644 Dei
868 5605 1168 5645 sermonem.
1212 5591 1270 5646 ln
1309 5592 1516 5662 Graeco,
1554 5598 1638 5650 τὸν
1665 5587 1786 5653 eno;

208 5655 356 5725 λὸτρν

289 5689 496 5783 ῗνόοιδ.
528 5723 827 5796 secundus.
846 5742 910 5785 σε
938 5729 1172 5786 membris
1202 5740 1250 5785 et
1279 5733 1529 5790 coloribus
1559 5737 1690 5790 inter
1714 5751 1769 5791 se

1836 1964 1920 2019 rio
1959 1963 2106 2033 quod
2141 1978 2305 2033 supra
2330 1971 2531 2019 terram
2557 1971 2640 2019 est
2667 1969 3057 2027 commoratur;
3090 1977 3198 2015 nox
3225 1968 3404 2015 autem

1839 2053 2035 2110 dicitur
2063 2062 2218 2109 terra:
2245 2054 2584 2110 Obumbratio
2607 2094 2622 2117 ,
2670 2069 2790 2125 qua:
2822 2053 2935 2109 sole
2974 2054 3027 2107 in
3057 2068 3249 2110 occasu
3277 2068 3409 2107 con-

1840 2144 1953 2200 dito
1997 2153 2311 2213 generatur,
2374 2154 2504 2201 tunc
2548 2152 2730 2200 autem
2780 2161 2887 2200 non
2940 2143 3112 2199 solum
3167 2141 3411 2212 corporis

1842 2242 1992 2290 motu
2019 2276 2034 2303 ,
2074 2234 2172 2289 sed
2213 2233 2498 2290 diﬁ'usioue
2536 2234 2848 2305 principalis
2892 2234 3124 2299 luminis,
3157 2232 3321 2287 modo
3348 2245 3413 2288 se

1844 2325 2189 2382 subducentis
2205 2363 2221 2389 ,
2269 2325 2430 2381 modo
2457 2325 2638 2381 denuo
2663 2325 2993 2389 reducentis,
3020 2323 3311 2380 secundum
3338 2321 3417 2379 di-

1846 2416 2027 2470 vinam
2052 2416 2463 2486 praeceptionem
2490 2416 2605 2472 dies
2626 2417 2806 2481 ﬁebat,
2829 2431 3044 2486 noxque
3071 2415 3410 2484 sequebatur.

1852 2505 1921 2561 Et
1948 2508 2089 2578 facta
2124 2517 2201 2561 est
2244 2523 2480 2578 vespera,
2524 2516 2575 2561 et
2609 2509 2800 2580 factum
2835 2516 2911 2563 est
2946 2524 3098 2562 mane
3125 2507 3232 2561 dies
3260 2522 3415 2561 unus.

1852 2597 2104 2668 Vespera:
2131 2598 2292 2666 igitur
2308 2592 2662 2669 nuncupatio,
2689 2599 3044 2655 communiter
3075 2596 3420 2665 intelligenda

1855 2698 1958 2746 est.
1995 2690 2128 2744 Nam
2149 2698 2205 2744 et
2228 2691 2516 2760 incipiente
2542 2691 2648 2757 die,
2680 2698 2735 2746 et
2760 2690 2828 2746 ad
2856 2706 3103 2747 occasum
3139 2699 3418 2759 vergente,

1856 2797 1967 2837 nox
1994 2782 2043 2835 ei
2085 2797 2183 2836 sua
2215 2782 2490 2837 vicinitate
2526 2783 2775 2851 contigua
2815 2787 2897 2837 est
2926 2800 2938 2834 :
2972 2786 3335 2837 verumtamen
3363 2785 3424 2835 ut

1861 2872 2155 2927 nativitatis
2189 2873 2390 2927 diurna:
2421 2871 2698 2942 privilegia
2727 2879 3061 2938 reservaret,
3091 2871 3225 2924 dixit
3251 2870 3426 2940 primo

1859 2977 2138 3030 vesperam
2163 3005 2179 3030 ,
2227 2964 2410 3018 diebus
2455 2963 2578 3032 quia
2621 2972 2727 3017 nox
2758 2963 2898 3017 diem
2925 2963 3228 3016 comitatur.
3293 2960 3426 3014 Nam

1863 3059 2148 3122 antequam
2174 3054 2265 3107 lux
2291 3060 2579 3118 crearetur,
2609 3069 2718 3107 nox
2745 3068 2851 3107 non
2874 3052 3173 3107 habebatur
3199 3051 3254 3105 in
3274 3067 3425 3105 mun-

1856 3140 1937 3223 .do
1955 3184 1971 3209 ,
2012 3143 2105 3197 sed
2135 3144 2384 3197 tenebrat.
2432 3140 2778 3198 Obumbratio
2807 3156 2933 3211 ergo
2962 3150 3116 3197 terrae
3153 3155 3311 3210 quam
3337 3157 3430 3197 su-

1856 3227 1969 3300 lpra
1999 3231 2225 3287 diximus
2264 3232 2581 3287 iutercidens
2615 3231 2757 3287 diem
2798 3247 2906 3285 nox
2935 3231 3199 3301 appellata
3227 3239 3346 3286 est:
3377 3237 3431 3286 et

1864 3321 1967 3376 deo
1996 3339 2136 3377 novo
2176 3324 2393 3378 nomine
2436 3332 2560 3393 post
2586 3325 2986 3392 generationem
3037 3326 3265 3378 vocitata
3310 3332 3432 3380 est:

1851 3411 2037 3466 Facta
2079 3423 2155 3467 est
2192 3416 2363 3485 itaque
2407 3431 2633 3484 vespera,
2683 3424 2732 3468 et
2770 3416 2963 3485 factum
3000 3423 3075 3468 est
3115 3430 3301 3469 mane:
3331 3424 3437 3470 neat

1867 3502 2003 3558 dixit
2025 3504 2133 3556 dies
2162 3513 2314 3575 atque
2342 3520 2445 3559 non:
2466 3548 2480 3571 ,
2508 3505 2602 3558 sed
2629 3513 2853 3575 Vespera
2882 3514 2937 3559 et
2964 3520 3153 3568 mane,
3187 3513 3245 3558 ut
3275 3520 3438 3560 voca-

1867 3595 1979 3650 buli
2032 3596 2283 3650 videlicct
2341 3595 2654 3663 dignitatem
2706 3596 2847 3666 parti
2903 3596 3112 3651 meliori
3161 3596 3438 3650 tribueret.

1870 3684 2004 3739 Nam
2044 3687 2159 3740 dies
2204 3701 2355 3755 aeque
2400 3702 2677 3756 vesperam
2722 3701 2988 3756 maneque
3033 3686 3333 3753 contingit,
3390 3694 3442 3740 et

1873 3778 2010 3833 hanc
2042 3779 2484 3833 consuetudinem
2515 3779 2753 3847 reperies
2780 3778 2977 3847 ubique
3004 3777 3274 3832 custodire
3301 3775 3446 3830 Scri-

1871 3878 2084 3941 pturam
2142 3871 2197 3924 in
2236 3869 2562 3939 temporibus
2618 3869 2976 3923 numerandis.
3036 3868 3269 3923 Dicimus
3308 3867 3452 3922 enim

1877 3970 1959 4015 tot
1986 3961 2100 4015 dies
2128 3962 2341 4029 elapsos
2362 3974 2500 4021 esse,
2535 3960 2730 4013 nullam
2760 3958 3018 4013 facientes
3048 3960 3284 4012 noctium
3310 3962 3450 4012 nien-

1877 4055 2080 4108 tinnem
2102 4096 2116 4121 ,
2157 4053 2293 4107 sicut
2330 4053 2566 4122 psalmus
2595 4052 2785 4105 docet:
2820 4051 2940 4104 Dies
2969 4067 3221 4104 annorum
3250 4059 3456 4104 nostros

1877 4161 1993 4198 rum
2024 4144 2195 4214 (Psal.
2230 4145 2447 4205 unus,
2480 4143 2588 4210 10).
2621 4141 2687 4196 Et
2715 4143 2907 4197 iterum
2937 4140 3105 4197 Jacob
3134 4161 3146 4195 :
3180 4141 3305 4195 Dies
3334 4143 3453 4195 vitm

1879 4253 2005 4292 mea!
2031 4237 2198 4290 breves
2231 4247 2252 4282 ις
2275 4244 2323 4288 et
2345 4237 2468 4288 ntali
2490 4232 2641 4306 (Gen.
2672 4251 2835 4297 XLVII,
2861 4232 2937 4300 9).
2965 4233 3035 4287 Ει
3063 4234 3187 4289 alibi
3214 4251 3227 4286 :
3261 4234 3460 4287 Omnes

1884 4327 1992 4381 dies
2015 4329 2131 4382 vitae
2157 4343 2283 4382 mea:
2323 4326 2490 4397 (Psal.
2527 4342 2658 4394 χιιι,
2689 4324 2765 4394 6).
2807 4323 2949 4392 Ergo
2978 4340 3096 4393 qua:
3125 4332 3249 4379 tunc
3280 4323 3459 4378 histo-

1885 4418 1977 4471 riae
1997 4434 2155 4471 causa
2170 4417 2335 4471 relata
2358 4423 2504 4483 sunt,
2527 4431 2624 4485 pro
2645 4416 2847 4484 legibus
2868 4416 2919 4468 in
2937 4422 3210 4484 posterum
3230 4412 3465 4473 valitura

1886 4509 2115 4577 scriptor
2135 4506 2380 4561 instituit.
2399 4505 2466 4558 Et
2488 4508 2581 4559 fuit
2600 4522 2825 4576 vespera,
2838 4517 2885 4558 et
2899 4506 2996 4576 fuit
3010 4519 3159 4558 mane
3178 4503 3283 4557 dies
3303 4518 3455 4558 unus.

1886 4598 2242 4664 Quamobrem
2271 4612 2379 4651 non
2412 4595 2566 4663 dixit,
2601 4596 2823 4665 primus,
2857 4593 2953 4649 sed
2983 4594 3154 4648 unus?
3185 4590 3467 4649 Ethcerte

1886 4689 2295 4759 consequentius
2308 4687 2481 4742 fuerat
2496 4688 2564 4751 ei,
2579 4687 2671 4756 qui
2684 4687 2917 4741 dicturus
2935 4693 3052 4740 erat
3069 4684 3135 4739 de
3150 4683 3387 4739 secundo
3398 4691 3465 4743 et

1882 4780 2061 4841 tertio,
2089 4788 2144 4834 et
2165 4786 2377 4848 quarto,
2399 4778 2628 4847 primum
2648 4777 2787 4831 diem
2809 4776 2986 4846 potius
3005 4775 3276 4846 appellare
3295 4790 3465 4847 quam

1881 4884 2065 4921 unum.
2091 4868 2194 4922 Sed
2216 4869 2318 4922 hoc
2337 4867 2490 4930 dixit,
2512 4874 2602 4920 aut
2622 4880 2928 4920 mensuram
2954 4865 3060 4921 diei
3080 4865 3239 4922 simul
3266 4867 3452 4922 noctis.

1887 5046 2180 5115 compositis
2200 5052 2248 5098 et
2272 5058 2337 5096 ea:
2356 5050 2615 5096 venustate
2640 5042 2911 5113 fanantur.

1963 5124 1987 5194 ς
2027 5113 2215 5194 gadet:
2246 5127 2403 5194 unus,
2428 5128 2531 5194 non
2542 5128 2643 5194 pro
2664 5113 2853 5194 ἱππεία
2881 5112 3344 5194 compqginatione.

1965 5181 1983 5221 ῐ
2027 5182 2201 5247 Editi,
2233 5182 2340 5237 sole
2366 5179 2633 5235 lustratus.
2672 5179 2827 5235 Colb.
2869 5179 3156 5250 secundus,
3194 5182 3301 5237 sole
3334 5182 3456 5236 illu-

1883 5261 2097 5306 stratus.

1958 5337 1979 5367 “es
2023 5321 2176 5376 Colb.
2207 5318 2520 5392 secundus,
2538 5317 2709 5392 breves
2743 5329 2794 5374 et
2817 5322 3049 5392 maligni.
3088 5320 3279 5392 Statim
3303 5320 3455 5392 editi,

1884 5407 1999 5462 quat
2020 5399 2125 5462 tum
2152 5391 2395 5462 historia.
2430 5387 2576 5443 Libri
2594 5387 2972 5462 _vet_eres,_quie
2994 5401 3116 5462 tunc
3143 5391 3391 5445 historian

1956 5459 1987 5498 ¹ι
2024 5459 2163 5514 Editi
2182 5502 2198 5527 ,
2228 5461 2349 5532 quia
2374 5467 2526 5532 certe.
2547 5527 2558 5532 _
2577 5458 2926 5532 Antiquiduo
2944 5460 3073 5532 libri
3091 5503 3107 5527 ,
3133 5468 3183 5513 et
3214 5468 3368 5513 certe.
3396 5458 3459 5514 In

1889 5527 2097 5604 (fragon,
2126 5536 2210 5586 καὶ
2240 5527 2406 5604 ἐσίγα.
2447 5527 2651 5604 Ibidem
2688 5527 2837 5595 editi,
2867 5531 2967 5604 qui
2989 5530 3320 5604 _¢_l_ist_ricturus
3354 5538 3455 5604 est,

1890 5597 2040 5653 Colb.
2082 5596 2348 5657 secundus
2369 5641 2384 5667 ,
2425 5599 2511 5669 qui
2536 5597 2763 5656 dicturus
2783 5596 2914 5655 erat.
2940 5599 3043 5656 Alii
3065 5600 3172 5656 duo
3196 5611 3349 5667 mss,
3367 5596 3462 5673 qui

1891 5667 2118 5724 dicturus
2145 5678 2238 5725 est.
