  <div class='ocr_page' id='page_1' title='image "/cluster/home/n/w/nwhite01/storage/ocr_20150623/30/nnc1.0046978810/467.png"; bbox 0 0 3824 6214; ppageno 0'>
   <div class='ocr_carea' id='block_1_1' title="bbox 355 249 3612 318">
    <p class='ocr_par' dir='ltr' id='par_1_1' title="bbox 355 249 3612 318">
     <span class='ocr_line' id='line_1_1' title="bbox 355 249 3612 318; baseline 0.002 -12"><span class='ocrx_word' id='word_1_1' title='bbox 355 249 457 308; x_wconf 78' lang='grc'><strong>891</strong></span> <span class='ocrx_word' id='word_1_2' title='bbox 1258 253 1605 310; x_wconf 77' lang='lat' dir='ltr'><strong>APPENDIX</strong></span> <span class='ocrx_word' id='word_1_3' title='bbox 1645 256 1934 316; x_wconf 77' lang='lat' dir='ltr'><strong>OPEBUM</strong></span> <span class='ocrx_word' id='word_1_4' title='bbox 1975 260 2034 318; x_wconf 90' lang='lat' dir='ltr'><strong>S.</strong></span> <span class='ocrx_word' id='word_1_5' title='bbox 2075 261 2326 318; x_wconf 75' lang='lat' dir='ltr'><strong>BASILII</strong></span> <span class='ocrx_word' id='word_1_6' title='bbox 2366 260 2605 318; x_wconf 78' lang='lat' dir='ltr'><strong>MAGNI.</strong></span> <span class='ocrx_word' id='word_1_7' title='bbox 3487 258 3612 315; x_wconf 77' lang='lat'><strong>892</strong></span> 
     </span>
    </p>
   </div>
   <div class='ocr_carea' id='block_1_2' title="bbox 352 368 3604 446">
    <p class='ocr_par' dir='ltr' id='par_1_2' title="bbox 352 368 3604 446">
     <span class='ocr_line' id='line_1_2' title="bbox 352 368 3604 446; baseline -0 -20"><span class='ocrx_word' id='word_1_8' title='bbox 352 386 457 441; x_wconf 82' lang='lat' dir='ltr'><strong>que</strong></span> <span class='ocrx_word' id='word_1_9' title='bbox 484 368 760 438; x_wconf 89' lang='lat' dir='ltr'><strong>detiniens,</strong></span> <span class='ocrx_word' id='word_1_10' title='bbox 783 381 838 429; x_wconf 89' lang='lat' dir='ltr'><strong>et</strong></span> <span class='ocrx_word' id='word_1_11' title='bbox 865 383 1073 446; x_wconf 89' lang='lat' dir='ltr'><strong>tempus</strong></span> <span class='ocrx_word' id='word_1_12' title='bbox 1100 385 1128 414; x_wconf 70' lang='grc' dir='ltr'>ι</span> <span class='ocrx_word' id='word_1_13' title='bbox 1157 379 1430 446; x_wconf 83' lang='lat' dir='ltr'><strong>utriusque</strong></span> <span class='ocrx_word' id='word_1_14' title='bbox 1456 376 1782 444; x_wconf 77' lang='lat' dir='ltr'><strong>coniungens</strong></span> <span class='ocrx_word' id='word_1_15' title='bbox 1806 392 1819 428; x_wconf 93' lang='lat'><strong>:</strong></span> <span class='ocrx_word' id='word_1_16' title='bbox 1842 382 1903 428; x_wconf 91' lang='lat' dir='ltr'><strong>ut</strong></span> <span class='ocrx_word' id='word_1_17' title='bbox 1931 376 1977 435; x_wconf 79' lang='grc' dir='ltr'><strong>Α</strong></span> <span class='ocrx_word' id='word_1_18' title='bbox 2003 374 2167 427; x_wconf 82' lang='lat' dir='ltr'><strong>lorum</strong></span> <span class='ocrx_word' id='word_1_19' title='bbox 2185 387 2295 425; x_wconf 87' lang='lat' dir='ltr'><strong>esse</strong></span> <span class='ocrx_word' id='word_1_20' title='bbox 2314 370 2525 434; x_wconf 72' lang='lat' dir='ltr'><strong>saecula,</strong></span> <span class='ocrx_word' id='word_1_21' title='bbox 2557 381 2736 423; x_wconf 87' lang='lat' dir='ltr'><strong>tamen</strong></span> <span class='ocrx_word' id='word_1_22' title='bbox 2768 382 2867 423; x_wconf 80' lang='lat' dir='ltr'><strong>nec</strong></span> <span class='ocrx_word' id='word_1_23' title='bbox 2888 368 2961 423; x_wconf 87' lang='lat' dir='ltr'><strong>ibi</strong></span> <span class='ocrx_word' id='word_1_24' title='bbox 2987 368 3237 438; x_wconf 85' lang='lat' dir='ltr'><strong>primum,</strong></span> <span class='ocrx_word' id='word_1_25' title='bbox 3266 378 3357 423; x_wconf 90' lang='lat' dir='ltr'><strong>aut</strong></span> <span class='ocrx_word' id='word_1_26' title='bbox 3386 384 3604 426; x_wconf 81' lang='lat' dir='ltr'><strong>secun-</strong></span> 
     </span>
    </p>
   </div>
   <div class='ocr_carea' id='block_1_3' title="bbox 353 459 3608 536">
    <p class='ocr_par' dir='ltr' id='par_1_3' title="bbox 353 459 3608 536">
     <span class='ocr_line' id='line_1_3' title="bbox 353 459 3608 536; baseline 0.001 -20"><span class='ocrx_word' id='word_1_27' title='bbox 353 462 538 530; x_wconf 86' lang='lat' dir='ltr'><strong>viginti</strong></span> <span class='ocrx_word' id='word_1_28' title='bbox 564 472 790 531; x_wconf 76' lang='lat' dir='ltr'><strong>quatuor</strong></span> <span class='ocrx_word' id='word_1_29' title='bbox 817 465 962 520; x_wconf 66' lang='lat' dir='ltr'><strong>horae</strong></span> <span class='ocrx_word' id='word_1_30' title='bbox 1007 466 1162 521; x_wconf 90' lang='lat' dir='ltr'><strong>unius</strong></span> <span class='ocrx_word' id='word_1_31' title='bbox 1198 468 1426 536; x_wconf 88' lang='lat' dir='ltr'><strong>spatium</strong></span> <span class='ocrx_word' id='word_1_32' title='bbox 1471 466 1577 520; x_wconf 89' lang='lat' dir='ltr'><strong>diei</strong></span> <span class='ocrx_word' id='word_1_33' title='bbox 1606 466 1917 519; x_wconf 74' lang='lat' dir='ltr'><strong>viderentur</strong></span> <span class='ocrx_word' id='word_1_34' title='bbox 2016 462 2161 527; x_wconf 91' lang='lat' dir='ltr'><strong>dum,</strong></span> <span class='ocrx_word' id='word_1_35' title='bbox 2193 468 2284 515; x_wconf 91' lang='lat' dir='ltr'><strong>aut</strong></span> <span class='ocrx_word' id='word_1_36' title='bbox 2311 461 2525 515; x_wconf 82' lang='lat' dir='ltr'><strong>tertium</strong></span> <span class='ocrx_word' id='word_1_37' title='bbox 2564 460 2812 514; x_wconf 61' lang='lat' dir='ltr'><strong>saeculum</strong></span> <span class='ocrx_word' id='word_1_38' title='bbox 2841 468 3166 513; x_wconf 80' lang='lat' dir='ltr'><strong>numeratur.</strong></span> <span class='ocrx_word' id='word_1_39' title='bbox 3206 459 3357 515; x_wconf 89' lang='lat' dir='ltr'><strong>Unde</strong></span> <span class='ocrx_word' id='word_1_40' title='bbox 3397 477 3608 517; x_wconf 78' lang='lat' dir='ltr'><strong>causa-</strong></span> 
     </span>
    </p>
   </div>
   <div class='ocr_carea' id='block_1_4' title="bbox 352 547 3605 623">
    <p class='ocr_par' dir='ltr' id='par_1_4' title="bbox 352 547 3605 623">
     <span class='ocr_line' id='line_1_4' title="bbox 352 547 3605 623; baseline -0 -17"><span class='ocrx_word' id='word_1_41' title='bbox 352 552 584 616; x_wconf 80' lang='lat' dir='ltr'><strong>ellicere,</strong></span> <span class='ocrx_word' id='word_1_42' title='bbox 611 552 1044 609; x_wconf 78' lang='lat' dir='ltr'><strong>subaudientibus</strong></span> <span class='ocrx_word' id='word_1_43' title='bbox 1071 556 1314 610; x_wconf 82' lang='lat' dir='ltr'><strong>videlicet</strong></span> <span class='ocrx_word' id='word_1_44' title='bbox 1337 556 1519 617; x_wconf 87' lang='lat' dir='ltr'><strong>nobis,</strong></span> <span class='ocrx_word' id='word_1_45' title='bbox 1549 555 1672 623; x_wconf 85' lang='lat' dir='ltr'><strong>quia</strong></span> <span class='ocrx_word' id='word_1_46' title='bbox 1701 567 1909 607; x_wconf 91' lang='lat' dir='ltr'><strong>nuncu-</strong></span> <span class='ocrx_word' id='word_1_47' title='bbox 2016 564 2132 604; x_wconf 90' lang='lat' dir='ltr'><strong>rum</strong></span> <span class='ocrx_word' id='word_1_48' title='bbox 2154 549 2332 619; x_wconf 85' lang='lat' dir='ltr'><strong>potius</strong></span> <span class='ocrx_word' id='word_1_49' title='bbox 2350 547 2676 603; x_wconf 86' lang='lat' dir='ltr'><strong>diversarum</strong></span> <span class='ocrx_word' id='word_1_50' title='bbox 2697 555 3015 617; x_wconf 84' lang='lat' dir='ltr'><strong>actuumque</strong></span> <span class='ocrx_word' id='word_1_51' title='bbox 3036 548 3378 612; x_wconf 72' lang='lat' dir='ltr'><strong>differentias,</strong></span> <span class='ocrx_word' id='word_1_52' title='bbox 3403 558 3459 603; x_wconf 87' lang='lat' dir='ltr'><strong>ct</strong></span> <span class='ocrx_word' id='word_1_53' title='bbox 3482 565 3605 606; x_wconf 81' lang='lat' dir='ltr'><strong>non</strong></span> 
     </span>
    </p>
   </div>
   <div class='ocr_carea' id='block_1_5' title="bbox 355 639 3608 713">
    <p class='ocr_par' dir='ltr' id='par_1_5' title="bbox 355 639 3608 713">
     <span class='ocr_line' id='line_1_5' title="bbox 355 639 3608 713; baseline 0.001 -20"><span class='ocrx_word' id='word_1_54' title='bbox 355 640 571 709; x_wconf 88' lang='lat' dir='ltr'><strong>patione</strong></span> <span class='ocrx_word' id='word_1_55' title='bbox 589 639 712 706; x_wconf 88' lang='lat' dir='ltr'><strong>diei,</strong></span> <span class='ocrx_word' id='word_1_56' title='bbox 736 657 841 694; x_wconf 93' lang='lat' dir='ltr'><strong>nox</strong></span> <span class='ocrx_word' id='word_1_57' title='bbox 860 657 1071 713; x_wconf 90' lang='lat' dir='ltr'><strong>quoque</strong></span> <span class='ocrx_word' id='word_1_58' title='bbox 1089 643 1249 699; x_wconf 89' lang='lat' dir='ltr'><strong>debet</strong></span> <span class='ocrx_word' id='word_1_59' title='bbox 1269 645 1508 712; x_wconf 79' lang='lat' dir='ltr'><strong>intelligi.</strong></span> <span class='ocrx_word' id='word_1_60' title='bbox 1532 643 1912 706; x_wconf 88' lang='lat' dir='ltr'><strong>Unde,etiam-</strong></span> <span class='ocrx_word' id='word_1_61' title='bbox 2018 639 2330 694; x_wconf 66' lang='lat' dir='ltr'><strong>saeculorum</strong></span> <span class='ocrx_word' id='word_1_62' title='bbox 2358 639 2613 693; x_wconf 84' lang='lat' dir='ltr'><strong>circuitus</strong></span> <span class='ocrx_word' id='word_1_63' title='bbox 2640 646 2696 691; x_wconf 91' lang='lat' dir='ltr'><strong>et</strong></span> <span class='ocrx_word' id='word_1_64' title='bbox 2733 639 3095 692; x_wconf 87' lang='lat' dir='ltr'><strong>successiones</strong></span> <span class='ocrx_word' id='word_1_65' title='bbox 3141 653 3205 692; x_wconf 90' lang='lat' dir='ltr'><strong>ac</strong></span> <span class='ocrx_word' id='word_1_66' title='bbox 3252 639 3385 694; x_wconf 79' lang='lat' dir='ltr'><strong>lines</strong></span> <span class='ocrx_word' id='word_1_67' title='bbox 3431 640 3608 696; x_wconf 85' lang='lat' dir='ltr'><strong>datur</strong></span> 
     </span>
    </p>
   </div>
   <div class='ocr_carea' id='block_1_6' title="bbox 351 725 3609 799">
    <p class='ocr_par' dir='ltr' id='par_1_6' title="bbox 351 725 3609 799">
     <span class='ocr_line' id='line_1_6' title="bbox 351 725 3609 799; baseline 0.002 -18"><span class='ocrx_word' id='word_1_68' title='bbox 351 728 398 781; x_wconf 87' lang='lat' dir='ltr'><strong>si</strong></span> <span class='ocrx_word' id='word_1_69' title='bbox 418 742 579 780; x_wconf 91' lang='lat' dir='ltr'><strong>unum</strong></span> <span class='ocrx_word' id='word_1_70' title='bbox 599 741 667 781; x_wconf 83' lang='lat' dir='ltr'><strong>ex</strong></span> <span class='ocrx_word' id='word_1_71' title='bbox 686 728 767 782; x_wconf 91' lang='lat' dir='ltr'><strong>his</strong></span> <span class='ocrx_word' id='word_1_72' title='bbox 790 726 902 783; x_wconf 82' lang='lat' dir='ltr'><strong>ﬁeri</strong></span> <span class='ocrx_word' id='word_1_73' title='bbox 927 730 1240 797; x_wconf 80' lang='lat' dir='ltr'><strong>longiorem,</strong></span> <span class='ocrx_word' id='word_1_74' title='bbox 1262 731 1527 786; x_wconf 80' lang='lat' dir='ltr'><strong>solstitiali</strong></span> <span class='ocrx_word' id='word_1_75' title='bbox 1547 731 1918 785; x_wconf 85' lang='lat' dir='ltr'><strong>immutatione</strong></span> <span class='ocrx_word' id='word_1_76' title='bbox 2019 729 2261 797; x_wconf 84' lang='lat' dir='ltr'><strong>intelligi.</strong></span> <span class='ocrx_word' id='word_1_77' title='bbox 2292 727 2412 783; x_wconf 87' lang='lat' dir='ltr'><strong>Dies</strong></span> <span class='ocrx_word' id='word_1_78' title='bbox 2437 730 2592 793; x_wconf 84' lang='lat' dir='ltr'><strong>enim,</strong></span> <span class='ocrx_word' id='word_1_79' title='bbox 2617 729 2804 797; x_wconf 84' lang='lat' dir='ltr'><strong>inquit,</strong></span> <span class='ocrx_word' id='word_1_80' title='bbox 2834 728 3045 782; x_wconf 82' lang='lat' dir='ltr'><strong>Domini</strong></span> <span class='ocrx_word' id='word_1_81' title='bbox 3067 746 3282 799; x_wconf 82' lang='lat' dir='ltr'><strong>magnus</strong></span> <span class='ocrx_word' id='word_1_82' title='bbox 3311 740 3360 782; x_wconf 91' lang='lat' dir='ltr'><strong>et</strong></span> <span class='ocrx_word' id='word_1_83' title='bbox 3388 725 3609 786; x_wconf 73' lang='lat' dir='ltr'><strong>lucidus</strong></span> 
     </span>
    </p>
   </div>
   <div class='ocr_carea' id='block_1_7' title="bbox 338 815 3608 892">
    <p class='ocr_par' dir='ltr' id='par_1_7' title="bbox 338 815 3608 892">
     <span class='ocr_line' id='line_1_7' title="bbox 338 815 3608 892; baseline -0.001 -16"><span class='ocrx_word' id='word_1_84' title='bbox 338 818 505 892; x_wconf 74' lang='lat'><strong>715</strong></span> <span class='ocrx_word' id='word_1_85' title='bbox 531 817 843 888; x_wconf 78' lang='lat' dir='ltr'><strong>contigerit,</strong></span> <span class='ocrx_word' id='word_1_86' title='bbox 869 816 1196 886; x_wconf 65' lang='lat' dir='ltr'><strong>prmlinitum</strong></span> <span class='ocrx_word' id='word_1_87' title='bbox 1224 824 1401 871; x_wconf 91' lang='lat' dir='ltr'><strong>tamen</strong></span> <span class='ocrx_word' id='word_1_88' title='bbox 1420 823 1632 884; x_wconf 85' lang='lat' dir='ltr'><strong>tempus</strong></span> <span class='ocrx_word' id='word_1_89' title='bbox 1655 815 1914 869; x_wconf 79' lang='lat' dir='ltr'><strong>horarum</strong></span> <span class='ocrx_word' id='word_1_90' title='bbox 2022 818 2176 888; x_wconf 84' lang='lat' dir='ltr'><strong>(Joel.</strong></span> <span class='ocrx_word' id='word_1_91' title='bbox 2202 834 2257 882; x_wconf 77' lang='grc' dir='ltr'><strong>ιι,</strong></span> <span class='ocrx_word' id='word_1_92' title='bbox 2287 817 2395 887; x_wconf 83' lang='lat' dir='ltr'><strong>ll).</strong></span> <span class='ocrx_word' id='word_1_93' title='bbox 2421 817 2488 871; x_wconf 85' lang='lat' dir='ltr'><strong>Et</strong></span> <span class='ocrx_word' id='word_1_94' title='bbox 2513 818 2638 871; x_wconf 84' lang='lat' dir='ltr'><strong>alibi</strong></span> <span class='ocrx_word' id='word_1_95' title='bbox 2668 835 2681 870; x_wconf 91' lang='lat'>:</span> <span class='ocrx_word' id='word_1_96' title='bbox 2715 815 2851 881; x_wconf 85' lang='lat' dir='ltr'><strong>Quid</strong></span> <span class='ocrx_word' id='word_1_97' title='bbox 2883 817 3021 873; x_wconf 73' lang='lat' dir='ltr'><strong>vobis</strong></span> <span class='ocrx_word' id='word_1_98' title='bbox 3055 836 3278 887; x_wconf 62' lang='lat' dir='ltr'><strong>quaerere</strong></span> <span class='ocrx_word' id='word_1_99' title='bbox 3305 820 3442 873; x_wconf 86' lang='lat' dir='ltr'><strong>diem</strong></span> <span class='ocrx_word' id='word_1_100' title='bbox 3486 821 3608 875; x_wconf 82' lang='lat' dir='ltr'><strong>Do—</strong></span> 
     </span>
    </p>
   </div>
   <div class='ocr_carea' id='block_1_8' title="bbox 343 905 3611 979">
    <p class='ocr_par' dir='ltr' id='par_1_8' title="bbox 343 905 3611 979">
     <span class='ocr_line' id='line_1_8' title="bbox 343 905 3611 979; baseline -0.001 -11"><span class='ocrx_word' id='word_1_101' title='bbox 343 914 623 979; x_wconf 83' lang='lat' dir='ltr'><strong>utriusque</strong></span> <span class='ocrx_word' id='word_1_102' title='bbox 638 905 1343 977; x_wconf 77' lang='lat' dir='ltr'><strong>complectiturintervalla,</strong></span> <span class='ocrx_word' id='word_1_103' title='bbox 1364 914 1620 976; x_wconf 82' lang='lat' dir='ltr'><strong>tanquam</strong></span> <span class='ocrx_word' id='word_1_104' title='bbox 1638 906 1683 960; x_wconf 88' lang='lat' dir='ltr'><strong>si</strong></span> <span class='ocrx_word' id='word_1_105' title='bbox 1711 906 1914 960; x_wconf 79' lang='lat' dir='ltr'><strong>dixeris</strong></span> <span class='ocrx_word' id='word_1_106' title='bbox 2021 908 2183 960; x_wconf 85' lang='lat' dir='ltr'><strong>mini?</strong></span> <span class='ocrx_word' id='word_1_107' title='bbox 2213 907 2311 973; x_wconf 83' lang='lat' dir='ltr'><strong>Qui</strong></span> <span class='ocrx_word' id='word_1_108' title='bbox 2338 916 2506 960; x_wconf 85' lang='lat' dir='ltr'><strong>tamen</strong></span> <span class='ocrx_word' id='word_1_109' title='bbox 2547 907 2779 961; x_wconf 77' lang='lat' dir='ltr'><strong>tenebras</strong></span> <span class='ocrx_word' id='word_1_110' title='bbox 2820 907 2986 971; x_wconf 78' lang='lat' dir='ltr'><strong>habet,</strong></span> <span class='ocrx_word' id='word_1_111' title='bbox 3016 925 3117 962; x_wconf 87' lang='lat' dir='ltr'><strong>non</strong></span> <span class='ocrx_word' id='word_1_112' title='bbox 3143 913 3304 965; x_wconf 83' lang='lat' dir='ltr'><strong>lucem</strong></span> <span class='ocrx_word' id='word_1_113' title='bbox 3333 910 3519 977; x_wconf 78' lang='lat' dir='ltr'><strong>(Amos</strong></span> <span class='ocrx_word' id='word_1_114' title='bbox 3542 927 3611 975; x_wconf 66' lang='grc' dir='ltr'><strong>ν,</strong></span> 
     </span>
    </p>
   </div>
   <div class='ocr_carea' id='block_1_9' title="bbox 356 996 3617 1070">
    <p class='ocr_par' dir='ltr' id='par_1_9' title="bbox 356 996 3617 1070">
     <span class='ocr_line' id='line_1_9' title="bbox 356 996 3617 1070; baseline 0.002 -20"><span class='ocrx_word' id='word_1_115' title='bbox 356 996 539 1065; x_wconf 76' lang='lat' dir='ltr'><strong>viginti</strong></span> <span class='ocrx_word' id='word_1_116' title='bbox 566 1004 796 1064; x_wconf 86' lang='lat' dir='ltr'><strong>quatuor</strong></span> <span class='ocrx_word' id='word_1_117' title='bbox 824 997 982 1052; x_wconf 89' lang='lat' dir='ltr'><strong>horas</strong></span> <span class='ocrx_word' id='word_1_118' title='bbox 1009 998 1078 1052; x_wconf 90' lang='lat' dir='ltr'><strong>ad</strong></span> <span class='ocrx_word' id='word_1_119' title='bbox 1100 1014 1406 1054; x_wconf 87' lang='lat' dir='ltr'><strong>mensuram</strong></span> <span class='ocrx_word' id='word_1_120' title='bbox 1433 1000 1589 1053; x_wconf 88' lang='lat' dir='ltr'><strong>unius</strong></span> <span class='ocrx_word' id='word_1_121' title='bbox 1616 1000 1721 1053; x_wconf 79' lang='lat' dir='ltr'><strong>diei</strong></span> <span class='ocrx_word' id='word_1_122' title='bbox 1754 999 1921 1069; x_wconf 91' lang='lat' dir='ltr'><strong>perti-</strong></span> <span class='ocrx_word' id='word_1_123' title='bbox 2022 998 2132 1069; x_wconf 80' lang='grc'><strong>18).</strong></span> <span class='ocrx_word' id='word_1_124' title='bbox 2165 998 2270 1053; x_wconf 90' lang='lat' dir='ltr'><strong>Sed</strong></span> <span class='ocrx_word' id='word_1_125' title='bbox 2295 1001 2542 1053; x_wconf 86' lang='lat' dir='ltr'><strong>tenebras</strong></span> <span class='ocrx_word' id='word_1_126' title='bbox 2568 1014 2659 1053; x_wconf 90' lang='lat' dir='ltr'><strong>eas</strong></span> <span class='ocrx_word' id='word_1_127' title='bbox 2684 999 2815 1053; x_wconf 81' lang='lat' dir='ltr'><strong>dixit</strong></span> <span class='ocrx_word' id='word_1_128' title='bbox 2853 1015 2972 1068; x_wconf 66' lang='lat' dir='ltr'><strong>quae</strong></span> <span class='ocrx_word' id='word_1_129' title='bbox 3015 1001 3283 1070; x_wconf 73' lang='lat' dir='ltr'><strong>deputatze</strong></span> <span class='ocrx_word' id='word_1_130' title='bbox 3328 1011 3451 1055; x_wconf 86' lang='lat' dir='ltr'><strong>sunt</strong></span> <span class='ocrx_word' id='word_1_131' title='bbox 3493 1003 3617 1057; x_wconf 80' lang='lat' dir='ltr'><strong>sibi.</strong></span> 
     </span>
    </p>
   </div>
   <div class='ocr_carea' id='block_1_10' title="bbox 352 1086 3609 1159">
    <p class='ocr_par' dir='ltr' id='par_1_10' title="bbox 352 1086 3609 1159">
     <span class='ocr_line' id='line_1_10' title="bbox 352 1086 3609 1159; baseline 0.002 -19"><span class='ocrx_word' id='word_1_132' title='bbox 352 1088 472 1140; x_wconf 89' lang='lat' dir='ltr'><strong>neri</strong></span> <span class='ocrx_word' id='word_1_133' title='bbox 499 1104 513 1139; x_wconf 89' lang='lat'>:</span> <span class='ocrx_word' id='word_1_134' title='bbox 544 1087 630 1141; x_wconf 89' lang='lat' dir='ltr'><strong>vel</strong></span> <span class='ocrx_word' id='word_1_135' title='bbox 658 1103 821 1141; x_wconf 90' lang='lat' dir='ltr'><strong>unum</strong></span> <span class='ocrx_word' id='word_1_136' title='bbox 848 1086 1069 1142; x_wconf 81' lang='lat' dir='ltr'><strong>forsitan</strong></span> <span class='ocrx_word' id='word_1_137' title='bbox 1096 1088 1257 1155; x_wconf 81' lang='lat' dir='ltr'><strong>dixit,</strong></span> <span class='ocrx_word' id='word_1_138' title='bbox 1289 1090 1360 1144; x_wconf 92' lang='lat' dir='ltr'><strong>ob</strong></span> <span class='ocrx_word' id='word_1_139' title='bbox 1388 1090 1511 1154; x_wconf 92' lang='lat' dir='ltr'><strong>hoc,</strong></span> <span class='ocrx_word' id='word_1_140' title='bbox 1546 1090 1672 1158; x_wconf 88' lang='lat' dir='ltr'><strong>quia</strong></span> <span class='ocrx_word' id='word_1_141' title='bbox 1700 1090 1753 1157; x_wconf 88' lang='lat' dir='ltr'><strong>in</strong></span> <span class='ocrx_word' id='word_1_142' title='bbox 1779 1090 1920 1144; x_wconf 75' lang='lat' dir='ltr'><strong>cmlo</strong></span> <span class='ocrx_word' id='word_1_143' title='bbox 2022 1089 2215 1156; x_wconf 75' lang='lat' dir='ltr'><strong>digniS.</strong></span> <span class='ocrx_word' id='word_1_144' title='bbox 2247 1087 2379 1143; x_wconf 86' lang='lat' dir='ltr'><strong>Nam</strong></span> <span class='ocrx_word' id='word_1_145' title='bbox 2403 1088 2740 1142; x_wconf 83' lang='lat' dir='ltr'><strong>inocciduum</strong></span> <span class='ocrx_word' id='word_1_146' title='bbox 2765 1098 2819 1142; x_wconf 88' lang='lat' dir='ltr'><strong>et</strong></span> <span class='ocrx_word' id='word_1_147' title='bbox 2846 1090 3226 1159; x_wconf 85' lang='lat' dir='ltr'><strong>sempiternum</strong></span> <span class='ocrx_word' id='word_1_148' title='bbox 3256 1092 3399 1146; x_wconf 87' lang='lat' dir='ltr'><strong>diem</strong></span> <span class='ocrx_word' id='word_1_149' title='bbox 3440 1093 3609 1146; x_wconf 88' lang='lat' dir='ltr'><strong>illum</strong></span> 
     </span>
    </p>
   </div>
   <div class='ocr_carea' id='block_1_11' title="bbox 353 1175 3610 1251">
    <p class='ocr_par' dir='ltr' id='par_1_11' title="bbox 353 1175 3610 1251">
     <span class='ocr_line' id='line_1_11' title="bbox 353 1175 3610 1251; baseline 0.001 -18"><span class='ocrx_word' id='word_1_150' title='bbox 353 1175 422 1235; x_wconf 87' lang='lat' dir='ltr'><strong>de</strong></span> <span class='ocrx_word' id='word_1_151' title='bbox 445 1176 604 1231; x_wconf 83' lang='lat' dir='ltr'><strong>certis</strong></span> <span class='ocrx_word' id='word_1_152' title='bbox 622 1176 783 1244; x_wconf 82' lang='lat' dir='ltr'><strong>signis</strong></span> <span class='ocrx_word' id='word_1_153' title='bbox 804 1177 857 1230; x_wconf 91' lang='lat' dir='ltr'><strong>in</strong></span> <span class='ocrx_word' id='word_1_154' title='bbox 878 1177 1065 1233; x_wconf 90' lang='lat' dir='ltr'><strong>eadem</strong></span> <span class='ocrx_word' id='word_1_155' title='bbox 1089 1178 1280 1232; x_wconf 86' lang='lat' dir='ltr'><strong>iterum</strong></span> <span class='ocrx_word' id='word_1_156' title='bbox 1303 1179 1401 1233; x_wconf 85' lang='lat' dir='ltr'><strong>sub</strong></span> <span class='ocrx_word' id='word_1_157' title='bbox 1421 1194 1528 1233; x_wconf 92' lang='lat' dir='ltr'><strong>uno</strong></span> <span class='ocrx_word' id='word_1_158' title='bbox 1547 1178 1633 1233; x_wconf 89' lang='lat' dir='ltr'><strong>die</strong></span> <span class='ocrx_word' id='word_1_159' title='bbox 1652 1180 1923 1249; x_wconf 87' lang='lat' dir='ltr'><strong>processio</strong></span> <span class='ocrx_word' id='word_1_160' title='bbox 2022 1193 2199 1233; x_wconf 88' lang='lat' dir='ltr'><strong>sermo</strong></span> <span class='ocrx_word' id='word_1_161' title='bbox 2221 1184 2465 1240; x_wconf 88' lang='lat' dir='ltr'><strong>testatur,</strong></span> <span class='ocrx_word' id='word_1_162' title='bbox 2496 1192 2654 1246; x_wconf 91' lang='lat' dir='ltr'><strong>quem</strong></span> <span class='ocrx_word' id='word_1_163' title='bbox 2683 1179 2841 1232; x_wconf 86' lang='lat' dir='ltr'><strong>etiam</strong></span> <span class='ocrx_word' id='word_1_164' title='bbox 2865 1189 3112 1233; x_wconf 87' lang='lat' dir='ltr'><strong>octavum</strong></span> <span class='ocrx_word' id='word_1_165' title='bbox 3142 1181 3379 1249; x_wconf 87' lang='lat' dir='ltr'><strong>psalmus</strong></span> <span class='ocrx_word' id='word_1_166' title='bbox 3407 1184 3610 1251; x_wconf 83' lang='lat' dir='ltr'><strong>appel-</strong></span> 
     </span>
    </p>
   </div>
   <div class='ocr_carea' id='block_1_12' title="bbox 354 1262 3608 1341">
    <p class='ocr_par' dir='ltr' id='par_1_12' title="bbox 354 1262 3608 1341">
     <span class='ocr_line' id='line_1_12' title="bbox 354 1262 3608 1341; baseline 0.001 -18"><span class='ocrx_word' id='word_1_167' title='bbox 354 1270 482 1324; x_wconf 86' lang='lat' dir='ltr'><strong>solis</strong></span> <span class='ocrx_word' id='word_1_168' title='bbox 509 1278 565 1324; x_wconf 89' lang='lat' dir='ltr'><strong>et</strong></span> <span class='ocrx_word' id='word_1_169' title='bbox 590 1272 826 1326; x_wconf 87' lang='lat' dir='ltr'><strong>reversio</strong></span> <span class='ocrx_word' id='word_1_170' title='bbox 855 1272 1172 1326; x_wconf 85' lang='lat' dir='ltr'><strong>celebratur.</strong></span> <span class='ocrx_word' id='word_1_171' title='bbox 1220 1270 1300 1325; x_wconf 85' lang='lat' dir='ltr'><strong>Ita</strong></span> <span class='ocrx_word' id='word_1_172' title='bbox 1345 1273 1555 1340; x_wconf 90' lang='lat' dir='ltr'><strong>quoties</strong></span> <span class='ocrx_word' id='word_1_173' title='bbox 1579 1262 1800 1341; x_wconf 89' lang='lat' dir='ltr'><strong>vespera</strong></span> <span class='ocrx_word' id='word_1_174' title='bbox 1837 1272 1921 1326; x_wconf 86' lang='lat' dir='ltr'><strong>vel</strong></span> <span class='ocrx_word' id='word_1_175' title='bbox 2024 1268 2099 1320; x_wconf 90' lang='lat' dir='ltr'><strong>lat</strong></span> <span class='ocrx_word' id='word_1_176' title='bbox 2140 1285 2153 1319; x_wconf 94' lang='lat'>:</span> <span class='ocrx_word' id='word_1_177' title='bbox 2186 1268 2381 1336; x_wconf 88' lang='lat' dir='ltr'><strong>quippe</strong></span> <span class='ocrx_word' id='word_1_178' title='bbox 2425 1268 2517 1335; x_wconf 89' lang='lat' dir='ltr'><strong>qui</strong></span> <span class='ocrx_word' id='word_1_179' title='bbox 2563 1275 2713 1322; x_wconf 83' lang='lat' dir='ltr'><strong>extra</strong></span> <span class='ocrx_word' id='word_1_180' title='bbox 2760 1276 2970 1337; x_wconf 88' lang='lat' dir='ltr'><strong>tempus</strong></span> <span class='ocrx_word' id='word_1_181' title='bbox 3014 1270 3260 1323; x_wconf 86' lang='lat' dir='ltr'><strong>habetur.</strong></span> <span class='ocrx_word' id='word_1_182' title='bbox 3310 1269 3436 1325; x_wconf 85' lang='lat' dir='ltr'><strong>Sive</strong></span> <span class='ocrx_word' id='word_1_183' title='bbox 3463 1286 3608 1339; x_wconf 85' lang='lat' dir='ltr'><strong>ergo</strong></span> 
     </span>
    </p>
   </div>
   <div class='ocr_carea' id='block_1_13' title="bbox 358 1358 3609 1427">
    <p class='ocr_par' dir='ltr' id='par_1_13' title="bbox 358 1358 3609 1427">
     <span class='ocr_line' id='line_1_13' title="bbox 358 1358 3609 1427; baseline 0 -14"><span class='ocrx_word' id='word_1_184' title='bbox 358 1376 531 1425; x_wconf 88' lang='lat' dir='ltr'><strong>mane,</strong></span> <span class='ocrx_word' id='word_1_185' title='bbox 572 1362 862 1417; x_wconf 90' lang='lat' dir='ltr'><strong>secundum</strong></span> <span class='ocrx_word' id='word_1_186' title='bbox 910 1362 1039 1416; x_wconf 91' lang='lat' dir='ltr'><strong>solis</strong></span> <span class='ocrx_word' id='word_1_187' title='bbox 1082 1363 1362 1416; x_wconf 90' lang='lat' dir='ltr'><strong>circuitum</strong></span> <span class='ocrx_word' id='word_1_188' title='bbox 1381 1403 1397 1427; x_wconf 90' lang='lat'><strong>,</strong></span> <span class='ocrx_word' id='word_1_189' title='bbox 1431 1369 1692 1416; x_wconf 89' lang='lat' dir='ltr'><strong>terrarum</strong></span> <span class='ocrx_word' id='word_1_190' title='bbox 1737 1362 1924 1416; x_wconf 89' lang='lat' dir='ltr'><strong>orbem</strong></span> <span class='ocrx_word' id='word_1_191' title='bbox 2023 1359 2184 1417; x_wconf 90' lang='lat' dir='ltr'><strong>diem.</strong></span> <span class='ocrx_word' id='word_1_192' title='bbox 2215 1358 2328 1411; x_wconf 88' lang='lat' dir='ltr'><strong>sive</strong></span> <span class='ocrx_word' id='word_1_193' title='bbox 2351 1368 2373 1396; x_wconf 75' lang='grc' dir='ltr'><strong>ο</strong></span> <span class='ocrx_word' id='word_1_194' title='bbox 2396 1358 2665 1422; x_wconf 85' lang='lat' dir='ltr'><strong>saeculum,</strong></span> <span class='ocrx_word' id='word_1_195' title='bbox 2691 1359 2803 1412; x_wconf 83' lang='lat' dir='ltr'><strong>sive</strong></span> <span class='ocrx_word' id='word_1_196' title='bbox 2832 1358 3117 1427; x_wconf 79' lang='lat' dir='ltr'><strong>septimum</strong></span> <span class='ocrx_word' id='word_1_197' title='bbox 3144 1360 3372 1425; x_wconf 76' lang='lat' dir='ltr'><strong>dixeris,</strong></span> <span class='ocrx_word' id='word_1_198' title='bbox 3405 1378 3473 1415; x_wconf 86' lang='lat' dir='ltr'><strong>ex</strong></span> <span class='ocrx_word' id='word_1_199' title='bbox 3503 1378 3609 1414; x_wconf 82' lang='lat' dir='ltr'><strong>eo-</strong></span> 
     </span>
    </p>
   </div>
   <div class='ocr_carea' id='block_1_14' title="bbox 355 1448 3609 1521">
    <p class='ocr_par' dir='ltr' id='par_1_14' title="bbox 355 1448 3609 1521">
     <span class='ocr_line' id='line_1_14' title="bbox 355 1448 3609 1521; baseline 0 -17"><span class='ocrx_word' id='word_1_200' title='bbox 355 1451 746 1520; x_wconf 89' lang='lat' dir='ltr'><strong>complcctitur,</strong></span> <span class='ocrx_word' id='word_1_201' title='bbox 771 1467 877 1506; x_wconf 91' lang='lat' dir='ltr'><strong>non</strong></span> <span class='ocrx_word' id='word_1_202' title='bbox 904 1452 1161 1520; x_wconf 89' lang='lat' dir='ltr'><strong>ampliore</strong></span> <span class='ocrx_word' id='word_1_203' title='bbox 1187 1461 1431 1521; x_wconf 88' lang='lat' dir='ltr'><strong>tempore</strong></span> <span class='ocrx_word' id='word_1_204' title='bbox 1452 1467 1611 1521; x_wconf 90' lang='lat' dir='ltr'><strong>quam</strong></span> <span class='ocrx_word' id='word_1_205' title='bbox 1641 1452 1796 1507; x_wconf 88' lang='lat' dir='ltr'><strong>unius</strong></span> <span class='ocrx_word' id='word_1_206' title='bbox 1819 1453 1926 1506; x_wconf 91' lang='lat' dir='ltr'><strong>diei</strong></span> <span class='ocrx_word' id='word_1_207' title='bbox 2024 1448 2145 1502; x_wconf 85' lang='lat' dir='ltr'><strong>dem</strong></span> <span class='ocrx_word' id='word_1_208' title='bbox 2175 1450 2403 1502; x_wconf 87' lang='lat' dir='ltr'><strong>trahitur</strong></span> <span class='ocrx_word' id='word_1_209' title='bbox 2435 1449 2725 1512; x_wconf 89' lang='lat' dir='ltr'><strong>intellectu,</strong></span> <span class='ocrx_word' id='word_1_210' title='bbox 2754 1450 3095 1516; x_wconf 82' lang='lat' dir='ltr'><strong>singulariter</strong></span> <span class='ocrx_word' id='word_1_211' title='bbox 3121 1458 3175 1503; x_wconf 91' lang='lat' dir='ltr'><strong>et</strong></span> <span class='ocrx_word' id='word_1_212' title='bbox 3201 1466 3308 1504; x_wconf 91' lang='lat' dir='ltr'><strong>non</strong></span> <span class='ocrx_word' id='word_1_213' title='bbox 3338 1452 3609 1519; x_wconf 83' lang='lat' dir='ltr'><strong>multipli-</strong></span> 
     </span>
    </p>
   </div>
   <div class='ocr_carea' id='block_1_15' title="bbox 355 1537 3606 1611">
    <p class='ocr_par' dir='ltr' id='par_1_15' title="bbox 355 1537 3606 1611">
     <span class='ocr_line' id='line_1_15' title="bbox 355 1537 3606 1611; baseline 0.002 -21"><span class='ocrx_word' id='word_1_214' title='bbox 355 1542 558 1610; x_wconf 82' lang='lat' dir='ltr'><strong>spatio,</strong></span> <span class='ocrx_word' id='word_1_215' title='bbox 610 1543 823 1611; x_wconf 83' lang='lat' dir='ltr'><strong>propria</strong></span> <span class='ocrx_word' id='word_1_216' title='bbox 872 1543 1010 1596; x_wconf 83' lang='lat' dir='ltr'><strong>solet</strong></span> <span class='ocrx_word' id='word_1_217' title='bbox 1054 1543 1313 1597; x_wconf 86' lang='lat' dir='ltr'><strong>curricula</strong></span> <span class='ocrx_word' id='word_1_218' title='bbox 1359 1542 1598 1598; x_wconf 85' lang='lat' dir='ltr'><strong>deﬁnire.</strong></span> <span class='ocrx_word' id='word_1_219' title='bbox 1648 1542 1745 1597; x_wconf 83' lang='lat' dir='ltr'><strong>Vel</strong></span> <span class='ocrx_word' id='word_1_220' title='bbox 1789 1544 1927 1598; x_wconf 89' lang='lat' dir='ltr'><strong>sicut</strong></span> <span class='ocrx_word' id='word_1_221' title='bbox 2025 1541 2159 1593; x_wconf 87' lang='lat' dir='ltr'><strong>citer</strong></span> <span class='ocrx_word' id='word_1_222' title='bbox 2183 1538 2499 1593; x_wconf 89' lang='lat' dir='ltr'><strong>declaratur.</strong></span> <span class='ocrx_word' id='word_1_223' title='bbox 2542 1537 2726 1606; x_wconf 87' lang='lat' dir='ltr'><strong>Itaque</strong></span> <span class='ocrx_word' id='word_1_224' title='bbox 2756 1547 2812 1591; x_wconf 92' lang='lat' dir='ltr'><strong>ut</strong></span> <span class='ocrx_word' id='word_1_225' title='bbox 2855 1539 2923 1593; x_wconf 91' lang='lat' dir='ltr'><strong>ad</strong></span> <span class='ocrx_word' id='word_1_226' title='bbox 2951 1537 3179 1593; x_wconf 79' lang='lat' dir='ltr'><strong>futuram</strong></span> <span class='ocrx_word' id='word_1_227' title='bbox 3207 1541 3369 1593; x_wconf 88' lang='lat' dir='ltr'><strong>vitam</strong></span> <span class='ocrx_word' id='word_1_228' title='bbox 3412 1552 3606 1595; x_wconf 86' lang='lat' dir='ltr'><strong>nostra</strong></span> 
     </span>
    </p>
   </div>
   <div class='ocr_carea' id='block_1_16' title="bbox 354 1630 3607 1703">
    <p class='ocr_par' dir='ltr' id='par_1_16' title="bbox 354 1630 3607 1703">
     <span class='ocr_line' id='line_1_16' title="bbox 354 1630 3607 1703; baseline 0.002 -21"><span class='ocrx_word' id='word_1_229' title='bbox 354 1630 613 1684; x_wconf 84' lang='lat' dir='ltr'><strong>secretior</strong></span> <span class='ocrx_word' id='word_1_230' title='bbox 651 1631 813 1684; x_wconf 89' lang='lat' dir='ltr'><strong>tradit</strong></span> <span class='ocrx_word' id='word_1_231' title='bbox 856 1631 1012 1695; x_wconf 90' lang='lat' dir='ltr'><strong>ratio,</strong></span> <span class='ocrx_word' id='word_1_232' title='bbox 1063 1631 1201 1685; x_wconf 89' lang='lat' dir='ltr'><strong>Deus</strong></span> <span class='ocrx_word' id='word_1_233' title='bbox 1237 1647 1358 1686; x_wconf 89' lang='lat' dir='ltr'><strong>cum</strong></span> <span class='ocrx_word' id='word_1_234' title='bbox 1398 1641 1642 1686; x_wconf 89' lang='lat' dir='ltr'><strong>naturam</strong></span> <span class='ocrx_word' id='word_1_235' title='bbox 1672 1635 1928 1703; x_wconf 89' lang='lat' dir='ltr'><strong>temporis</strong></span> <span class='ocrx_word' id='word_1_236' title='bbox 2025 1632 2254 1699; x_wconf 84' lang='lat' dir='ltr'><strong>cogitata</strong></span> <span class='ocrx_word' id='word_1_237' title='bbox 2282 1631 2566 1698; x_wconf 88' lang='lat' dir='ltr'><strong>dirigeret,</strong></span> <span class='ocrx_word' id='word_1_238' title='bbox 2595 1630 2736 1684; x_wconf 90' lang='lat' dir='ltr'><strong>diem</strong></span> <span class='ocrx_word' id='word_1_239' title='bbox 2780 1632 3145 1700; x_wconf 88' lang='lat' dir='ltr'><strong>principalem,</strong></span> <span class='ocrx_word' id='word_1_240' title='bbox 3189 1632 3280 1701; x_wconf 92' lang='lat' dir='ltr'><strong>qui</strong></span> <span class='ocrx_word' id='word_1_241' title='bbox 3307 1642 3391 1686; x_wconf 90' lang='lat' dir='ltr'><strong>est</strong></span> <span class='ocrx_word' id='word_1_242' title='bbox 3418 1634 3607 1700; x_wconf 84' lang='lat' dir='ltr'><strong>imago</strong></span> 
     </span>
    </p>
   </div>
   <div class='ocr_carea' id='block_1_17' title="bbox 356 1721 3608 1793">
    <p class='ocr_par' dir='ltr' id='par_1_17' title="bbox 356 1721 3608 1793">
     <span class='ocr_line' id='line_1_17' title="bbox 356 1721 3608 1793; baseline 0.002 -21"><span class='ocrx_word' id='word_1_243' title='bbox 356 1728 684 1789; x_wconf 84' lang='lat' dir='ltr'><strong>procrearet,</strong></span> <span class='ocrx_word' id='word_1_244' title='bbox 708 1728 762 1775; x_wconf 90' lang='lat' dir='ltr'><strong>et</strong></span> <span class='ocrx_word' id='word_1_245' title='bbox 781 1736 1081 1775; x_wconf 87' lang='lat' dir='ltr'><strong>mensuram</strong></span> <span class='ocrx_word' id='word_1_246' title='bbox 1103 1721 1152 1775; x_wconf 91' lang='lat' dir='ltr'><strong>ei</strong></span> <span class='ocrx_word' id='word_1_247' title='bbox 1179 1722 1433 1789; x_wconf 87' lang='lat' dir='ltr'><strong>signaque</strong></span> <span class='ocrx_word' id='word_1_248' title='bbox 1453 1731 1598 1776; x_wconf 87' lang='lat' dir='ltr'><strong>certa</strong></span> <span class='ocrx_word' id='word_1_249' title='bbox 1625 1738 1693 1777; x_wconf 82' lang='lat' dir='ltr'><strong>ex</strong></span> <span class='ocrx_word' id='word_1_250' title='bbox 1720 1723 1924 1778; x_wconf 89' lang='lat' dir='ltr'><strong>dierum</strong></span> <span class='ocrx_word' id='word_1_251' title='bbox 1960 1728 1999 1784; x_wconf 82' lang='grc' dir='ltr'><strong>Β</strong></span> <span class='ocrx_word' id='word_1_252' title='bbox 2026 1721 2361 1786; x_wconf 62' lang='lat' dir='ltr'><strong>saeculorum,</strong></span> <span class='ocrx_word' id='word_1_253' title='bbox 2404 1736 2568 1774; x_wconf 90' lang='lat' dir='ltr'><strong>unum</strong></span> <span class='ocrx_word' id='word_1_254' title='bbox 2615 1736 2722 1774; x_wconf 91' lang='lat' dir='ltr'><strong>non</strong></span> <span class='ocrx_word' id='word_1_255' title='bbox 2763 1721 3029 1775; x_wconf 89' lang='lat' dir='ltr'><strong>immerito</strong></span> <span class='ocrx_word' id='word_1_256' title='bbox 3055 1724 3341 1787; x_wconf 87' lang='lat' dir='ltr'><strong>vocitavit,</strong></span> <span class='ocrx_word' id='word_1_257' title='bbox 3382 1731 3440 1777; x_wconf 93' lang='lat' dir='ltr'><strong>ut</strong></span> <span class='ocrx_word' id='word_1_258' title='bbox 3469 1733 3608 1793; x_wconf 84' lang='lat' dir='ltr'><strong>pote</strong></span> 
     </span>
    </p>
   </div>
   <div class='ocr_carea' id='block_1_18' title="bbox 356 1811 3606 1882">
    <p class='ocr_par' dir='ltr' id='par_1_18' title="bbox 356 1811 3606 1882">
     <span class='ocr_line' id='line_1_18' title="bbox 356 1811 3606 1882; baseline 0 -16"><span class='ocrx_word' id='word_1_259' title='bbox 356 1812 635 1866; x_wconf 89' lang='lat' dir='ltr'><strong>constituit</strong></span> <span class='ocrx_word' id='word_1_260' title='bbox 662 1812 955 1867; x_wconf 87' lang='lat' dir='ltr'><strong>intervallis</strong></span> <span class='ocrx_word' id='word_1_261' title='bbox 999 1830 1012 1865; x_wconf 90' lang='lat'><strong>:</strong></span> <span class='ocrx_word' id='word_1_262' title='bbox 1059 1820 1115 1867; x_wconf 88' lang='lat' dir='ltr'><strong>et</strong></span> <span class='ocrx_word' id='word_1_263' title='bbox 1152 1828 1251 1882; x_wconf 92' lang='lat' dir='ltr'><strong>per</strong></span> <span class='ocrx_word' id='word_1_264' title='bbox 1277 1814 1630 1882; x_wconf 88' lang='lat' dir='ltr'><strong>septimanam</strong></span> <span class='ocrx_word' id='word_1_265' title='bbox 1659 1817 1928 1870; x_wconf 90' lang='lat' dir='ltr'><strong>numerari</strong></span> <span class='ocrx_word' id='word_1_266' title='bbox 2030 1812 2215 1866; x_wconf 89' lang='lat' dir='ltr'><strong>lumini</strong></span> <span class='ocrx_word' id='word_1_267' title='bbox 2254 1825 2562 1879; x_wconf 64' lang='lat' dir='ltr'><strong>aequaevum.</strong></span> <span class='ocrx_word' id='word_1_268' title='bbox 2612 1811 2742 1865; x_wconf 90' lang='lat' dir='ltr'><strong>Dico</strong></span> <span class='ocrx_word' id='word_1_269' title='bbox 2771 1820 2951 1866; x_wconf 90' lang='lat' dir='ltr'><strong>autem</strong></span> <span class='ocrx_word' id='word_1_270' title='bbox 2979 1821 3220 1866; x_wconf 88' lang='lat' dir='ltr'><strong>sanctum</strong></span> <span class='ocrx_word' id='word_1_271' title='bbox 3262 1813 3606 1868; x_wconf 89' lang='lat' dir='ltr'><strong>Dominicum</strong></span> 
     </span>
    </p>
   </div>
   <div class='ocr_carea' id='block_1_19' title="bbox 356 1900 3609 1975">
    <p class='ocr_par' dir='ltr' id='par_1_19' title="bbox 356 1900 3609 1975">
     <span class='ocr_line' id='line_1_19' title="bbox 356 1900 3609 1975; baseline 0 -16"><span class='ocrx_word' id='word_1_272' title='bbox 356 1904 543 1967; x_wconf 77' lang='lat' dir='ltr'><strong>voluit,</strong></span> <span class='ocrx_word' id='word_1_273' title='bbox 576 1919 800 1974; x_wconf 86' lang='lat' dir='ltr'><strong>eamque</strong></span> <span class='ocrx_word' id='word_1_274' title='bbox 841 1920 1055 1974; x_wconf 86' lang='lat' dir='ltr'><strong>semper</strong></span> <span class='ocrx_word' id='word_1_275' title='bbox 1077 1906 1131 1959; x_wconf 91' lang='lat' dir='ltr'><strong>in</strong></span> <span class='ocrx_word' id='word_1_276' title='bbox 1159 1904 1499 1974; x_wconf 88' lang='lat' dir='ltr'><strong>semetipsam</strong></span> <span class='ocrx_word' id='word_1_277' title='bbox 1526 1906 1762 1964; x_wconf 84' lang='lat' dir='ltr'><strong>converti</strong></span> <span class='ocrx_word' id='word_1_278' title='bbox 1787 1920 1928 1975; x_wconf 74' lang='lat' dir='ltr'><strong>prm-</strong></span> <span class='ocrx_word' id='word_1_279' title='bbox 2028 1901 2119 1971; x_wconf 91' lang='lat' dir='ltr'><strong>qui</strong></span> <span class='ocrx_word' id='word_1_280' title='bbox 2143 1901 2538 1957; x_wconf 86' lang='lat' dir='ltr'><strong>resurrectione</strong></span> <span class='ocrx_word' id='word_1_281' title='bbox 2580 1900 2905 1969; x_wconf 81' lang='lat' dir='ltr'><strong>gloriﬁcatus</strong></span> <span class='ocrx_word' id='word_1_282' title='bbox 2950 1910 3033 1956; x_wconf 90' lang='lat' dir='ltr'><strong>est</strong></span> <span class='ocrx_word' id='word_1_283' title='bbox 3059 1901 3369 1956; x_wconf 87' lang='lat' dir='ltr'><strong>Salvatoris.</strong></span> <span class='ocrx_word' id='word_1_284' title='bbox 3400 1901 3465 1954; x_wconf 89' lang='lat' dir='ltr'><strong>Et</strong></span> <span class='ocrx_word' id='word_1_285' title='bbox 3492 1904 3609 1959; x_wconf 85' lang='lat' dir='ltr'><strong>hoc</strong></span> 
     </span>
    </p>
   </div>
   <div class='ocr_carea' id='block_1_20' title="bbox 355 1990 3608 2067">
    <p class='ocr_par' dir='ltr' id='par_1_20' title="bbox 355 1990 3608 2067">
     <span class='ocr_line' id='line_1_20' title="bbox 355 1990 3608 2067; baseline -0.001 -16"><span class='ocrx_word' id='word_1_286' title='bbox 355 1995 519 2063; x_wconf 88' lang='lat' dir='ltr'><strong>cepit,</strong></span> <span class='ocrx_word' id='word_1_287' title='bbox 543 2003 745 2049; x_wconf 89' lang='lat' dir='ltr'><strong>motum</strong></span> <span class='ocrx_word' id='word_1_288' title='bbox 773 1996 1032 2064; x_wconf 90' lang='lat' dir='ltr'><strong>temporis</strong></span> <span class='ocrx_word' id='word_1_289' title='bbox 1052 1997 1381 2061; x_wconf 90' lang='lat' dir='ltr'><strong>metientem,</strong></span> <span class='ocrx_word' id='word_1_290' title='bbox 1404 2012 1695 2065; x_wconf 87' lang='lat' dir='ltr'><strong>rursusque</strong></span> <span class='ocrx_word' id='word_1_291' title='bbox 1714 1996 1743 2035; x_wconf 70' lang='grc' dir='ltr'><strong>ι’</strong></span> <span class='ocrx_word' id='word_1_292' title='bbox 1766 1998 1930 2067; x_wconf 90' lang='lat' dir='ltr'><strong>septi-</strong></span> <span class='ocrx_word' id='word_1_293' title='bbox 2028 2000 2113 2046; x_wconf 90' lang='lat' dir='ltr'><strong>est</strong></span> <span class='ocrx_word' id='word_1_294' title='bbox 2138 1992 2281 2060; x_wconf 90' lang='lat' dir='ltr'><strong>quod</strong></span> <span class='ocrx_word' id='word_1_295' title='bbox 2308 1992 2441 2045; x_wconf 84' lang='lat' dir='ltr'><strong>dixit</strong></span> <span class='ocrx_word' id='word_1_296' title='bbox 2470 2010 2482 2044; x_wconf 92' lang='lat'>:</span> <span class='ocrx_word' id='word_1_297' title='bbox 2514 1990 2681 2044; x_wconf 85' lang='lat' dir='ltr'><strong>Facta</strong></span> <span class='ocrx_word' id='word_1_298' title='bbox 2710 2000 2786 2045; x_wconf 85' lang='lat' dir='ltr'><strong>est</strong></span> <span class='ocrx_word' id='word_1_299' title='bbox 2806 2009 3030 2061; x_wconf 81' lang='lat' dir='ltr'><strong>vespera,</strong></span> <span class='ocrx_word' id='word_1_300' title='bbox 3054 2002 3103 2045; x_wconf 88' lang='lat' dir='ltr'><strong>et</strong></span> <span class='ocrx_word' id='word_1_301' title='bbox 3131 1996 3323 2064; x_wconf 79' lang='lat' dir='ltr'><strong>factum</strong></span> <span class='ocrx_word' id='word_1_302' title='bbox 3351 2005 3426 2047; x_wconf 84' lang='lat' dir='ltr'><strong>est</strong></span> <span class='ocrx_word' id='word_1_303' title='bbox 3446 2012 3608 2050; x_wconf 82' lang='lat' dir='ltr'><strong>mane</strong></span> 
     </span>
    </p>
   </div>
   <div class='ocr_carea' id='block_1_21' title="bbox 356 2080 1866 2158">
    <p class='ocr_par' dir='ltr' id='par_1_21' title="bbox 356 2086 1866 2158">
     <span class='ocr_line' id='line_1_21' title="bbox 356 2086 1866 2158; baseline 0.004 -20"><span class='ocrx_word' id='word_1_304' title='bbox 356 2097 568 2138; x_wconf 86' lang='lat' dir='ltr'><strong>manam</strong></span> <span class='ocrx_word' id='word_1_305' title='bbox 591 2086 825 2155; x_wconf 87' lang='lat' dir='ltr'><strong>suppleri</strong></span> <span class='ocrx_word' id='word_1_306' title='bbox 848 2086 1007 2154; x_wconf 87' lang='lat' dir='ltr'><strong>jussit</strong></span> <span class='ocrx_word' id='word_1_307' title='bbox 1026 2088 1182 2141; x_wconf 90' lang='lat' dir='ltr'><strong>unius</strong></span> <span class='ocrx_word' id='word_1_308' title='bbox 1209 2089 1314 2142; x_wconf 87' lang='lat' dir='ltr'><strong>dici</strong></span> <span class='ocrx_word' id='word_1_309' title='bbox 1343 2090 1535 2156; x_wconf 89' lang='lat' dir='ltr'><strong>spatio,</strong></span> <span class='ocrx_word' id='word_1_310' title='bbox 1576 2104 1695 2157; x_wconf 72' lang='lat' dir='ltr'><strong>qua:</strong></span> <span class='ocrx_word' id='word_1_311' title='bbox 1733 2091 1866 2158; x_wconf 87' lang='lat' dir='ltr'><strong>septi</strong></span> 
     </span>
    </p>
   </div>
   <div class='ocr_carea' id='block_1_22' title="bbox 2097 2080 3607 2158">
    <p class='ocr_par' dir='ltr' id='par_1_22' title="bbox 2097 2080 3607 2151">
     <span class='ocr_line' id='line_1_22' title="bbox 2097 2080 3607 2151; baseline 0.003 -17"><span class='ocrx_word' id='word_1_312' title='bbox 2097 2097 2137 2135; x_wconf 71' lang='lat' dir='ltr'><strong>es</strong></span> <span class='ocrx_word' id='word_1_313' title='bbox 2164 2098 2314 2135; x_wconf 81' lang='lat' dir='ltr'><strong>unus.</strong></span> <span class='ocrx_word' id='word_1_314' title='bbox 2346 2080 2452 2135; x_wconf 88' lang='lat' dir='ltr'><strong>Sed</strong></span> <span class='ocrx_word' id='word_1_315' title='bbox 2479 2096 2714 2150; x_wconf 77' lang='lat' dir='ltr'><strong>vespercc</strong></span> <span class='ocrx_word' id='word_1_316' title='bbox 2741 2081 2953 2151; x_wconf 87' lang='lat' dir='ltr'><strong>quidem</strong></span> <span class='ocrx_word' id='word_1_317' title='bbox 2995 2083 3133 2137; x_wconf 90' lang='lat' dir='ltr'><strong>illius</strong></span> <span class='ocrx_word' id='word_1_318' title='bbox 3173 2085 3406 2138; x_wconf 88' lang='lat' dir='ltr'><strong>narratio</strong></span> <span class='ocrx_word' id='word_1_319' title='bbox 3436 2100 3607 2138; x_wconf 85' lang='lat' dir='ltr'><strong>occu-</strong></span> 
     </span>
    </p>
   </div>
   <div class='ocr_carea' id='block_1_23' title="bbox 357 2171 1867 2244">
    <p class='ocr_par' dir='ltr' id='par_1_23' title="bbox 357 2172 1867 2244">
     <span class='ocr_line' id='line_1_23' title="bbox 357 2172 1867 2244; baseline 0.003 -12"><span class='ocrx_word' id='word_1_320' title='bbox 357 2172 413 2232; x_wconf 72' lang='lat' dir='ltr'><strong>in</strong></span> <span class='ocrx_word' id='word_1_321' title='bbox 441 2177 727 2244; x_wconf 85' lang='lat' dir='ltr'><strong>semetipsa</strong></span> <span class='ocrx_word' id='word_1_322' title='bbox 755 2176 1064 2232; x_wconf 79' lang='lat' dir='ltr'><strong>reflectitur.</strong></span> <span class='ocrx_word' id='word_1_323' title='bbox 1115 2178 1239 2233; x_wconf 76' lang='lat' dir='ltr'><strong>Haec</strong></span> <span class='ocrx_word' id='word_1_324' title='bbox 1283 2179 1422 2233; x_wconf 91' lang='lat' dir='ltr'><strong>enim</strong></span> <span class='ocrx_word' id='word_1_325' title='bbox 1451 2180 1589 2234; x_wconf 91' lang='lat' dir='ltr'><strong>ratio</strong></span> <span class='ocrx_word' id='word_1_326' title='bbox 1615 2190 1697 2235; x_wconf 90' lang='lat' dir='ltr'><strong>est</strong></span> <span class='ocrx_word' id='word_1_327' title='bbox 1722 2182 1867 2236; x_wconf 88' lang='lat' dir='ltr'><strong>volui</strong></span> 
     </span>
    </p>
   </div>
   <div class='ocr_carea' id='block_1_24' title="bbox 2096 2171 3606 2244">
    <p class='ocr_par' dir='ltr' id='par_1_24' title="bbox 2100 2171 3606 2243">
     <span class='ocr_line' id='line_1_24' title="bbox 2100 2171 3606 2243; baseline 0.002 -18"><span class='ocrx_word' id='word_1_328' title='bbox 2100 2179 2152 2225; x_wconf 88' lang='lat' dir='ltr'><strong>ta</strong></span> <span class='ocrx_word' id='word_1_329' title='bbox 2169 2211 2184 2235; x_wconf 90' lang='lat'><strong>,</strong></span> <span class='ocrx_word' id='word_1_330' title='bbox 2216 2172 2464 2240; x_wconf 65' lang='lat' dir='ltr'><strong>praesenti</strong></span> <span class='ocrx_word' id='word_1_331' title='bbox 2490 2186 2710 2241; x_wconf 89' lang='lat' dir='ltr'><strong>vespera</strong></span> <span class='ocrx_word' id='word_1_332' title='bbox 2747 2171 2962 2225; x_wconf 90' lang='lat' dir='ltr'><strong>modum</strong></span> <span class='ocrx_word' id='word_1_333' title='bbox 2989 2173 3165 2227; x_wconf 89' lang='lat' dir='ltr'><strong>cursui</strong></span> <span class='ocrx_word' id='word_1_334' title='bbox 3193 2182 3387 2228; x_wconf 76' lang='lat' dir='ltr'><strong>nostra:</strong></span> <span class='ocrx_word' id='word_1_335' title='bbox 3411 2173 3606 2243; x_wconf 87' lang='lat' dir='ltr'><strong>dispu-</strong></span> 
     </span>
    </p>
   </div>
   <div class='ocr_carea' id='block_1_25' title="bbox 355 2261 1865 2340">
    <p class='ocr_par' dir='ltr' id='par_1_25' title="bbox 355 2261 1865 2340">
     <span class='ocr_line' id='line_1_25' title="bbox 355 2261 1865 2340; baseline 0.004 -23"><span class='ocrx_word' id='word_1_336' title='bbox 355 2261 486 2318; x_wconf 83' lang='lat' dir='ltr'><strong>lium</strong></span> <span class='ocrx_word' id='word_1_337' title='bbox 511 2267 859 2332; x_wconf 87' lang='lat' dir='ltr'><strong>schematum,</strong></span> <span class='ocrx_word' id='word_1_338' title='bbox 887 2276 995 2321; x_wconf 88' lang='lat' dir='ltr'><strong>uta</strong></span> <span class='ocrx_word' id='word_1_339' title='bbox 1020 2283 1079 2322; x_wconf 82' lang='lat' dir='ltr'><strong>se</strong></span> <span class='ocrx_word' id='word_1_340' title='bbox 1102 2269 1409 2338; x_wconf 89' lang='lat' dir='ltr'><strong>incipientia</strong></span> <span class='ocrx_word' id='word_1_341' title='bbox 1429 2285 1640 2340; x_wconf 89' lang='lat' dir='ltr'><strong>semper</strong></span> <span class='ocrx_word' id='word_1_342' title='bbox 1667 2272 1720 2325; x_wconf 91' lang='lat' dir='ltr'><strong>in</strong></span> <span class='ocrx_word' id='word_1_343' title='bbox 1741 2288 1865 2326; x_wconf 71' lang='lat' dir='ltr'><strong>SCIIll</strong></span> 
     </span>
    </p>
   </div>
   <div class='ocr_carea' id='block_1_26' title="bbox 2097 2261 3607 2340">
    <p class='ocr_par' dir='ltr' id='par_1_26' title="bbox 2097 2261 3607 2334">
     <span class='ocr_line' id='line_1_26' title="bbox 2097 2261 3607 2334; baseline 0.003 -20"><span class='ocrx_word' id='word_1_344' title='bbox 2097 2262 2248 2315; x_wconf 76' lang='lat' dir='ltr'><strong>tionis</strong></span> <span class='ocrx_word' id='word_1_345' title='bbox 2277 2261 2520 2332; x_wconf 89' lang='lat' dir='ltr'><strong>imponit.</strong></span> <span class='ocrx_word' id='word_1_346' title='bbox 2552 2261 2712 2317; x_wconf 90' lang='lat' dir='ltr'><strong>Pater</strong></span> <span class='ocrx_word' id='word_1_347' title='bbox 2756 2270 2930 2316; x_wconf 89' lang='lat' dir='ltr'><strong>autem</strong></span> <span class='ocrx_word' id='word_1_348' title='bbox 2958 2277 3098 2317; x_wconf 69' lang='lat' dir='ltr'><strong>verte</strong></span> <span class='ocrx_word' id='word_1_349' title='bbox 3134 2263 3287 2328; x_wconf 85' lang='lat' dir='ltr'><strong>lucis,</strong></span> <span class='ocrx_word' id='word_1_350' title='bbox 3335 2265 3426 2334; x_wconf 88' lang='lat' dir='ltr'><strong>qui</strong></span> <span class='ocrx_word' id='word_1_351' title='bbox 3455 2265 3607 2320; x_wconf 77' lang='lat' dir='ltr'><strong>diem</strong></span> 
     </span>
    </p>
   </div>
   <div class='ocr_carea' id='block_1_27' title="bbox 357 2351 3607 2431">
    <p class='ocr_par' dir='ltr' id='par_1_27' title="bbox 357 2351 3607 2431">
     <span class='ocr_line' id='line_1_27' title="bbox 357 2351 3607 2431; baseline 0.002 -25"><span class='ocrx_word' id='word_1_352' title='bbox 357 2356 473 2426; x_wconf 82' lang='lat' dir='ltr'><strong>ipsa</strong></span> <span class='ocrx_word' id='word_1_353' title='bbox 501 2356 759 2412; x_wconf 76' lang='lat' dir='ltr'><strong>ferantur.</strong></span> <span class='ocrx_word' id='word_1_354' title='bbox 813 2358 967 2424; x_wconf 80' lang='lat' dir='ltr'><strong>Quod</strong></span> <span class='ocrx_word' id='word_1_355' title='bbox 993 2361 1155 2413; x_wconf 76' lang='lat' dir='ltr'><strong>etiam</strong></span> <span class='ocrx_word' id='word_1_356' title='bbox 1182 2362 1497 2416; x_wconf 65' lang='lat' dir='ltr'><strong>mulorum</strong></span> <span class='ocrx_word' id='word_1_357' title='bbox 1521 2364 1797 2431; x_wconf 64' lang='lat' dir='ltr'><strong>proprium</strong></span> <span class='ocrx_word' id='word_1_358' title='bbox 1825 2372 1927 2429; x_wconf 70' lang='grc' dir='ltr'><strong>εει,</strong></span> <span class='ocrx_word' id='word_1_359' title='bbox 2029 2351 2231 2406; x_wconf 73' lang='lat' dir='ltr'><strong>caelesti</strong></span> <span class='ocrx_word' id='word_1_360' title='bbox 2260 2353 2458 2406; x_wconf 90' lang='lat' dir='ltr'><strong>lumine</strong></span> <span class='ocrx_word' id='word_1_361' title='bbox 2484 2352 2774 2416; x_wconf 90' lang='lat' dir='ltr'><strong>decoravit,</strong></span> <span class='ocrx_word' id='word_1_362' title='bbox 2805 2362 2863 2408; x_wconf 91' lang='lat' dir='ltr'><strong>et</strong></span> <span class='ocrx_word' id='word_1_363' title='bbox 2891 2362 3103 2409; x_wconf 87' lang='lat' dir='ltr'><strong>noctem</strong></span> <span class='ocrx_word' id='word_1_364' title='bbox 3134 2355 3270 2423; x_wconf 87' lang='lat' dir='ltr'><strong>ignis</strong></span> <span class='ocrx_word' id='word_1_365' title='bbox 3296 2356 3459 2410; x_wconf 88' lang='lat' dir='ltr'><strong>radiis</strong></span> <span class='ocrx_word' id='word_1_366' title='bbox 3486 2358 3607 2411; x_wconf 87' lang='lat' dir='ltr'><strong>cla-</strong></span> 
     </span>
    </p>
   </div>
   <div class='ocr_carea' id='block_1_28' title="bbox 356 2441 1866 2520">
    <p class='ocr_par' dir='ltr' id='par_1_28' title="bbox 356 2450 1866 2520">
     <span class='ocr_line' id='line_1_28' title="bbox 356 2450 1866 2520; baseline 0.003 -16"><span class='ocrx_word' id='word_1_367' title='bbox 356 2462 478 2520; x_wconf 72' lang='lat' dir='ltr'><strong>qute</strong></span> <span class='ocrx_word' id='word_1_368' title='bbox 503 2459 600 2517; x_wconf 88' lang='lat' dir='ltr'><strong>per</strong></span> <span class='ocrx_word' id='word_1_369' title='bbox 625 2464 720 2502; x_wconf 90' lang='lat' dir='ltr'><strong>sua</strong></span> <span class='ocrx_word' id='word_1_370' title='bbox 749 2464 808 2503; x_wconf 89' lang='lat' dir='ltr'><strong>se</strong></span> <span class='ocrx_word' id='word_1_371' title='bbox 839 2450 1168 2505; x_wconf 90' lang='lat' dir='ltr'><strong>incessanter</strong></span> <span class='ocrx_word' id='word_1_372' title='bbox 1199 2452 1419 2520; x_wconf 87' lang='lat' dir='ltr'><strong>vestigia</strong></span> <span class='ocrx_word' id='word_1_373' title='bbox 1447 2453 1790 2519; x_wconf 87' lang='lat' dir='ltr'><strong>revolvendo,</strong></span> <span class='ocrx_word' id='word_1_374' title='bbox 1823 2463 1866 2509; x_wconf 82' lang='lat' dir='ltr'><strong>te</strong></span> 
     </span>
    </p>
   </div>
   <div class='ocr_carea' id='block_1_29' title="bbox 2097 2441 3607 2520">
    <p class='ocr_par' dir='ltr' id='par_1_29' title="bbox 2097 2441 3607 2516">
     <span class='ocr_line' id='line_1_29' title="bbox 2097 2441 3607 2516; baseline 0.003 -21"><span class='ocrx_word' id='word_1_375' title='bbox 2097 2441 2243 2506; x_wconf 78' lang='lat' dir='ltr'><strong>fecit,</strong></span> <span class='ocrx_word' id='word_1_376' title='bbox 2272 2443 2362 2511; x_wconf 91' lang='lat' dir='ltr'><strong>qui</strong></span> <span class='ocrx_word' id='word_1_377' title='bbox 2392 2444 2599 2497; x_wconf 84' lang='lat' dir='ltr'><strong>venturi</strong></span> <span class='ocrx_word' id='word_1_378' title='bbox 2627 2442 2805 2497; x_wconf 67' lang='lat' dir='ltr'><strong>saeculi</strong></span> <span class='ocrx_word' id='word_1_379' title='bbox 2832 2443 3070 2513; x_wconf 89' lang='lat' dir='ltr'><strong>requiem</strong></span> <span class='ocrx_word' id='word_1_380' title='bbox 3112 2445 3437 2499; x_wconf 88' lang='lat' dir='ltr'><strong>merentibus</strong></span> <span class='ocrx_word' id='word_1_381' title='bbox 3464 2462 3607 2516; x_wconf 71' lang='lat' dir='ltr'><strong>prm~</strong></span> 
     </span>
    </p>
   </div>
   <div class='ocr_carea' id='block_1_30' title="bbox 359 2533 1869 2611">
    <p class='ocr_par' dir='ltr' id='par_1_30' title="bbox 359 2538 1869 2611">
     <span class='ocr_line' id='line_1_30' title="bbox 359 2538 1869 2611; baseline 0.003 -19"><span class='ocrx_word' id='word_1_382' title='bbox 359 2540 563 2593; x_wconf 89' lang='lat' dir='ltr'><strong>minum</strong></span> <span class='ocrx_word' id='word_1_383' title='bbox 592 2538 734 2592; x_wconf 89' lang='lat' dir='ltr'><strong>nulla</strong></span> <span class='ocrx_word' id='word_1_384' title='bbox 763 2539 973 2593; x_wconf 89' lang='lat' dir='ltr'><strong>ratione</strong></span> <span class='ocrx_word' id='word_1_385' title='bbox 998 2540 1318 2609; x_wconf 89' lang='lat' dir='ltr'><strong>percipiunt.</strong></span> <span class='ocrx_word' id='word_1_386' title='bbox 1342 2538 1655 2611; x_wconf 25' lang='lat' dir='ltr'><strong>‘Pr0pterea</strong></span> <span class='ocrx_word' id='word_1_387' title='bbox 1675 2544 1869 2597; x_wconf 90' lang='lat' dir='ltr'><strong>vertice</strong></span> 
     </span>
    </p>
   </div>
   <div class='ocr_carea' id='block_1_31' title="bbox 2106 2533 3616 2611">
    <p class='ocr_par' dir='ltr' id='par_1_31' title="bbox 2106 2533 3616 2604">
     <span class='ocr_line' id='line_1_31' title="bbox 2106 2533 3616 2604; baseline 0.004 -18"><span class='ocrx_word' id='word_1_388' title='bbox 2106 2534 2257 2597; x_wconf 86' lang='lat' dir='ltr'><strong>ravit,</strong></span> <span class='ocrx_word' id='word_1_389' title='bbox 2284 2533 2445 2589; x_wconf 82' lang='lat' dir='ltr'><strong>corda</strong></span> <span class='ocrx_word' id='word_1_390' title='bbox 2474 2543 2653 2588; x_wconf 89' lang='lat' dir='ltr'><strong>vestra</strong></span> <span class='ocrx_word' id='word_1_391' title='bbox 2699 2534 2986 2603; x_wconf 86' lang='lat' dir='ltr'><strong>perlustrct</strong></span> <span class='ocrx_word' id='word_1_392' title='bbox 3029 2536 3298 2603; x_wconf 84' lang='lat' dir='ltr'><strong>agnitione</strong></span> <span class='ocrx_word' id='word_1_393' title='bbox 3337 2539 3616 2604; x_wconf 52' lang='lat' dir='ltr'><strong>veritatis,</strong></span> 
     </span>
    </p>
   </div>
   <div class='ocr_carea' id='block_1_32' title="bbox 357 2623 3611 2700">
    <p class='ocr_par' dir='ltr' id='par_1_32' title="bbox 357 2623 3611 2700">
     <span class='ocr_line' id='line_1_32' title="bbox 357 2623 3611 2700; baseline 0 -19"><span class='ocrx_word' id='word_1_394' title='bbox 357 2628 618 2697; x_wconf 86' lang='lat' dir='ltr'><strong>temporis</strong></span> <span class='ocrx_word' id='word_1_395' title='bbox 645 2643 751 2682; x_wconf 89' lang='lat' dir='ltr'><strong>non</strong></span> <span class='ocrx_word' id='word_1_396' title='bbox 781 2628 1032 2696; x_wconf 88' lang='lat' dir='ltr'><strong>primum,</strong></span> <span class='ocrx_word' id='word_1_397' title='bbox 1064 2629 1159 2683; x_wconf 86' lang='lat' dir='ltr'><strong>sed</strong></span> <span class='ocrx_word' id='word_1_398' title='bbox 1187 2644 1352 2684; x_wconf 87' lang='lat' dir='ltr'><strong>unum</strong></span> <span class='ocrx_word' id='word_1_399' title='bbox 1381 2631 1707 2700; x_wconf 85' lang='lat' dir='ltr'><strong>nuncupavit</strong></span> <span class='ocrx_word' id='word_1_400' title='bbox 1742 2631 1884 2686; x_wconf 82' lang='lat' dir='ltr'><strong>diem</strong></span> <span class='ocrx_word' id='word_1_401' title='bbox 1913 2649 1927 2685; x_wconf 73' lang='grc' dir='ltr'><strong>ε</strong></span> <span class='ocrx_word' id='word_1_402' title='bbox 2031 2633 2085 2678; x_wconf 90' lang='lat' dir='ltr'><strong>et</strong></span> <span class='ocrx_word' id='word_1_403' title='bbox 2112 2625 2481 2678; x_wconf 88' lang='lat' dir='ltr'><strong>intemeratam</strong></span> <span class='ocrx_word' id='word_1_404' title='bbox 2510 2624 2775 2679; x_wconf 88' lang='lat' dir='ltr'><strong>custodiat</strong></span> <span class='ocrx_word' id='word_1_405' title='bbox 2818 2623 2987 2678; x_wconf 86' lang='lat' dir='ltr'><strong>vitam</strong></span> <span class='ocrx_word' id='word_1_406' title='bbox 3028 2634 3258 2679; x_wconf 88' lang='lat' dir='ltr'><strong>vestram</strong></span> <span class='ocrx_word' id='word_1_407' title='bbox 3276 2665 3292 2691; x_wconf 93' lang='lat'><strong>,</strong></span> <span class='ocrx_word' id='word_1_408' title='bbox 3344 2634 3611 2696; x_wconf 59' lang='lat' dir='ltr'><strong>praestans</strong></span> 
     </span>
    </p>
   </div>
   <div class='ocr_carea' id='block_1_33' title="bbox 358 2714 3607 2787">
    <p class='ocr_par' dir='ltr' id='par_1_33' title="bbox 358 2714 3607 2787">
     <span class='ocr_line' id='line_1_33' title="bbox 358 2714 3607 2787; baseline 0 -15"><span class='ocrx_word' id='word_1_409' title='bbox 358 2726 421 2772; x_wconf 86' lang='lat' dir='ltr'><strong>ut</strong></span> <span class='ocrx_word' id='word_1_410' title='bbox 445 2733 513 2772; x_wconf 89' lang='lat' dir='ltr'><strong>ex</strong></span> <span class='ocrx_word' id='word_1_411' title='bbox 540 2717 656 2787; x_wconf 90' lang='lat' dir='ltr'><strong>ipsa</strong></span> <span class='ocrx_word' id='word_1_412' title='bbox 683 2717 1080 2787; x_wconf 86' lang='lat' dir='ltr'><strong>nuncupatione</strong></span> <span class='ocrx_word' id='word_1_413' title='bbox 1115 2732 1237 2772; x_wconf 90' lang='lat' dir='ltr'><strong>cum</strong></span> <span class='ocrx_word' id='word_1_414' title='bbox 1278 2718 1475 2773; x_wconf 66' lang='lat' dir='ltr'><strong>saeculo</strong></span> <span class='ocrx_word' id='word_1_415' title='bbox 1501 2719 1602 2774; x_wconf 83' lang='lat' dir='ltr'><strong>sibi</strong></span> <span class='ocrx_word' id='word_1_416' title='bbox 1630 2726 1934 2775; x_wconf 80' lang='lat' dir='ltr'><strong>servaretur</strong></span> <span class='ocrx_word' id='word_1_417' title='bbox 2030 2714 2183 2768; x_wconf 89' lang='lat' dir='ltr'><strong>vobis</strong></span> <span class='ocrx_word' id='word_1_418' title='bbox 2210 2714 2437 2768; x_wconf 87' lang='lat' dir='ltr'><strong>honeste</strong></span> <span class='ocrx_word' id='word_1_419' title='bbox 2464 2714 2756 2779; x_wconf 88' lang='lat' dir='ltr'><strong>ambulare,</strong></span> <span class='ocrx_word' id='word_1_420' title='bbox 2787 2722 3051 2783; x_wconf 88' lang='lat' dir='ltr'><strong>quatenus</strong></span> <span class='ocrx_word' id='word_1_421' title='bbox 3078 2714 3323 2783; x_wconf 81' lang='lat' dir='ltr'><strong>fulgeatis</strong></span> <span class='ocrx_word' id='word_1_422' title='bbox 3352 2714 3407 2770; x_wconf 84' lang='lat' dir='ltr'><strong>ul</strong></span> <span class='ocrx_word' id='word_1_423' title='bbox 3430 2718 3511 2771; x_wconf 90' lang='lat' dir='ltr'><strong>sol</strong></span> <span class='ocrx_word' id='word_1_424' title='bbox 3547 2717 3607 2773; x_wconf 83' lang='lat' dir='ltr'><strong>in</strong></span> 
     </span>
    </p>
   </div>
   <div class='ocr_carea' id='block_1_34' title="bbox 356 2803 3613 2882">
    <p class='ocr_par' dir='ltr' id='par_1_34' title="bbox 356 2803 3613 2882">
     <span class='ocr_line' id='line_1_34' title="bbox 356 2803 3613 2882; baseline 0 -19"><span class='ocrx_word' id='word_1_425' title='bbox 356 2807 607 2863; x_wconf 77' lang='lat' dir='ltr'><strong>aﬂinitas.</strong></span> <span class='ocrx_word' id='word_1_426' title='bbox 640 2807 838 2863; x_wconf 84' lang='lat' dir='ltr'><strong>Rerum</strong></span> <span class='ocrx_word' id='word_1_427' title='bbox 865 2809 1007 2863; x_wconf 89' lang='lat' dir='ltr'><strong>enim</strong></span> <span class='ocrx_word' id='word_1_428' title='bbox 1034 2808 1371 2878; x_wconf 83' lang='lat' dir='ltr'><strong>simplicium,</strong></span> <span class='ocrx_word' id='word_1_429' title='bbox 1395 2809 1632 2877; x_wconf 85' lang='lat' dir='ltr'><strong>nihilque</strong></span> <span class='ocrx_word' id='word_1_430' title='bbox 1650 2824 1933 2866; x_wconf 87' lang='lat' dir='ltr'><strong>commune</strong></span> <span class='ocrx_word' id='word_1_431' title='bbox 2030 2803 2347 2859; x_wconf 84' lang='lat' dir='ltr'><strong>claritudine</strong></span> <span class='ocrx_word' id='word_1_432' title='bbox 2394 2812 2696 2858; x_wconf 80' lang='lat' dir='ltr'><strong>sanctorum</strong></span> <span class='ocrx_word' id='word_1_433' title='bbox 2749 2818 2965 2858; x_wconf 86' lang='lat' dir='ltr'><strong>suorum</strong></span> <span class='ocrx_word' id='word_1_434' title='bbox 2987 2844 3003 2867; x_wconf 84' lang='lat'><strong>.</strong></span> <span class='ocrx_word' id='word_1_435' title='bbox 3056 2804 3123 2858; x_wconf 86' lang='lat' dir='ltr'><strong>ad</strong></span> <span class='ocrx_word' id='word_1_436' title='bbox 3177 2806 3613 2882; x_wconf 73' lang='lat' dir='ltr'><strong>exsultationem</strong></span> 
     </span>
    </p>
   </div>
   <div class='ocr_carea' id='block_1_35' title="bbox 357 2893 3615 2969">
    <p class='ocr_par' dir='ltr' id='par_1_35' title="bbox 357 2893 3615 2969">
     <span class='ocr_line' id='line_1_35' title="bbox 357 2893 3615 2969; baseline -0.001 -14"><span class='ocrx_word' id='word_1_437' title='bbox 357 2912 478 2955; x_wconf 71' lang='lat' dir='ltr'><strong>cum</strong></span> <span class='ocrx_word' id='word_1_438' title='bbox 519 2899 637 2953; x_wconf 89' lang='lat' dir='ltr'><strong>aliis</strong></span> <span class='ocrx_word' id='word_1_439' title='bbox 681 2899 1023 2964; x_wconf 86' lang='lat' dir='ltr'><strong>habentium,</strong></span> <span class='ocrx_word' id='word_1_440' title='bbox 1071 2901 1341 2969; x_wconf 84' lang='lat' dir='ltr'><strong>specimen</strong></span> <span class='ocrx_word' id='word_1_441' title='bbox 1389 2899 1652 2964; x_wconf 90' lang='lat' dir='ltr'><strong>indicans,</strong></span> <span class='ocrx_word' id='word_1_442' title='bbox 1697 2914 1933 2968; x_wconf 81' lang='lat' dir='ltr'><strong>congrue</strong></span> <span class='ocrx_word' id='word_1_443' title='bbox 2031 2909 2206 2950; x_wconf 88' lang='lat' dir='ltr'><strong>meam</strong></span> <span class='ocrx_word' id='word_1_444' title='bbox 2248 2896 2302 2948; x_wconf 93' lang='lat' dir='ltr'><strong>in</strong></span> <span class='ocrx_word' id='word_1_445' title='bbox 2348 2895 2489 2948; x_wconf 90' lang='lat' dir='ltr'><strong>diem</strong></span> <span class='ocrx_word' id='word_1_446' title='bbox 2517 2893 2746 2958; x_wconf 87' lang='lat' dir='ltr'><strong>Domini,</strong></span> <span class='ocrx_word' id='word_1_447' title='bbox 2771 2894 2856 2948; x_wconf 91' lang='lat' dir='ltr'><strong>cui</strong></span> <span class='ocrx_word' id='word_1_448' title='bbox 2877 2894 3045 2962; x_wconf 89' lang='lat' dir='ltr'><strong>gloria</strong></span> <span class='ocrx_word' id='word_1_449' title='bbox 3074 2903 3129 2948; x_wconf 88' lang='lat' dir='ltr'><strong>et</strong></span> <span class='ocrx_word' id='word_1_450' title='bbox 3156 2895 3343 2959; x_wconf 88' lang='lat' dir='ltr'><strong>honor,</strong></span> <span class='ocrx_word' id='word_1_451' title='bbox 3379 2911 3521 2952; x_wconf 88' lang='lat' dir='ltr'><strong>nunc</strong></span> <span class='ocrx_word' id='word_1_452' title='bbox 3548 2903 3615 2953; x_wconf 64' lang='lat' dir='ltr'><strong>et.</strong></span> 
     </span>
    </p>
   </div>
   <div class='ocr_carea' id='block_1_36' title="bbox 356 2983 3185 3063">
    <p class='ocr_par' dir='ltr' id='par_1_36' title="bbox 356 2983 3185 3063">
     <span class='ocr_line' id='line_1_36' title="bbox 356 2983 3185 3063; baseline -0.002 -21"><span class='ocrx_word' id='word_1_453' title='bbox 356 2989 569 3059; x_wconf 89' lang='lat' dir='ltr'><strong>penitus</strong></span> <span class='ocrx_word' id='word_1_454' title='bbox 595 2995 651 3043; x_wconf 90' lang='lat' dir='ltr'><strong>et</strong></span> <span class='ocrx_word' id='word_1_455' title='bbox 674 2988 927 3063; x_wconf 84' lang='lat' dir='ltr'><strong>decenter</strong></span> <span class='ocrx_word' id='word_1_456' title='bbox 953 2989 1257 3044; x_wconf 90' lang='lat' dir='ltr'><strong>nominatus</strong></span> <span class='ocrx_word' id='word_1_457' title='bbox 1284 2996 1556 3055; x_wconf 51' lang='lat' dir='ltr'><strong>est,unus.</strong></span> <span class='ocrx_word' id='word_1_458' title='bbox 1586 2987 1656 3042; x_wconf 87' lang='lat' dir='ltr'><strong>Et</strong></span> <span class='ocrx_word' id='word_1_459' title='bbox 1691 2990 1932 3057; x_wconf 89' lang='lat' dir='ltr'><strong>quamvis</strong></span> <span class='ocrx_word' id='word_1_460' title='bbox 2031 2999 2243 3055; x_wconf 87' lang='lat' dir='ltr'><strong>semper</strong></span> <span class='ocrx_word' id='word_1_461' title='bbox 2264 2991 2321 3038; x_wconf 90' lang='lat' dir='ltr'><strong>et</strong></span> <span class='ocrx_word' id='word_1_462' title='bbox 2339 2984 2393 3038; x_wconf 87' lang='lat' dir='ltr'><strong>in</strong></span> <span class='ocrx_word' id='word_1_463' title='bbox 2415 2983 2607 3038; x_wconf 74' lang='lat' dir='ltr'><strong>srecula</strong></span> <span class='ocrx_word' id='word_1_464' title='bbox 2635 2983 2970 3043; x_wconf 63' lang='lat' dir='ltr'><strong>saeclorum.</strong></span> <span class='ocrx_word' id='word_1_465' title='bbox 2997 2983 3185 3039; x_wconf 81' lang='lat' dir='ltr'><strong>Amen.</strong></span> 
     </span>
    </p>
   </div>
   <div class='ocr_carea' id='block_1_37' title="bbox 357 3073 1999 3149">
    <p class='ocr_par' dir='ltr' id='par_1_37' title="bbox 357 3073 1999 3149">
     <span class='ocr_line' id='line_1_37' title="bbox 357 3073 1999 3149; baseline 0.002 -17"><span class='ocrx_word' id='word_1_466' title='bbox 357 3078 523 3133; x_wconf 87' lang='lat' dir='ltr'><strong>multa</strong></span> <span class='ocrx_word' id='word_1_467' title='bbox 549 3078 743 3134; x_wconf 63' lang='lat' dir='ltr'><strong>saecula</strong></span> <span class='ocrx_word' id='word_1_468' title='bbox 773 3079 929 3135; x_wconf 91' lang='lat' dir='ltr'><strong>nobis</strong></span> <span class='ocrx_word' id='word_1_469' title='bbox 957 3077 1232 3149; x_wconf 91' lang='lat' dir='ltr'><strong>Scriptura</strong></span> <span class='ocrx_word' id='word_1_470' title='bbox 1258 3078 1496 3134; x_wconf 87' lang='lat' dir='ltr'><strong>declaret</strong></span> <span class='ocrx_word' id='word_1_471' title='bbox 1552 3079 1736 3134; x_wconf 89' lang='lat' dir='ltr'><strong>dicens</strong></span> <span class='ocrx_word' id='word_1_472' title='bbox 1761 3096 1925 3134; x_wconf 75' lang='lat' dir='ltr'><strong>saecu-</strong></span> <span class='ocrx_word' id='word_1_473' title='bbox 1953 3073 1999 3136; x_wconf 89' lang='lat' dir='ltr'><strong><em>C</em></strong></span> 
     </span>
    </p>
   </div>
   <div class='ocr_carea' id='block_1_38' title="bbox 431 3210 3606 3288">
    <p class='ocr_par' dir='ltr' id='par_1_38' title="bbox 431 3210 3606 3288">
     <span class='ocr_line' id='line_1_38' title="bbox 431 3210 3606 3288; baseline 0.002 -25"><span class='ocrx_word' id='word_1_474' title='bbox 431 3210 702 3288; x_wconf 43' lang='lat' dir='ltr'><strong>ﬁhAptiqui</strong></span> <span class='ocrx_word' id='word_1_475' title='bbox 748 3211 854 3288; x_wconf 81' lang='lat' dir='ltr'><strong>duo</strong></span> <span class='ocrx_word' id='word_1_476' title='bbox 900 3212 1020 3267; x_wconf 91' lang='lat' dir='ltr'><strong>libri</strong></span> <span class='ocrx_word' id='word_1_477' title='bbox 1041 3212 1268 3288; x_wconf 66' lang='lat' dir='ltr'><strong>ethediti,</strong></span> <span class='ocrx_word' id='word_1_478' title='bbox 1316 3216 1577 3288; x_wconf 81' lang='lat' dir='ltr'><strong>utriusque</strong></span> <span class='ocrx_word' id='word_1_479' title='bbox 1604 3217 1923 3288; x_wconf 86' lang='lat' dir='ltr'><strong>contingens.</strong></span> <span class='ocrx_word' id='word_1_480' title='bbox 2032 3216 2558 3288; x_wconf 12' lang='lat' dir='ltr'><strong>septimumidixeris;</strong></span> <span class='ocrx_word' id='word_1_481' title='bbox 2583 3217 2640 3288; x_wconf 87' lang='lat' dir='ltr'><strong>in</strong></span> <span class='ocrx_word' id='word_1_482' title='bbox 2668 3214 2859 3288; x_wconf 78' lang='lat' dir='ltr'><strong>quibus</strong></span> <span class='ocrx_word' id='word_1_483' title='bbox 2881 3212 3262 3288; x_wconf 78' lang='lat' dir='ltr'><strong>omnibus_vitii</strong></span> <span class='ocrx_word' id='word_1_484' title='bbox 3289 3215 3486 3283; x_wconf 84' lang='lat' dir='ltr'><strong>aliquid</strong></span> <span class='ocrx_word' id='word_1_485' title='bbox 3519 3215 3606 3288; x_wconf 80' lang='lat' dir='ltr'><strong>in-</strong></span> 
     </span>
    </p>
   </div>
   <div class='ocr_carea' id='block_1_39' title="bbox 357 3279 3603 3355">
    <p class='ocr_par' dir='ltr' id='par_1_39' title="bbox 357 3279 3603 3355">
     <span class='ocr_line' id='line_1_39' title="bbox 357 3279 3603 3355; baseline 0.002 -20"><span class='ocrx_word' id='word_1_486' title='bbox 357 3281 428 3355; x_wconf 77' lang='lat' dir='ltr'><strong>_At</strong></span> <span class='ocrx_word' id='word_1_487' title='bbox 452 3279 606 3355; x_wconf 88' lang='lat' dir='ltr'><strong>C_olb.</strong></span> <span class='ocrx_word' id='word_1_488' title='bbox 629 3279 928 3355; x_wconf 55' lang='lat' dir='ltr'><strong>secundus,</strong></span> <span class='ocrx_word' id='word_1_489' title='bbox 956 3284 1218 3355; x_wconf 79' lang='lat' dir='ltr'><strong>utriusque</strong></span> <span class='ocrx_word' id='word_1_490' title='bbox 1247 3279 1584 3355; x_wconf 66' lang='lat' dir='ltr'><strong>conjunge&#39;ns,</strong></span> <span class='ocrx_word' id='word_1_491' title='bbox 1616 3294 1669 3355; x_wconf 85' lang='lat' dir='ltr'><strong>et</strong></span> <span class='ocrx_word' id='word_1_492' title='bbox 1699 3279 1927 3341; x_wconf 54' lang='lat' dir='ltr'><strong>ita&#39;scri-</strong></span> <span class='ocrx_word' id='word_1_493' title='bbox 2030 3279 2151 3341; x_wconf 82' lang='lat' dir='ltr'><strong>esse</strong></span> <span class='ocrx_word' id='word_1_494' title='bbox 2178 3287 2437 3355; x_wconf 90' lang='lat' dir='ltr'><strong>suspicor.</strong></span> <span class='ocrx_word' id='word_1_495' title='bbox 2469 3285 2594 3339; x_wconf 87' lang='lat' dir='ltr'><strong>Mihi</strong></span> <span class='ocrx_word' id='word_1_496' title='bbox 2623 3279 2782 3354; x_wconf 78' lang='lat' dir='ltr'><strong>igitur</strong></span> <span class='ocrx_word' id='word_1_497' title='bbox 2807 3284 3095 3338; x_wconf 88' lang='lat' dir='ltr'><strong>verisimile</strong></span> <span class='ocrx_word' id='word_1_498' title='bbox 3122 3282 3180 3336; x_wconf 83' lang='lat' dir='ltr'><strong>ﬁt</strong></span> <span class='ocrx_word' id='word_1_499' title='bbox 3216 3279 3403 3355; x_wconf 77' lang='lat' dir='ltr'><strong>vocem</strong></span> <span class='ocrx_word' id='word_1_500' title='bbox 3443 3287 3603 3355; x_wconf 68' lang='lat' dir='ltr'><strong>septi:-</strong></span> 
     </span>
    </p>
   </div>
   <div class='ocr_carea' id='block_1_40' title="bbox 357 3350 3603 3435">
    <p class='ocr_par' dir='ltr' id='par_1_40' title="bbox 357 3350 3603 3435">
     <span class='ocr_line' id='line_1_40' title="bbox 357 3350 3603 3435; baseline 0.001 -29"><span class='ocrx_word' id='word_1_501' title='bbox 357 3350 590 3435; x_wconf 76' lang='lat' dir='ltr'><strong>bendum</strong></span> <span class='ocrx_word' id='word_1_502' title='bbox 629 3350 982 3435; x_wconf 62' lang='lat' dir='ltr'><strong>judicavinius</strong></span> <span class='ocrx_word' id='word_1_503' title='bbox 1025 3352 1116 3435; x_wconf 68' lang='lat' dir='ltr'><strong>ob</strong></span> <span class='ocrx_word' id='word_1_504' title='bbox 1137 3350 1271 3435; x_wconf 75' lang='lat' dir='ltr'><strong>illud</strong></span> <span class='ocrx_word' id='word_1_505' title='bbox 1303 3350 1590 3435; x_wconf 62' lang='grc' dir='ltr'><strong>σὺνάτῐτφγ.</strong></span> <span class='ocrx_word' id='word_1_506' title='bbox 1621 3354 1745 3435; x_wconf 81' lang='lat' dir='ltr'><strong>Mox</strong></span> <span class='ocrx_word' id='word_1_507' title='bbox 1774 3356 1920 3421; x_wconf 90' lang='lat' dir='ltr'><strong>editi,</strong></span> <span class='ocrx_word' id='word_1_508' title='bbox 2031 3373 2169 3435; x_wconf 73' lang='lat' dir='ltr'><strong>mum</strong></span> <span class='ocrx_word' id='word_1_509' title='bbox 2190 3350 2311 3435; x_wconf 74' lang='lat' dir='ltr'><strong>loco</strong></span> <span class='ocrx_word' id='word_1_510' title='bbox 2338 3363 2537 3435; x_wconf 78' lang='lat' dir='ltr'><strong>motam</strong></span> <span class='ocrx_word' id='word_1_511' title='bbox 2568 3350 2745 3435; x_wconf 60' lang='lat' dir='ltr'><strong>fuisse,</strong></span> <span class='ocrx_word' id='word_1_512' title='bbox 2770 3368 3007 3435; x_wconf 78' lang='lat' dir='ltr'><strong>eamque</strong></span> <span class='ocrx_word' id='word_1_513' title='bbox 3024 3355 3210 3435; x_wconf 86' lang='lat' dir='ltr'><strong>reponi</strong></span> <span class='ocrx_word' id='word_1_514' title='bbox 3231 3350 3603 3435; x_wconf 79' lang='lat' dir='ltr'><strong>deberepaulo</strong></span> 
     </span>
    </p>
   </div>
   <div class='ocr_carea' id='block_1_41' title="bbox 358 3420 3603 3493">
    <p class='ocr_par' dir='ltr' id='par_1_41' title="bbox 358 3420 3603 3493">
     <span class='ocr_line' id='line_1_41' title="bbox 358 3420 3603 3493; baseline 0 -18"><span class='ocrx_word' id='word_1_515' title='bbox 358 3421 825 3493; x_wconf 28' lang='lat' dir='ltr'><strong>viden_tur‘eﬂicere.</strong></span> <span class='ocrx_word' id='word_1_516' title='bbox 858 3420 925 3493; x_wconf 55' lang='lat' dir='ltr'><strong>At.</strong></span> <span class='ocrx_word' id='word_1_517' title='bbox 954 3422 1120 3493; x_wconf 83' lang='lat' dir='ltr'><strong>nostri</strong></span> <span class='ocrx_word' id='word_1_518' title='bbox 1145 3429 1259 3493; x_wconf 71' lang='lat' dir='ltr'><strong>tres</strong></span> <span class='ocrx_word' id='word_1_519' title='bbox 1285 3437 1436 3488; x_wconf 74' lang='lat' dir='ltr'><strong>mss,</strong></span> <span class='ocrx_word' id='word_1_520' title='bbox 1467 3424 1780 3479; x_wconf 79' lang='lat' dir='ltr'><strong>viderentur.</strong></span> <span class='ocrx_word' id='word_1_521' title='bbox 1907 3420 1912 3421; x_wconf 13' lang='grc' dir='ltr'><em>γ</em></span> <span class='ocrx_word' id='word_1_522' title='bbox 2031 3426 2207 3488; x_wconf 89' lang='lat' dir='ltr'><strong>altius,</strong></span> <span class='ocrx_word' id='word_1_523' title='bbox 2233 3426 2335 3479; x_wconf 87' lang='lat' dir='ltr'><strong>hoc</strong></span> <span class='ocrx_word' id='word_1_524' title='bbox 2358 3424 2517 3478; x_wconf 90' lang='lat' dir='ltr'><strong>modo</strong></span> <span class='ocrx_word' id='word_1_525' title='bbox 2542 3443 2555 3477; x_wconf 91' lang='lat'><strong>:</strong></span> <span class='ocrx_word' id='word_1_526' title='bbox 2586 3422 2783 3493; x_wconf 84' lang='lat' dir='ltr'><strong>Quippe</strong></span> <span class='ocrx_word' id='word_1_527' title='bbox 2810 3423 2897 3493; x_wconf 80' lang='lat' dir='ltr'><strong>qui</strong></span> <span class='ocrx_word' id='word_1_528' title='bbox 2921 3420 3306 3493; x_wconf 33' lang='lat' dir='ltr'><strong>extra’tempus</strong></span> <span class='ocrx_word' id='word_1_529' title='bbox 3333 3420 3603 3493; x_wconf 63' lang='lat' dir='ltr'><strong>septimum</strong></span> 
     </span>
    </p>
   </div>
   <div class='ocr_carea' id='block_1_42' title="bbox 434 3488 3604 3571">
    <p class='ocr_par' dir='ltr' id='par_1_42' title="bbox 434 3488 3604 3571">
     <span class='ocr_line' id='line_1_42' title="bbox 434 3488 3604 3571; baseline 0.002 -30"><span class='ocrx_word' id='word_1_530' title='bbox 434 3502 456 3525; x_wconf 88' lang='grc' dir='ltr'>υ</span> <span class='ocrx_word' id='word_1_531' title='bbox 486 3488 701 3571; x_wconf 52' lang='lat' dir='ltr'><strong>antiqui</strong></span> <span class='ocrx_word' id='word_1_532' title='bbox 729 3488 834 3571; x_wconf 69' lang='lat' dir='ltr'><strong>duo</strong></span> <span class='ocrx_word' id='word_1_533' title='bbox 866 3491 1071 3571; x_wconf 42' lang='lat' dir='ltr'><strong>libri-et</strong></span> <span class='ocrx_word' id='word_1_534' title='bbox 1095 3491 1252 3571; x_wconf 75' lang='lat' dir='ltr'><strong>editi,</strong></span> <span class='ocrx_word' id='word_1_535' title='bbox 1287 3509 1558 3571; x_wconf 59' lang='lat' dir='ltr'><strong>rursusque</strong></span> <span class='ocrx_word' id='word_1_536' title='bbox 1587 3496 1924 3571; x_wconf 68' lang='lat' dir='ltr'><strong>septimanam</strong></span> <span class='ocrx_word' id='word_1_537' title='bbox 2030 3494 2280 3571; x_wconf 62' lang='lat' dir='ltr'><strong>(iubetur:</strong></span> <span class='ocrx_word' id='word_1_538' title='bbox 2310 3488 2740 3571; x_wconf 60' lang='lat' dir='ltr'><strong>cuiconjecturte</strong></span> <span class='ocrx_word' id='word_1_539' title='bbox 2773 3488 2892 3571; x_wconf 57' lang='lat' dir='ltr'><strong>non</strong></span> <span class='ocrx_word' id='word_1_540' title='bbox 2907 3507 3095 3562; x_wconf 89' lang='lat' dir='ltr'><strong>parum</strong></span> <span class='ocrx_word' id='word_1_541' title='bbox 3114 3488 3312 3571; x_wconf 59' lang='lat' dir='ltr'><strong>favent</strong></span> <span class='ocrx_word' id='word_1_542' title='bbox 3339 3488 3604 3571; x_wconf 76' lang='lat' dir='ltr'><strong>Basiliam</strong></span> 
     </span>
    </p>
   </div>
   <div class='ocr_carea' id='block_1_43' title="bbox 359 3559 1869 3636">
    <p class='ocr_par' dir='ltr' id='par_1_43' title="bbox 359 3559 1869 3636">
     <span class='ocr_line' id='line_1_43' title="bbox 359 3559 1869 3636; baseline 0.007 -29"><span class='ocrx_word' id='word_1_543' title='bbox 359 3559 594 3636; x_wconf 60' lang='lat' dir='ltr'><strong>supplere</strong></span> <span class='ocrx_word' id='word_1_544' title='bbox 614 3559 771 3636; x_wconf 68' lang='lat' dir='ltr'><strong>jussit</strong></span> <span class='ocrx_word' id='word_1_545' title='bbox 796 3561 946 3636; x_wconf 70' lang='lat' dir='ltr'><strong>unius</strong></span> <span class='ocrx_word' id='word_1_546' title='bbox 970 3560 1071 3636; x_wconf 74' lang='lat' dir='ltr'><strong>diei</strong></span> <span class='ocrx_word' id='word_1_547' title='bbox 1089 3562 1273 3621; x_wconf 80' lang='lat' dir='ltr'><strong>spatia.</strong></span> <span class='ocrx_word' id='word_1_548' title='bbox 1302 3560 1370 3614; x_wconf 83' lang='lat' dir='ltr'><strong>At</strong></span> <span class='ocrx_word' id='word_1_549' title='bbox 1395 3559 1546 3636; x_wconf 72' lang='lat' dir='ltr'><strong>Colb.</strong></span> <span class='ocrx_word' id='word_1_550' title='bbox 1580 3559 1842 3636; x_wconf 82' lang='lat' dir='ltr'><strong>secundus</strong></span> <span class='ocrx_word' id='word_1_551' title='bbox 1867 3582 1869 3587; x_wconf 59' lang='grc' dir='ltr'><strong><em>τ</em></strong></span> 
     </span>
    </p>
   </div>
   <div class='ocr_carea' id='block_1_44' title="bbox 2087 3559 3597 3636">
    <p class='ocr_par' dir='ltr' id='par_1_44' title="bbox 2090 3559 3597 3636">
     <span class='ocr_line' id='line_1_44' title="bbox 2090 3559 3597 3636; baseline -0.001 -19"><span class='ocrx_word' id='word_1_552' title='bbox 2090 3579 2138 3627; x_wconf 86' lang='lat' dir='ltr'><strong>a,</strong></span> <span class='ocrx_word' id='word_1_553' title='bbox 2171 3564 2254 3636; x_wconf 76' lang='grc' dir='ltr'><strong>διὰ</strong></span> <span class='ocrx_word' id='word_1_554' title='bbox 2278 3566 2335 3619; x_wconf 85' lang='grc' dir='ltr'><strong>τὸ</strong></span> <span class='ocrx_word' id='word_1_555' title='bbox 2357 3562 2451 3627; x_wconf 75' lang='grc' dir='ltr'><strong>ἔξω</strong></span> <span class='ocrx_word' id='word_1_556' title='bbox 2473 3559 2778 3636; x_wconf 30' lang='grc' dir='ltr'><strong>κεῖᾳίθῖξι-τοῦ</strong></span> <span class='ocrx_word' id='word_1_557' title='bbox 2807 3559 3137 3632; x_wconf 75' lang='grc' dir='ltr'><strong>ἑϐδόματικοῦ</strong></span> <span class='ocrx_word' id='word_1_558' title='bbox 3167 3565 3351 3636; x_wconf 57' lang='grc' dir='ltr'>τωξτου</span> <span class='ocrx_word' id='word_1_559' title='bbox 3382 3562 3597 3636; x_wconf 32' lang='grc' dir='ltr'><strong>χρΙᾴγου.</strong></span> 
     </span>
    </p>
   </div>
   <div class='ocr_carea' id='block_1_45' title="bbox 359 3626 3605 3701">
    <p class='ocr_par' dir='ltr' id='par_1_45' title="bbox 359 3626 3605 3701">
     <span class='ocr_line' id='line_1_45' title="bbox 359 3626 3605 3701; baseline -0 -17"><span class='ocrx_word' id='word_1_560' title='bbox 359 3626 709 3701; x_wconf 54' lang='grc' dir='ltr'><strong>ἰηέορῳξιυ.</strong></span> <span class='ocrx_word' id='word_1_561' title='bbox 731 3627 934 3701; x_wconf 62' lang='lat' dir='ltr'><strong>ibidem</strong></span> <span class='ocrx_word' id='word_1_562' title='bbox 962 3630 1130 3701; x_wconf 81' lang='lat' dir='ltr'><strong>codex</strong></span> <span class='ocrx_word' id='word_1_563' title='bbox 1160 3639 1360 3695; x_wconf 88' lang='lat' dir='ltr'><strong>noster,</strong></span> <span class='ocrx_word' id='word_1_564' title='bbox 1382 3633 1476 3701; x_wconf 77' lang='lat' dir='ltr'><strong>qui</strong></span> <span class='ocrx_word' id='word_1_565' title='bbox 1505 3634 1707 3701; x_wconf 75' lang='lat' dir='ltr'><strong>septies.</strong></span> <span class='ocrx_word' id='word_1_566' title='bbox 2036 3632 2167 3687; x_wconf 90' lang='lat' dir='ltr'><strong>Utut</strong></span> <span class='ocrx_word' id='word_1_567' title='bbox 2196 3635 2307 3687; x_wconf 74' lang='lat' dir='ltr'><strong>hmc</strong></span> <span class='ocrx_word' id='word_1_568' title='bbox 2334 3626 2483 3697; x_wconf 78' lang='lat' dir='ltr'><strong>sunt,</strong></span> <span class='ocrx_word' id='word_1_569' title='bbox 2517 3633 2645 3687; x_wconf 87' lang='lat' dir='ltr'><strong>nihil</strong></span> <span class='ocrx_word' id='word_1_570' title='bbox 2674 3631 2725 3686; x_wconf 90' lang='lat' dir='ltr'><strong>in</strong></span> <span class='ocrx_word' id='word_1_571' title='bbox 2764 3626 3023 3701; x_wconf 79' lang='lat' dir='ltr'><strong>contextu</strong></span> <span class='ocrx_word' id='word_1_572' title='bbox 3064 3626 3605 3701; x_wconf 61' lang='lat' dir='ltr'><strong>mutaviinus&#39;,&quot;lidem</strong></span> 
     </span>
    </p>
   </div>
   <div class='ocr_carea' id='block_1_46' title="bbox 434 3695 3603 3770">
    <p class='ocr_par' dir='ltr' id='par_1_46' title="bbox 434 3695 3603 3770">
     <span class='ocr_line' id='line_1_46' title="bbox 434 3695 3603 3770; baseline 0.001 -20"><span class='ocrx_word' id='word_1_573' title='bbox 434 3707 457 3735; x_wconf 73' lang='grc' dir='ltr'>α</span> <span class='ocrx_word' id='word_1_574' title='bbox 487 3695 871 3770; x_wconf 13' lang='grc' dir='ltr'><strong>Εόὶῑζθςᾷϐοιι).</strong></span> <span class='ocrx_word' id='word_1_575' title='bbox 892 3698 1112 3770; x_wconf 84' lang='lat' dir='ltr'><strong>primus,</strong></span> <span class='ocrx_word' id='word_1_576' title='bbox 1136 3702 1238 3753; x_wconf 82' lang='lat' dir='ltr'><strong>sive</strong></span> <span class='ocrx_word' id='word_1_577' title='bbox 1256 3695 1516 3765; x_wconf 64' lang='lat' dir='ltr'><strong>socculum,</strong></span> <span class='ocrx_word' id='word_1_578' title='bbox 1538 3695 1643 3755; x_wconf 79' lang='lat' dir='ltr'><strong>sive</strong></span> <span class='ocrx_word' id='word_1_579' title='bbox 1660 3703 1930 3770; x_wconf 83' lang='lat' dir='ltr'><strong>septimum</strong></span> <span class='ocrx_word' id='word_1_580' title='bbox 2038 3703 2295 3756; x_wconf 88' lang='lat' dir='ltr'><strong>librorum</strong></span> <span class='ocrx_word' id='word_1_581' title='bbox 2341 3695 2682 3770; x_wconf 86' lang='lat' dir='ltr'><strong>antiquorum</strong></span> <span class='ocrx_word' id='word_1_582' title='bbox 2728 3702 2915 3756; x_wconf 84' lang='lat' dir='ltr'><strong>secuti.</strong></span> <span class='ocrx_word' id='word_1_583' title='bbox 2968 3700 3252 3769; x_wconf 79' lang='lat' dir='ltr'><strong>Aliquanto</strong></span> <span class='ocrx_word' id='word_1_584' title='bbox 3298 3707 3422 3770; x_wconf 86' lang='lat' dir='ltr'><strong>post</strong></span> <span class='ocrx_word' id='word_1_585' title='bbox 3445 3697 3603 3754; x_wconf 80' lang='lat' dir='ltr'><strong>Coll).</strong></span> 
     </span>
    </p>
   </div>
   <div class='ocr_carea' id='block_1_47' title="bbox 296 3766 2862 3840">
    <p class='ocr_par' dir='ltr' id='par_1_47' title="bbox 296 3766 2862 3840">
     <span class='ocr_line' id='line_1_47' title="bbox 296 3766 2862 3840; baseline 0.002 -21"><span class='ocrx_word' id='word_1_586' title='bbox 296 3771 305 3782; x_wconf 81' lang='lat'><strong><em>&#39;</em></strong></span> <span class='ocrx_word' id='word_1_587' title='bbox 359 3766 574 3840; x_wconf 52' lang='lat' dir='ltr'><strong>dixeris.</strong></span> <span class='ocrx_word' id='word_1_588' title='bbox 605 3766 755 3840; x_wconf 82' lang='lat' dir='ltr'><strong>Golb.</strong></span> <span class='ocrx_word' id='word_1_589' title='bbox 787 3766 940 3840; x_wconf 80' lang='lat' dir='ltr'><strong>alter,</strong></span> <span class='ocrx_word' id='word_1_590' title='bbox 971 3769 1074 3840; x_wconf 76' lang='lat' dir='ltr'><strong>sive</strong></span> <span class='ocrx_word' id='word_1_591' title='bbox 1111 3770 1389 3823; x_wconf 83' lang='lat' dir='ltr'><strong>secundum</strong></span> <span class='ocrx_word' id='word_1_592' title='bbox 1416 3773 1683 3840; x_wconf 82' lang='lat' dir='ltr'><strong>septimum</strong></span> <span class='ocrx_word' id='word_1_593' title='bbox 1713 3766 1923 3825; x_wconf 73' lang='lat' dir='ltr'><strong>dixeris.</strong></span> <span class='ocrx_word' id='word_1_594' title='bbox 2034 3773 2317 3836; x_wconf 81' lang='lat' dir='ltr'><strong>secundus,</strong></span> <span class='ocrx_word' id='word_1_595' title='bbox 2341 3780 2395 3823; x_wconf 88' lang='lat' dir='ltr'><strong>ut</strong></span> <span class='ocrx_word' id='word_1_596' title='bbox 2421 3766 2501 3826; x_wconf 80' lang='lat' dir='ltr'><strong>sol</strong></span> <span class='ocrx_word' id='word_1_597' title='bbox 2527 3774 2584 3826; x_wconf 81' lang='lat' dir='ltr'><strong>in</strong></span> <span class='ocrx_word' id='word_1_598' title='bbox 2606 3772 2862 3826; x_wconf 81' lang='lat' dir='ltr'><strong>claritate.</strong></span> 
     </span>
    </p>
   </div>
   <div class='ocr_carea' id='block_1_48' title="bbox 362 3834 1927 3907">
    <p class='ocr_par' dir='ltr' id='par_1_48' title="bbox 362 3834 1927 3907">
     <span class='ocr_line' id='line_1_48' title="bbox 362 3834 1927 3907; baseline 0.003 -18"><span class='ocrx_word' id='word_1_599' title='bbox 362 3834 527 3890; x_wconf 77' lang='lat' dir='ltr'><strong>Vetus</strong></span> <span class='ocrx_word' id='word_1_600' title='bbox 570 3837 739 3891; x_wconf 83' lang='lat' dir='ltr'><strong>codex</strong></span> <span class='ocrx_word' id='word_1_601' title='bbox 783 3839 874 3906; x_wconf 92' lang='lat' dir='ltr'><strong>qui</strong></span> <span class='ocrx_word' id='word_1_602' title='bbox 920 3838 1059 3907; x_wconf 89' lang='lat' dir='ltr'><strong>apud</strong></span> <span class='ocrx_word' id='word_1_603' title='bbox 1104 3854 1202 3893; x_wconf 87' lang='lat' dir='ltr'><strong>nos</strong></span> <span class='ocrx_word' id='word_1_604' title='bbox 1248 3834 1507 3906; x_wconf 78' lang='lat' dir='ltr'><strong>servatur,</strong></span> <span class='ocrx_word' id='word_1_605' title='bbox 1539 3841 1642 3893; x_wconf 87' lang='lat' dir='ltr'><strong>sive</strong></span> <span class='ocrx_word' id='word_1_606' title='bbox 1685 3844 1927 3895; x_wconf 64' lang='lat' dir='ltr'><strong>saxulum</strong></span> 
     </span>
    </p>
   </div>
   <div class='ocr_carea' id='block_1_49' title="bbox 3562 3950 3595 3968">
    <p class='ocr_par' dir='ltr' id='par_1_49' title="bbox 3562 3950 3595 3968">
     <span class='ocr_line' id='line_1_49' title="bbox 3562 3950 3595 3968; baseline 0 -3"><span class='ocrx_word' id='word_1_607' title='bbox 3562 3950 3595 3968; x_wconf 54' lang='grc' dir='ltr'><strong><em>η</em></strong></span> 
     </span>
    </p>
   </div>
   <div class='ocr_carea' id='block_1_50' title="bbox 1340 4052 2609 4170">
    <p class='ocr_par' dir='ltr' id='par_1_50' title="bbox 1340 4052 2609 4170">
     <span class='ocr_line' id='line_1_50' title="bbox 1340 4052 2609 4170; baseline 0.009 -12"><span class='ocrx_word' id='word_1_608' title='bbox 1340 4052 1811 4159; x_wconf 87' lang='lat' dir='ltr'><strong><em>LIBER</em></strong></span> <span class='ocrx_word' id='word_1_609' title='bbox 1897 4056 2609 4170; x_wconf 88' lang='lat' dir='ltr'><strong>TERTIUS.</strong></span> 
     </span>
    </p>
   </div>
   <div class='ocr_carea' id='block_1_51' title="bbox 432 4206 3603 4290">
    <p class='ocr_par' dir='ltr' id='par_1_51' title="bbox 432 4206 3603 4290">
     <span class='ocr_line' id='line_1_51' title="bbox 432 4206 3603 4290; baseline 0.004 -30"><span class='ocrx_word' id='word_1_610' title='bbox 432 4206 485 4261; x_wconf 76' lang='lat' dir='ltr'><strong>i.</strong></span> <span class='ocrx_word' id='word_1_611' title='bbox 517 4206 706 4262; x_wconf 76' lang='lat' dir='ltr'><strong>Primze</strong></span> <span class='ocrx_word' id='word_1_612' title='bbox 728 4208 834 4263; x_wconf 90' lang='lat' dir='ltr'><strong>diei</strong></span> <span class='ocrx_word' id='word_1_613' title='bbox 863 4224 1046 4278; x_wconf 89' lang='lat' dir='ltr'><strong>opera,</strong></span> <span class='ocrx_word' id='word_1_614' title='bbox 1069 4209 1152 4263; x_wconf 87' lang='lat' dir='ltr'><strong>vel</strong></span> <span class='ocrx_word' id='word_1_615' title='bbox 1180 4211 1358 4280; x_wconf 89' lang='lat' dir='ltr'><strong>potius</strong></span> <span class='ocrx_word' id='word_1_616' title='bbox 1388 4213 1563 4277; x_wconf 88' lang='lat' dir='ltr'><strong>unius,</strong></span> <span class='ocrx_word' id='word_1_617' title='bbox 1589 4228 1763 4281; x_wconf 91' lang='lat' dir='ltr'><strong>neque</strong></span> <span class='ocrx_word' id='word_1_618' title='bbox 1791 4213 1934 4268; x_wconf 90' lang='lat' dir='ltr'><strong>enim</strong></span> <span class='ocrx_word' id='word_1_619' title='bbox 2035 4219 2350 4273; x_wconf 85' lang='lat' dir='ltr'><strong>suavitatem</strong></span> <span class='ocrx_word' id='word_1_620' title='bbox 2380 4220 2785 4286; x_wconf 86' lang='lat' dir='ltr'><strong>demonstrans,</strong></span> <span class='ocrx_word' id='word_1_621' title='bbox 2827 4222 2902 4275; x_wconf 89' lang='lat' dir='ltr'><strong>ita</strong></span> <span class='ocrx_word' id='word_1_622' title='bbox 2941 4222 3071 4277; x_wconf 90' lang='lat' dir='ltr'><strong>dicit</strong></span> <span class='ocrx_word' id='word_1_623' title='bbox 3098 4240 3110 4274; x_wconf 90' lang='lat'><strong>:</strong></span> <span class='ocrx_word' id='word_1_624' title='bbox 3142 4220 3331 4275; x_wconf 83' lang='lat' dir='ltr'><strong>Dulcia</strong></span> <span class='ocrx_word' id='word_1_625' title='bbox 3371 4222 3603 4290; x_wconf 72' lang='lat' dir='ltr'><strong>{auem</strong></span> 
     </span>
    </p>
   </div>
   <div class='ocr_carea' id='block_1_52' title="bbox 361 4300 3599 4383">
    <p class='ocr_par' dir='ltr' id='par_1_52' title="bbox 361 4300 3599 4383">
     <span class='ocr_line' id='line_1_52' title="bbox 361 4300 3599 4383; baseline 0.004 -30"><span class='ocrx_word' id='word_1_626' title='bbox 361 4300 440 4354; x_wconf 86' lang='lat' dir='ltr'><strong>tas</strong></span> <span class='ocrx_word' id='word_1_627' title='bbox 466 4309 550 4354; x_wconf 90' lang='lat' dir='ltr'><strong>est</strong></span> <span class='ocrx_word' id='word_1_628' title='bbox 569 4300 618 4353; x_wconf 92' lang='lat' dir='ltr'><strong>ei</strong></span> <span class='ocrx_word' id='word_1_629' title='bbox 642 4315 740 4355; x_wconf 83' lang='lat' dir='ltr'><strong>nos</strong></span> <span class='ocrx_word' id='word_1_630' title='bbox 759 4301 1038 4356; x_wconf 90' lang='lat' dir='ltr'><strong>detrahere</strong></span> <span class='ocrx_word' id='word_1_631' title='bbox 1059 4302 1369 4371; x_wconf 88' lang='lat' dir='ltr'><strong>dignitatem</strong></span> <span class='ocrx_word' id='word_1_632' title='bbox 1397 4320 1556 4374; x_wconf 91' lang='lat' dir='ltr'><strong>quam</strong></span> <span class='ocrx_word' id='word_1_633' title='bbox 1587 4321 1616 4359; x_wconf 89' lang='lat' dir='ltr'><strong>a</strong></span> <span class='ocrx_word' id='word_1_634' title='bbox 1644 4306 1935 4362; x_wconf 89' lang='lat' dir='ltr'><strong>Conditore</strong></span> <span class='ocrx_word' id='word_1_635' title='bbox 2034 4313 2161 4363; x_wconf 83' lang='lat' dir='ltr'><strong>meis</strong></span> <span class='ocrx_word' id='word_1_636' title='bbox 2182 4311 2330 4365; x_wconf 75' lang='lat' dir='ltr'><strong>verba</strong></span> <span class='ocrx_word' id='word_1_637' title='bbox 2356 4322 2442 4365; x_wconf 86' lang='lat' dir='ltr'><strong>tua</strong></span> <span class='ocrx_word' id='word_1_638' title='bbox 2458 4353 2472 4376; x_wconf 94' lang='lat'><strong>,</strong></span> <span class='ocrx_word' id='word_1_639' title='bbox 2503 4329 2655 4382; x_wconf 85' lang='lat' dir='ltr'><strong>super</strong></span> <span class='ocrx_word' id='word_1_640' title='bbox 2676 4315 2777 4367; x_wconf 87' lang='lat' dir='ltr'><strong>mel</strong></span> <span class='ocrx_word' id='word_1_641' title='bbox 2796 4313 2878 4368; x_wconf 89' lang='lat' dir='ltr'><strong>ori</strong></span> <span class='ocrx_word' id='word_1_642' title='bbox 2896 4330 3006 4367; x_wconf 88' lang='lat' dir='ltr'><strong>meo</strong></span> <span class='ocrx_word' id='word_1_643' title='bbox 3037 4312 3215 4383; x_wconf 82' lang='lat' dir='ltr'><strong>(Psal.</strong></span> <span class='ocrx_word' id='word_1_644' title='bbox 3239 4328 3429 4377; x_wconf 82' lang='lat' dir='ltr'><strong>cxvm,</strong></span> <span class='ocrx_word' id='word_1_645' title='bbox 3461 4312 3599 4382; x_wconf 79' lang='grc'><strong>105).</strong></span> 
     </span>
    </p>
   </div>
   <div class='ocr_carea' id='block_1_53' title="bbox 360 4391 3600 4472">
    <p class='ocr_par' dir='ltr' id='par_1_53' title="bbox 360 4391 3600 4472">
     <span class='ocr_line' id='line_1_53' title="bbox 360 4391 3600 4472; baseline 0.004 -30"><span class='ocrx_word' id='word_1_646' title='bbox 360 4391 677 4460; x_wconf 90' lang='lat' dir='ltr'><strong>promeruit,</strong></span> <span class='ocrx_word' id='word_1_647' title='bbox 707 4406 828 4445; x_wconf 91' lang='lat' dir='ltr'><strong>cum</strong></span> <span class='ocrx_word' id='word_1_648' title='bbox 853 4405 950 4460; x_wconf 91' lang='lat' dir='ltr'><strong>per</strong></span> <span class='ocrx_word' id='word_1_649' title='bbox 970 4407 1028 4446; x_wconf 90' lang='lat' dir='ltr'><strong>se</strong></span> <span class='ocrx_word' id='word_1_650' title='bbox 1054 4393 1392 4461; x_wconf 89' lang='lat' dir='ltr'><strong>singulariter</strong></span> <span class='ocrx_word' id='word_1_651' title='bbox 1413 4395 1681 4459; x_wconf 89' lang='lat' dir='ltr'><strong>ederetur,</strong></span> <span class='ocrx_word' id='word_1_652' title='bbox 1710 4396 1934 4451; x_wconf 89' lang='lat' dir='ltr'><strong>nullate-</strong></span> <span class='ocrx_word' id='word_1_653' title='bbox 2038 4400 2165 4455; x_wconf 85' lang='lat' dir='ltr'><strong>Heri</strong></span> <span class='ocrx_word' id='word_1_654' title='bbox 2193 4402 2394 4468; x_wconf 88' lang='lat' dir='ltr'><strong>itaque,</strong></span> <span class='ocrx_word' id='word_1_655' title='bbox 2428 4411 2689 4470; x_wconf 89' lang='lat' dir='ltr'><strong>quantum</strong></span> <span class='ocrx_word' id='word_1_656' title='bbox 2730 4403 2983 4472; x_wconf 85' lang='lat' dir='ltr'><strong>possibile</strong></span> <span class='ocrx_word' id='word_1_657' title='bbox 3009 4402 3126 4466; x_wconf 82' lang='lat' dir='ltr'><strong>fuit,</strong></span> <span class='ocrx_word' id='word_1_658' title='bbox 3162 4416 3288 4470; x_wconf 87' lang='lat' dir='ltr'><strong>erga</strong></span> <span class='ocrx_word' id='word_1_659' title='bbox 3308 4402 3473 4456; x_wconf 82' lang='lat' dir='ltr'><strong>verba</strong></span> <span class='ocrx_word' id='word_1_660' title='bbox 3498 4401 3600 4456; x_wconf 81' lang='lat' dir='ltr'><strong>Do-</strong></span> 
     </span>
    </p>
   </div>
   <div class='ocr_carea' id='block_1_54' title="bbox 362 4480 1872 4559">
    <p class='ocr_par' dir='ltr' id='par_1_54' title="bbox 362 4480 1872 4548">
     <span class='ocr_line' id='line_1_54' title="bbox 362 4480 1872 4548; baseline 0.003 -14"><span class='ocrx_word' id='word_1_661' title='bbox 362 4496 464 4534; x_wconf 86' lang='lat' dir='ltr'><strong>nus</strong></span> <span class='ocrx_word' id='word_1_662' title='bbox 508 4480 731 4534; x_wconf 89' lang='lat' dir='ltr'><strong>aliarum</strong></span> <span class='ocrx_word' id='word_1_663' title='bbox 771 4490 1154 4536; x_wconf 88' lang='lat' dir='ltr'><strong>connumerata</strong></span> <span class='ocrx_word' id='word_1_664' title='bbox 1198 4483 1503 4548; x_wconf 87' lang='lat' dir='ltr'><strong>curriculis,</strong></span> <span class='ocrx_word' id='word_1_665' title='bbox 1533 4494 1557 4520; x_wconf 74' lang='grc' dir='ltr'><strong>ει</strong></span> <span class='ocrx_word' id='word_1_666' title='bbox 1586 4500 1707 4538; x_wconf 89' lang='lat' dir='ltr'><strong>cum</strong></span> <span class='ocrx_word' id='word_1_667' title='bbox 1754 4500 1872 4539; x_wconf 89' lang='lat' dir='ltr'><strong>omn</strong></span> 
     </span>
    </p>
   </div>
   <div class='ocr_carea' id='block_1_55' title="bbox 2091 4480 3601 4559">
    <p class='ocr_par' dir='ltr' id='par_1_55' title="bbox 2095 4491 3601 4559">
     <span class='ocr_line' id='line_1_55' title="bbox 2095 4491 3601 4559; baseline 0.001 -16"><span class='ocrx_word' id='word_1_668' title='bbox 2095 4492 2167 4545; x_wconf 88' lang='lat' dir='ltr'><strong>ini</strong></span> <span class='ocrx_word' id='word_1_669' title='bbox 2195 4499 2588 4546; x_wconf 89' lang='lat' dir='ltr'><strong>commorantes</strong></span> <span class='ocrx_word' id='word_1_670' title='bbox 2614 4500 2824 4546; x_wconf 89' lang='lat' dir='ltr'><strong>vestros</strong></span> <span class='ocrx_word' id='word_1_671' title='bbox 2850 4507 3036 4547; x_wconf 88' lang='lat' dir='ltr'><strong>sensus</strong></span> <span class='ocrx_word' id='word_1_672' title='bbox 3057 4492 3414 4546; x_wconf 86' lang='lat' dir='ltr'><strong>delectatione</strong></span> <span class='ocrx_word' id='word_1_673' title='bbox 3436 4491 3601 4559; x_wconf 84' lang='lat' dir='ltr'><strong>reple-</strong></span> 
     </span>
    </p>
   </div>
   <div class='ocr_carea' id='block_1_56' title="bbox 363 4573 3596 4659">
    <p class='ocr_par' dir='ltr' id='par_1_56' title="bbox 363 4573 3596 4659">
     <span class='ocr_line' id='line_1_56' title="bbox 363 4573 3596 4659; baseline 0.002 -32"><span class='ocrx_word' id='word_1_674' title='bbox 363 4588 482 4643; x_wconf 73' lang='lat' dir='ltr'><strong>qum</strong></span> <span class='ocrx_word' id='word_1_675' title='bbox 510 4575 563 4627; x_wconf 91' lang='lat' dir='ltr'><strong>in</strong></span> <span class='ocrx_word' id='word_1_676' title='bbox 590 4588 652 4628; x_wconf 90' lang='lat' dir='ltr'><strong>ea</strong></span> <span class='ocrx_word' id='word_1_677' title='bbox 680 4573 817 4627; x_wconf 79' lang='lat' dir='ltr'><strong>facta</strong></span> <span class='ocrx_word' id='word_1_678' title='bbox 850 4581 992 4637; x_wconf 90' lang='lat' dir='ltr'><strong>sunt,</strong></span> <span class='ocrx_word' id='word_1_679' title='bbox 1014 4574 1128 4628; x_wconf 89' lang='lat' dir='ltr'><strong>heri</strong></span> <span class='ocrx_word' id='word_1_680' title='bbox 1159 4582 1342 4629; x_wconf 92' lang='lat' dir='ltr'><strong>noster</strong></span> <span class='ocrx_word' id='word_1_681' title='bbox 1364 4589 1541 4630; x_wconf 90' lang='lat' dir='ltr'><strong>sermo</strong></span> <span class='ocrx_word' id='word_1_682' title='bbox 1568 4575 1836 4659; x_wconf 79' lang='lat' dir='ltr'><strong>disseruit.</strong></span> <span class='ocrx_word' id='word_1_683' title='bbox 1870 4573 1937 4630; x_wconf 90' lang='lat' dir='ltr'><strong>Et</strong></span> <span class='ocrx_word' id='word_1_684' title='bbox 1967 4625 2013 4659; x_wconf 62' lang='grc' dir='ltr'><strong>η</strong></span> <span class='ocrx_word' id='word_1_685' title='bbox 2038 4582 2225 4633; x_wconf 89' lang='lat' dir='ltr'><strong>vimus.</strong></span> <span class='ocrx_word' id='word_1_686' title='bbox 2250 4579 2306 4633; x_wconf 89' lang='lat' dir='ltr'><strong>lu</strong></span> <span class='ocrx_word' id='word_1_687' title='bbox 2329 4580 2748 4649; x_wconf 89' lang='lat' dir='ltr'><strong>hodiernumque</strong></span> <span class='ocrx_word' id='word_1_688' title='bbox 2767 4580 2905 4636; x_wconf 89' lang='lat' dir='ltr'><strong>diem</strong></span> <span class='ocrx_word' id='word_1_689' title='bbox 2930 4581 3240 4635; x_wconf 81' lang='lat' dir='ltr'><strong>festinanter</strong></span> <span class='ocrx_word' id='word_1_690' title='bbox 3259 4581 3596 4645; x_wconf 88' lang='lat' dir='ltr'><strong>occurrimus,</strong></span> 
     </span>
    </p>
   </div>
   <div class='ocr_carea' id='block_1_57' title="bbox 362 4625 3598 4738">
    <p class='ocr_par' dir='ltr' id='par_1_57' title="bbox 362 4625 3598 4738">
     <span class='ocr_line' id='line_1_57' title="bbox 370 4625 3596 4659; baseline 0.003 -24"><span class='ocrx_word' id='word_1_691' title='bbox 370 4625 476 4643; x_wconf 43' lang='grc' dir='ltr'><em>τη</em></span> <span class='ocrx_word' id='word_1_692' title='bbox 1160 4625 1332 4629; x_wconf 38' lang='lat' dir='ltr'><strong>ﬂ---—</strong></span> <span class='ocrx_word' id='word_1_693' title='bbox 1575 4625 1836 4659; x_wconf 37' lang='lat' dir='ltr'><strong>—‘-——-—m-</strong></span> <span class='ocrx_word' id='word_1_694' title='bbox 1871 4625 1936 4630; x_wconf 83' lang='grc'><strong><em>--</em></strong></span> <span class='ocrx_word' id='word_1_695' title='bbox 2049 4625 2225 4633; x_wconf 64' lang='grc' dir='ltr'><strong>.-η-..--</strong></span> <span class='ocrx_word' id='word_1_696' title='bbox 2250 4625 2306 4633; x_wconf 87' lang='grc'><strong>-.-</strong></span> <span class='ocrx_word' id='word_1_697' title='bbox 2329 4625 2748 4649; x_wconf 46' lang='lat' dir='ltr'><strong>“ww-mu-..“</strong></span> <span class='ocrx_word' id='word_1_698' title='bbox 2769 4625 2905 4636; x_wconf 63' lang='grc' dir='ltr'><strong>ων.-.</strong></span> <span class='ocrx_word' id='word_1_699' title='bbox 2930 4625 3228 4635; x_wconf 67' lang='grc' dir='ltr'><strong>-νυ---ι--ην-</strong></span> <span class='ocrx_word' id='word_1_700' title='bbox 3261 4625 3596 4645; x_wconf 53' lang='lat' dir='ltr'><strong>“unum”,</strong></span> 
     </span>
     <span class='ocr_line' id='line_1_58' title="bbox 362 4625 3598 4738; baseline 0 -18"><span class='ocrx_word' id='word_1_701' title='bbox 362 4664 475 4720; x_wconf 74' lang='lat' dir='ltr'><strong>hinc</strong></span> <span class='ocrx_word' id='word_1_702' title='bbox 502 4664 699 4734; x_wconf 88' lang='lat' dir='ltr'><strong>passim</strong></span> <span class='ocrx_word' id='word_1_703' title='bbox 723 4664 981 4733; x_wconf 89' lang='lat' dir='ltr'><strong>dividens,</strong></span> <span class='ocrx_word' id='word_1_704' title='bbox 1015 4665 1317 4719; x_wconf 88' lang='lat' dir='ltr'><strong>alimoniam</strong></span> <span class='ocrx_word' id='word_1_705' title='bbox 1347 4667 1680 4729; x_wconf 88' lang='lat' dir='ltr'><strong>matutinam,</strong></span> <span class='ocrx_word' id='word_1_706' title='bbox 1711 4682 1930 4737; x_wconf 86' lang='lat' dir='ltr'><strong>vesper-</strong></span> <span class='ocrx_word' id='word_1_707' title='bbox 1960 4625 2013 4685; x_wconf 70' lang='grc' dir='ltr'>Β</span> <span class='ocrx_word' id='word_1_708' title='bbox 2034 4670 2371 4737; x_wconf 89' lang='lat' dir='ltr'><strong>sequentium</strong></span> <span class='ocrx_word' id='word_1_709' title='bbox 2398 4684 2576 4723; x_wconf 83' lang='lat' dir='ltr'><strong>rerum</strong></span> <span class='ocrx_word' id='word_1_710' title='bbox 2605 4669 2859 4723; x_wconf 88' lang='lat' dir='ltr'><strong>miracula</strong></span> <span class='ocrx_word' id='word_1_711' title='bbox 2887 4668 3192 4738; x_wconf 83' lang='lat' dir='ltr'><strong>spectaturi.</strong></span> <span class='ocrx_word' id='word_1_712' title='bbox 3224 4667 3598 4722; x_wconf 82' lang='lat' dir='ltr'><strong>Verumtamen</strong></span> 
     </span>
    </p>
   </div>
   <div class='ocr_carea' id='block_1_58' title="bbox 362 4756 3601 4829">
    <p class='ocr_par' dir='ltr' id='par_1_58' title="bbox 362 4756 3601 4829">
     <span class='ocr_line' id='line_1_59' title="bbox 362 4756 3601 4829; baseline 0.001 -19"><span class='ocrx_word' id='word_1_713' title='bbox 362 4758 636 4825; x_wconf 89' lang='lat' dir='ltr'><strong>tinamque</strong></span> <span class='ocrx_word' id='word_1_714' title='bbox 661 4756 899 4811; x_wconf 64' lang='lat' dir='ltr'><strong>laetitiam</strong></span> <span class='ocrx_word' id='word_1_715' title='bbox 927 4758 1173 4826; x_wconf 69' lang='lat' dir='ltr'><strong>praestitit</strong></span> <span class='ocrx_word' id='word_1_716' title='bbox 1208 4758 1400 4812; x_wconf 90' lang='lat' dir='ltr'><strong>animis</strong></span> <span class='ocrx_word' id='word_1_717' title='bbox 1427 4759 1759 4827; x_wconf 87' lang='lat' dir='ltr'><strong>auditorum;</strong></span> <span class='ocrx_word' id='word_1_718' title='bbox 1792 4776 1932 4816; x_wconf 90' lang='lat' dir='ltr'><strong>nunc</strong></span> <span class='ocrx_word' id='word_1_719' title='bbox 2032 4761 2253 4815; x_wconf 87' lang='lat' dir='ltr'><strong>minime</strong></span> <span class='ocrx_word' id='word_1_720' title='bbox 2292 4761 2462 4815; x_wconf 86' lang='lat' dir='ltr'><strong>latere</strong></span> <span class='ocrx_word' id='word_1_721' title='bbox 2490 4775 2587 4815; x_wconf 87' lang='lat' dir='ltr'><strong>nos</strong></span> <span class='ocrx_word' id='word_1_722' title='bbox 2616 4762 2820 4829; x_wconf 91' lang='lat' dir='ltr'><strong>potuit,</strong></span> <span class='ocrx_word' id='word_1_723' title='bbox 2847 4762 2969 4828; x_wconf 89' lang='lat' dir='ltr'><strong>quia</strong></span> <span class='ocrx_word' id='word_1_724' title='bbox 2999 4760 3151 4814; x_wconf 90' lang='lat' dir='ltr'><strong>multi</strong></span> <span class='ocrx_word' id='word_1_725' title='bbox 3179 4758 3397 4828; x_wconf 81' lang='lat' dir='ltr'><strong>opiﬁces</strong></span> <span class='ocrx_word' id='word_1_726' title='bbox 3426 4760 3601 4814; x_wconf 80' lang='lat' dir='ltr'><strong>labore</strong></span> 
     </span>
    </p>
   </div>
   <div class='ocr_carea' id='block_1_59' title="bbox 365 4845 3601 4917">
    <p class='ocr_par' dir='ltr' id='par_1_59' title="bbox 365 4845 3601 4917">
     <span class='ocr_line' id='line_1_60' title="bbox 365 4845 3601 4917; baseline 0.001 -18"><span class='ocrx_word' id='word_1_727' title='bbox 365 4854 543 4900; x_wconf 79' lang='lat' dir='ltr'><strong>autem</strong></span> <span class='ocrx_word' id='word_1_728' title='bbox 590 4845 658 4900; x_wconf 91' lang='lat' dir='ltr'><strong>ad</strong></span> <span class='ocrx_word' id='word_1_729' title='bbox 686 4846 941 4900; x_wconf 90' lang='lat' dir='ltr'><strong>miracula</strong></span> <span class='ocrx_word' id='word_1_730' title='bbox 986 4846 1204 4902; x_wconf 88' lang='lat' dir='ltr'><strong>secundi</strong></span> <span class='ocrx_word' id='word_1_731' title='bbox 1250 4846 1354 4902; x_wconf 89' lang='lat' dir='ltr'><strong>diei</strong></span> <span class='ocrx_word' id='word_1_732' title='bbox 1400 4863 1768 4917; x_wconf 88' lang='lat' dir='ltr'><strong>properamus.</strong></span> <span class='ocrx_word' id='word_1_733' title='bbox 1821 4846 1935 4904; x_wconf 81' lang='lat' dir='ltr'><strong>Hoc</strong></span> <span class='ocrx_word' id='word_1_734' title='bbox 2033 4866 2250 4905; x_wconf 91' lang='lat' dir='ltr'><strong>suarum</strong></span> <span class='ocrx_word' id='word_1_735' title='bbox 2278 4865 2530 4905; x_wconf 87' lang='lat' dir='ltr'><strong>manuum</strong></span> <span class='ocrx_word' id='word_1_736' title='bbox 2559 4851 2881 4912; x_wconf 87' lang='lat' dir='ltr'><strong>victitantes,</strong></span> <span class='ocrx_word' id='word_1_737' title='bbox 2912 4852 3256 4904; x_wconf 86' lang='lat' dir='ltr'><strong>circumstant</strong></span> <span class='ocrx_word' id='word_1_738' title='bbox 3285 4865 3401 4911; x_wconf 91' lang='lat' dir='ltr'><strong>nos,</strong></span> <span class='ocrx_word' id='word_1_739' title='bbox 3431 4857 3487 4902; x_wconf 89' lang='lat' dir='ltr'><strong>et</strong></span> <span class='ocrx_word' id='word_1_740' title='bbox 3513 4848 3601 4902; x_wconf 87' lang='lat' dir='ltr'><strong>ad-</strong></span> 
     </span>
    </p>
   </div>
   <div class='ocr_carea' id='block_1_60' title="bbox 364 4938 3600 5010">
    <p class='ocr_par' dir='ltr' id='par_1_60' title="bbox 364 4938 3600 5010">
     <span class='ocr_line' id='line_1_61' title="bbox 364 4938 3600 5010; baseline 0 -18"><span class='ocrx_word' id='word_1_741' title='bbox 364 4946 543 4992; x_wconf 87' lang='lat' dir='ltr'><strong>autem</strong></span> <span class='ocrx_word' id='word_1_742' title='bbox 593 4953 1053 5003; x_wconf 90' lang='lat' dir='ltr'><strong>commemorans,</strong></span> <span class='ocrx_word' id='word_1_743' title='bbox 1109 4954 1215 4993; x_wconf 89' lang='lat' dir='ltr'><strong>non</strong></span> <span class='ocrx_word' id='word_1_744' title='bbox 1264 4940 1319 4993; x_wconf 90' lang='lat' dir='ltr'><strong>in</strong></span> <span class='ocrx_word' id='word_1_745' title='bbox 1367 4938 1649 4995; x_wconf 84' lang='lat' dir='ltr'><strong>referentis</strong></span> <span class='ocrx_word' id='word_1_746' title='bbox 1692 4941 1934 5010; x_wconf 89' lang='lat' dir='ltr'><strong>potentia</strong></span> <span class='ocrx_word' id='word_1_747' title='bbox 2034 4950 2254 4997; x_wconf 91' lang='lat' dir='ltr'><strong>monent</strong></span> <span class='ocrx_word' id='word_1_748' title='bbox 2281 4949 2338 4996; x_wconf 83' lang='grc' dir='ltr'><strong>ιιι</strong></span> <span class='ocrx_word' id='word_1_749' title='bbox 2358 4942 2720 4996; x_wconf 86' lang='lat' dir='ltr'><strong>narrationem</strong></span> <span class='ocrx_word' id='word_1_750' title='bbox 2745 4941 3074 5010; x_wconf 89' lang='lat' dir='ltr'><strong>propositam</strong></span> <span class='ocrx_word' id='word_1_751' title='bbox 3095 4939 3357 4993; x_wconf 83' lang='lat' dir='ltr'><strong>brevitate</strong></span> <span class='ocrx_word' id='word_1_752' title='bbox 3378 4939 3600 5007; x_wconf 82' lang='lat' dir='ltr'><strong>stringa-</strong></span> 
     </span>
    </p>
   </div>
   <div class='ocr_carea' id='block_1_61' title="bbox 363 5026 3598 5099">
    <p class='ocr_par' dir='ltr' id='par_1_61' title="bbox 363 5026 3598 5099">
     <span class='ocr_line' id='line_1_62' title="bbox 363 5026 3598 5099; baseline 0.001 -18"><span class='ocrx_word' id='word_1_753' title='bbox 363 5027 569 5082; x_wconf 90' lang='lat' dir='ltr'><strong>colloco</strong></span> <span class='ocrx_word' id='word_1_754' title='bbox 590 5042 708 5097; x_wconf 75' lang='lat' dir='ltr'><strong>quae</strong></span> <span class='ocrx_word' id='word_1_755' title='bbox 730 5027 995 5094; x_wconf 90' lang='lat' dir='ltr'><strong>dicuntur,</strong></span> <span class='ocrx_word' id='word_1_756' title='bbox 1027 5027 1122 5082; x_wconf 89' lang='lat' dir='ltr'><strong>sed</strong></span> <span class='ocrx_word' id='word_1_757' title='bbox 1169 5028 1223 5082; x_wconf 90' lang='lat' dir='ltr'><strong>in</strong></span> <span class='ocrx_word' id='word_1_758' title='bbox 1269 5027 1556 5098; x_wconf 68' lang='lat' dir='ltr'><strong>Scriptura:</strong></span> <span class='ocrx_word' id='word_1_759' title='bbox 1592 5029 1781 5098; x_wconf 88' lang='lat' dir='ltr'><strong>gratia,</strong></span> <span class='ocrx_word' id='word_1_760' title='bbox 1811 5044 1932 5097; x_wconf 72' lang='lat' dir='ltr'><strong>qua:</strong></span> <span class='ocrx_word' id='word_1_761' title='bbox 1985 5026 2000 5042; x_wconf 77' lang='grc'>⁸</span> <span class='ocrx_word' id='word_1_762' title='bbox 2034 5048 2183 5097; x_wconf 90' lang='lat' dir='ltr'><strong>mus,</strong></span> <span class='ocrx_word' id='word_1_763' title='bbox 2215 5047 2283 5086; x_wconf 91' lang='lat' dir='ltr'><strong>ne</strong></span> <span class='ocrx_word' id='word_1_764' title='bbox 2328 5032 2527 5086; x_wconf 89' lang='lat' dir='ltr'><strong>diutius</strong></span> <span class='ocrx_word' id='word_1_765' title='bbox 2566 5032 2918 5086; x_wconf 83' lang='lat' dir='ltr'><strong>extrahantur</strong></span> <span class='ocrx_word' id='word_1_766' title='bbox 2963 5032 3030 5085; x_wconf 90' lang='lat' dir='ltr'><strong>ab</strong></span> <span class='ocrx_word' id='word_1_767' title='bbox 3059 5045 3240 5099; x_wconf 80' lang='lat' dir='ltr'><strong>opere.</strong></span> <span class='ocrx_word' id='word_1_768' title='bbox 3275 5028 3478 5095; x_wconf 86' lang='lat' dir='ltr'><strong>Quibus</strong></span> <span class='ocrx_word' id='word_1_769' title='bbox 3504 5030 3598 5084; x_wconf 84' lang='lat' dir='ltr'><strong>hoc</strong></span> 
     </span>
    </p>
   </div>
   <div class='ocr_carea' id='block_1_62' title="bbox 362 5116 3594 5192">
    <p class='ocr_par' dir='ltr' id='par_1_62' title="bbox 362 5116 3594 5192">
     <span class='ocr_line' id='line_1_63' title="bbox 362 5116 3594 5192; baseline 0.001 -22"><span class='ocrx_word' id='word_1_770' title='bbox 362 5118 678 5173; x_wconf 86' lang='lat' dir='ltr'><strong>naturaliter</strong></span> <span class='ocrx_word' id='word_1_771' title='bbox 725 5116 1005 5187; x_wconf 90' lang='lat' dir='ltr'><strong>possidens</strong></span> <span class='ocrx_word' id='word_1_772' title='bbox 1052 5118 1381 5185; x_wconf 85' lang='lat' dir='ltr'><strong>intelligendi</strong></span> <span class='ocrx_word' id='word_1_773' title='bbox 1433 5118 1772 5184; x_wconf 80' lang='lat' dir='ltr'><strong>facilitatem,</strong></span> <span class='ocrx_word' id='word_1_774' title='bbox 1831 5120 1935 5173; x_wconf 90' lang='lat' dir='ltr'><strong>illis</strong></span> <span class='ocrx_word' id='word_1_775' title='bbox 2031 5122 2357 5192; x_wconf 87' lang='lat' dir='ltr'><strong>respondeo,</strong></span> <span class='ocrx_word' id='word_1_776' title='bbox 2390 5124 2514 5191; x_wconf 87' lang='lat' dir='ltr'><strong>quia</strong></span> <span class='ocrx_word' id='word_1_777' title='bbox 2544 5138 2665 5192; x_wconf 89' lang='lat' dir='ltr'><strong>pars</strong></span> <span class='ocrx_word' id='word_1_778' title='bbox 2685 5122 2892 5175; x_wconf 85' lang='lat' dir='ltr'><strong>modica</strong></span> <span class='ocrx_word' id='word_1_779' title='bbox 2922 5121 3177 5189; x_wconf 86' lang='lat' dir='ltr'><strong>temporis</strong></span> <span class='ocrx_word' id='word_1_780' title='bbox 3206 5119 3444 5173; x_wconf 82' lang='lat' dir='ltr'><strong>fenerata</strong></span> <span class='ocrx_word' id='word_1_781' title='bbox 3475 5119 3594 5180; x_wconf 68' lang='lat' dir='ltr'><strong>Dro,</strong></span> 
     </span>
    </p>
   </div>
   <div class='ocr_carea' id='block_1_63' title="bbox 363 5209 3597 5280">
    <p class='ocr_par' dir='ltr' id='par_1_63' title="bbox 363 5209 3597 5280">
     <span class='ocr_line' id='line_1_64' title="bbox 363 5209 3597 5280; baseline -0 -19"><span class='ocrx_word' id='word_1_782' title='bbox 363 5221 602 5261; x_wconf 87' lang='lat' dir='ltr'><strong>amorem</strong></span> <span class='ocrx_word' id='word_1_783' title='bbox 643 5223 798 5264; x_wconf 87' lang='lat' dir='ltr'><strong>suum</strong></span> <span class='ocrx_word' id='word_1_784' title='bbox 839 5210 1089 5264; x_wconf 89' lang='lat' dir='ltr'><strong>cordibus</strong></span> <span class='ocrx_word' id='word_1_785' title='bbox 1134 5210 1428 5280; x_wconf 88' lang='lat' dir='ltr'><strong>inspiravit,</strong></span> <span class='ocrx_word' id='word_1_786' title='bbox 1467 5211 1559 5279; x_wconf 92' lang='lat' dir='ltr'><strong>qui</strong></span> <span class='ocrx_word' id='word_1_787' title='bbox 1600 5212 1934 5280; x_wconf 89' lang='lat' dir='ltr'><strong>persuasioni</strong></span> <span class='ocrx_word' id='word_1_788' title='bbox 2033 5228 2138 5265; x_wconf 92' lang='lat' dir='ltr'><strong>non</strong></span> <span class='ocrx_word' id='word_1_789' title='bbox 2183 5212 2354 5266; x_wconf 91' lang='lat' dir='ltr'><strong>solum</strong></span> <span class='ocrx_word' id='word_1_790' title='bbox 2384 5212 2497 5280; x_wconf 90' lang='lat' dir='ltr'><strong>ipsa</strong></span> <span class='ocrx_word' id='word_1_791' title='bbox 2527 5227 2635 5265; x_wconf 89' lang='lat' dir='ltr'><strong>non</strong></span> <span class='ocrx_word' id='word_1_792' title='bbox 2663 5211 2898 5280; x_wconf 88' lang='lat' dir='ltr'><strong>deperit,</strong></span> <span class='ocrx_word' id='word_1_793' title='bbox 2929 5209 3023 5263; x_wconf 89' lang='lat' dir='ltr'><strong>sed</strong></span> <span class='ocrx_word' id='word_1_794' title='bbox 3050 5225 3171 5264; x_wconf 88' lang='lat' dir='ltr'><strong>cum</strong></span> <span class='ocrx_word' id='word_1_795' title='bbox 3200 5209 3405 5277; x_wconf 80' lang='lat' dir='ltr'><strong>magnis</strong></span> <span class='ocrx_word' id='word_1_796' title='bbox 3447 5210 3514 5260; x_wconf 87' lang='lat' dir='ltr'><strong>ab</strong></span> <span class='ocrx_word' id='word_1_797' title='bbox 3538 5223 3597 5261; x_wconf 86' lang='lat' dir='ltr'><strong>eo</strong></span> 
     </span>
    </p>
   </div>
   <div class='ocr_carea' id='block_1_64' title="bbox 363 5295 3593 5373">
    <p class='ocr_par' dir='ltr' id='par_1_64' title="bbox 363 5295 3593 5373">
     <span class='ocr_line' id='line_1_65' title="bbox 363 5295 3593 5373; baseline -0 -19"><span class='ocrx_word' id='word_1_798' title='bbox 363 5295 644 5367; x_wconf 70' lang='lat' dir='ltr'><strong>superﬂua:</strong></span> <span class='ocrx_word' id='word_1_799' title='bbox 667 5296 967 5353; x_wconf 82' lang='lat' dir='ltr'><strong>anteferunt</strong></span> <span class='ocrx_word' id='word_1_800' title='bbox 991 5300 1305 5367; x_wconf 85' lang='lat' dir='ltr'><strong>veritatem;</strong></span> <span class='ocrx_word' id='word_1_801' title='bbox 1332 5301 1470 5356; x_wconf 89' lang='lat' dir='ltr'><strong>sicut</strong></span> <span class='ocrx_word' id='word_1_802' title='bbox 1497 5308 1550 5355; x_wconf 93' lang='lat' dir='ltr'><strong>et</strong></span> <span class='ocrx_word' id='word_1_803' title='bbox 1569 5301 1803 5371; x_wconf 89' lang='lat' dir='ltr'><strong>psalmus</strong></span> <span class='ocrx_word' id='word_1_804' title='bbox 1823 5303 1932 5357; x_wconf 87' lang='lat' dir='ltr'><strong>veri</strong></span> <span class='ocrx_word' id='word_1_805' title='bbox 2031 5303 2341 5373; x_wconf 81' lang='lat' dir='ltr'><strong>rependitur</strong></span> <span class='ocrx_word' id='word_1_806' title='bbox 2362 5302 2721 5359; x_wconf 89' lang='lat' dir='ltr'><strong>incrementis.</strong></span> <span class='ocrx_word' id='word_1_807' title='bbox 2753 5301 2950 5357; x_wconf 89' lang='lat' dir='ltr'><strong>Omnes</strong></span> <span class='ocrx_word' id='word_1_808' title='bbox 2978 5299 3005 5339; x_wconf 74' lang='grc'><strong>¹¹</strong></span> <span class='ocrx_word' id='word_1_809' title='bbox 3027 5301 3170 5355; x_wconf 91' lang='lat' dir='ltr'><strong>enim</strong></span> <span class='ocrx_word' id='word_1_810' title='bbox 3197 5315 3283 5355; x_wconf 89' lang='lat' dir='ltr'><strong>res</strong></span> <span class='ocrx_word' id='word_1_811' title='bbox 3309 5314 3426 5368; x_wconf 74' lang='lat' dir='ltr'><strong>qum</strong></span> <span class='ocrx_word' id='word_1_812' title='bbox 3449 5314 3593 5354; x_wconf 86' lang='lat' dir='ltr'><strong>occu-</strong></span> 
     </span>
    </p>
   </div>
   <div class='ocr_carea' id='block_1_65' title="bbox 433 5468 3597 5547">
    <p class='ocr_par' dir='ltr' id='par_1_65' title="bbox 433 5468 3597 5547">
     <span class='ocr_line' id='line_1_66' title="bbox 433 5468 3597 5547; baseline -0.002 -15"><span class='ocrx_word' id='word_1_813' title='bbox 433 5487 460 5516; x_wconf 73' lang='grc' dir='ltr'>ι</span> <span class='ocrx_word' id='word_1_814' title='bbox 484 5476 645 5541; x_wconf 88' lang='lat' dir='ltr'><strong>Editi,</strong></span> <span class='ocrx_word' id='word_1_815' title='bbox 667 5494 782 5533; x_wconf 86' lang='lat' dir='ltr'><strong>cum</strong></span> <span class='ocrx_word' id='word_1_816' title='bbox 806 5479 1059 5533; x_wconf 85' lang='lat' dir='ltr'><strong>omnibus.</strong></span> <span class='ocrx_word' id='word_1_817' title='bbox 1085 5478 1153 5532; x_wconf 86' lang='lat' dir='ltr'><strong>At</strong></span> <span class='ocrx_word' id='word_1_818' title='bbox 1179 5480 1344 5532; x_wconf 88' lang='lat' dir='ltr'><strong>nostri</strong></span> <span class='ocrx_word' id='word_1_819' title='bbox 1375 5487 1483 5533; x_wconf 86' lang='lat' dir='ltr'><strong>tres</strong></span> <span class='ocrx_word' id='word_1_820' title='bbox 1508 5493 1635 5547; x_wconf 77' lang='lat' dir='ltr'><strong>mss.</strong></span> <span class='ocrx_word' id='word_1_821' title='bbox 1667 5493 1781 5529; x_wconf 88' lang='lat' dir='ltr'><strong>cum</strong></span> <span class='ocrx_word' id='word_1_822' title='bbox 1801 5493 1917 5530; x_wconf 91' lang='lat' dir='ltr'><strong>om-</strong></span> <span class='ocrx_word' id='word_1_823' title='bbox 2024 5476 2190 5531; x_wconf 87' lang='lat' dir='ltr'><strong>Paulo</strong></span> <span class='ocrx_word' id='word_1_824' title='bbox 2212 5483 2339 5547; x_wconf 88' lang='lat' dir='ltr'><strong>post</strong></span> <span class='ocrx_word' id='word_1_825' title='bbox 2360 5475 2508 5540; x_wconf 87' lang='lat' dir='ltr'><strong>editi,</strong></span> <span class='ocrx_word' id='word_1_826' title='bbox 2529 5491 2640 5547; x_wconf 76' lang='lat' dir='ltr'><strong>qua:</strong></span> <span class='ocrx_word' id='word_1_827' title='bbox 2660 5473 3003 5544; x_wconf 83' lang='lat' dir='ltr'><strong>persuasioni.</strong></span> <span class='ocrx_word' id='word_1_828' title='bbox 3028 5469 3184 5526; x_wconf 87' lang='lat' dir='ltr'><strong>Colb.</strong></span> <span class='ocrx_word' id='word_1_829' title='bbox 3214 5468 3499 5536; x_wconf 86' lang='lat' dir='ltr'><strong>secundus,</strong></span> <span class='ocrx_word' id='word_1_830' title='bbox 3516 5472 3597 5541; x_wconf 74' lang='lat' dir='ltr'><strong>qui</strong></span> 
     </span>
    </p>
   </div>
   <div class='ocr_carea' id='block_1_66' title="bbox 364 5546 3369 5621">
    <p class='ocr_par' dir='ltr' id='par_1_66' title="bbox 364 5546 3369 5621">
     <span class='ocr_line' id='line_1_67' title="bbox 364 5546 3369 5621; baseline 0 -22"><span class='ocrx_word' id='word_1_831' title='bbox 364 5547 682 5621; x_wconf 16' lang='lat' dir='ltr'><strong>tria.»_Statim</strong></span> <span class='ocrx_word' id='word_1_832' title='bbox 703 5549 851 5621; x_wconf 78' lang='lat' dir='ltr'><strong>editi,</strong></span> <span class='ocrx_word' id='word_1_833' title='bbox 873 5549 1187 5621; x_wconf 75' lang='lat' dir='ltr'><strong>intelligendi</strong></span> <span class='ocrx_word' id='word_1_834' title='bbox 1184 5548 1513 5621; x_wconf 69' lang='lat' dir='ltr'><strong>facultatem.</strong></span> <span class='ocrx_word' id='word_1_835' title='bbox 1530 5546 1671 5621; x_wconf 87' lang='lat' dir='ltr'><strong>Libri</strong></span> <span class='ocrx_word' id='word_1_836' title='bbox 1692 5558 1921 5621; x_wconf 72' lang='lat' dir='ltr'><strong>veteres,</strong></span> <span class='ocrx_word' id='word_1_837' title='bbox 2023 5546 2570 5621; x_wconf 54' lang='lat' dir='ltr'><strong>persuasioninecte.</strong></span> <span class='ocrx_word' id='word_1_838' title='bbox 2604 5615 2615 5621; x_wconf 83' lang='lat'>_</span> <span class='ocrx_word' id='word_1_839' title='bbox 2857 5612 2868 5621; x_wconf 89' lang='lat'>_</span> <span class='ocrx_word' id='word_1_840' title='bbox 2949 5611 2960 5621; x_wconf 43' lang='lat'><strong><em>.</em></strong></span> <span class='ocrx_word' id='word_1_841' title='bbox 3046 5610 3056 5621; x_wconf 42' lang='lat'><strong>.</strong></span> <span class='ocrx_word' id='word_1_842' title='bbox 3122 5608 3136 5621; x_wconf 49' lang='lat'><strong><em>‘</em></strong></span> <span class='ocrx_word' id='word_1_843' title='bbox 3358 5608 3369 5618; x_wconf 45' lang='lat'><strong>.</strong></span> 
     </span>
    </p>
   </div>
   <div class='ocr_carea' id='block_1_67' title="bbox 362 5608 3592 5695">
    <p class='ocr_par' dir='ltr' id='par_1_67' title="bbox 362 5608 3592 5695">
     <span class='ocr_line' id='line_1_68' title="bbox 362 5608 3592 5695; baseline -0.003 -21"><span class='ocrx_word' id='word_1_844' title='bbox 362 5618 680 5683; x_wconf 65' lang='lat' dir='ltr'><strong>intelligendi</strong></span> <span class='ocrx_word' id='word_1_845' title='bbox 711 5608 1134 5675; x_wconf 39' lang='lat' dir='ltr'><strong>facilitatemfln</strong></span> <span class='ocrx_word' id='word_1_846' title='bbox 1171 5608 1375 5685; x_wconf 67' lang='lat' dir='ltr'><strong>Gimco,</strong></span> <span class='ocrx_word' id='word_1_847' title='bbox 1427 5623 1482 5674; x_wconf 80' lang='grc' dir='ltr'><strong>τὸ</strong></span> <span class='ocrx_word' id='word_1_848' title='bbox 1528 5608 1917 5695; x_wconf 47' lang='lat' dir='ltr'><strong>denudent-or.</strong></span> <span class='ocrx_word' id='word_1_849' title='bbox 2023 5608 2032 5616; x_wconf 83' lang='grc'><em>’</em></span> <span class='ocrx_word' id='word_1_850' title='bbox 2096 5616 2119 5653; x_wconf 72' lang='grc' dir='ltr'><strong>ι’</strong></span> <span class='ocrx_word' id='word_1_851' title='bbox 2148 5614 2305 5679; x_wconf 82' lang='lat' dir='ltr'><strong>Editi,</strong></span> <span class='ocrx_word' id='word_1_852' title='bbox 2334 5632 2505 5670; x_wconf 82' lang='lat' dir='ltr'><strong>omnes</strong></span> <span class='ocrx_word' id='word_1_853' title='bbox 2535 5615 2668 5670; x_wconf 83' lang='lat' dir='ltr'><strong>enim</strong></span> <span class='ocrx_word' id='word_1_854' title='bbox 2708 5630 2807 5668; x_wconf 83' lang='lat' dir='ltr'><strong>res.</strong></span> <span class='ocrx_word' id='word_1_855' title='bbox 2842 5610 3059 5683; x_wconf 86' lang='lat' dir='ltr'><strong>Antiqui</strong></span> <span class='ocrx_word' id='word_1_856' title='bbox 3106 5608 3213 5665; x_wconf 85' lang='lat' dir='ltr'><strong>duo</strong></span> <span class='ocrx_word' id='word_1_857' title='bbox 3251 5608 3405 5670; x_wconf 85' lang='lat' dir='ltr'><strong>libri.</strong></span> <span class='ocrx_word' id='word_1_858' title='bbox 3436 5612 3592 5665; x_wconf 82' lang='lat' dir='ltr'><strong>omnis</strong></span> 
     </span>
    </p>
   </div>
  </div>
