3824 6214
160 315 270 372 895

896 315 1285 374 EUSTATHII
1325 319 1731 382 HEXAEMERI
1769 327 2268 387 METAPHRASIS
2304 330 2513 389 LIBER
2550 329 2640 388 1Ιί.

3298 338 3407 396 894

153 428 439 497 pationum
467 441 657 483 causas
684 426 940 493 eﬂiciunt,
983 428 1239 485 Dominus
1266 430 1602 501 omnipotens
1630 446 1728 501 op-
1753 432 1802 491 A
1830 432 2009 502 dirigit
2052 435 2407 505 Unigenitum.
2441 438 2508 492 Et
2534 448 2682 493 certe
2723 436 2959 494 vocifero
3006 453 3256 496 sermone
3300 459 3408 499 non

154 524 394 587 pot-tune
434 515 641 571 scilicet
686 517 924 572 tribuens
969 521 1284 589 corporibus
1341 521 1736 586 fortitudinem,

154 624 221 661 as.
230 607 462 676 imisque
481 606 739 671 lzetitiam,
775 623 874 665 nec
892 624 999 663 non
1019 609 1324 665 facultatem
1345 612 1573 682 negotiis
1593 627 1743 682 pera-

155 696 382 764 gendis,
414 695 460 750 si
491 704 669 751 tamen
698 711 798 751 nos
834 699 1177 753 saecularibus
1204 699 1557 770 praeponenda
1587 701 1742 770 Spiri-

156 787 290 840 talia
319 801 657 842 censeamus.
689 786 842 853 Quod
871 789 917 842 si
964 788 1187 843 forsitan
1233 790 1286 844 in
1326 792 1576 859 prxesenti
1604 791 1735 856 vita,

156 877 654 937 remunerationem
681 878 819 932 bene
845 886 1117 945 gestorum
1142 880 1386 949 recipere
1414 897 1522 936 non
1548 892 1757 949 potue-.

156 978 355 1042 rimus,
377 976 544 1047 716
562 975 758 1030 futuris
777 984 954 1030 tamen
974 972 1211 1035 saeculis,
1235 970 1481 1040 cepiosos
1502 967 1619 1022 sine
1636 964 1708 1019 du

146 1070 244 1125 bio
267 1069 562 1124 thesauros
592 1068 907 1123 sortiemur.
930 1065 1274 1136 Quapropter
1293 1063 1522 1118 obsecro
1562 1074 1655 1117 vos
1677 1066 1739 1115 ut

154 1165 352 1205 υιπηεε
391 1151 744 1219 ccgitationes
790 1152 1085 1207 mundanas
1127 1153 1194 1207 de
1239 1155 1430 1210 vestris
1474 1157 1740 1212 mentibus

154 1238 480 1302 excludatis,
512 1248 567 1294 et
609 1241 821 1308 penitus
848 1242 978 1295 mihi
1012 1259 1107 1298 vos
1157 1244 1393 1312 integros
1432 1248 1733 1315 prmbeatis.

152 1326 347 1397 Neque
375 1329 516 1383 enim
542 1329 707 1383 ullum
739 1331 1074 1385 commodum
1103 1333 1277 1402 capiet
1310 1336 1590 1403 prtesentia
1619 1352 1738 1391 cor—

152 1419 393 1487 poralis;
425 1434 546 1473 cum
574 1435 726 1475 mens
762 1422 902 1477 curis
930 1422 1195 1492 implicata
1226 1427 1583 1494 terrestribus,
1615 1443 1736 1482 cre—

148 1508 304 1564 ditur
327 1519 354 1548 ι
379 1511 684 1567 absentare.

227 1600 287 1655 2.
311 1600 385 1654 Et
404 1602 536 1656 dixit
556 1602 696 1657 Deus
717 1621 735 1657 :
758 1603 882 1657 Fiat
901 1606 1279 1674 ﬁrmamentum
1290 1625 1310 1672 ;
1337 1617 1386 1662 et
1404 1611 1470 1663 sit
1489 1627 1736 1680 separatis

153 1698 296 1751 inter
322 1714 513 1768 aquam
550 1706 599 1751 et
626 1714 829 1768 aquam.
860 1697 977 1751 Jam
1006 1699 1220 1768 quidem
1248 1701 1501 1756 hesterno
1528 1702 1614 1757 die
1641 1718 1737 1757 au-

1842 534 1960 580 erat
1986 542 2122 596 opus
2148 528 2475 598 incorporeas
2502 537 2722 594 natum,
2753 546 2873 585 cum
2907 542 2929 569 ε
2959 532 3243 587 destinatio
3264 534 3412 601 cogi-

1843 616 2062 671 tationis
2095 627 2472 687 cooperantem
2502 620 2668 675 latere
2694 636 2800 674 non
2829 628 3041 689 posset,
3072 622 3270 690 quippe
3292 622 3415 691 qui.-

1840 704 1941 758 bus
1982 705 2325 761 consiliorum
2354 709 2616 773 societas,
2660 722 2728 762 ex
2770 709 2883 778 ipsa
2927 715 3191 778 potestate
3218 725 3412 779 suppe-

1839 795 1994 850 ditat.
2024 796 2158 851 Nam
2197 813 2305 853 vox
2342 807 2563 868 propter
2607 799 2845 854 auditum
2891 801 3188 854 necessaria
3217 807 3326 867 est,
3358 808 3414 855 et

1840 888 2051 943 auditus
2077 898 2301 959 propter
2329 905 2535 946 vocem.
2569 891 2670 945 Ubi
2701 906 2828 946 vero
2867 906 2969 947 nec
3014 906 3108 946 aer
3150 899 3265 956 est,
3312 907 3416 947 nec

1840 978 2044 1047 lingua,
2066 994 2175 1034 nec
2218 994 2409 1046 aures,
2456 995 2557 1036 nec
2600 988 2774 1037 tactus
2802 981 3061 1051 asperior,
3103 981 3169 1036 ad
3198 995 3413 1035 sensum

1840 1071 2029 1140 capitis
2074 1086 2445 1141 repercussum
2493 1073 2725 1129 sonitum
2774 1073 3146 1142 perducendo,
3195 1073 3267 1128 ibi
3312 1087 3415 1128 nec

1840 1174 2017 1215 sermo
2046 1164 2380 1218 necessarius
2409 1170 2522 1227 est,
2562 1162 2658 1218 sed
2685 1178 2754 1218 ex
2782 1164 2916 1233 ipsa,
2959 1170 3018 1218 ut
3053 1163 3127 1217 ita
3164 1163 3416 1228 dixerim,

1839 1250 2096 1305 cardinali
2123 1251 2447 1319 cogitatione
2481 1252 2541 1306 ﬁt
2567 1253 2905 1323 participatio
2928 1252 3237 1307 voluntatis.
3268 1251 3417 1308 Sicut

1839 1353 1969 1407 ergo
2017 1340 2396 1408 praediximus,
2443 1349 2501 1395 ut
2544 1357 2697 1397 mens
2740 1350 2923 1397 nostra
2958 1349 3307 1410 consurgeret
3348 1342 3413 1396 ad

1839 1429 2238 1498 inquisitionem
2268 1432 2443 1486 vultus
2468 1431 2585 1500 ejus
2625 1432 2692 1487 de
2718 1448 2826 1501 quo
2869 1433 3093 1500 agimus,
3124 1433 3420 1502 prudenter

1838 1528 1895 1575 et
1920 1520 2123 1589 optime
2151 1520 2366 1575 schema
2393 1521 2699 1590 hujusmodi
2719 1522 3036 1576 elocutionis
3056 1522 3360 1590 assumpsit.

1907 1608 1961 1663 5.
1991 1608 2237 1665 Secundo
2265 1611 2386 1665 loco
2414 1611 2758 1676 quaerendum
2787 1618 2870 1664 est
2896 1611 2942 1664 si
2970 1611 3110 1664 aliud
3141 1618 3336 1679 praeter
3361 1608 3414 1664 id

1837 1697 1979 1766 quod
2001 1697 2152 1751 initio
2172 1696 2369 1753 factum
2391 1706 2473 1753 est
2492 1699 2704 1764 coelum,
2724 1697 3117 1753 ﬁrmamentum
3140 1700 3257 1763 fuit,
3273 1698 3417 1768 quod

151 1787 393 1842 divimus
415 1788 578 1843 verba
602 1789 812 1842 Domini
837 1789 1061 1845 dicentis
1087 1809 1100 1844 :
1132 1791 1257 1845 Fiat
1285 1793 1396 1860 tum,
1418 1794 1596 1861 hodie,
1614 1793 1737 1849 Fiat
1771 1783 1812 1840 Β
1838 1797 2020 1843 tamen
2060 1797 2115 1845 et
2157 1790 2328 1860 ipsum
2374 1791 2566 1846 malum
2615 1791 2906 1853 VOCitallll';
2937 1791 3025 1845 νει
3052 1791 3098 1845 Si
3137 1798 3282 1845 certe
3310 1789 3418 1845 duo

152 1877 563 1945 ﬁrmamentum.
607 1875 732 1932 Plus
772 1886 959 1933 tamen
980 1880 1232 1948 quiddam
1257 1882 1506 1936 videntur
1546 1884 1745 1939 habere

154 1967 470 2034 przesentia.
520 1966 704 2034 Neque
751 1967 894 2022 enim
942 1969 1162 2023 verbum
1207 1971 1260 2025 in
1305 1972 1448 2026 nudo
1476 1981 1743 2043 praecepto

154 2056 452 2122 remansit,
500 2057 592 2111 sed
621 2072 776 2111 causa
809 2073 903 2127 per
930 2073 1090 2126 quam
1132 2061 1385 2129 qumritur
1428 2063 1745 2118 firmamenti

155 2147 446 2218 productio
474 2149 709 2217 apertius
741 2149 1076 2217 declaratur;
1107 2151 1160 2206 id
1184 2160 1283 2218 est,
1318 2162 1375 2207 ut
1394 2155 1589 2208 dividat
1613 2157 1745 2209 inter

158 2255 357 2309 aquam
385 2247 435 2292 et
463 2256 667 2310 aquam.
699 2239 880 2295 Primo
921 2241 1135 2308 quidem
1180 2251 1520 2313 reputemus,
1569 2245 1745 2300 discu-

158 2331 366 2384 tientes
393 2330 666 2398 quomodo
694 2329 835 2385 Deus
879 2331 1187 2399 alloquitur,
1236 2341 1421 2387 nostro
1448 2349 1536 2399 ne,
1569 2334 1623 2390 id
1664 2344 1747 2390 est

157 2420 444 2477 hominum
466 2436 636 2486 more,
661 2422 753 2490 qui
775 2422 921 2491 prius
945 2420 1135 2477 futura:
1155 2425 1233 2478 rei
1257 2425 1483 2478 formam
1508 2427 1747 2497 concipi-

153 2525 277 2564 mus
307 2509 619 2576 intellectu;
651 2511 844 2566 deinde
865 2526 933 2566 ex
957 2511 1208 2580 subjectis
1227 2528 1489 2582 congruas
1518 2522 1574 2569 et
1600 2514 1748 2570 fami-

153 2598 322 2654 liares
366 2599 653 2667 unicuique
680 2599 1101 2668 signiﬁcationes
1141 2602 1454 2671 colligentes
1492 2605 1747 2673 exprimi-

153 2705 309 2752 mus,
365 2696 421 2743 et
465 2697 588 2759 post
630 2688 736 2745 hoc
779 2691 1090 2745 ministeriis
1133 2693 1401 2747 vocalium
1449 2692 1745 2749 ofﬁciorum

153 2780 397 2849 cogitata
425 2779 848 2845 manifestantes,
878 2796 976 2851 per
1003 2780 1029 2820 ιι
1059 2782 1201 2840 aeris
1227 2785 1487 2854 crepitum
1525 2794 1580 2839 et
1614 2786 1745 2840 arti-

155 2870 327 2925 culati
350 2871 614 2926 sermonis
635 2872 972 2939 obsequium,
995 2873 1330 2943 publicamus
1348 2890 1562 2931 sensum
1585 2879 1747 2934 corde

153 2966 507 3029 conceptum.
553 2960 620 3014 Et
649 2963 920 3030 quomodo
949 2980 1055 3019 non
1102 2964 1338 3020 insanire
1380 2966 1635 3023 dicendus
1664 2977 1748 3023 est

153 3051 251 3122 qui
276 3049 449 3105 Deum
470 3051 664 3108 talibus
686 3052 876 3108 oﬂiciis
897 3055 1134 3122 indigere
1154 3059 1464 3125 pronuntiat
1483 3058 1550 3112 ad
1571 3059 1749 3129 expla-

1842 1880 1962 1934 οωιὶ
1992 1888 2133 1943 sunt,
2159 1895 2463 1948 quanquam
2492 1880 2792 1949 philosophi
2823 1880 2890 1934 de
2920 1880 3059 1935 cmlo
3081 1880 3421 1949 disputantes

1844 1971 2173 2026 tolerabilius
2225 1969 2243 2010 τ
2293 1973 2636 2039 acquiescent
2674 1971 2881 2038 linguas
2929 1987 3054 2026 suas
3094 1971 3420 2026 truncandas

1843 2077 2134 2132 exponere,
2158 2078 2317 2131 quam
2337 2070 2399 2116 ut
2425 2062 2560 2116 duos
2578 2062 2743 2117 eteius
2763 2078 2880 2117 esse
2900 2063 3214 2117 concedant.
3241 2062 3417 2116 Unum
3436 2092 3441 2099 -

1844 2155 1987 2208 enim
2035 2159 2278 2208 asserunt
2323 2152 2537 2218 ctelum,
2569 2152 2722 2221 cujus
2768 2161 3012 2206 naturam
3059 2153 3280 2206 minime
3307 2152 3422 2221 pati

1844 2241 2196 2308 conﬁrmant,
2223 2250 2282 2296 ut
2309 2243 2600 2298 secundum
2647 2243 2734 2297 vel
2780 2243 2996 2297 tertium
3043 2242 3321 2311 adjiciatur
3345 2242 3421 2308 ei,

1844 2334 2116 2404 quoniam,
2140 2334 2405 2403 inquiunt,
2429 2340 2542 2388 tota
2561 2334 2681 2388 cteli
2711 2334 3009 2388 substantia
3037 2335 3089 2388 in
3108 2334 3266 2389 unius
3287 2349 3423 2388 con-

1844 2423 2162 2479 formatione
2189 2431 2505 2493 consumpta
2533 2431 2634 2479 est.
2672 2422 2952 2491 Singulare
2988 2438 3219 2492 namque
3247 2422 3424 2477 ferunt

1845 2529 2038 2583 corpus
2057 2528 2174 2569 esse
2198 2513 2461 2579 vertibile,
2486 2520 2740 2581 certoque
2768 2513 2970 2567 ambitu
2990 2513 3428 2582 circumseptum,

1847 2604 1992 2674 quod
2010 2605 2134 2672 quia
2163 2604 2216 2659 in
2244 2603 2401 2673 primi
2423 2603 2547 2660 coeli
2566 2603 2840 2658 creatione
2865 2601 3111 2672 profecit,
3135 2602 3264 2656 nihil
3287 2610 3312 2648 ε
3335 2616 3427 2656 re-

1848 2694 1980 2762 liqui
2009 2708 2129 2749 esse
2157 2693 2225 2747 ad
2253 2693 2475 2748 secundi
2523 2693 2607 2747 vel
2652 2692 2797 2747 tertii
2824 2693 3288 2762 compositionem.
3317 2689 3428 2747 Sed

1846 2785 1960 2840 huic
1979 2785 2220 2839 dicentes
2241 2784 2520 2839 materiam
2539 2783 2824 2852 quamdam
2846 2783 3136 2851 ingenitam
3149 2779 3427 2837 Conditori

1848 2876 2138 2944 opinantur
2166 2873 2421 2938 habitam,
2446 2889 2512 2928 ex
2530 2873 2703 2942 prima
2731 2870 3071 2927 fabulositate
3090 2869 3426 2938 sequentium

1847 2965 2122 3022 mendacia
2143 2967 2507 3019 contexentes.
2525 2961 2634 3017 Nos
2653 2968 2829 3016 autem
2850 2970 3097 3028 rogamus
3115 2957 3427 3013 Graecorum

1849 3057 2218 3127 philosophos,
2251 3071 2358 3110 non
2378 3052 2407 3092 ιι
2430 3062 2587 3108 antea
2615 3060 2800 3108 nostra
2820 3050 3233 3122 reprehendere,
3262 3056 3424 3119 quam

153 3140 338 3195 nanda
367 3155 488 3210 qua:
515 3142 746 3209 cogitat;
789 3158 911 3198 cum
954 3146 1124 3214 magis
1167 3146 1314 3215 pium
1361 3148 1431 3202 sit
1477 3163 1736 3214 asserere,
1770 3133 1816 3197 C
1847 3146 1986 3200 inter
2025 3159 2084 3200 se
2124 3145 2340 3199 valeant
2384 3144 2483 3213 ipsi
2533 3150 2718 3197 tenere
2759 3140 3120 3196 concordiam.
3175 3138 3426 3194 Nonnulli

154 3232 287 3299 quia
334 3232 583 3286 voluntas
610 3232 821 3297 divina,
864 3243 919 3289 et
946 3236 1092 3304 prior
1118 3237 1348 3307 impetus
1373 3240 1565 3293 mentis
1603 3241 1737 3307 ejus,

155 3320 401 3375 Verbum
428 3329 512 3375 est
540 3321 672 3376 Dei?
711 3322 863 3389 Quod
893 3324 1015 3379 ideo
1044 3326 1097 3380 in
1126 3328 1306 3396 specie
1343 3328 1569 3397 quadam
1594 3328 1741 3384 Scri-
1766 3376 1767 3379 η

152 3418 320 3479 plura
350 3408 623 3477 ﬁguravit,
656 3417 714 3465 ut
742 3412 1050 3469 ostenderet
1088 3416 1212 3484 quia
1262 3432 1371 3471 non
1417 3417 1588 3471 solum
1628 3417 1741 3472 ﬁeri

154 3498 335 3553 voluit
358 3507 680 3566 creaturam,
707 3500 801 3555 sed
831 3503 996 3556 etiam
1022 3514 1043 3542 ο
1069 3505 1249 3573 aliquo
1269 3514 1594 3574 cooperante
1620 3520 1743 3577 per-

152 3591 307 3645 fecit.
338 3587 563 3645 Poterat
588 3593 731 3647 enim
760 3593 898 3650 sicut
925 3610 994 3649 ex
1022 3595 1174 3651 initio
1202 3596 1269 3652 de
1296 3598 1543 3653 omnibus
1571 3598 1742 3653 histo-

153 3682 338 3746 ricus,
367 3687 424 3736 et
463 3680 626 3736 modo
654 3680 889 3750 referre,
931 3686 1057 3755 quia
1084 3687 1138 3739 in
1166 3688 1420 3758 principio
1458 3690 1579 3760 fecit
1604 3688 1742 3744 Deus

150 3771 371 3836 emtum,
401 3770 597 3827 deinde
624 3773 744 3843 fecit
781 3773 970 3840 lucem,
1014 3782 1070 3830 et
1106 3786 1294 3845 postea
1322 3779 1742 3848 ﬁrmamentum:

153 3876 307 3919 nunc
336 3868 516 3916 autem
544 3861 714 3919 Deum
757 3862 1035 3933 jubentem
1086 3875 1141 3921 et
1185 3868 1491 3937 loquentem
1534 3871 1745 3927 videtur

154 3953 438 4018 inducere,
462 3954 612 4010 nullo
634 3971 732 4010 nos
751 3956 1047 4027 impediens
1067 3958 1270 4015 fascino
1284 3964 1570 4031 quominus
1590 3964 1746 4018 vesti-

155 4043 262 4111 giis
290 4041 318 4081 δ
348 4043 666 4113 iudiciisque
693 4046 956 4116 perducti,
992 4048 1061 4103 ad
1086 4052 1601 4120 contemplationem
1631 4054 1747 4123 ejus
1776 4098 1779 4101 .

155 4133 252 4206 qui
283 4141 366 4189 est
387 4133 669 4190 ineffabilis
688 4138 983 4194 veniamus.
1011 4137 1140 4205 Quae
1160 4142 1302 4207 enim
1322 4142 1505 4198 labore
1523 4145 1745 4213 quiesita

157 4231 311 4288 sunt,
344 4232 399 4278 et
422 4223 658 4292 jucunde
686 4228 1073 4297 percipiuntur,
1105 4237 1161 4285 et
1186 4230 1586 4300 diligentissime
1617 4250 1748 4290 con-

156 4322 464 4370 servantur.
482 4315 617 4369 Nam
630 4331 858 4386 quorum
880 4318 1050 4374 facilis
1063 4320 1290 4376 habetur
1309 4322 1542 4392 adeptio,
1560 4339 1746 4379 eorum

156 4406 278 4461 sine
326 4405 490 4461 dubio
536 4406 808 4463 fastidiosa
850 4410 1122 4479 possessio
1163 4420 1278 4476 est,
1325 4423 1607 4483 propterea
1649 4432 1749 4471 nos

1844 3232 1987 3291 enim
2007 3249 2073 3289 ex
2102 3235 2184 3288 his
2206 3228 2438 3288 infinitos
2467 3247 2586 3287 esse
2613 3232 2781 3287 ctelos
2807 3239 3082 3294 asserunt,
3113 3238 3170 3284 et
3195 3228 3426 3283 mundos

1856 3324 2272 3379 innumerabiles
2305 3340 2317 3376 :
2350 3332 2574 3392 Quorum
2599 3321 2813 3390 quando
2833 3319 3193 3375 malesuadam
3220 3318 3428 3388 profes-

1844 3416 2054 3472 sionem
2083 3415 2453 3484 superaverint
2488 3413 2743 3477 acriores,
2772 3406 3180 3482 probationibus
3204 3409 3425 3479 quibus-

1844 3508 1969 3564 dam
1998 3523 2063 3563 ex
2090 3507 2397 3575 geometriae
2425 3505 2742 3560 necessitate
2768 3502 3033 3568 collectis,
3064 3514 3248 3557 rursus
3275 3499 3425 3554 afﬁr-

1845 3614 1993 3654 mare
2020 3613 2080 3654 se
2106 3605 2316 3668 putant,
2358 3611 2424 3651 eo
2452 3595 2593 3666 quod
2640 3603 2830 3649 natura
2860 3608 2966 3647 non
2996 3591 3165 3656 ferat,
3195 3598 3254 3645 ut
3281 3588 3424 3645 aliud

1846 3690 2043 3747 emtum
2085 3696 2281 3758 praeter
2325 3703 2490 3742 unum
2535 3686 2781 3755 generari
2827 3684 3081 3755 potuerit.
3120 3684 3136 3721 ί
3171 3681 3278 3737 Sed
3329 3696 3426 3736 eos

1845 3788 1976 3836 tunc
2000 3779 2172 3849 magis
2213 3793 2314 3834 nos
2360 3778 2472 3833 risu
2520 3777 2711 3845 dignos
2754 3775 3010 3837 dicimus,
3040 3772 3271 3828 maxime
3296 3771 3424 3840 quia

1846 3869 2093 3926 videntur
2119 3884 2260 3940 saepe
2287 3883 2503 3938 quoque
2546 3869 2601 3923 in
2649 3882 2787 3937 aqua
2834 3865 2947 3921 ﬁeri
2993 3865 3240 3937 plurimi,
3282 3862 3426 3919 unde

1845 3961 2194 4017 dubitandum
2247 3976 2355 4016 non
2409 3968 2493 4015 est
2543 3960 2611 4014 de
2654 3958 2996 4014 multitudine
3041 3957 3334 4021 cmlorum,
3365 3960 3425 4010 et

1846 4054 1990 4123 quod
2017 4053 2192 4108 vivida
2221 4053 2452 4108 creatrix
2482 4052 2721 4106 omnium
2746 4050 2938 4116 Virtus,
2983 4050 3036 4104 in
3062 4063 3251 4105 eorum
3288 4062 3424 4103 con-

1847 4142 2142 4197 structione
2168 4139 2458 4206 suﬁ'ecerit,
2480 4155 2708 4211 quorum
2737 4135 3104 4194 fo'i'titudinem
3133 4146 3188 4193 et
3212 4137 3425 4205 magni-

1849 4235 2108 4298 tudinem,
2134 4234 2177 4288 si
2203 4232 2298 4287 Dei
2318 4232 2610 4301 potentiam
2636 4230 2981 4300 contemplati
3020 4228 3293 4292 fuerimus,
3316 4243 3428 4282 non

1849 4327 2225 4382 arbitrabimur
2250 4325 2549 4393 discrepare
2588 4339 2618 4377 a
2646 4322 2792 4377 fluxu
2819 4321 3060 4390 liquoris,
3092 4319 3183 4390 qui
3211 4333 3331 4373 cum
3371 4318 3426 4371 in

1849 4434 2018 4473 vacua
2046 4432 2172 4471 vasa
2199 4415 2529 4480 diffunditur,
2557 4413 2874 4483 quibusdam
2907 4411 3172 4465 interdum
3191 4407 3427 4462 reﬁatio-

158 4497 438 4552 tramitem
478 4513 620 4553 veru:
645 4500 871 4556 rationis
912 4502 1203 4570 ingressos,
1249 4504 1318 4559 ad
1362 4507 1749 4576 explorandum
1781 4500 1824 4557 Ι)
1853 4510 2009 4563 nibus
2039 4506 2361 4566 intumescit.
2410 4505 2552 4573 Ergo
2581 4504 2796 4559 risibilis
2832 4517 3018 4557 eorum
3060 4498 3272 4569 penitus
3298 4512 3426 4568 pro-

158 4654 299 4708 cm’m
330 4668 432 4705 res.
458 4650 736 4719 Vulgatam
762 4652 1050 4723 lectionem
1077 4656 1411 4712 retinendam
1441 4674 1742 4723 censemus,

160 4725 242 4778 sic
270 4730 451 4797 tamen
482 4729 540 4797 ut
568 4721 784 4797 aliquod
812 4725 1033 4797 verbum
1066 4735 1188 4794 post
1215 4743 1401 4782 vocem
1427 4721 1747 4797 omnipotens

160 4792 498 4865 suppleatur,
522 4792 625 4846 hoc
651 4792 841 4865 modo:
860 4792 1111 4865 Dominus
1138 4798 1454 4865 omnipotens
1485 4792 1747 4853 submove-

163 4863 255 4935 bit,
299 4870 589 4935 opportune
615 4862 837 4935 scilicet,
869 4870 974 4917 etc.
1006 4863 1138 4935 Nam
1168 4862 1366 4935 aliquid
1412 4868 1516 4921 hoc
1544 4868 1663 4924 loco
1692 4877 1750 4923 et

165 4933 218 4986 in
246 4932 410 5004 editis
437 4940 492 4984 et
520 4931 571 4983 in
602 4946 729 5004 mss.
760 4932 946 5004 deesse
975 4933 1057 4986 vel
1088 4950 1229 4989 c:cco
1255 4931 1496 5004 apparet.

237 5013 262 5037 ι·
294 5000 451 5054 Colb.
481 5001 766 5065 secundus,
797 5002 1017 5055 creditur
1038 5000 1323 5058 absentatd.

237 5070 263 5109 ι’
294 5070 441 5141 [dem
472 5070 663 5141 codex,
691 5088 780 5140 per
808 5071 1222 5141 aerisspirilum.

240 5151 263 5180 ε
296 5139 439 5193 Editi
480 5147 536 5193 et
562 5138 668 5193 duo
691 5138 849 5205 'mss.,
887 5138 1058 5212 aliqua
1088 5153 1349 5211 aperaute.
1374 5142 1527 5198 Colb.
1555 5159 1748 5198 secun-

168 5211 295 5272 dus,
329 5218 638 5280 cooperante
661 5227 677 5263 :
702 5212 924 5264 verbum
951 5226 1050 5280 pro
1082 5212 1244 5266 verbo
1263 5254 1278 5279 ,
1310 5229 1431 5268 cum
1461 5214 1644 5268 Gratce
1675 5218 1750 5268 lc-
1788 5258 1793 5263 .

168 5279 437 5355 seton-35d.
464 5287 896 5355 map-avemus.

169 5347 475 5473 édtflditi,
526 5347 830 5421 iudiciisque
875 5350 1132 5421 producti.
1180 5349 1323 5406 Libri
1367 5359 1598 5414 veteres,
1627 5369 1745 5422 per-

206 5435 266 5472 uc
293 5436 329 5471 ι.

206 5420 329 5472 ucti.

244 5487 442 5559 '_l§1diti
462 5527 477 5551 ,
509 5488 1022 5559 cum_destinationis
1050 5499 1402 5559 cooperantem
1432 5488 1609 5558 latere,
1639 5497 1744 5545 etc.

170 5556 238 5611 At
266 5556 421 5632 C_o|b_.
454 5557 737 5632 secundus,
769 5577 884 5614 cum
912 5556 1186 5632 destinatio
1211 5560 1536 5632 cogitationis
1567 5556 1745 5625 latere,

169 5638 277 5682 etc.
299 5627 379 5683 ita
399 5627 543 5680 hunc
566 5627 738 5682 locum
763 5630 1049 5685 emendare
1077 5637 1255 5683 conati
1278 5627 1483 5692 sumus,
1511 5639 1586 5694 ut,
1618 5645 1751 5683 voce

169 5705 533 5773 cwperautem
562 5708 789 5770 retenta,
839 5716 937 5773 pro
978 5700 1349 5771 destinationis
1383 5700 1757 5769 scripserimus

1849 4673 1917 4714 ex
1944 4657 2098 4712 Colb.
2133 4657 2386 4722 secundo,
2416 4657 2691 4711 destinatio
2721 4653 3063 4725 cogitationis.

1924 4726 1945 4767 τ
1977 4728 2129 4783 Colb.
2154 4719 2434 4790 secundus,
2458 4719 2847 4797 acquiescerent.
2880 4723 2997 4797 Nec
3018 4724 3092 4797 ita
3111 4719 3279 4797 multo
3303 4728 3427 4797 post

1850 4798 1990 4852 idem
2037 4798 2223 4861 codex,
2266 4798 2321 4849 in
2347 4799 2499 4850 unius
2527 4790 2936 4865 conﬁrmatione.
2966 4790 3203 4845 Subinde
3226 4790 3317 4845 hic
3337 4790 3426 4846 ille

1850 4870 1966 4936 ipse
1980 4867 2182 4936 podex,
2206 4865 2395 4918 ambitu
2421 4864 2878 4936 circumscriptum.

1924 4947 1947 4982 ε
1979 4935 2137 4998 Editi,
2162 4936 2344 5005 reliqui
2371 4943 2466 4987 est.
2493 4934 2560 5005 At
2581 4929 2749 5005 nostri
2772 4929 3267 5005 tres_mss.,__r_eliqui
3293 4945 3424 4983 esse.

1924 5004 1950 5042 ιι
1983 5005 2181 5058 Vocem
2211 4999 2389 5058 nostra
2419 5020 2483 5056 ex
2519 5001 2672 5057 Colb.
2705 5000 2943 5055 secundo
2965 4999 3281 5053 addidimus.

1934 5074 1947 5112 ί
1982 5074 2141 5137 Editi,
2165 5074 2255 5127 sed
2282 5090 2366 5127 eos
2398 5082 2538 5126 tanto
2559 5073 2724 5142 magis
2749 5068 3125 5142 risu.Antiqui
3154 5067 3260 5121 duo
3285 5066 3426 5142 libri,

1852 5146 1942 5199 sed
1961 5162 2048 5197 eos
2069 5136 2186 5195 tunc
2213 5144 2377 5213 magis
2399 5159 2491 5194 nos
2520 5136 2779 5205 risuietc.
2804 5141 3105 5213 eliquanto
3134 5145 3257 5213 post
3277 5136 3425 5200 editi,

1851 5225 1901 5267 et
1924 5214 2089 5268 vivida
2110 5206 2335 5266 creatria;
2357 5215 2581 5265 omnium
2600 5214 2777 5264 virtus.
2795 5206 2946 5263 Colb.
2965 5206 3228 5263 secundus
3247 5220 3427 5259 secun-

1852 5284 1934 5337 dis
1961 5283 2121 5344 curis,
2171 5292 2220 5335 et
2248 5298 2314 5335 an
2357 5283 2582 5334 creatrix
2628 5280 2853 5333 omnium
2895 5278 3073 5332 uirtus.
3126 5274 3303 5344 Vetus,
3344 5275 3428 5329 hic

1853 5362 2037 5407 noster
2074 5342 2269 5422 codex,
2308 5359 2358 5405 et
2394 5349 2731 5422 quod_vivi_da
2769 5348 3013 5422 creatrix,
3053 5342 3347 5422 etc._Sed_,_
3374 5350 3432 5401 ut

1794 5481 1798 5485 I
1854 5438 2035 5476 verum
2067 5413 2264 5485 fatear,
2285 5437 2389 5475 vox
2406 5413 2546 5491 'quod
2565 5418 2760 5487 scripta
2783 5417 2937 5491 estin
2962 5421 3149 5491 nostro
3172 5413 3276 5491 hoc
3297 5413 3433 5491 libro

1857 5492 2109 5546 secundis
2137 5483 2305 5556 curis;
2337 5483 2433 5545 sic'
2461 5498 2636 5543 tamen
2667 5483 2727 5542 ut
2771 5486 2949 5540 addita
2994 5485 3065 5539 sit
3109 5483 3431 5556 autcadem

1857 5576 2038 5640 manu,
2062 5568 2155 5614 aut
2173 5552 2319 5618 certe
2345 5559 2730 5630 antiquissima.
2756 5557 2886 5614 Eam
2920 5569 3104 5613 vocem
3134 5552 3430 5608 addendam

1857 5645 2181 5687 CCHSUImUS.
