3824 6214
364 300 473 357 895

1284 289 1623 352 APPENDIX
1666 287 1955 346 OPERUM
1996 287 2055 341 S.
2096 285 2347 341 BASILII
2385 283 2623 343 MAGNI.

3511 285 3631 345 836

365 416 561 489 positio
600 422 714 481 est,
754 414 821 471 de
849 412 1229 484 omnipotentis
1270 412 1696 482 impossibilitate
1723 420 1938 466 certan-
1967 418 2011 471 A
2043 427 2171 465 vero
2214 411 2325 467 suis
2359 413 2560 468 habere
2601 413 2896 484 planitiem.
2925 411 3150 467 Cessent
3176 425 3304 480 ergo
3330 424 3495 479 super
3520 411 3638 463 hoc

355 522 513 574 tium.
533 514 697 587 717
717 512 826 567 Nos
845 521 1025 565 autem
1041 518 1249 561 tantum
1264 508 1523 561 absumus
1541 506 1779 561 secundo
1798 507 1940 561 caelo

364 599 665 653 discredere
689 614 702 649 :
725 596 849 664 quia
872 602 928 650 et
955 596 1168 649 tertium
1189 595 1518 664 prolitemur,
1559 593 1713 662 cujus
1739 595 1938 649 beatis-

362 690 525 743 simus
544 685 739 740 Paulus
760 701 866 740 non
886 695 967 740 est
981 685 1253 745 fraudatus
1273 694 1492 756 aspectu
1508 685 1597 758 (ΙΙ
1612 685 1730 740 Cor.
1748 703 1837 748 xu,
1853 685 1932 757 2).

361 778 494 834 Nam
521 778 757 848 psalmus
793 780 1071 832 nominans
1100 779 1355 834 caelorum
1385 780 1551 833 caelos
1584 780 1745 833 etiam
1775 780 1939 848 pluri-

362 884 571 923 morum
600 869 755 923 nobis
783 868 994 936 subjicit
1022 869 1370 923 intellectum.
1413 868 1522 922 Nec
1561 875 1740 921 tamen
1771 868 1938 922 admi-

360 960 583 1014 rabilior
612 960 711 1014 ista
753 960 996 1028 quaestio,
1025 968 1229 1029 septem
1274 960 1378 1014 illis
1409 969 1433 996 ι
1463 960 1681 1014 orbibus
1708 959 1934 1022 videtur.

361 1048 654 1105 secundum
680 1063 817 1117 quos
845 1048 970 1103 ferri
1013 1058 1216 1118 septem
1245 1050 1444 1112 stellae,
1476 1059 1835 1120 consonanter
1872 1050 1938 1103 ab

361 1140 610 1194 omnibus
654 1139 1008 1208 praedicantur
1049 1158 1062 1192 :
1103 1155 1239 1208 quos
1267 1140 1425 1194 etiam
1453 1140 1761 1194 reconditos
1790 1141 1841 1193 in
1880 1155 1939 1193 se

361 1229 563 1295 dicunt,
595 1229 841 1299 exemplo
883 1229 1136 1283 cadorum
1181 1245 1288 1283 uno
1312 1245 1475 1298 super
1500 1230 1661 1283 alium
1689 1229 1940 1283 commis-

360 1335 563 1386 sorum,
587 1328 641 1373 et
668 1335 760 1374 eos
783 1321 1066 1375 contrariis
1102 1320 1358 1393 adversus
1394 1336 1452 1375 se
1480 1321 1713 1375 motibus
1742 1321 1938 1391 impul-

361 1427 471 1475 sos,
509 1420 563 1465 et
589 1420 741 1466 acuta
770 1427 890 1466 cum
917 1413 1165 1480 gravibus
1203 1420 1590 1482 temperantes,
1620 1421 1937 1467 concentum

361 1501 647 1569 quemdam
687 1509 741 1555 et
767 1502 1059 1555 harmonim
1099 1502 1269 1556 melos
1309 1500 1534 1556 reddere
1561 1501 1716 1556 dulce
1744 1501 1941 1556 contir-

361 1596 530 1644 mant.
556 1589 823 1660 Cujusﬂ'rei
847 1600 1157 1654 assertores,
1184 1606 1305 1645 cum
1336 1590 1496 1645 ﬁdem
1526 1591 1792 1645 dictorum
1814 1606 1939 1646 suo-

361 1695 479 1733 rum
509 1681 718 1734 ratione
762 1681 1060 1734 communis
1094 1695 1282 1735 sensus
1318 1681 1617 1750 approbare
1655 1689 1935 1748 cogantur,

2038 503 2194 557 nohis
2221 503 2542 558 calumniam
2580 519 2854 573 generare,
2882 504 3147 573 jactantes
3172 501 3313 571 quod
3343 515 3481 568 aqua
3514 515 3636 553 non

2038 596 2207 663 possit
2248 594 2302 648 in
2342 594 2707 664 superioribus
2733 594 2977 665 partibus
3011 592 3293 648 contineri.
3335 588 3635 658 Reliquum

2038 694 2119 741 est
2147 694 2205 740 ut
2233 686 2441 741 dicatur
2464 700 2584 755 qua:
2614 694 2804 739 natura
2826 685 2895 739 sit
2918 683 3257 746 ﬁrmamenti,
3281 690 3337 735 et
3364 680 3518 749 cujus
3545 681 3631 734 rei

2037 777 2204 845 gratia
2234 775 2568 832 intercedere
2595 784 2794 830 statuta
2843 782 2923 830 est
2969 775 3139 843 aquis.
3173 772 3427 827 Solenme
3462 770 3631 839 igitur

2037 864 2324 935 Scripturzn
2346 872 2427 920 est
2451 865 2503 919 in
2533 866 2706 920 causis
2733 867 2929 919 virtute
2948 862 3342 934 praestantibus,
3369 861 3480 915 hme
3508 876 3635 929 pro-

2037 954 2196 1021 ferre,
2220 956 2363 1010 velut
2391 956 2436 1009 si
2457 955 2661 1011 dicatur
2681 974 2693 1008 :
2712 953 2963 1009 Dominus
2983 955 3363 1024 ﬁrmamentum
3388 967 3559 1004 meum
3577 960 3636 1002 et

2036 1046 2288 1118 refugium
2308 1064 2474 1101 meum
2504 1045 2676 1117 (Psal.
2709 1063 2835 1113 xvn,
2868 1045 2945 1117 5).
2978 1045 3045 1098 Et
3073 1044 3197 1098 alibi
3227 1061 3240 1096 :
3274 1042 3386 1114 Ego
3415 1043 3629 1113 firmavi

2038 1125 2299 1191 columnas
2323 1138 2436 1208 ejus
2468 1136 2641 1209 (Psal.
2684 1155 2860 1202 Lxxw,
2897 1137 2974 1208 4).
3006 1135 3112 1190 Et:
3146 1134 3381 1188 Laudate
3418 1149 3537 1186 eum
3566 1135 3632 1186 in

2037 1228 2362 1299 ﬁrmamento
2403 1231 2646 1299 potentia:
2673 1245 2781 1282 suae
2811 1227 2983 1299 (Psal.
3021 1243 3105 1291 CL,
3139 1226 3213 1294 l).
3241 1223 3310 1277 Et
3340 1222 3634 1278 saeculares

2037 1318 2251 1386 quidem
2297 1316 2507 1372 ﬁrmum
2548 1333 2743 1388 corpus
2780 1318 2984 1385 dicunt,
3016 1317 3169 1387 quasi
3204 1315 3630 1378 condensatum;

2038 1416 2093 1462 et
2120 1408 2358 1462 referunt
2385 1408 2529 1476 quod
2558 1407 2625 1462 ad
2657 1407 3054 1463 distinctionem
3096 1404 3463 1461 mathematici
3501 1419 3634 1459 cor-

2037 1501 2184 1570 poris
2231 1499 2525 1567 indicatur;
2575 1499 2716 1554 aliud
2758 1508 2840 1556 est
2878 1501 3019 1555 enim
3065 1498 3525 1561 mathematicum,
3570 1503 3635 1550 et

2039 1589 2180 1643 aliud
2210 1589 2351 1658 quod
2380 1590 2780 1645 intervallorum
2805 1590 3115 1660 prolixitate
3142 1589 3402 1652 subsistit,
3437 1586 3490 1641 id
3519 1592 3630 1652 est,

2038 1678 2091 1733 in
2114 1678 2393 1733 altitudine
2413 1687 2467 1733 et
2494 1679 2773 1734 latitudine
2799 1679 3112 1735 distensum.
3137 1678 3290 1744 Quod
3319 1686 3499 1733 autem
3532 1676 3633 1731 ﬁr-

361 1769 467 1823 hoc
492 1768 675 1822 dicunt
703 1769 826 1837 quia
852 1785 947 1837 per
973 1778 1209 1824 veterem
1234 1770 1673 1826 consuetudinem
1698 1769 1727 1809 b
1750 1771 1938 1825 intenti
1972 1777 2010 1834 Β
2039 1784 2183 1822 mum
2213 1776 2314 1835 est,
2345 1784 2466 1823 cum
2494 1771 2564 1823 sit
2592 1768 2621 1805 ιι
2653 1768 2977 1838 disjunctum
3020 1770 3227 1839 spatiis,
3269 1769 3432 1823 etiam
3473 1768 3633 1823 duri-

362 1855 599 1917 auribus,
632 1870 757 1923 erga
783 1857 1044 1925 crepitum
1073 1858 1220 1911 illum
1250 1859 1340 1926 qui
1362 1874 1428 1913 ex
1461 1859 1632 1928 prima
1661 1860 1941 1914 nativitate

362 1945 624 2011 resonuit,
650 1962 746 2000 usu
782 1946 1115 2015 quotidiano,
1146 1948 1481 2016 oppletarum
1511 1948 1714 2001 aurium
1752 1962 1941 2004 sensus

360 2034 661 2101 obsurduit,
705 2043 867 2104 atque
913 2036 1035 2091 ideo
1081 2038 1256 2091 minus
1299 2037 1631 2091 harmoniam
1658 2052 1939 2107 possumus

363 2126 682 2191 auscultare,
731 2126 870 2180 sicut
913 2126 967 2180 in
1014 2126 1224 2181 ofﬁcina
1272 2127 1467 2191 fabrili,
1498 2126 1722 2181 assiduis
1750 2128 1940 2182 ictibus

361 2216 695 2284 operantium
739 2224 995 2271 contusus
1042 2217 1282 2272 hebescit
1329 2218 1560 2273 auditus.
1610 2217 1808 2272 Verum
1839 2219 1935 2274 has

362 2305 760 2360 satculariorum
806 2315 828 2345 ε
861 2306 1144 2361 meditatas
1175 2309 1397 2363 astutias
1421 2308 1523 2363 illis
1553 2317 1782 2363 tractare
1813 2325 1939 2379 per-

362 2393 669 2460 mittentes,
718 2410 818 2449 nos
869 2394 938 2449 ad
990 2410 1290 2451 sermonem
1337 2398 1620 2452 redeamus
1666 2398 1937 2453 Ecclesiae.

364 2481 571 2537 Dictum
595 2490 679 2537 est
705 2484 884 2553 itaque
912 2499 943 2537 a
971 2487 1385 2554 praecessoribus
1425 2488 1625 2542 nostris
1642 2527 1657 2550 ,
1687 2504 1791 2543 non
1821 2504 1941 2543 esse

362 2571 505 2626 hanc
544 2573 764 2627 secundi
808 2574 931 2628 coeli
971 2574 1327 2640 creationem,
1375 2575 1470 2629 sed
1507 2576 1700 2644 prioris
1728 2579 1942 2646 exposi-

362 2659 584 2714 tionem.
606 2660 683 2715 lhi
703 2662 846 2716 enim
866 2663 1091 2732 carptim
1114 2662 1386 2731 Scriptura
1406 2665 1590 2718 retulit
1609 2666 1730 2719 caeli
1760 2673 1941 2720 terrae-

362 2763 467 2818 que
486 2750 772 2816 facturam;
796 2752 883 2806 hic
902 2752 1162 2806 curiosius
1184 2754 1445 2807 rationem
1466 2751 1493 2789 ἀ
1521 2752 1738 2807 tradidit
1763 2753 1938 2818 nobis,

363 2854 468 2909 qua
515 2842 927 2910 unumquodque
974 2841 1277 2897 confectum
1327 2844 1395 2897 sit
1440 2843 1783 2898 elementum.
1834 2843 1943 2898 Nos

362 2939 541 2986 autem
569 2933 794 2988 dicimus
821 2934 944 3003 quia
972 2933 1185 3002 quando
1210 2941 1266 2988 et
1295 2950 1486 2989 nomen
1522 2936 1687 3000 aliud,
1731 2945 1786 2990 et
1813 2951 1941 2991 usus

363 3023 616 3091 proprius
653 3030 737 3078 est
775 3025 827 3077 in
857 3024 1127 3090 secundo,
1160 3025 1300 3079 aliud
1333 3042 1450 3081 esse
1479 3029 1778 3082 necessario
1815 3028 1941 3083 illud

2041 1862 2171 1915 tiam
2207 1859 2459 1929 possidet.
2492 1858 2600 1914 Sed
2632 1859 2907 1931 Scriptura
2943 1860 3221 1915 consuevit
3257 1859 3388 1913 illud
3424 1874 3635 1929 corpus

2041 1950 2184 2020 quod
2211 1958 2294 2005 est
2319 1950 2554 2005 validum
2583 1952 2737 2006 nimis
2766 1958 2820 2005 et
2847 1951 3073 2006 solidum
3102 1965 3297 2006 vocare
3328 1948 3637 2005 ﬁrmamen-

2040 2050 2176 2109 tum,
2220 2043 2359 2096 sicut
2395 2050 2450 2095 et
2487 2057 2665 2096 aerem
2695 2057 2934 2097 crassum
2974 2049 3030 2095 et
3078 2048 3386 2097 concretum
3433 2038 3633 2095 eodem

2040 2135 2179 2189 solet
2208 2135 2402 2203 sepius
2432 2134 2701 2203 appellare
2728 2134 3009 2198 vocabulo,
3043 2148 3162 2188 cum
3192 2132 3321 2187 dicit
3350 2150 3361 2184 :
3388 2129 3489 2195 Qui
3529 2131 3634 2201 ﬁr-

2040 2226 2200 2279 mavit
2241 2225 2522 2280 tonitruum
2566 2224 2743 2294 (Amas
2785 2240 2856 2289 Iv,
2908 2223 3019 2292 15).
3065 2222 3431 2293 Spissitudinis
3477 2222 3629 2277 enim

2039 2315 2310 2381 duritiem,
2334 2315 2458 2383 quia
2484 2315 2697 2385 spiritus
2724 2322 3019 2383 conceptus
3053 2315 3105 2368 in
3147 2314 3375 2368 nubibus
3419 2312 3630 2367 violen-

2041 2413 2227 2475 terque
2254 2414 2542 2476 proruptus
2567 2402 2732 2459 efﬁcit
2756 2420 2947 2460 sonum
2975 2404 3337 2469 tonitrualem,
3366 2403 3632 2458 ﬁ'rmatio-

2040 2512 2164 2550 nem
2183 2496 2473 2552 tonationis
2501 2497 2752 2565 appellat.
2784 2493 2800 2532 ί
2827 2493 2983 2549 Unde
3003 2510 3144 2549 nunc
3163 2509 3377 2563 quoque
3398 2493 3631 2547 arbitra-

2039 2598 2160 2639 mur
2193 2586 2245 2639 in
2285 2586 2460 2654 aliqua
2508 2582 2808 2639 ﬁrmissima
2848 2593 3059 2648 natura,
3100 2592 3337 2658 meatum
3364 2598 3631 2652 aquarum

2040 2678 2554 2745 lubricationemque
2569 2677 2882 2737 consistere,
2904 2684 2957 2729 et
2973 2684 3280 2730 contentam
3296 2675 3447 2729 vocis
3465 2672 3630 2743 hujus

2040 2770 2296 2836 repagula
2320 2768 2589 2833 sustineri,
2618 2768 2871 2836 quoniam
2892 2766 2958 2821 de
2983 2781 3238 2835 aquarum
3261 2765 3629 2821 communium

2042 2861 2276 2915 editione
2315 2861 2646 2914 nativitatem
2677 2858 2912 2913 creditur
2947 2858 3213 2923 habuisse,
3245 2857 3328 2910 vel
3355 2865 3501 2912 certe
3525 2856 3630 2910 hu-

2043 2952 2179 3005 mori
2209 2951 2490 3018 coagulato
2518 2949 2746 3003 similem
2777 2963 2896 3003 esse
2925 2948 3175 3002 convenit
3203 2948 3469 3000 aestimare
3495 2964 3508 2999 :
3531 2954 3632 3003 aut

2041 3041 2301 3109 ejusmodi
2347 3040 2504 3096 alicui
2533 3041 2789 3105 materiae,
2822 3054 2940 3107 quae
2978 3054 3045 3093 ex
3081 3037 3363 3093 diﬁ'usione
3401 3037 3629 3106 liquoris

365 3120 391 3149 '
413 3111 557 3179 ("30d
603 3113 777 3181 Primo
823 3112 1019 3168 ίθοῑυῐη
1065 3122 1149 3169 εει
1192 3115 1385 3169 (mlum
1434 3116 1636 3171 habens
1680 3126 1924 3171 “almam
1955 3128 1999 3190 C
2026 3133 2252 3201 sumpsit
2282 3132 2559 3199 originem,
2587 3131 2758 3199 qualis
2785 3139 2865 3184 est
2889 3128 3079 3199 lapidis
3099 3136 3287 3182 natura
3308 3127 3631 3200 crystallini,

362 3202 694 3267 validiorem,
745 3217 863 3272 quae
905 3213 1124 3272 praestat
1170 3204 1329 3259 rebus
1375 3206 1623 3259 omnibus
1650 3207 1934 3263 utilitatem

362 3295 706 3365 praecipuam.

402 3398 413 3409 '
432 3384 485 3438 4.
523 3383 542 3423 ί
573 3383 643 3437 Et
680 3386 812 3438 dixit
844 3383 979 3438 Deus
1007 3402 1026 3439 :
1057 3383 1178 3439 Fiat
1206 3387 1605 3456 ﬁrmamentum,
1636 3399 1684 3443 et
1715 3398 1780 3443 stt
1808 3390 1937 3444 divi—

362 3475 487 3530 dens
514 3477 650 3530 inter
677 3492 860 3546 aquam
889 3485 937 3529 et
964 3492 1165 3547 aquam.
1200 3477 1364 3545 Igitur
1392 3487 1678 3547 antequam
1704 3480 1935 3535 radicem

362 3581 546 3621 eorum
587 3581 704 3635 quae
746 3567 941 3635 scripta
986 3575 1110 3621 sunt
1136 3568 1473 3636 attingamus,
1505 3572 1845 3639 experiamur
1871 3589 1935 3628 ea

360 3672 481 3728 qua:
526 3657 679 3712 nobis
724 3656 1022 3725 objicienda
1067 3665 1314 3726 putamus
1350 3659 1418 3713 ab
1453 3659 1572 3713 aliis
1609 3660 1929 3729 improbare.

360 3747 712 3804 Sciscitantur
756 3764 985 3818 namque
1028 3763 1147 3814 nos,
1192 3758 1573 3819 proponentes,
1624 3752 1668 3806 si
1716 3753 1934 3821 sphaerae

359 3838 533 3893 simile
558 3839 782 3892 habetur
802 3838 1116 3892 ﬁrmamenti
1143 3854 1357 3908 corpus,
1387 3840 1525 3894 sicut
1549 3842 1684 3896 visio
1713 3842 1824 3911 ipsa
1854 3851 1933 3897 te-

358 3935 548 3995 statur,
581 3938 607 3977 ε
635 3929 906 3998 quomodo
936 3927 1149 3983 ﬂuitans
1176 3944 1333 3998 aqua,
1364 3946 1679 4001 semperque
1707 3934 1772 3988 ad
1799 3934 1933 3989 infe-

358 4018 502 4073 riora
529 4018 885 4083 delubricans,
924 4025 1139 4088 poterat
1172 4018 1225 4072 in
1262 4019 1583 4087 globositate
1608 4024 1812 4077 curvati
1839 4022 1931 4076 ﬁr-

358 4111 612 4165 mamenti
652 4112 981 4166 consistere?
1029 4109 1165 4177 Quid
1209 4114 1628 4182 respondemus?
1659 4116 1783 4184 quia
1823 4132 1932 4171 non

358 4200 693 4266 omnimodis,
717 4199 859 4271 quod
888 4199 1097 4254 videtur
1125 4201 1278 4255 nobis
1305 4203 1715 4271 suspicientibus
1742 4206 1932 4259 intrin-

359 4303 515 4346 secus
534 4305 653 4346 esse
675 4290 926 4355 volubile,
956 4291 1059 4346 hoc
1086 4291 1246 4345 etiam
1275 4294 1608 4349 extrinsecus
1637 4298 1688 4350 in
1712 4298 1931 4366 sphaera:

359 4380 755 4440 similitudinem
784 4381 1019 4437 creditur
1044 4397 1161 4436 esse
1199 4382 1502 4438 formatum.
1546 4385 1818 4455 Siquidem
1848 4388 1928 4443 la-

2039 3236 2196 3290 quem
2225 3220 2399 3274 ferun‘
2428 3237 2493 3275 ex
2518 3236 2775 3290 aquarum
2796 3219 3141 3274 concretione
3165 3220 3429 3287 generari.
3459 3216 3628 3288 Lapis

2036 3327 2166 3366 vero
2195 3313 2285 3381 qui
2314 3313 2530 3382 proprie
2558 3310 2787 3365 lucidam
2815 3310 3053 3380 possidet
3087 3309 3543 3378 perspicuitatem,
3567 3316 3628 3363 et

2036 3405 2128 3472 qui
2156 3405 2446 3459 secundum
2488 3420 2638 3457 suam
2678 3412 2922 3456 naturam
2954 3402 3112 3457 fuerit
3150 3403 3391 3456 sincerus
3435 3402 3626 3455 inven-

2036 3502 2139 3558 tus,
2167 3510 2265 3549 nec
2287 3495 2507 3563 alicujus
2524 3494 2821 3562 putredinis
2841 3493 3167 3548 admixtione
3197 3493 3211 3543 i
3250 3492 3498 3558 foedatus,
3521 3508 3627 3549 nec

2035 3583 2229 3637 fundus
2258 3584 2406 3643 rimis
2434 3583 2696 3651 aliquibus
2725 3582 2860 3636 ﬁxus
2888 3591 2987 3647 est,
3021 3585 3131 3637 aeri
3169 3583 3359 3637 similis
3392 3583 3625 3637 habetur

2036 3673 2088 3727 in
2118 3674 2332 3739 colore;
2360 3672 2453 3728 sed
2478 3673 2609 3726 nulli
2638 3688 2824 3727 eorum
2853 3674 3098 3728 conferre
3141 3690 3240 3728 nos
3276 3673 3358 3729 fas
3400 3682 3486 3728 est
3525 3674 3623 3728 ﬁr-

2034 3775 2380 3819 mamentum.
2429 3762 2651 3818 Puerilis
2697 3765 2840 3818 enim
2886 3780 3075 3819 revera
3116 3774 3170 3819 et
3207 3765 3507 3836 insipientis
3533 3773 3624 3820 est

2036 3855 2252 3919 mentis,
2284 3856 2443 3909 talem
2473 3870 2665 3923 capere
2697 3854 2762 3908 de
2803 3854 3109 3909 coelestibus
3152 3856 3479 3924 opinionem.
3512 3854 3622 3910 Sed

2037 3961 2211 4016 neque
2231 3945 2276 4000 si
2303 3947 2481 4000 omnia
2505 3945 2555 3999 in
2579 3946 2823 3999 omnibus
2845 3954 2985 4011 sunt,
3010 3947 3062 3999 id
3084 3955 3185 4011 est,
3209 3947 3342 4015 ignis
3370 3947 3423 3999 in
3451 3954 3618 4011 terra,

2034 4050 2128 4089 aer
2153 4038 2205 4090 in
2232 4051 2387 4104 aqua,
2424 4036 2478 4090 in
2507 4036 2626 4090 aliis
2654 4036 2775 4100 alia,
2820 4051 2922 4090 nec
2954 4037 3078 4106 quia
3107 4053 3292 4091 eorum
3323 4038 3619 4092 elemento-

2032 4140 2150 4179 rum
2179 4140 2296 4193 qum
2326 4126 2522 4180 nostris
2550 4125 2793 4180 sensibus
2838 4126 3208 4194 subjiciuntur,
3251 4128 3382 4181 nihil
3413 4128 3620 4184 sociale

2031 4215 2277 4284 habetur,
2315 4218 2402 4271 vel
2445 4217 2771 4283 mediarum,
2805 4218 2889 4273 vel
2927 4219 3318 4273 contrariarum
3364 4234 3612 4273 commu-

2033 4307 2192 4360 nione
2235 4322 2515 4361 causarum
2548 4325 2561 4359 :
2593 4308 2662 4361 ob
2698 4308 2803 4362 hoc
2839 4308 2999 4361 etiam
3041 4307 3287 4361 arbitrari
3327 4306 3607 4373 debemus,

2032 4396 2443 4460 ﬁrmamentum,
2490 4404 2583 4452 aut
2628 4413 2794 4452 unum
2838 4412 2903 4453 ex
2954 4397 3284 4467 simplicibus
3334 4412 3473 4463 esse,
3521 4409 3615 4453 aut

355 4485 637 4526 vacrorum
663 4486 993 4527 marmoreas
1021 4473 1259 4557 videmus
1282 4490 1542 4544 cameras,
1568 4476 1788 4533 interius
1811 4479 1927 4548 qui-
1956 4493 2002 4552 υ
2027 4484 2171 4554 quod
2198 4500 2264 4557 es
2291 4485 2370 4539 eis
2397 4487 2657 4554 processit
2693 4502 2811 4541 esse
2850 4487 3230 4557 promiscuum,
3270 4502 3392 4541 cum
3430 4487 3608 4542 mani-

354 4560 477 4615 dem
522 4561 886 4619 semirotundo
933 4563 1204 4618 schemate
1251 4564 1561 4633 fabricatas,
1608 4568 1663 4623 in
1706 4569 1927 4639 fastigiis

426 4760 651 4835 f‘Editi,
696 4772 885 4835 septem
930 4766 1037 4821 illis
1083 4767 1366 4825 ordinibus.
1414 4769 1594 4825 Codex
1639 4778 1823 4827 noster
1867 4782 1923 4830 et

353 4829 506 4913 091p.
539 4829 823 4901 secundus,
844 4844 1035 4906 septem
1059 4837 1167 4892 illis
1193 4838 1417 4894 orbibus.
1437 4838 1642 4909 Graece,
1671 4850 1768 4897 τῶν
1798 4845 1923 4900 ἕτετά

356 4918 563 4956 κυκλων.

414 4965 698 5052 δι’.
724 4970 831 5052 duo
863 4972 1238 5052 libri,_inte_r_ttis
1276 4977 1503 5052 auribus.
1545 4979 1711 5046 Alius,
1742 4983 1926 5052 intenti

354 5038 584 5119 auribus.
604 5038 757 5119 Aliud
777 5043 990 5119 scripsit
1008 5042 1415 5119 strenuissima
1444 5038 1724 5119 interpres.
1749 5038 1925 5117 Quare

393 5108 791 5190 uisententiam
818 5108 1104 5190 vei-borum
1143 5113 1324 5170 Basilii
1350 5131 1509 5173 nosse
1532 5108 1731 5190 cupiet,
1759 5108 1922 5190 ipsos

372 5174 528 5233 bntes
547 5174 762 5233 Graecos
783 5179 940 5235 adeat
965 5183 1183 5237 suadeo.

427 5256 451 5325 ξ
490 5247 650 5325 ξιῇιῇ,
679 5250 969 5325 meditatus.
996 5250 1065 5325 At
1093 5253 1259 5325 nostri
1286 5261 1397 5325 tres
1417 5270 1570 5325 mss.,
1593 5257 1884 5314 meditatas.

351 5316 652 5438 ιθἑίωιὲιὶὶιὶ,
674 5319 924 5373 παίει...
946 5322 1084 5393 quia.
1109 5320 1328 5380 Veteres
1355 5324 1462 5380 duo
1488 5316 1608 5381 libri
1633 5336 1693 5383 ut
1717 5327 1773 5383 iu
1792 5343 1924 5385 cou-

412 5395 524 5440 xtu.

428 5463 455 5562 ἶ
483 5454 848 5562 ἓιὲιὲίιξηζιῗῗι
860 5459 1014 5562 ﬁt?
1044 5460 1721 5562 Αὲξίὲἲέεέυιῗέἔὲἱίίένυοέ
1732 5474 1916 5562 "#933-

477 5522 621 5595 Editi
647 5522 704 5595 et
741 5526 848 5582 duo
872 5522 1036 5595 mss.,
1076 5529 1143 5584 Et
1170 5522 1304 5586 dixit
1341 5522 1609 5590 Dominus'.
1654 5522 1917 5593 At'Colb.

354 5593 636 5659 secundus,
664 5594 735 5650 Et
762 5596 893 5651 dixit
918 5593 1077 5654 Deus.

426 5671 449 5711 ⁸
476 5661 634 5731 Editi.
652 5667 903 5729 quomodo
922 5668 1173 5731 ﬂuctuum
1190 5686 1328 5731 tanta
1350 5687 1547 5735 διωθεῖ
1565 5673 1635 5732 ad
1650 5675 1916 5734 inferiora.

2031 4575 2165 4631 teste
2198 4576 2352 4633 nobis
2394 4576 2670 4647 Scriptura
2708 4579 2985 4649 praecipiat
3026 4579 3158 4633 nihil
3199 4580 3379 4634 sensui
3423 4587 3613 4637 nostro

2025 4776 2242 4851 Antiqui
2264 4777 2376 4851 duo
2417 4779 2555 4851 libri,
2600 4780 2852 4851 quomodo
2892 4781 3107 4849 ﬂuitans
3142 4796 3277 4850 aqua
3313 4794 3611 4851 semperque

2025 4847 2094 4900 ad
2120 4848 2390 4918 inferiora.
2425 4850 2592 4916 Alius,
2613 4847 2873 4920 quomodo
2893 4847 3114 4913 ﬂuitans
3139 4847 3292 4919 aqua,
3313 4847 3610 4922 semperque

2025 4916 2093 4968 ad
2128 4919 2396 4968 inferiora.

2024 4919 2093 4968 ad
2128 4919 2423 5000 ἰηίετίρνα..
2480 4989 2491 5000 ⁸
2637 4919 2642 4920 ⁷
3324 4987 3337 4999 .
3423 4919 3453 5000 κ.
3525 4919 3535 4922 -

2027 4984 2667 5096 ΜΓΜΕιἯὶἉιάηειηεευηι
2711 4990 2912 5059 spatiis.
2953 4987 3179 5043 Veteres
3217 4988 3356 5053 libri,
3398 4988 3608 5059 disjun—

2027 5065 2163 5109 ctum
2192 5065 2397 5124 spatiis.

2111 5124 2123 5161 ί
2172 5124 2327 5189 Editi,
2360 5135 2497 5179 tunc.
2529 5124 2680 5180 Colb.
2712 5125 2996 5191 secundus,
3026 5142 3181 5180 nunc.
3224 5124 3419 5180 Statim
3462 5126 3605 5181 idem

2025 5194 2214 5256 codex,
2247 5197 2541 5258 consistere,
2590 5205 2638 5248 et
2685 5206 2993 5249 contentam.
3025 5196 3226 5250 Vocula
3265 5206 3315 5249 et
3352 5197 3404 5250 in
3445 5195 3604 5252 editis

2023 5262 2370 5333 desideratur.
2398 5265 2682 5332 Aliquanto
2708 5276 2830 5333 post
2862 5273 3072 5320 veteres
3097 5265 3205 5319 duo
3227 5265 3346 5320 libri
3369 5274 3427 5320 et
3448 5266 3603 5331 editi,

2022 5342 2110 5413 aut
2137 5332 2249 5415 ejus
2279 5334 2573 5415 alicuimodi
2599 5332 2849 5388 materia).
2880 5335 3043 5390 Alius.
3083 5342 3174 5388 aut
3208 5334 3465 5406 ejusmodi
3492 5336 3596 5389 ali-

2022 5409 2103 5453 cui
2136 5409 2383 5456 mater-iw.

2070 5468 2111 5544 __t'
2135 5469 2247 5544 _Sic
2273 5487 2398 5544 mss.
2431 5471 2557 5544 duo.
2589 5471 2658 5526 At
2683 5472 2926 5544 impressi
2955 5472 3094 5538 libri,
3125 5472 3364 5544 (adnuit.
3395 5472 3600 5528 Ibidem

2021 5537 2167 5612 editi,
2204 5541 2376 5612 _ruinis
2414 5537 2889 5612 alicujus._€odex
2917 5537 3101 5597 noster
3125 5537 3186 5599 et
3220 5542 3382 5612 Coll),
3403 5557 3601 5612 secuti-

2019 5608 2138 5687 dus,
2168 5610 2311 5664 rimis
2355 5608 2630 5687 aliquibus.
2660 5608 2863 5678 (ἕηκε,
2893 5611 3327 5687 ταῖς-διαφύσεσι.
3354 5610 3598 5669 Subinde

2020 5677 2171 5735 Colb.
2202 5677 2484 5736 secundus.
2515 5696 2628 5737 ante
2655 5692 2829 5738 nostra
2864 5682 3053 5737 utiuti.
