3824 6214
143 325 254 380 897

888 315 1266 374 EUSTAT‘HII
1309 313 1716 372 llEXAEMERl
1755 312 2246 368 METAPHRASIS
2284 311 2488 369 LIBER
2531 311 2626 370 lll.

3286 310 3392 367 898

79 450 82 457 ί
146 434 311 488 licere
333 430 560 500 amplius
587 444 746 500 quam
776 441 1087 484 concessum
1117 433 1198 479 est
1218 424 1444 494 opinari.
1469 422 1579 478 Nec
1601 421 1728 477 illud
1756 425 1800 482 Α
1832 434 1991 496 amne
2029 427 2245 482 alterna:
2285 427 2594 482 srmstantiaa
2638 425 2976 483 devoratoria
3015 427 3215 483 scimus
3260 440 3400 482 esse.

147 539 270 586 nos,
301 537 504 590 qua‘so,
546 529 831 592 pnetereat
871 518 1239 581 indiscussum,
1275 514 1417 584 quod
1449 522 1732 583 postquam

147 613 292 666 Deus
332 612 607 680 prmeepit,
635 611 818 664 dicens
850 629 861 661 :
897 607 1030 686 Fiat~
1051 609 1450 676 ﬁrmamentum,
1475 619 1583 657 non
1618 603 1735 656 sine

147 701 364 753 ratione
390 710 411 735 ε
439 699 632 767 adjecit
656 697 942 752 historicus
974 713 986 747 :
1018 694 1086 748 Et
1117 697 1309 765 factum
1337 701 1413 744 est
1440 692 1735 760 ﬁrmamen-

150 801 279 842 tum.
320 789 454 842 Nam
486 797 612 842 ante
642 789 762 857 fecit
803 785 938 840 Deus
968 786 1364 854 ﬁrmamentum.
1393 781 1460 834 Et
1495 782 1684 834 iterum
1719 797 1731 830 :

151 875 342 930 Divisit
387 878 543 932 Deus.
576 877 889 931 Auscultent
917 876 1075 942 igitur
1098 873 1266 939 surdi,
1293 880 1351 925 et
1378 871 1738 924 illuminentur

151 967 219 1018 ad
252 967 544 1020 videndum
576 967 720 1020 czeci.
745 964 876 1030 Quis
905 972 1082 1018 autem
1105 971 1210 1015 tam
1237 960 1429 1014 surdus
1449 967 1549 1023 est,
1578 973 1735 1025 quam

153 1061 244 1126 qui
279 1076 387 1113 non
431 1061 579 1113 audit
620 1060 694 1112 ita
733 1059 909 1128 palam
947 1055 1328 1111 vociferantem
1374 1052 1738 1122 Scripturam?

155 1149 242 1202 vel
273 1149 396 1216 quis
434 1157 546 1202 tam
575 1163 762 1210 ancus,
798 1148 897 1212 nisi
925 1145 1018 1214 qui
1045 1143 1380 1198 evidentibus
1408 1141 1741 1196 documentis

156 1239 475 1303 instructus,
505 1238 728 1305 gloriam
758 1236 1027 1305 Unigeniti
1056 1251 1162 1289 non
1191 1235 1491 1303 respectat?
1518 1233 1582 1285 Et
1609 1233 1742 1286 dixit

157 1330 303 1383 Deus
335 1348 348 1382 :
382 1329 506 1382 Fiat
544 1331 940 1399 firmamentum.
974 1325 1101 1381 Hmc
1126 1342 1230 1380 vox
1259 1325 1629 1380 destinationis
1657 1325 1740 1378 in-

143 1418 294 1473 dicat
330 1435 576 1474 causam.
619 1421 784 1490 718
814 1420 967 1487 Quod
1004 1430 1183 1475 autem
1214 1422 1351 1475 dixit
1386 1437 1400 1474 :
1443 1421 1577 1488 Quia
1605 1425 1730 1494 fecit

145 1511 296 1566 Deus
319 1512 738 1582 ﬁrmamentum,
763 1513 1112 1582 perfectionis
1147 1524 1233 1569 est
1256 1515 1665 1571 demonstratio.

233 1593 286 1648 5.
319 1595 472 1650 Nunc
501 1596 553 1649 in
581 1596 786 1663 reliqua
815 1611 991 1650 sermo
1024 1604 1283 1650 vertatur.
1317 1596 1382 1648 Et
1419 1597 1485 1649 sit
1514 1596 1743 1650 dividens

157 1687 298 1739 inter
326 1702 516 1753 aquam
556 1695 605 1739 et
643 1702 845 1756 aquam.
886 1683 1090 1739 Infinita
1133 1693 1269 1752 erat,
1305 1694 1560 1753 quantum
1589 1686 1745 1740 datur

1833 518 1972 586 Ignis
1991 520 2132 574 enim
2152 521 2417 574 consumit
2434 535 2644 588 aquam,
2675 519 2886 588 quando
2905 520 3102 573 virtute
3125 518 3404 588 praecellit,

1835 610 1972 677 aqua"
2000 623 2129 662 vero
2170 592 2684 664 cum‘abundaVerit
2725 609 3013 676 exstinguit
3045 609 3243 675 ignem.
3276 607 3408 662 Erat

1834 711 1962 766 ergo
1990 700 2367 764 necessarium,
2396 714 2568 768 neque
2596 697 2926 754 concordare
2948 699 3086 751 inter
3105 712 3163 751 se
3187 695 3407 750 tinniter

1837 786 1950 840 inec
1979 787 2261 851 elementa,
2294 803 2392 842 nec
2421 789 2624 855 integra
2654 785 2679 824 ἀ
2710 788 2922 856 penitus
2946 785 3246 840 defectione
3274 785 3410 837 alte-

1836 875 1966 937 rius,
1991 875 2227 943 prarbere
2247 891 2459 930 causam
2485 875 2764 930 solutionis
2785 890 2962 928 rerum
2984 874 3244 939 omnium,
3269 873 3410 926 ideo-

1838 979 1941 1032 que
1970 962 2315 1018 suflicientem
2343 966 2667 1032 gubernator
2695 966 2878 1019 mundi
2905 965 3143 1034 reposuit
3169 964 3411 1018 humoris

1839 1055 2064 1120 copiam,
2098 1061 2155 1108 ut
2191 1056 2528 1123 pnescriptos
2556 1056 2654 1108 sibi
2686 1055 2944 1110 terminos
2983 1071 3089 1109 non
3122 1054 3408 1118 excedens,

1842 1143 2007 1210 ignea:
2029 1153 2212 1211 posset
2240 1145 2488 1198 edacitati
2513 1146 2782 1198 resistere.
2815 1145 2956 1199 Deus
2981 1145 3144 1209 enim,
3174 1145 3262 1211 qui
3291 1158 3412 1198 om-

1842 1234 1928 1285 nia
1975 1233 2072 1286 sub
2116 1233 2517 1302 ponderationis
2545 1241 2599 1287 et
2628 1249 2889 1290 mensurae
2919 1233 3254 1287 ordinatione
3281 1247 3413 1287 con-

1841 1324 2031 1387 stituit,
2058 1325 2141 1376 cui
2169 1325 2322 1378 etiam
2351 1333 2507 1395 guttw
2542 1325 2781 1378 imbrium
2809 1333 3091 1378 numerata:
3117 1335 3253 1385 sunt,
3283 1333 3416 1378 teste

1840 1411 1940 1465 Job
1972 1412 2180 1480 (xxxvi,
2218 1412 2338 1482 9.7),
2379 1421 2602 1467 noverat
2647 1423 2848 1481 quanto
2893 1420 3135 1482 tempore
3177 1428 3314 1480 aqua
3361 1413 3416 1467 in

1843 1503 1972 1556 orbe
2015 1512 2278 1557 terrarum
2315 1520 2630 1573 permanere
2669 1506 2907 1569 deberet,
2938 1514 2992 1558 et
3033 1506 3115 1558 vel
3162 1515 3416 1572 quautam

1845 1591 1950 1658 igni
1987 1593 2292 1647 alimoniam
2338 1605 2680 1664 prmpararet.
2714 1594 2838 1649 Hazc
2871 1602 2952 1649 est
2991 1610 3247 1663 aquarum
3279 1595 3416 1647 ratio

1845 1683 2133 1736 secundum
2163 1692 2483 1738 creaturam.
2519 1685 2895 1739 Verumtamen
2935 1700 3059 1738 usus
3089 1685 3221 1751 ignis
3259 1699 3420 1750 quam

158 1775 411 1843 intelligi,
446 1791 704 1843 aquarum
733 1776 965 1842 diffusio,
1008 1777 1243 1844 undique
1281 1777 1589 1830 alluentium
1633 1787 1742 1830 ter-
1779 1779 1818 1833 Β
1847 1774 2177 1827 necessarius
2201 1773 2270 1826 sit
2299 1775 2456 1828 rebus
2479 1775 2741 1839 humanis,
2772 1776 2890 1844 quis
2930 1775 2999 1827 ita
3031 1774 3239 1828 vivendi
3267 1789 3420 1842 pem-

158 1881 299 1929 ram,
332 1866 406 1919 ita
437 1873 497 1920 ut
525 1867 750 1920 aliorum
778 1869 937 1921 etiam
967 1867 1352 1921 elementorum
1380 1876 1606 1921 statutos
1635 1877 1744 1922 ter-

157 1957 343 2008 minos
364 1955 636 2008 videretur
661 1955 953 2019 excedere;
977 1953 1004 1992 ιι
1027 1963 1308 2025 propterea
1331 1956 1383 2008 in
1403 1957 1746 2023 sequentibus

160 2043 363 2099 diditur
392 2045 613 2114 abyssus
641 2044 1053 2098 circumdedisse
1078 2045 1338 2098 tellurem.
1373 2044 1478 2098 Sed
1507 2045 1746 2099 multitu-

161 2135 305 2187 dinis
331 2133 550 2203 quidem
581 2149 838 2202 aquarum
867 2149 1082 2189 causam
1127 2135 1288 2204 paulo
1338 2133 1557 2188 inferius
1590 2151 1749 2204 expo-

163 2241 382 2279 nemus.
415 2225 794 2279 Verumtamen
818 2226 993 2279 nullus
1022 2234 1285 2290 nostrum,
1315 2225 1409 2280 sed
1435 2241 1536 2280 nec
1561 2240 1745 2280 eorum

160 2315 258 2381 qui
279 2313 437 2368 valde
466 2321 590 2369 sunt
617 2313 812 2367 eruditi
835 2323 888 2367 et
917 2315 1221 2369 acutissime
1250 2315 1518 2369 intuentes
1547 2315 1611 2370 ad
1636 2332 1749 2370 cor-

160 2402 477 2470 ruptibilem
508 2403 644 2456 hanc
672 2400 976 2472 fluxamque
1012 2411 1278 2470 naturam,
1307 2403 1578 2473 opinando
1602 2406 1750 2460 vale-

163 2495 244 2548 bit
288 2494 717 2563 reprehendere,
765 2494 850 2548 vel
893 2505 915 2533 ο
965 2495 1311 2563 impossibilia
1355 2496 1441 2550 vel
1487 2495 1749 2562 figmentis

162 2585 488 2653 quibusdam
530 2586 823 2639 narrationi
871 2586 1236 2653 conglutinata
1283 2603 1382 2642 nos
1421 2589 1584 2642 verba
1624 2603 1750 2658 pro-

162 2675 344 2742 ferre;
389 2691 488 2732 nec
531 2677 711 2745 exiget
757 2678 1103 2747 probationes
1151 2694 1247 2748 per
1289 2696 1422 2750 quas
1467 2697 1748 2750 possumus

164 2775 412 2821 astruere
451 2782 611 2836 super
639 2768 766 2837 quid
795 2783 1052 2838 aquarum
1081 2769 1242 2824 fuerit
1284 2779 1472 2826 natura
1508 2772 1744 2828 fundata.

164 2853 245 2910 Ea
275 2857 418 2910 enim
447 2858 656 2912 ratione
677 2873 780 2925 qua
803 2865 1001 2912 terram
1029 2861 1182 2929 aquis
1209 2861 1506 2928 graviorem
1537 2862 1750 2918 firman-

164 2957 276 3014 tes,
308 2949 363 3002 in
391 2948 564 3002 media
594 2951 832 3003 omnium
876 2951 1013 3004 hanc
1061 2951 1302 3006 libratam
1346 2969 1464 3008 esse
1508 2971 1744 3023 pronun-

166 3039 331 3105 tiant,
363 3037 505 3091 illam
535 3054 747 3109 quoque
778 3041 1051 3095 cmlestem
1092 3057 1303 3109 aquam,
1349 3053 1567 3113 propter
1597 3055 1749 3100 natu-

1848 1870 1932 1917 tus
1957 1879 2148 1932 expers
2173 1863 2420 1930 habetur,
2447 1871 2503 1916 ut
2530 1865 2634 1917 hoc
2655 1863 2935 1917 nonaliter
2964 1863 3062 1915 nisi
3085 1879 3150 1915 ex
3177 1872 3199 1896 ο
3223 1867 3424 1914 doctri-

1847 1971 1926 2008 nm
1955 1953 2242 2008 traditione
2273 1955 2615 2022 cognoverit?
2645 1955 2772 2007 Nam
2812 1970 2920 2006 non
2949 1953 3120 2006 solum
3160 1967 3237 2005 ea:
3279 1959 3423 2006 artes

1845 2061 1963 2114 quae
1994 2047 2113 2098 vita:
2139 2046 2382 2098 humana:
2415 2045 2816 2099 sustentatrices
2850 2050 2994 2107 sunt,
3023 2041 3252 2108 indigent
3286 2056 3424 2108 ignis

1847 2137 2064 2197 auxilio,
2096 2137 2189 2190 sed
2216 2137 2464 2190 arborum
2495 2136 2654 2190 etiam
2683 2133 3022 2202 germinatio,
3050 2132 3424 2198 fructuumque

1846 2226 2146 2290 maturitas,
2179 2235 2233 2279 et
2261 2225 2568 2279 animalium
2598 2232 2705 2278 tam
2737 2224 3067 2280 terrestrium
3106 2237 3265 2284 quam
3309 2236 3425 2275 ma-

1847 2317 2086 2370 rinorum
2119 2317 2385 2378 nativitas,
2417 2330 2589 2384 neque
2628 2315 2888 2383 principio
2927 2313 3292 2382 rit-oea-ssisset,
3325 2326 3426 2366 ne—

1847 2421 1952 2474 que
1998 2404 2312 2474 perduraret
2363 2405 2416 2457 in
2467 2411 2726 2472 tempora,
2773 2403 2818 2456 si
2869 2402 3064 2456 caloris
3111 2400 3426 2454 beneficium

1847 2494 2120 2550 defuisset.
2179 2494 2451 2563 Aquarum
2503 2507 2716 2562 quoque
2764 2481 3088 2547 abundantia
3129 2491 3284 2545 valde
3329 2489 3430 2543 luit

1848 2587 2171 2648 necessaria,
2228 2592 2289 2640 ut
2335 2584 2719 2638 incessabiliter
2763 2591 2820 2637 et
2863 2583 2980 2636 sine
3035 2580 3430 2636 intermissione

1847 2682 2060 2744 pastum
2090 2675 2192 2728 sibi
2221 2673 2287 2727 de
2315 2673 2399 2728 his
2428 2674 2565 2741 ignis
2588 2671 2904 2726 attrahi-ret.

1921 2764 1974 2818 6.
2000 2764 2213 2818 Intuere
2241 2763 2471 2832 denique
2501 2762 2808 2830 diligentius
2836 2771 3162 2827 creaturam,
3193 2767 3248 2812 et
3279 2773 3431 2812 mve-

1848 2855 1965 2909 nies
2000 2855 2106 2907 vim
2149 2853 2375 2907 fervoris
2413 2852 2620 2906 cunctis
2647 2865 2766 2919 quae
2803 2849 3050 2903 oriuntur
3075 2861 3128 2902 et
3157 2848 3428 2904 utendum.

1848 2952 2098 3014 potenter
2139 2944 2360 2996 hzerere.
2413 2941 2702 3011 Propterea
2732 2941 2888 2994 terris
2930 2954 3080 3005 aquae
3122 2938 3434 3006 Lngtssmia:

1850 3042 1979 3088 sunt
2007 3032 2212 3097 infusze,
2253 3032 2495 3099 ultraque
2522 3045 2681 3098 quam
2723 3028 2968 3102 videntur
3009 3035 3133 3081 sunt
3176 3041 3432 3091 estensm,

166 3127 344 3181 ralem
387 3128 641 3198 impetum
679 3128 814 3197 ejus,
845 3145 1056 3198 semper
1096 3131 1165 3184 ad
1201 3131 1306 3186 ima
1347 3133 1671 3198 tendentem,
1701 3142 1755 3188 et
1781 3123 1824 3182 Β
1855 3141 1973 3195 quae
1994 3133 2047 3179 et
2069 3124 2287 3178 fundum
2304 3123 2508 3177 telltiris
2529 3122 2824 3188 attingunt;
2849 3120 2990 3173 unde
3011 3131 3170 3172 etiam
3201 3117 3436 3172 (exitibus

169 3225 399 3286 propter
425 3218 784 3285 :equalitatem
815 3233 882 3274 ex
912 3220 1058 3274 omni
1099 3229 1252 3290 parte
1295 3221 1631 3298 collocatam,
1662 3239 1755 3279 ne-

167 3326 326 3366 cesse
348 3318 429 3366 est
451 3327 612 3380 super
633 3313 818 3367 orbem
845 3321 1108 3368 terrarum
1129 3314 1392 3369 stabiliter
1419 3330 1752 3385 permanere.

168 3400 315 3469 Ergo
346 3402 519 3471 ampla
549 3403 707 3456 nimis
749 3412 868 3457 erat
901 3419 1158 3472 aquarum
1188 3415 1400 3474 natura,
1436 3422 1499 3462 ac
1525 3423 1629 3462 non
1658 3424 1757 3478 pro

169 3500 334 3546 terra:
356 3491 688 3547 dimensione
709 3492 915 3559 diffusa,
939 3494 1032 3548 sed
1061 3495 1229 3550 multo
1256 3496 1449 3564 largius
1477 3497 1617 3552 illius
1639 3514 1757 3553 am-

169 3581 347 3634 bitum
395 3581 698 3650 superabat.
757 3582 834 3636 lla
882 3598 949 3637 ex
1003 3584 1155 3637 initio
1205 3585 1759 3652 magnitieentissimus

170 3669 371 3722 artifex
413 3669 587 3724 futura
631 3673 984 3740 prospiciens,
1019 3674 1354 3741 sequentium
1380 3677 1664 3731 utilitatem
1693 3694 1760 3732 ex

172 3761 421 3830 priorum
450 3761 799 3830 dispositione
827 3765 1124 3818 constituit.
1153 3764 1282 3830 Quae
1317 3781 1477 3820 causa
1507 3767 1605 3820 fuit
1633 3783 1760 3836 ergo

175 3859 240 3904 ut
267 3865 426 3920 aqua:
468 3853 758 3907 enormitas
807 3854 1128 3908 exuberaret
1171 3853 1222 3907 in
1266 3855 1458 3908 terris?
1499 3855 1759 3922 Quoniam

174 3941 486 3994 necessaria
514 3949 630 3995 erat
669 3943 828 3997 rebus
867 3943 1003 4011 ignis
1043 3951 1254 4009 natura,
1298 3961 1404 4000 non
1433 3947 1607 4001 solum
1636 3963 1760 4015 erga

173 4029 638 4099 dispensationem
681 4033 1031 4096 terrestrium,
1065 4032 1158 4087 sed
1189 4035 1350 4088 etiam
1378 4034 1447 4088 ad
1479 4034 1762 4104 perfectio-

175 4135 302 4174 nem
353 4128 691 4175 cunctorum.
747 4123 960 4176 Etenim
1007 4123 1318 4179 brevissima
1366 4125 1762 4196 semiplenaque

179 4208 363 4264 forent
396 4211 597 4278 omnia,
628 4211 674 4266 si
701 4213 947 4267 maximis
975 4227 1037 4268 ac
1067 4213 1450 4283 principalibus
1486 4216 1766 4272 elementis

180 4299 387 4372 aliquid
430 4301 606 4356 minus
644 4309 801 4369 esset,
834 4317 953 4372 qua:
979 4303 1196 4372 quidem
1234 4304 1502 4359 contraria
1533 4305 1765 4376 sibimet,

1859 3224 1914 3270 et
1941 3215 2114 3285 puteis
2151 3214 2347 3281 largior
2378 3213 2533 3282 copia
2564 3209 2810 3264 manandt
2848 3211 3171 3278 suppeditat,
3197 3223 3436 3274 nuncupr-

1861 3315 2048 3374 tesque
2091 3293 2408 3358 torrentium
2441 3302 2459 3339 ί
2493 3316 2702 3370 cursus,
2736 3311 2792 3353 ut
2837 3300 3026 3354 humor
3073 3315 3126 3352 ιη
3166 3299 3344 3352 inultis
3371 3312 3436 3353 ac

1860 3397 2084 3453 diversis
2104 3395 2350 3450 videlicet
2369 3393 2574 3448 horreis
2593 3391 2933 3446 conderetur.
2955 3389 3138 3456 Itaque
3159 3388 3226 3442 ab
3248 3391 3436 3441 Uneu-

1862 3490 1931 3543 tis
1955 3487 2194 3558 partibus
2222 3483 2457 3538 hibernis
2486 3482 2825 3552 progreditur
2865 3479 3024 3533 ludus
3065 3478 3273 3542 fluvius,
3315 3492 3436 3530 om-

1863 3581 2009 3635 nium
2045 3576 2330 3632 violentior
2374 3574 2716 3638 ﬂuentorum,
2761 3572 2900 3631 sicut
2945 3569 3204 3639 speculati
3243 3575 3369 3622 sunt
3401 3567 3437 3624 ii

1861 3673 1954 3744 qui
1996 3673 2158 3726 situm
2197 3670 2342 3724 orbis
2369 3668 2699 3734 descripsere
2725 3677 3002 3718 terrarum.
3033 3662 3107 3717 De
3137 3661 3436 3716 meridianis

1861 3773 2040 3821 autem
2063 3763 2194 3818 locis
2220 3761 2443 3816 Bactrus
2471 3759 2640 3814 efﬂuit
2666 3767 2722 3812 et
2748 3758 3024 3826 Choaspis,
3056 3765 3111 3812 ct
3134 3755 3351 3830 Araxes,
3369 3771 3439 3811 ex

1862 3873 1969 3926 quo
1996 3856 2209 3918 Tanais,
2241 3855 2498 3922 abruptus
2538 3853 2590 3906 in
2629 3850 2922 3906 Matoticam
2953 3850 3140 3904 transit
3165 3848 3435 3918 paludem.

1865 3945 2050 3999 Phasis
2079 3952 2255 3998 autem
2286 3943 2352 3997 de
2380 3942 2652 3996 Caueasiis
2687 3943 2799 3995 exit
2843 3941 3137 4002 montibds,
3182 3947 3236 3994 et
3280 3940 3441 3993 innu-

1866 4035 2146 4090 merabiles
2174 4033 2284 4097 alii,
2324 4032 2390 4086 de
2421 4041 2444 4078 ις
2484 4031 2791 4096 regionibus
2830 4031 3026 4084 arctois
3066 4029 3132 4083 ad
3175 4028 3442 4083 Euxinum

1866 4125 2107 4180 feruntur
2129 4123 2375 4177 Pontum.
2404 4123 2482 4175 Ab
2509 4121 2810 4176 Occidentis
2832 4137 2960 4176 vero
2983 4120 3285 4175 climatihus
3305 4119 3444 4174 testi-

1869 4218 1967 4278 vis,
1995 4217 2093 4270 sub
2134 4214 2389 4285 Pyrenaeo
2417 4213 2616 4267 vertice
2645 4212 2920 4278 Tartesus,
2946 4221 3106 4281 atque
3133 4211 3283 4275 ister,
3308 4227 3445 4282 quo-

1873 4322 1989 4362 rum
2018 4321 2153 4360 unus
2192 4305 2244 4358 in
2286 4303 2550 4358 exteriora
2580 4303 2747 4358 maria
2781 4301 3036 4368 decurrit,
3065 4302 3199 4357 alter
3224 4302 3445 4356 veniens

255 4509 282 4572 ς
323 4497 721 4572 E_diti,_adjacet
748 4499 1037 4572 historicus.
1069 4501 1138 4554 At
1167 4504 1334 4556 nostri
1358 4512 1467 4558 tres
1489 4520 1642 4570 mss.,
1669 4506 1763 4558 ad—
1792 4509 1838 4566 ι)
1862 4505 2046 4559 bosius
2065 4505 2301 4572 quidem,
2325 4502 2417 4557 sed
2437 4505 2510 4572 ita
2533 4510 2713 4556 tamen
2739 4508 2800 4572 ut
2827 4503 3154 4570 exprimatur
3175 4507 3447 4572 utcunque

190 4569 325 4642 i_eci_t.
358 4567 712 4642 Haud__longe
741 4571 897 4642 editi,_
919 4579 968 4623 et
1001 4573 1194 4642 factum
1235 4581 1309 4625 est
1357 4567 1757 4642 ﬁrmamentum.

233 4640 478 4692 titerum
506 4637 655 4712 Golb‘.
699 4637 1086 4712 secundus,'Et
1116 4644 1308 4712 factum
1349 4637 1424 4696 est
1462 4645 1766 4712 ﬁrmamen-

185 4717 293 4762 tum
311 4723 464 4761 :nam
485 4715 534 4760 et
551 4709 670 4777 fecit
695 4708 830 4761 Deus
845 4708 1241 4779 ﬁrmamentum.
1261 4711 1330 4764 Et
1351 4708 1559 4767 iterum.
1582 4713 1766 4768 Codex

192 4786 380 4831 noster
409 4785 466 4830 ut
496 4779 547 4829 in
576 4786 847 4831 contextu.

259 4846 287 4883 ι)
318 4845 459 4899 Editi
489 4854 542 4900 et
567 4845 719 4918 Colb.
749 4847 966 4917 primus,
997 4857 1267 4918 propterea
1294 4851 1658 4905 insubsicibilis
1689 4853 1769 4905 di-

189 4916 344 4982 citur,
374 4931 517 4986 novo
557 4915 784 4969 necdum
833 4915 1019 4971 audito
1059 4915 1311 4984 loquendi
1354 4933 1569 4986 genere.
1611 4921 1764 4976 Colb.

188 4984 478 5045 secundus,
508 4994 773 5056 praetcrea
803 4988 863 5056 in
887 4987 1206 5056 sequentibus
1229 4984 1434 5042 dicitur.
1462 4990 1768 5045 Eustathius

190 5052 516 5133 expressum
547 5052 717 5133 voluit
745 5055 873 5133 illud
910 5052 1109 5118 Basilii,
1134 5057 1214 5112 διὰ
1243 5067 1396 5133 refixo
1430 5065 1531 5133 ’γᾴρ
1573 5063 1622 5112 ἐν
1648 5070 1769 5133 ’τοῖς

191 5126 424 5196 κᾳτόπι-ν,
447 5122 686 5196 etc._Sed
707 5133 814 5178 tam
837 5125 1003 5196 longe
1021 5142 1049 5179 a
1072 5141 1234 5196 scopo
1256 5122 1542 5193 aberravit,
1568 5137 1627 5183 ut
1648 5130 1770 5182 lon-

191 5194 311 5258 gius
340 5192 577 5245 aherrari
606 5209 710 5246 non
741 5192 1091 5261 possitCNam
1132 5192 1244 5250 hiec
1270 5197 1430 5250 verba
1461 5192 1534 5251 ita
1564 5199 1768 5252 reddita

193 5269 552 5338 oportuerat:
586 5261 868 5338 Propterea
907 5263 1346 5338 in_superioribus
1391 5267 1576 5320 dicitur
1618 5269 1771 5338 abys-

191 5329 305 5397 δάε,
335 5341 440 5402 etc_.
473 5329 657 5402 Neque
685 5347 814 5388 vero
850 5334 953 5388 hoc
980 5329 1230 5402 loquendi
1257 5348 1443 5401 genus,
1475 5339 1522 5389 ἐν
1548 5346 1652 5398 τοῖς
1681 5329 1770 5392 Ξα-

195 5405 381 5476 etiam,
401 5399 683 5476 Eustathio
709 5403 828 5466 soli,
861 5403 955 5476 sed
994 5399 1068 5456 ε(
1087 5404 1204 5457 aliis
1237 5399 1590 5476 scriptoribus
1625 5407 1770 5476 peri-

197 5471 415 5524 tissimis
446 5470 657 5523 errandi
686 5487 841 5524 causa
873 5471 969 5525 fuit
992 5481 1046 5525 et
1074 5474 1306 5526 occasio.

273 5550 301 5614 ἦ
339 5537 503 5614 Editi,
533 5539 888 5614 impossibilia.
919 5541 1269 5614 ﬁgmentisque
1306 5541 1608 5614 quibusdam
1645 5561 1774 5597 nar-

197 5609 394 5684 rationi
421 5608 813 5684 conglutinatis._
834 5608 986 5664 Colb.
1021 5608 1304 5684 secundus,
1319 5608 1412 5684 ’νει
1437 5614 1773 5684 impossibilia

200 5679 282 5733 te!
303 5679 571 5740 ﬁgmentis
597 5677 897 5740 quibusdam
927 5682 1211 5735 narrationi
1241 5677 1624 5747 conglutinata,
1652 5699 1774 5738 ver-

1870 4575 2016 4639 illud,
2047 4569 2471 4632 5-111a'7ua7tben.
2499 4571 2621 4627 Mox
2649 4571 2797 4637 editi,
2827 4569 2953 4641 quas
2982 4585 3268 4640 possumus.
3298 4569 3446 4624 Libri

1871 4653 2101 4703 veteres,
2134 4643 2406 4712 possimus.

1942 4713 1969 4750 ά
2010 4707 2167 4777 Editi,
2205 4713 2406 4783 penitus
2441 4710 2794 4781 defectionem.
2831 4707 3007 4762 Nostri
3039 4715 3148 4762 tres
3176 4723 3328 4778 mss.,
3358 4709 3446 4762 de-

1897 4785 2112 4837 ectione.

1870 4786 2222 4920 (“eumiure
2251 4849 2356 4903 duo
2384 4849 2513 4920 libri
2532 4856 2586 4902 et
2613 4847 2760 4911 editi,
2783 4865 2848 4901 ea:
2875 4847 3123 4920 doctrina:
3146 4847 3447 4920 traditione.

1871 4920 2022 4976 Colb.
2071 4916 2353 4982 secundus,
2390 4936 2454 4972 ex
2481 4919 2716 4972 doctrina
2746 4927 2794 4970 et
2824 4919 3044 4970 ratione.
3076 4916 3268 4971 Statim
3297 4916 3446 4983 editi,

1876 4991 1954 5046 ha:
1979 5000 2134 5043 artes.
2169 4989 2389 5042 Veteres
2411 4988 2516 5042 duo
2547 4987 2684 5048 libri,
2716 5003 2790 5041 ea:
2819 4998 2976 5040 artes.

1951 5059 1971 5097 ί
2012 5059 2173 5120 Editi,
2208 5074 2383 5110 cursus
2428 5067 2476 5111 et
2523 5057 2721 5109 humor.
2751 5056 2928 5110 Codex
2975 5063 3158 5110 noster
3201 5063 3258 5109 et
3293 5053 3448 5110 Colb.

1875 5131 2158 5192 secundus,
2188 5145 2383 5192 cursus,
2422 5135 2477 5180 ut
2511 5127 2712 5190 humor,
2746 5134 2877 5193 etc.,
2907 5126 3126 5195 optime.
3158 5123 3214 5178 In
3243 5123 3452 5189 Grzeco.

1877 5221 2176 5329 υπὲρὲδῖίί,
2211 5265 2272 5319 de
2309 5263 2602 5336 regionibus
2626 5263 2845 5336 Arragis
2870 5281 2887 5318 :
2916 5279 3042 5336 qure
3063 5279 3166 5336 vox
3193 5262 3333 5336 quid
3351 5261 3453 5336 sibi

1877 5338 2024 5401 velit,
2050 5353 2115 5392 ne
2139 5335 2354 5406 Mopsus
2367 5329 2594 5406 'quidem
2620 5341 2712 5406 aut
2736 5329 2974 5406 QEdipus
2995 5329 3261 5406 divinarit.
3295 5333 3450 5406 Colb.

1876 5407 2100 5477 primus,
2149 5402 2555 5477 de'regio’nibus
2601 5402 2838 5477 Arcadis,
2878 5402 2989 5457 non
3017 5403 3256 5477 ‘clarius.
3307 5402 3454 5455 Alter

1875 5473 2053 5537 Colb.,
2083 5477 2147 5530 de
2171 5473 2460 5545 regionibus
2488 5475 2680 5528 arctois
2704 5489 2896 5545 :qngm
2927 5473 3244 5545 scripturam
3270 5485 3453 5545 veram

1876 5561 1996 5600 esse
2038 5557 2093 5599 et
2131 5541 2394 5601 sinceram
2439 5551 2653 5600 constat
2696 5541 2771 5600 ei
2801 5543 3000 5599 Grtncis
3034 5541 3187 5608 illis,
3217 5541 3320 5597 ἀπὸ
3355 5547 3456 5599 τῶι

1878 5639 2138 5692 αρκτῳων.
