3824 6214
409 277 516 335 899

1317 277 1667 358 ᾹΡΞξΕΝΒΙΧ
1701 274 1991 331 OPEBUM
2029 276 2090 330 S.
2127 275 2379 330 BASILII
2414 273 2655 334 MAGNI.

3542 287 3652 347 900

415 411 514 467 per
538 393 824 465 Europam,
854 395 1110 464 digeritur
1149 396 1201 449 in
1241 393 1492 450 Pontum.
1519 396 1627 451 Eos
1651 403 1829 451 autem
1858 392 1985 463 quid
2088 393 2426 461 surgentibus
2452 393 2520 448 de
2565 409 2624 448 se
2661 393 2955 463 vaporibus
2982 394 3254 459 exhalant,
3299 403 3359 449 ut
3384 412 3493 452 non
3514 408 3689 455 ardor
3708 386 3721 394 ’

416 501 634 541 necesse
659 493 740 539 est
765 500 1100 548 enumerare,
1129 485 1221 554 qui
1247 485 1315 540 de
1342 486 1577 557 Riphzeis
1602 485 1835 556 Scythiae
1861 484 1990 537 inte-

415 578 572 632 rioris
600 577 869 633 montibus
897 577 1174 632 oriuntur?
1200 577 1438 645 Quorum
1462 586 1541 632 est
1570 577 1878 639 Rhodanus,
1896 577 1989 644 qui

411 683 532 722 cum
561 669 798 738 pluribus
826 668 943 724 aliis
971 669 1302 736 navigalibus
1331 670 1522 735 ﬂuviis,
1546 668 1763 722 Galatas
1790 675 1845 722 et
1877 665 1988 720 ile-

404 751 820 821 Sperios,719
840 752 1226 825 Celtorumque
1261 767 1500 824 gentem,
1535 759 1838 830 multasque
1860 762 1980 818 ﬂni-
2024 742 2035 761 ί

403 843 567 898 timas
589 848 907 914 praeteriens
925 848 1198 915 nationes,
1238 851 1424 921 pelago
1442 853 1704 907 miscetur
1719 855 1978 913 Ot-ciduo.

400 932 537 989 Nam
560 948 745 988 eorum
773 937 863 1005 qui
886 952 950 990 ex
972 941 1252 1007 superiore
1268 942 1493 996 meridie
1518 957 1616 1012 per
1647 943 2008 1017 Ᾰίιὶιίορίειηι,

407 1027 769 1091 descendunt,
789 1029 841 1082 id
861 1038 962 1094 est,
984 1042 1009 1070 ει
1034 1030 1229 1099 Tages,
1264 1031 1516 1099 etNisus,
1534 1045 1589 1090 et
1619 1036 1894 1103 Cremeas,
1927 1049 1983 1096 et

398 1112 583 1179 Nilus;
614 1114 705 1168 alii
733 1115 787 1169 in
816 1122 1055 1170 nostrum
1084 1131 1233 1172 mare
1274 1116 1516 1184 inﬂuunt,
1559 1118 1650 1172 alii
1683 1119 1737 1171 in
1765 1119 1982 1173 citerio-

409 1220 523 1258 rem
551 1205 904 1261 devolvuntnr
929 1205 1225 1270 Oceanum;
1253 1209 1379 1263 licet
1405 1208 1553 1262 Nilus
1574 1225 1681 1263 non
1712 1212 1778 1263 sit
1809 1208 1982 1263 ﬂumi-

407 1296 561 1351 nibus
581 1298 989 1367 comparandus,
1021 1286 1217 1369 quippe
1245 1300 1334 1369 qui
1354 1316 1502 1355 more
1525 1300 1715 1370 pelagi,
1741 1308 1982 1370 tempore

403 1386 624 1455 diﬂ‘usus
643 1390 848 1455 aestivo,
871 1398 1066 1444 terram
1089 1399 1336 1460 stagnare
1356 1393 1631 1446 consuevit
1652 1391 1976 1464 Egyptiam.

402 1476 481 1532 [ta
502 1479 684 1533 mundi
714 1496 837 1549 pars
865 1482 1168 1537 habitabilis
1194 1484 1346 1552 aquis
1374 1491 1485 1539 tota
1515 1484 1717 1553 repleta
1747 1492 1846 1547 est,
1872 1501 1980 1538 non

401 1570 578 1625 minus
603 1570 850 1628 ﬂuctibus
876 1575 1137 1643 :equoreis
1156 1576 1526 1645 circumsepta,
1550 1592 1708 1646 quam
1735 1578 1979 1632 amnibus

400 1663 639 1731 irrigata,
671 1674 892 1735 propter
933 1665 1256 1729 ineﬂabilem
1300 1669 1614 1738 sapientiam
1652 1667 1973 1735 Conditoris,

2090 483 2356 537 :ethereus
2400 484 2579 537 omnia
2608 498 2727 552 qua:
2756 483 2996 553 subjecta
3038 494 3161 541 sunt
3189 485 3566 554 conﬂagraret.
3593 486 3685 543 Si—

2089 574 2305 643 quidem
2333 575 2502 630 solem
2523 590 2737 647 quoque
2762 576 3021 643 videmus,
3045 585 3233 633 testate
3253 585 3445 647 stagna
3469 580 3683 636 leviora

2087 665 2404 721 brevissimo
2431 666 2690 736 temporis
2710 666 2885 737 spatio
2914 676 3139 737 repente
3160 668 3384 723 siccare.
3418 668 3521 725 Ubi
3544 686 3682 739 ergo

2086 763 2169 809 est
2191 769 2329 824 aqua
2376 755 2503 810 illa?
2529 756 2909 812 Demonstrent
2937 757 3091 812 nobis
3127 758 3322 823 callidi,
3354 758 3574 814 dubium
3608 777 3682 816 ne

2085 845 2316 913 cuipiam
2344 853 2524 915 potest
2546 862 2667 901 esse
2695 848 2825 916 quin
2856 847 3068 903 fervore
3096 851 3225 905 solis
3247 866 3489 921 expensa
3518 854 3679 908 defe-

2084 934 2252 987 cerit?
2272 933 2421 989 Licet
2443 950 2542 990 nec
2563 930 2794 990 calidum
2822 938 2993 992 solem
3021 938 3203 993 dicant
3226 955 3367 1005 esse,
3397 950 3542 996 tanta
3567 943 3679 997 illis

2083 1023 2388 1090 suppeditat
2409 1023 2461 1077 in
2489 1024 2757 1093 loquendo
2787 1025 3026 1081 facultas.
3059 1026 3124 1081 Et
3170 1030 3513 1086 considerate
3558 1048 3679 1101 quo

2080 1109 2204 1164 freti
2245 1111 2587 1175 documento,
2636 1115 2796 1169 rebus
2841 1114 3250 1172 cvidentissimis
3288 1118 3675 1178 adversantur.

2081 1200 2363 1271 Quoniam,
2388 1203 2650 1272 inquiunt,
2681 1204 2939 1260 candidus
2964 1204 2990 1242 «³
3020 1206 3171 1261 color
3191 1207 3306 1276 ejus
3330 1218 3431 1274 est,
3464 1222 3521 1265 et
3548 1230 3667 1268 non

2079 1291 2294 1359 rubens,
2351 1300 2444 1347 aut
2492 1294 2750 1362 punieeus
2793 1283 3145 1360 ltabctur,.ob
3172 1298 3277 1353 hoc
3307 1314 3414 1354 non
3446 1301 3675 1370 igneum

2078 1383 2245 1438 solem
2293 1397 2411 1439 esse
2456 1385 2804 1440 contendunt.
2835 1386 3083 1458 Calorem
3140 1398 3319 1443 autem
3367 1389 3551 1445 ferunt
3595 1410 3673 1448 ex

2082 1487 2106 1513 ι·
2119 1476 2396 1544 asperiore
2416 1475 2530 1544 ejus
2542 1476 2993 1533 circumversionc
3014 1480 3329 1549 procedere,
3345 1482 3449 1537 hoc
3467 1484 3671 1541 videli-

2076 1574 2163 1620 cet
2182 1574 2635 1634 argumentantes,
2660 1574 2718 1623 ut
2738 1578 2983 1624 asscrant
3002 1570 3170 1625 solem
3196 1572 3326 1626 nihil
3352 1576 3673 1644 expendere

2075 1655 2142 1710 de
2169 1657 2413 1712 humore.
2447 1656 2554 1714 Sed
2575 1674 2696 1729 ego,
2726 1661 2935 1715 etiamsi
2963 1677 3070 1716 non
3094 1677 3278 1717 verum
3302 1663 3373 1718 sit
3392 1667 3538 1734 quod
3563 1668 3673 1722 oh-

401 1751 494 1820 qui
520 1756 943 1821 repugnatricem
973 1756 1137 1810 calori
1165 1763 1432 1823 naturam,
1464 1766 1521 1811 ut
1545 1766 1686 1813 esset
1713 1757 1975 1813 sufﬁciens

2100 1747 2270 1815 icitur,
2321 1765 2429 1805 non
2460 1750 2704 1808 refutabo
2724 1768 3048 1821 sermonem,
3073 1763 3262 1827 utpote
3293 1758 3422 1812 mihi
3452 1762 3671 1831 astipu—

398 1840 687 1894 ordinavit.
720 1841 835 1896 Erit
861 1852 1039 1898 autem
1070 1853 1277 1915 tempus
1304 1861 1411 1915 quo
1441 1847 1575 1914 ignis
1596 1859 1786 1903 cuncta
1809 1856 1980 1904 torre—

406 1928 507 1997 bit,
538 1938 596 1985 ut
625 1938 851 1988 testatur
875 1934 1059 2002 Isaias,
1085 1936 1310 2006 loquens
1337 1938 1404 1992 ad
1432 1940 1668 1993 omnium
1695 1940 1978 1996 Dominum

401 2018 598 2075 Deum:
617 2020 718 2086 Qui
742 2024 868 2077 dicit
887 2025 1069 2095 abysso
1086 2043 1103 2080 :
1118 2027 1481 2098 Dissipaberis,
1498 2039 1547 2085 et
1570 2034 1743 2085 omnia
1762 2032 1978 2099 ﬂumina

403 2121 495 2167 tua
523 2114 724 2170 siccabo
754 2116 910 2187 (Isai.
940 2135 1081 2184 xuv,
1112 2119 1223 2192 ‘27).
1258 2122 1516 2191 Despecta
1549 2137 1677 2192 ergo
1718 2125 1978 2194 sapientia

398 2206 662 2272 simulari,
693 2209 872 2279 recipe
899 2226 1002 2264 una
1032 2211 1309 2266 nobiscum
1330 2214 1694 2281 magisterium
1716 2216 1974 2281 veritatis,

399 2296 558 2351 nullis
583 2297 796 2366 quidem
825 2299 1083 2355 facundia:
1110 2302 1345 2372 phaleris
1371 2313 1710 2373 exornatum,
1741 2307 2001 2385 scientia).

399 2401 531 2442 vero
558 2388 768 2444 ratione
801 2391 1159 2458 potissimum.

471 2474 523 2528 7.
554 2473 891 2545 Propterea:
923 2478 1047 2533 Fiat
1084 2482 1465 2551 ﬁrmamentum
1504 2484 1562 2540 ἰή
1600 2488 1768 2543 medio
1809 2507 1972 2562 aqua,

396 2572 447 2619 ct
474 2566 543 2619 sit
570 2566 798 2621 dividens
835 2569 972 2622 inter
998 2587 1188 2641 aquam
1227 2581 1279 2625 et
1320 2590 1524 2645 aquam.
1575 2576 1815 2633 Diximus
1849 2581 1973 2648 quid

398 2654 663 2723 significat
690 2652 981 2726 appellatio
1007 2660 1325 2716 ﬁrmamenti
1361 2679 1373 2714 :
1409 2663 1463 2717 id
1498 2672 1599 2729 est,
1640 2682 1747 2720 non
1787 2668 1975 2723 duram

398 2743 697 2814 fortemque
721 2755 987 2814 naturam,
1009 2764 1127 2818 qua:
1156 2749 1427 2806 fulcimine
1445 2753 1624 2823 aliquo
1647 2764 1976 2813 sustentatur

396 2844 452 2891 et
472 2836 727 2906 pondere.
750 2838 883 2892 Nam
910 2841 1079 2895 multo
1102 2844 1350 2911 proprius
1371 2844 1633 2912 ejusmodi
1658 2850 1973 2904 vocabulum

398 2934 538 2980 terra
558 2928 859 2994 meruisset,
886 2928 982 2983 sed
1002 2939 1224 3001 propter
1247 2933 1595 2989 substantiam
1617 2939 1972 3007 superiorum,

397 3032 515 3086 qute
537 3018 745 3072 subtilis
772 3025 827 3073 et
852 3034 970 3073 rara
999 3029 1100 3088 est,
1132 3022 1386 3091 nulloque
1420 3040 1579 3080 sensu
1620 3029 1961 3097 comprehen-

396 3106 566 3160 sibilis
606 3106 848 3174 habetur,
882 3106 1273 3165 firmamentum
1317 3117 1661 3183 nuncupavit,
1692 3132 1971 3186 compara-
1998 3107 2043 3167 C

399 3197 543 3251 tione
570 3198 773 3252 scilicet
802 3215 1089 3268 corporum
1118 3202 1398 3267 leviorum,
1428 3218 1547 3288 qua:
1575 3222 1674 3261 nec
1702 3208 1838 3273 visu,
1878 3224 1978 3263 nec

397 3291 547 3339 tactu
564 3285 797 3341 valemus
825 3288 1109 3356 attingere.
1130 3289 1197 3344 Et
1216 3292 1372 3347 simul
1393 3285 1566 3362 cogita
1594 3295 1769 3350 locum
1789 3313 1976 3366 quem-

396 3373 542 3438 dam,
573 3376 664 3445 qui
691 3376 947 3431 discernit
985 3379 1288 3451 humorem,
1329 3383 1480 3452 cujus
1520 3394 1728 3454 partem
1769 3390 1977 3443 tenuio-

397 3479 512 3519 rem
538 3467 786 3535 supernis
812 3468 1132 3525 stationibus
1165 3471 1459 3542 deputavit,
1501 3479 1819 3533 crassiorem
1846 3497 1975 3536 vero

396 3554 748 3627 limosamque
785 3559 1124 3616 inferioribus
1169 3563 1474 3632 destinavit,
1519 3580 1577 3622 ut
1621 3569 1709 3624 illa
1747 3584 1867 3638 quae
1909 3587 1974 3625 ex

397 3645 549 3700 initio
570 3644 709 3701 facta
737 3658 819 3703 est
840 3654 1155 3720 temperatio
1177 3667 1535 3725 permaneret,
1566 3675 1825 3728 aquarum
1846 3678 1976 3731 pau-

397 3733 543 3788 latim
573 3735 599 3810 ιζ
629 3738 924 3795 minutione
953 3742 1212 3799 confecta.
1247 3745 1351 3802 Sed
1393 3757 1448 3804 tu
1493 3751 1710 3820 quidem
1755 3753 1975 3822 liquoris

395 3825 729 3894 amplitudini
775 3845 885 3883 non
931 3831 1209 3902 discredis,
1255 3838 1322 3892 ad
1356 3839 1492 3908 ignis
1521 3850 1700 3897 autem
1722 3845 1833 3898 vim
1864 3861 1970 3899 non

396 3924 683 3984 respectas,
730 3921 821 3986 qui
847 3921 973 3977 licet
1001 3925 1224 3993 exiguus
1250 3928 1510 3986 habeatur
1548 3932 1601 3987 in
1629 3934 1764 4000 visu,
1789 3937 1972 3990 multi-

397 4003 637 4061 tudinem
688 4015 868 4063 tamen
915 4025 1171 4081 aquarum
1198 4018 1344 4072 valet
1390 4022 1712 4094 expendere.
1750 4024 1975 4095 Semper

394 4094 537 4148 enim
579 4097 742 4151 trahit
788 4099 855 4152 ad
882 4116 941 4156 se
969 4103 1233 4171 subjectas
1261 4108 1445 4175 undas,
1473 4111 1523 4165 in
1553 4116 1771 4168 modum
1800 4094 1971 4170 medi-

395 4188 612 4242 eatorite
651 4192 972 4260 cucurbitas;
1012 4196 1272 4268 facileque
1313 4205 1578 4258 consumit
1606 4220 1697 4263 eas
1725 4208 1971 4277 exemplo

393 4275 612 4368 luminis
654 4280 972 4349 lucernalis,
1018 4288 1163 4355 quod
1208 4305 1307 4359 per
1332 4304 1353 4330 ο
1378 4296 1676 4363 appositam
1724 4275 1969 4368 stuppam

392 4364 635 4424 lambens
657 4371 835 4427 oleum
857 4390 983 4430 mox
1003 4378 1226 4446 peredit.
1255 4380 1448 4438 Ether
1468 4393 1646 4440 autem
1669 4389 1788 4456 quis
1812 4364 1971 4444 dubi-

2111 1840 2326 1895 lantetn.
2395 1842 2676 1897 Dicebatur
2715 1846 2855 1899 enim
2899 1855 3120 1916 propter
3164 1846 3299 1915 ignis
3344 1850 3679 1906 edacitatem

2110 1944 2363 1998 aquarum
2384 1935 2735 1987 necessariam
2758 1950 2876 1989 esse
2895 1937 3317 1992 multitudinem:
3342 1940 3475 1994 nihil
3491 1950 3683 1998 tamen

2109 2018 2328 2077 interest
2357 2028 2531 2075 utrum
2560 2024 2811 2078 naturalis
2835 2027 2902 2079 sit
2929 2041 2996 2080 an
3026 2028 3277 2096 quaesitus
3306 2030 3487 2096 ardor,
3512 2031 3683 2088 dum-

2049 2147 2062 2156 .
2107 2109 2269 2164 modo
2297 2111 2438 2166 circa
2480 2113 2718 2168 eamdem
2759 2117 3038 2170 materiam
3083 2119 3281 2174 similes
3319 2136 3476 2177 casus
3510 2139 3683 2178 exer-

2109 2208 2245 2267 ceat,
2273 2202 2324 2255 id
2352 2210 2462 2266 est,
2498 2204 2609 2258 sive
2637 2221 2757 2259 cum
2785 2206 2924 2260 inter
2949 2223 3007 2261 se
3046 2208 3185 2277 ligna
3215 2212 3490 2278 fricantur,
3519 2213 3683 2269 ﬂam-

2106 2307 2193 2344 ma
2222 2294 2521 2361 consurgit,
2550 2295 2661 2349 sive
2692 2304 2881 2364 sponte
2909 2314 3191 2354 succensus
3221 2302 3372 2368 ignis,
3404 2320 3524 2372 qua:
3551 2304 3679 2360 fue-

2108 2383 2214 2436 rint
2242 2383 2432 2451 injecta
2462 2388 2884 2455 consumpserit,
2928 2405 3062 2444 unus
3096 2392 3295 2445 scilicet
3333 2401 3497 2462 atque
3524 2396 3676 2451 idem

2107 2474 2280 2526 exitus
2304 2474 2369 2526 ab
2400 2482 2623 2542 utroque
2651 2476 2908 2544 procedit.
2936 2476 3002 2531 Et
3033 2488 3175 2533 certe
3201 2480 3446 2538 videmus
3478 2487 3675 2540 mode-

2108 2565 2354 2619 ratricem
2379 2567 2689 2634 sapientiam
2713 2569 2824 2634 Dei,
2848 2570 3014 2624 solem
3036 2572 3089 2625 in
3110 2573 3239 2627 alias
3257 2584 3439 2643 partes
3457 2592 3527 2630 ex
3548 2579 3674 2635 al.is

2109 2664 2570 2723 transponentcm,
2601 2665 2658 2711 ut
2684 2673 2790 2713 non
2817 2673 3028 2729 semper
3053 2660 3105 2713 in
3135 2662 3333 2716 eisdem
3358 2680 3674 2719 commora-

2107 2749 2194 2796 tus
2221 2741 2375 2807 locis,
2402 2742 2624 2798 fervoris
2661 2746 2915 2802 aviditate
2951 2748 3275 2804 mundanum
3311 2751 3674 2822 depopuletur

2081 2841 2371 2886 ornatum.
2403 2832 2507 2888 Sed
2536 2850 2674 2888 nunc
2701 2851 2821 2890 eum
2851 2837 2918 2891 ad
2947 2837 3247 2892 Australem
3269 2848 3489 2909 sonam,
3524 2860 3672 2900 nunc

2106 2922 2172 2976 ad
2204 2924 2351 2991 signa
2379 2925 2672 2979 solstitialia
2705 2941 2804 2994 pro
2833 2935 3128 2996 temporum
3157 2931 3455 2986 mutatione
3484 2935 3673 2989 tradu-

2105 3013 2213 3078 cit,
2253 3023 2412 3083 atque
2449 3015 2570 3068 inde
2614 3015 2667 3068 in
2713 3024 2948 3070 arctoam
2995 3019 3265 3085 regionem
3290 3025 3584 3090 convertit,
3614 3037 3672 3079 ut

2104 3103 2356 3170 paulatim
2395 3119 2491 3172 per
2528 3104 2733 3159 diversa
2773 3107 3126 3173 commigrans
3153 3111 3379 3165 terrenis
3408 3111 3671 3169 fructibus

2106 3200 2523 3260 temperamenta
2558 3195 2837 3248 custodiat.
2887 3195 3114 3251 Videant
3141 3207 3317 3253 tamen
3351 3203 3397 3255 si
3425 3219 3538 3256 non
3568 3206 3670 3273 ipsi

2018 3294 2019 3299 ‘
2084 3280 2206 3334 sibi
2232 3282 2521 3349 probantur
2547 3284 2839 3349 obsistere,
2870 3300 2990 3339 cum
3019 3302 3167 3341 mare
3194 3287 3313 3343 ideo
3343 3292 3669 3346 confirmant

2107 3371 2445 3427 incrementis
2473 3371 2769 3429 ﬂuvialibus
2795 3391 2900 3429 non
2931 3378 3138 3444 augeri,
3179 3380 3301 3448 quia
3332 3383 3515 3437 calore
3539 3385 3669 3438 solis

2107 3461 2435 3528 absorbetur,
2478 3464 2618 3518 unde
2663 3466 2825 3519 etiam
2865 3468 3005 3520 salsa
3051 3475 3106 3521 et
3147 3485 3328 3523 amara
3372 3471 3491 3539 ejus
3530 3489 3669 3541 aqua

2105 3553 2393 3622 perficitur,
2430 3563 2488 3607 ut
2515 3563 2641 3624 pote
2684 3570 2801 3623 qua:
2827 3570 3071 3625 saporem
3098 3561 3324 3628 propriae
3348 3561 3668 3629 dulcedini,

2112 3643 2132 3682 ί
2162 3652 2315 3714 raptu
2342 3643 2561 3699 fervoris
2588 3646 2782 3717 amittit
2809 3654 2863 3699 et
2890 3646 2979 3700 ubi
3018 3647 3271 3701 leviorem
3299 3648 3518 3716 quidem
3545 3668 3668 3719 par-

2109 3741 2215 3788 tem
2240 3748 2419 3788 secum
2447 3734 2650 3801 aufert,
2672 3735 2968 3801 graviorem
2988 3751 3116 3790 vero
3144 3746 3199 3791 et
3224 3739 3487 3803 limosam,
3527 3742 3667 3794 velut

2106 3822 2286 3877 fzecem
2316 3823 2543 3892 aliquam
2579 3823 2665 3877 hic
2690 3824 2955 3893 relinquit.
2996 3824 3101 3879 Sed
3127 3827 3218 3892 qui
3248 3827 3312 3881 de
3340 3829 3475 3881 mari
3508 3831 3668 3884 modo

2105 3914 2231 3968 talia
2258 3914 2604 3981 disserebant,
2635 3930 2841 3970 rurstun
2870 3916 3057 3969 mutati
3083 3917 3281 3970 nullam
3308 3916 3667 3978 defectionem

2072 4014 2187 4071 ﬂeri
2214 4016 2437 4084 liquoris
2457 4032 2487 4070 a
2509 4017 2624 4071 sole
2642 4016 3008 4087 pronuntiant.

2142 4106 2192 4159 8.
2235 4106 2305 4159 Et
2348 4108 2541 4160 vocavit
2586 4106 2725 4160 licus
2769 4108 3149 4177 ﬁrmaamnlum
3198 4121 3398 4164 crtum.
3431 4107 3659 4182 Propria

2070 4201 2284 4270 quidem
2331 4200 2472 4254 aliud
2515 4200 2589 4254 illi
2636 4201 2962 4254 conveniens
3005 4200 3178 4255 fuerat
3207 4217 3422 4257 nonum.
3445 4203 3659 4260 Scimus

2075 4301 2254 4347 tamen
2283 4291 2575 4361 sepissime
2601 4291 2798 4345 emtum
2847 4290 2952 4345 dici
3004 4290 3179 4345 locum
3206 4291 3436 4360 spissum
3457 4294 3659 4350 densa-

2072 4392 2291 4453 tumque
2311 4382 2449 4436 aeris
2475 4381 2627 4435 istius
2646 4380 2820 4450 palam
2850 4381 3048 4435 nostris
3072 4382 3347 4436 obtutibus
3369 4398 3660 4439 occurren-

394 4463 477 4514 tet
502 4456 805 4516 ﬂammeum
834 4479 951 4519 esse
980 4474 1140 4535 atque
1168 4472 1467 4526 torridam?
1500 4474 1652 4540 Quod
1675 4478 1776 4533 nisi
1798 4487 1968 4534 sLatu-
1996 4466 2050 4526 Β
2075 4482 2199 4528 lem.
2231 4471 2435 4526 leum
2466 4480 2641 4525 autem
2663 4485 2693 4523 ει
2713 4466 2983 4525 cernendo
3012 4472 3217 4538 vocari,
3240 4473 3385 4540 quod
3415 4489 3488 4528 ex
3509 4471 3658 4528 Gne-

396 4550 469 4605 tis
513 4551 613 4607 sibi
653 4567 686 4607 a
735 4553 991 4612 Creatore
1029 4558 1220 4615 finibus
1248 4561 1564 4632 frenaretur,
1599 4564 1750 4624 facile
1779 4580 1972 4626 cuncta

395 4650 773 4697 consumeret:
806 4660 924 4713 qua:
949 4662 1037 4702 res
1079 4650 1326 4719 prohibet
1354 4661 1412 4707 ut
1451 4670 1559 4709 non
1609 4665 1754 4713 totus
1780 4660 1974 4716 humor

395 4721 490 4799 qui
535 4731 694 4786 rebus
721 4732 945 4791 diversis
990 4738 1221 4796 insertus
1266 4755 1349 4796 est
1381 4745 1559 4801 calore
1598 4749 1726 4803 solis
1752 4764 1971 4808 voratus

396 4835 684 4880 aresceret.
710 4822 790 4879 Ob
819 4826 923 4883 hoc
944 4830 1177 4885 ctelestis
1198 4831 1337 4887 facta
1365 4842 1449 4889 cst
1476 4851 1613 4904 aqua
1642 4838 1764 4894 loco
1808 4857 1969 4912 supe-

396 4913 541 4970 riore
586 4916 832 4983 collecta,
877 4933 1037 4988 quam
1074 4921 1316 4991 paludes,
1367 4932 1422 4979 et
1446 4924 1612 4996 ﬂuvii,
1644 4930 1970 5000 pelagusque

469 5113 494 5138 ³
533 5101 677 5159 Editi
704 5111 763 5159 et
787 5119 940 5181 ms_s_.,
967 5106 1022 5158 id
1051 5112 1145 5167 est,
1186 5104 1349 5181 Tages
1383 5115 1435 5181 et
1463 5104 1833 5181 NisusLmale.
1856 5108 1973 5175 Quo

400 5174 518 5227 loco
546 5187 752 5227 errasse
796 5173 1028 5228 arbitror
1065 5192 1170 5230 non
1217 5173 1479 5241 librarios,
1515 5176 1605 5229 sed
1636 5173 1973 5233 Eustathium

401 5244 593 5312 ipsum,
627 5242 719 5317 qui
746 5256 866 5296 cum
895 5242 948 5317 in
974 5244 1269 5317 exemplari
1298 5245 1484 5317 Graeco
1516 5245 1595 5300 ὅτε
1626 5251 1783 5317 Αἰνὼν
1820 5248 1972 5302 inve-

402 5311 586 5370 nisset.
612 5311 1098 5386 _inepte_syllaba_m
1124 5311 1177 5369 et
1205 5315 1327 5386 voci
1353 5320 1510 5386 Λὶγὼν
1537 5311 1834 5383 conjunxit,
1861 5317 1968 5372 sic-

400 5395 505 5450 que
525 5396 592 5434 ex
606 5381 693 5455 his
713 5381 918 5455 duabus
933 5382 1155 5438 vocibus
1175 5381 1349 5455 effecit
1370 5381 1548 5455 unam,
1567 5381 1804 5455 Τεὰιγὼν,
1823 5381 1970 5441 unde

401 5464 509 5526 Eon
549 5450 740 5503 mirum
782 5450 830 5504 si
866 5450 923 5506 id
959 5466 1155 5509 nomen
1196 5450 1384 5507 Latine
1421 5454 1671 5520 reddens,
1691 5450 1970 5526 scripserit

406 5516 712 5675 Tagijbstri
735 5598 841 5645 tres
861 5607 1008 5675 τῇδε..
1031 5593 1347 5675 mutuaticae
1366 5594 1616 5663 confecta.
1645 5663 1656 5675 .

483 5663 507 5699 ⁸
529 5655 690 5724 Editi,
720 5663 1023 5730 oppositam.
1053 5661 1199 5718 Libri
1220 5670 1445 5729 veteres,
1465 5655 1783 5733 oppositam.

2074 4578 2257 4618 eorum
2303 4562 2490 4617 melius
2542 4561 2866 4631 etymologia
2917 4561 3235 4630 colligimus,
3265 4563 3411 4630 quod
3441 4568 3657 4640 οὐρανόν

2076 4653 2367 4724 appellant,
2397 4654 2497 4707 ἀπὸ
2516 4659 2607 4706 τοῦ
2633 4651 2869 4726 ὁρᾶσθαι,
2893 4652 3032 4706 sicut
3072 4653 3203 4706 dicit
3230 4652 3533 4722 Scriptura,
3567 4675 3656 4712 ro-

2075 4744 2244 4798 latilia
2289 4743 2399 4797 caeli
2431 4741 2600 4812 (Psal.
2634 4758 2741 4806 vui,
2774 4742 2862 4811 9);
2902 4750 2957 4796 et
2986 4742 3145 4807 alibi,
3186 4744 3419 4798 volatilia
3467 4762 3657 4801 secun-

2075 4838 2197 4890 dum
2220 4837 2601 4906 ﬁrmamentum
2621 4833 2731 4887 cali
2763 4828 2916 4901 (Gen.
2950 4848 2986 4899 ι,
3017 4831 3131 4902 20).
3164 4832 3296 4888 Tale
3319 4842 3402 4889 est
3428 4843 3485 4890 et
3510 4837 3658 4904 qmtd

2074 4929 2268 4988 dicitur
2299 4946 2313 4979 :
2343 4925 2639 4980 Asceudunt
2667 4941 2824 4994 usque
2851 4924 2921 4978 ad
2954 4925 3135 4978 coelum
3182 4924 3353 4996 (Psal.
3399 4942 3507 4994 cvi,
3538 4926 3655 4997 26).

2147 5106 2173 5143 ά
2203 5102 2419 5171 Antiqui
2463 5102 2570 5172 duo
2619 5098 2739 5153 libri
2765 5109 2818 5153 et
2846 5098 3001 5163 editi,
3035 5102 3179 5155 calor
3204 5118 3333 5172 ejus.
3384 5101 3540 5158 Colb.
3576 5121 3658 5162 se-

2076 5174 2493 5254 cund-ns,.color.
2526 5171 3087 5250 Gratce,.¢m.zpqiw,
3231 5171 3269 5253 ⁷.
3395 5188 3465 5254 ,⁸
3527 5243 3562 5254 4-
3645 5244 3656 5254 .

2150 5254 2172 5282 ο
2203 5244 2358 5304 Editi,
2402 5257 2466 5295 ea:
2511 5240 2758 5312 asperiori
2805 5239 3388 5312 ejus'circumcursione.
3434 5241 3657 5312 Antiqui

2073 5314 2180 5369 duo
2210 5314 2349 5376 libri,
2391 5327 2455 5365 ea:
2483 5310 2745 5380 asperiore
2767 5312 2899 5381 _ejus
2947 5311 3372 5381 circumtgzrsione
3393 5328 3411 5365 :
3461 5310 3656 5381 quibus

2073 5385 2251 5439 verbis
2278 5377 2586 5436 Eustathius
2629 5377 2930 5446 exprimere
2962 5378 3128 5432 voluit
3156 5377 3652 5442 Basilianum'illud.

2072 5458 2127 5509 ἐκ
2153 5465 2245 5514 τῆς
2273 5455 2490 5523 ταχείας
2521 5448 2645 5523 river:
2679 5457 3042 5523 περιστροφῆς.
3074 5447 3180 5503 Sed
3217 5450 3268 5504 in
3299 5449 3409 5507 hoc
3434 5453 3654 5516 erravit.

2077 5518 2354 5594 quodpro'
2365 5518 2584 5594 ἱ-αχείας
2596 5518 2802 5594 legerit
2822 5518 3091 5594 τραχείας.

2152 5574 2177 5631 ί
2196 5574 2742 5661 Εἷιὶιὶίνλᾶὖὶόίϐοἶῠ.
2770 5574 3063 5656 secundas,
3086 5597 3254 5660 raptu.
