3824 6214
158 252 275 301 9111

968 244 1347 301 EUSTATIKI
1389 239 1799 302 llEXAEMERl
1833 245 2327 319 METAPIIRASIS
2369 245 2574 302 Lle
2616 248 2706 304 lli.

3356 244 3464 302 902

180 380 217 410 ⁸
245 369 571 442 EtJloyses
619 371 942 426 benedicens
988 373 1186 429 tribum
1232 373 1454 445 Joseph,
1486 390 1553 429 ex
1580 374 1769 429 finibus
1799 376 1847 435 Α
1873 371 2118 439 terjcctio
2148 377 2434 440 separavit,
2473 388 2757 427 occasnone
2796 372 3171 443 allegoriamm
3220 380 3278 429 et
3318 389 3447 432 sen-

177 461 338 530 εαξη,
367 467 421 515 et
449 461 745 515 mutatione
767 461 914 526 Solis,
936 470 988 516 et
1011 465 1365 519 concursione
1404 463 1689 529 mensium,
1711 469 1768 517 et

176 564 255 605 ex
276 550 481 604 vertice
508 548 767 603 montium
791 550 1218 605 benedictionem
1247 551 1339 605 dat
1370 551 1543 623 (Deut.
1569 567 1758 617 xxnn,

178 639 275 711 13)
293 657 309 705 ;
328 647 387 693 ut
408 648 535 708 pote
556 640 775 708 regione
799 640 1003 694 telluris
1024 656 1200 695 rerum
1222 643 1407 697 talium
1418 642 1586 712 c0piis
1606 642 1770 695 abun-

176 729 371 783 dante.
402 727 508 782 Sed
535 736 592 783 et
619 730 675 783 in
719 729 1016 785 maledictis
1061 730 1224 785 Israel
1256 749 1268 783 :
1319 728 1422 797 Sit,
1455 731 1642 800 inquit,
1677 729 1766 783 tibi

177 835 340 890 super
369 827 521 888 caput
543 820 724 874 calum
743 836 940 875 teneam
971 820 1144 891 (Deut.
1171 837 1357 883 xxvm,
1388 820 1502 891 25),
1528 821 1765 875 indicans

177 909 447 977 integram
468 910 780 976 siccitatem,
805 918 964 981 atque
987 911 1249 966 defectum
1273 912 1492 980 liquoris
1513 912 1652 964 aeris
1669 926 1764 979 per

177 1014 347 1069 quem
373 1000 599 1054 terrenis
626 998 882 1055 fructibus
908 999 1206 1056 fecunditas
1236 1009 1419 1071 optata
1464 1008 1757 1070 pncstatur.

175 1090 414 1155 Quando
436 1105 565 1161 ergo
584 1091 652 1145 de
670 1090 806 1146 cmlo
826 1090 957 1144 dicit
993 1091 1165 1145 emitti
1200 1105 1377 1146 rorem
1395 1090 1478 1145 vel
1507 1090 1758 1160 pluviam,

171 1184 350 1258 720
373 1201 544 1254 aquas
575 1186 839 1254 intellige,
862 1200 982 1252 qua:
1008 1184 1341 1253 superiorem
1375 1195 1558 1239 tenere
1593 1185 1761 1256 jussa:

161 1287 302 1332 sunt
322 1278 619 1348 regionem.
639 1276 1071 1347 Conglomeratis
1092 1276 1234 1331 enim
1283 1277 1570 1347 vaporibus
1596 1278 1648 1332 in
1681 1277 1763 1332 al-

164 1377 317 1434 tum,
335 1377 390 1424 et
413 1384 541 1425 aere
560 1379 843 1423 ventorum
864 1367 1082 1423 ﬂatibus
1096 1368 1451 1437 condensato,
1466 1368 1759 1425 exhalatio-

160 1473 269 1515 nes
285 1460 370 1514 ha:
387 1474 505 1529 quae
522 1459 799 1514 subtiliter
819 1458 1400 1527 nubibusinseruntnr,
1420 1474 1516 1529 per
1534 1468 1752 1517 mutuas

174 1557 520 1598 accessrones
558 1550 719 1611 guttae
758 1540 1125 1611 perficiuntur,
1153 1554 1356 1609 suoque
1376 1540 1614 1611 pondere
1639 1543 1754 1595 col-

174 1631 296 1687 lisae
325 1632 576 1688 deorsum
600 1632 889 1702 pelluntur.
921 1629 1045 1706 [hac
1073 1638 1156 1685 est
1182 1631 1427 1685 imbrium
1454 1632 1750 1700 generatio;

172 1740 305 1779 cum
331 1739 460 1778 vero
500 1722 660 1777 fuerit
706 1722 1047 1792 despumatus
1075 1721 1286 1786 humor,
1317 1718 1604 1774 flabrorum
1633 1721 1752 1775 vio-
1781 1743 1828 1801 Β

172 1813 344 1867 lentia
374 1827 738 1882 repercussus,
778 1826 897 1866 cum
927 1808 1124 1879 frigore
1150 1810 1516 1863 vehementius
1534 1810 1751 1865 indure-

172 1902 303 1967 scit,
331 1902 597 1957 concretis
618 1901 845 1963 nebulis,
879 1900 967 1954 nix
988 1900 1160 1967 gelata
1182 1896 1418 1953 defertur
1438 1898 1502 1952 ad
1533 1906 1746 1953 terram.

171 1989 246 2045 Et
275 1991 497 2046 omnino
526 1991 553 2029 ι’
584 1990 879 2046 secundum
906 1988 1167 2059 ejusmodi
1195 1989 1480 2056 rationem,
1511 1991 1635 2044 licet
1656 1990 1752 2044 tibi

171 2097 394 2137 omnem
425 2095 683 2152 aquarum
710 2088 1024 2150 exspectare
1052 2088 1315 2146 naturam,
1347 2079 1619 2150 quomodo
1643 2081 1750 2135 cir-

170 2183 301 2224 cum
331 2182 510 2222 aerem
558 2167 649 2236 qui
694 2182 855 2236 super
893 2181 993 2221 nos
1021 2176 1102 2222 est
1129 2175 1535 2235 congregantur.
1568 2167 1751 2223 Nullus

170 2265 359 2312 tamen
400 2256 846 2325 argumentationi
886 2272 1071 2311 eorum
1092 2257 1183 2325 qui
1203 2256 1271 2310 de
1292 2257 1428 2312 cmlo
1456 2256 1748 2324 disputant,

169 2347 570 2416 simplicitatem
590 2345 944 2416 Spiritualium
967 2355 989 2384 ο
1013 2346 1138 2400 velit
1157 2343 1398 2401 conferre
1420 2360 1746 2400 sermonum.

169 2437 446 2504 Quantum
474 2438 614 2492 enim
657 2446 802 2491 reete
847 2437 1136 2491 viventium
1183 2436 1465 2490 mulierum
1509 2436 1747 2504 pulchri-

170 2528 310 2584 tudo
346 2528 659 2582 meretriciae
688 2525 1005 2584 formositati
1029 2527 1386 2597 praeponitur,
1412 2532 1614 2582 tantum
1645 2541 1745 2580 no-

168 2626 288 2673 ster
303 2631 482 2672 sermo
508 2616 747 2671 smculari
775 2617 1011 2671 noscitur
1034 2616 1282 2685 praelatus
1310 2630 1428 2671 esse
1466 2616 1742 2673 doctrinm.

169 2707 253 2764 Illi
279 2708 423 2762 enim
465 2714 706 2762 coactam
733 2706 912 2761 verbis
952 2707 1254 2761 suasionem
1304 2707 1449 2762 soliti
1500 2716 1625 2761 sunt
1668 2707 1747 2762 af-

168 2797 347 2864 ferre;
379 2813 478 2852 nos
508 2805 688 2851 autem
714 2796 909 2850 nudam
937 2794 963 2833 d
991 2796 1211 2852 fallendi
1254 2796 1570 2867 proferimus
1604 2799 1746 2853 veri-

168 2897 358 2943 tatem.
409 2887 516 2943 Sed
543 2885 673 2956 quid
700 2902 834 2956 opus
853 2894 936 2941 est
957 2901 1055 2941 nos
1082 2902 1423 2942 commovere
1449 2896 1739 2953 certamen,

166 2979 387 3033 illorum
415 2976 691 3031 mendacia
718 2976 1066 3045 repellentes,
1119 2990 1241 3030 cum
1294 2977 1559 3045 possimus
1609 2977 1743 3031 scri-

1872 476 1961 516 sus
1983 460 2204 524 altioris,
2235 460 2493 530 quasdam
2514 462 2668 516 nobis
2697 460 2891 529 ﬁguras
2911 462 3186 530 objiciunt,
3208 462 3445 522 dicentes

1869 552 2171 620 spirituales
2197 552 2644 620 incorporeasque
2683 554 2927 619 virtutes,
2957 553 3323 609 mutabiliterf
3355 554 3445 611 in-

1869 641 2031 710 telligi
2058 641 2254 697 debere
2273 656 2370 711 pro
2391 643 2560 710 aquis,
2593 651 2646 697 et
2666 659 2875 697 sursum
2903 645 3120 712 quidem
3146 661 3307 715 super
3349 645 3444 703 fir-

1865 737 2191 784 mamentum
2244 732 2563 785 remansisse
2616 731 2906 798 digniores,
2961 735 3016 788 in
3070 734 3442 792 humilioribus

1864 828 2044 875 autem
2068 820 2376 875 diversoriis
2416 829 2628 890 utpote
2677 824 3028 878 crassioribus
3077 834 3131 878 et
3184 828 3435 892 cmnosis,

1862 911 2052 964 noxias
2092 910 2413 964 constitisse.
2460 909 2755 981 Propterea
2798 913 2985 967 dicunt
3018 928 3111 967 eas
3132 929 3297 983 aquas
3315 931 3436 984 qua:

1861 1015 2024 1069 super
2050 1000 2217 1055 coclos
2237 1007 2380 1063 sunt,
2415 999 2634 1054 laudare
2661 999 2965 1065 Dominum,
2991 1002 3045 1056 id
3075 1012 3175 1067 est,
3203 1005 3435 1073 Optimas

1861 1089 2083 1143 virtutes
2105 1103 2222 1157 quae
2247 1088 2419 1155 dignm
2464 1097 2607 1157 sunt,
2638 1089 2707 1143 ob
2751 1105 2859 1143 sua:
2888 1093 3136 1146 meritum
3164 1094 3431 1162 puritatis,

1857 1176 2169 1231 decentibus
2202 1178 2472 1230 celebrare
2500 1178 2742 1231 laudibus
2769 1177 3136 1234 Conditorem.
3168 1179 3274 1236 Eas
3303 1196 3432 1236 vero

1856 1280 1974 1334 qua:
2002 1268 2339 1322 continentur
2368 1268 2607 1332 inferius,
2637 1269 2853 1337 spiritus
2900 1285 3017 1324 esse
3046 1272 3321 1340 pravitatis
3347 1271 3430 1326 afc

1832 1353 2070 1411 ‘firmant
2098 1371 2165 1410 ex
2192 1357 2471 1410 altitudine
2517 1358 2746 1410 naturali
2788 1359 2838 1411 in
2869 1357 3190 1427 profundum
3216 1361 3430 1416 malitia

1853 1443 2156 1513 devolutos,
2186 1459 2320 1514 quos
2348 1452 2407 1498 ut
2426 1445 2692 1512 turbidos,
2737 1460 2800 1500 ac
2855 1447 3156 1511 seditiosos,
3190 1456 3246 1502 et
3271 1448 3436 1505 vitio-

1853 1550 1971 1587 rum
2001 1535 2311 1589 tumultibus
2332 1533 2665 1599 fluctuantes,
2688 1549 2834 1588 mare
2862 1545 3083 1605 propter
3107 1537 3426 1593 varietatem

1853 1625 1937 1679 sui
1963 1618 2241 1695 prepositi,
2265 1626 2409 1694 quod
2431 1632 2667 1678 mutatur
2689 1625 2920 1690 assidue,
2948 1634 3299 1694 nuncupatos.
3319 1626 3428 1682 Sed

1853 1731 1950 1771 nos
1978 1714 2277 1784 hujusmodi
2305 1729 2610 1778 sermones,
2643 1722 2703 1767 ut
2732 1715 3062 1769 somniorum
3091 1714 3429 1783 conjecturas

1852 1815 1909 1862 et
1951 1807 2118 1861 aniles
2160 1805 2363 1860 fabulas
2416 1805 2745 1870 omittentes,
2792 1819 2985 1874 aquam
3044 1804 3423 1873 intelligamus,

1851 1909 2043 1961 aquam
2071 1908 2189 1948 esse
2209 1907 2409 1961 veram,
2438 1893 2939 1962 separationemque
2965 1891 3305 1960 firmamenti,
3347 1896 3424 1951 ita

1850 1980 2208 2051 ut'Scriptura
2231 1979 2410 2042 tradit,
2441 1980 2784 2049 accipiamus.
2813 1979 2882 2034 Et
2904 1981 2948 2034 si
2973 1981 3191 2050 quando
3213 1983 3422 2038 laudem

1849 2070 2116 2124 communi
2169 2069 2407 2124 omnium
2433 2068 2660 2124 Domino
2707 2084 2858 2138 aqua:
2910 2070 3156 2125 dicantur
3191 2071 3419 2140 offerre,

1849 2176 1955 2215 non
1995 2162 2064 2215 ob
2092 2161 2195 2215 hoc
2223 2168 2248 2207 ε
2277 2158 2600 2214 aestimanda:
2642 2164 2768 2213 Sunt
2814 2160 3147 2215 rationabilis
3171 2177 3291 2216 esse
3312 2145 3417 2216 lna-

1848 2258 1998 2304 tunc.
2050 2248 2233 2317 Neque
2278 2248 2419 2303 enim
2472 2248 2596 2317 quia
2648 2248 2764 2302 caeli
2808 2259 3054 2302 enarrant
3073 2249 3298 2321 gloriam
3318 2250 3419 2307 Ι)τὶ

1847 2339 2020 2411 (Psal.
2052 2356 2163 2407 xm,
2188 2340 2260 2409 l),
2294 2339 2466 2395 modis
2502 2340 2750 2394 omnibus
2796 2340 3015 2394 animati
3041 2350 3180 2407 sunt,
3204 2359 3304 2397 nec
3327 2344 3417 2397 tir-

1847 2438 2173 2484 mamentum
2201 2429 2449 2484 sensibile
2475 2429 2672 2483 animal
2700 2444 2820 2485 esse
2839 2430 3129 2500 putandum
3156 2440 3256 2496 est,
3290 2434 3416 2501 quia

1845 2521 2076 2573 enuntiat
2115 2521 2366 2590 facturam
2403 2534 2646 2572 manuum
2674 2534 2904 2573 suarum.
2928 2518 3080 2586 Quod
3100 2521 3201 2575 etsi
3223 2522 3416 2577 dixerit

1845 2612 2129 2680 quispiam,
2176 2610 2343 2665 caalos
2369 2607 2398 2646 ιι
2428 2609 2642 2680 quidem
2679 2612 3120 2680 contemplabiles
3165 2627 3282 2668 esse
3310 2614 3415 2667 νὶι·‹

1844 2708 2007 2765 tutes,
2039 2700 2428 2754 firmamentum
2454 2707 2636 2754 autem
2676 2698 2951 2756 factricem
2982 2703 3076 2757 Dei
3100 2708 3412 2772 potentiam,

1843 2807 2149 2847 sermonem
2173 2790 2390 2860 quidem
2429 2807 2527 2846 nos
2553 2791 2878 2861 hujusmodi,
2908 2795 3154 2861 quamvis
3174 2796 3244 2849 sit
3269 2811 3414 2851 com-

1840 2881 2132 2947 mentitius,
2165 2892 2343 2935 tamen
2372 2896 2479 2935 non
2527 2890 2876 2951 aspernanter
2925 2884 3276 2950 admittimus,
3318 2885 3412 2944 sed

1842 2987 2027 3028 verum
2054 2972 2195 3026 hunc
2220 2985 2338 3025 esse
2377 2973 2677 3026 nullatenus
2705 2974 2985 3042 patiemur.
3013 2974 3143 3028 Nam
3172 2991 3271 3031 nec
3299 2991 3407 3041 ros,

164 3076 354 3137 ptnras
401 3082 525 3120 snas
572 3066 784 3120 sibimet
809 3064 1164 3129 conferentes,
1194 3066 1310 3119 sine
1345 3074 1530 3120 nostro
1558 3066 1741 3122 labore
1766 3095 1812 3158 ε
1842 3069 1936 3117 aut
1978 3063 2187 3129 bruma,
2216 3062 2299 3115 vel
2345 3060 2528 3129 frigus,
2574 3070 2666 3115 aut
2709 3071 2887 3127 aestus,
2919 3066 3169 3130 quoniam
3191 3066 3411 3122 laudare

163 3159 383 3213 illorum
429 3165 741 3226 exspectare
768 3154 1106 3211 conflictum?
1152 3155 1253 3222 Qui
1297 3171 1397 3212 nec
1433 3157 1737 3225 eloquentia

160 3247 497 3314 differentes,
519 3262 619 3301 nec
645 3261 867 3301 numero
888 3247 1186 3316 pauciores,
1216 3262 1314 3302 nec
1337 3246 1598 3316 dignitate
1650 3249 1739 3303 de-

157 3339 415 3405 teriores,
443 3338 552 3391 suis
602 3336 923 3391 adversariis
965 3344 1345 3407 repugnantes,
1394 3353 1516 3392 cum
1560 3338 1736 3407 ignem

154 3429 345 3483 omnia
366 3435 573 3482 torrere
592 3427 804 3496 penitus
825 3442 887 3480 ac
907 3426 1165 3481 devorare
1192 3425 1527 3492 confirment,
1553 3444 1737 3484 rursus

154 3519 225 3572 de
245 3518 500 3571 recidivis
526 3518 834 3581 seminibus,
864 3532 982 3585 qua:
1013 3516 1148 3584 ignis
1176 3517 1525 3584 conflagratio
1579 3517 1736 3573 dere-

152 3608 372 3677 linquit,
401 3623 588 3663 causas
607 3607 1026 3675 regenerationis
1047 3607 1316 3661 inducunt.
1342 3604 1496 3661 Unde
1522 3615 1544 3644 °
1569 3607 1731 3661 etiam

151 3697 393 3752 mundos
420 3695 832 3749 innumerabiles
860 3694 1225 3755 introducunt.

222 3784 277 3838 9.
320 3783 430 3839 Sed
480 3784 555 3837 illi
595 3784 868 3853 utriusque
892 3782 1238 3853 professionis
1264 3782 1488 3837 veritate
1514 3783 1727 3852 privati,

148 3874 281 3930 hinc
328 3872 457 3928 inde
482 3887 580 3943 per
606 3873 839 3941 inopiam
888 3871 1119 3926 subsidia
1170 3871 1253 3925 sui
1300 3874 1497 3927 erroris
1543 3874 1730 3943 exqui-

147 3971 298 4019 runt.
331 3962 604 4032 Siquidem
632 3970 686 4016 et
713 3960 782 4016 de
810 3962 892 4016 his
916 3962 1069 4032 aquis
1099 3977 1234 4031 quas
1273 3961 1593 4018 firmamenti
1643 3964 1729 4018 in-

219 4190 249 4219 ι
276 4178 440 4249 Editi,
469 4178 586 4249 quia
615 4176 841 4247 Moyses.
870 4175 1014 4231 Libri
1042 4183 1270 4249 veteres,
1301 4187 1349 4232 et
1377 4177 1602 4249 Moyses.

214 4249 247 4289 ι’
275 4248 417 4317 Editi
450 4255 511 4317 et
553 4247 659 4300 duo
705 4262 857 4317 mss.,
893 4247 1164 4317 secundum
1189 4248 1298 4317 ejus
1326 4247 1726 4301 moderationem

141 4320 344 4386 licebit1
366 4315 820 4379 Colb.secnndus,
853 4316 1129 4369 secundum
1175 4315 1426 4386 ejusmodi
1471 4319 1725 4372 rationem

141 4390 286 4443 licet.
307 4383 513 4456 Graece,
540 4391 671 4456 κοιτᾲ
699 4387 787 4439 τὸν
819 4388 964 4456 αὐτὸν
988 4386 1130 4456 λόγον
1157 4383 1343 4450 ξεστι.

219 4468 243 4496 ο
284 4455 438 4509 εοιι).
477 4455 759 4519 secundus,
791 4452 1217 4525 valelconferre.
1262 4456 1547 4523 Aliquanto
1588 4452 1722 4509 infra

141 4525 296 4587 editi,
325 4525 610 4595 meretricie
632 4523 961 4595 formositati.
997 4522 1212 4591 Antiqui
1254 4522 1394 4587 libri,
1425 4526 1724 4578 meretricia:

163 4594 477 4649 'ormositati.

142 4599 477 4666 formositati.

210 4664 240 4701 ἀ
272 4662 493 4735 Veteres
513 4661 617 4715 duo
647 4661 765 4735 libri
795 4669 849 4714 et
868 4660 996 4735 editi
1015 4699 1030 4725 ,
1057 4662 1253 4735 nudam
1268 4662 1487 4735 fallendi
1511 4664 1726 4735 proferi-

140 4750 273 4787 mus.
328 4728 479 4811 Colb.
500 4808 511 4812 _
531 4730 818 4812 secundus,
845 4732 1035 4812 nudam
1052 4728 1719 4812 [alientibusproferimuu

140 4801 681 4872 quamscripturam
716 4799 919 4872 legenti
946 4799 1090 4872 venit
1134 4801 1187 4872 in
1232 4799 1721 4857 mentem'fortasse

139 4868 422 4939 scripsisse
442 4868 795 4931 Eustathium,
825 4869 1039 4939 fallendi
1058 4869 1277 4936 artibus,
1296 4872 1570 4926 librarium
1593 4887 1721 4927 vero

139 4955 209 5005 ex
256 4938 343 4993 his
386 4938 595 4993 duabus
650 4938 869 5005 vocibus
895 4938 1156 4993 conflasse
1188 4956 1363 5005 unam,
1397 4940 1713 5005 fallentibus.

138 5004 243 5063 Ubi
274 5008 548 5075 aliquanto
579 5013 700 5077 post
721 5001 934 5077 legitur,
957 5016 1255 5077 emspectare
1280 5001 1575 5077 conﬂictum
1600 5028 1616 5063 :
1647 5011 1717 5064 ibi

139 5086 271 5146 puto
300 5077 546 5149 librarios
571 5076 875 5149 offendisse,
909 5078 1001 5146 qui
1027 5076 1125 5145 pro
1152 5076 1388 5147 spectare
1406 5081 1716 5149 scripserint

138 5144 456 5217 exspectare.
488 5144 695 5217 Gnnce,
722 5148 903 5217 θεατᾴς
926 5144 1194 5217 Baebia-6m.

215 5213 244 5250 ί
267 5214 405 5269 Editi
430 5222 484 5267 et
521 5215 626 5268 duo
650 5230 774 5268 mss.
805 5232 817 5264 :
849 5213 996 5268 Unde
1023 5217 1176 5268 etiam
1203 5218 1256 5269 in
1284 5234 1456 5271 eorum
1478 5224 1714 5270 constru-

138 5285 308 5338 ctione
326 5283 611 5352 suﬂ‘ecerit,
625 5283 860 5347 mundos,
875 5291 978 5338 etc.
998 5284 1063 5337 At
1081 5282 1233 5339 Colb.
1247 5285 1514 5340 secundus
1530 5304 1542 5339 :
1567 5284 1716 5339 Unde

141 5353 298 5423 etiam
325 5352 564 5414 mundos,
594 5361 697 5423 etc.
727 5353 864 5418 Quid
892 5354 944 5406 in
976 5354 1202 5423 vulgatis
1230 5354 1330 5409 sibi
1384 5355 1515 5408 velit
1562 5354 1713 5417 illud,

138 5422 192 5473 in
217 5437 393 5475 eorum
412 5422 786 5491 constructione
812 5423 1088 5491 suffecerit,
1133 5439 1239 5478 non
1267 5425 1396 5479 satis
1424 5423 1661 5490 intelligo
1695 5440 1708 5475 :

137 5503 317 5562 neque
345 5491 506 5562 etiam
533 5490 764 5544 lectione
791 5491 959 5546 altera
984 5493 1122 5548 bene
1149 5494 1519 5562 exprimuntur
1544 5492 1707 5546 verba

138 5557 332 5638 Clima
340 5577 354 5611 :
370 5560 513 5638 “99:19
530 5564 615 5613 καὶ
640 5563 878 5638 ἀπείρους
907 5565 1087 5636 φθορὰς
1104 5557 1298 5619 κόσιλου
1315 5568 1394 5624 καὶ
1413 5564 1710 5636 παλιγγενε-

141 5633 260 5690 σίας
288 5630 596 5701 εἰσάγωσιν.

1841 3154 2074 3209 οιιιιιὶιιιιι
2095 3161 2390 3208 creatorem
2402 3152 2673 3220 jubentur,
2700 3162 2758 3206 ut
2777 3155 2850 3208 ait
2879 3155 2892 3190 ί
2921 3155 3105 3209 Daniel
3136 3157 3284 3227 (Cap.
3309 3158 3408 3227 ιιι),

1836 3243 2099 3298 sensibilis
2126 3257 2243 3297 esse
2268 3242 2353 3297 vel
2373 3242 2649 3296 invisibilis
2677 3243 3018 3307 intelligenda
3041 3255 3228 3298 natura
3252 3255 3407 3312 sunt;

1836 3323 1931 3389 sed
1959 3333 2315 3390 consideratio
2345 3347 2529 3387 eorum
2556 3331 2847 3401 prudenter
2868 3347 2899 3386 a
2919 3348 3135 3387 sensum
3163 3335 3408 3390 babenti-

1835 3428 1934 3482 bus
1973 3425 2355 3494 contemplata,
2408 3424 2853 3491 glorificationem
2888 3422 3095 3493 perlicit
3117 3423 3407 3481 Creatoris.

1834 3515 1951 3570 Non
1975 3517 2146 3570 solum
2168 3516 2311 3569 enim
2343 3528 2478 3581 aqua
2503 3528 2621 3583 qum
2648 3529 2810 3582 super
2837 3514 3001 3568 cmlos
3027 3521 3126 3579 est,
3156 3524 3407 3582 tanquam

1832 3605 2038 3659 czeteris
2081 3604 2287 3659 honore
2334 3604 2642 3672 praecellens
2669 3610 2891 3672 propter
2934 3603 3145 3657 insitam
3195 3604 3407 3661 sibimet

1832 3702 2187 3759 venustatem,
2235 3693 2450 3748 laudem
2471 3692 2731 3763 dependit
2749 3692 3005 3760 Domino;
3036 3696 3128 3749 sed
3154 3693 3295 3748 idem
3321 3693 3404 3747 fa-

1831 3800 1955 3840 cere
1982 3779 2149 3839 etiam'
2171 3800 2289 3855 qua:
2317 3785 2368 3838 in
2398 3794 2541 3838 terra
2570 3792 2695 3838 sunt
2732 3784 3046 3850 invitantur,
3073 3784 3126 3839 id
3153 3794 3252 3849 est,
3284 3785 3407 3839 dra-

1827 3890 2002 3942 cones,
2031 3883 2080 3928 et
2105 3891 2278 3928 omnes
2299 3873 2469 3945 abyssi
2494 3873 2896 3945 (Psul.cx1.vnt,
2922 3874 2994 3943 7).
3028 3874 3105 3928 ita
3134 3890 3231 3929 nec
3251 3876 3406 3946 abys-

1828 3980 1936 4035 sus,
1966 3980 2127 4033 quam
2157 3966 2208 4019 in
2234 3964 2473 4035 pejorem
2499 3972 2708 4034 partem
2734 3971 2997 4019 conantur
3039 3964 3270 4033 abjioere
3324 3965 3406 4018 fa-

1903 4178 1922 4217 τ
1954 4179 2095 4254 Ediii
2123 4189 2177 4234 et
2204 4178 2356 4235 Colb.
2387 4182 2619 4254 primus,
2641 4181 2944 4254 mirabiliter
2964 4183 3183 4254 intelligi
3226 4185 3404 4244 debere

1825 4266 1919 4319 pro
1949 4252 2119 4322 aquis,
2146 4261 2193 4322 et
2217 4265 2438 4322 rursum.
2465 4249 2666 4316 Quibus
2694 4250 2748 4303 in
2768 4252 2948 4305 verbis
2977 4252 3105 4322 illud
3131 4249 3404 4310 'mirubili-

1828 4329 1902 4371 ter
1921 4319 2113 4373 mirum
2143 4320 2194 4389 i_n
2223 4319 2437 4373 modum
2462 4322 2720 4374 absonum
2743 4328 2844 4387 est,
2877 4335 3049 4389 neque
3073 4321 3176 4377 hoc
3196 4341 3403 4381 rursum

1826 4389 1994 4463 magis
2014 4387 2404 4463 estidoneum;
2434 4391 2558 4463 quia
2587 4397 2769 4463 tamen
2786 4387 3031 4444 librarios
3058 4391 3271 4463 decepit
3296 4413 3397 4451 no-

1825 4458 2036 4531 minum
2073 4457 2380 4531 similitudo,
2413 4457 2809 4531 quodammodo
2850 4457 3209 4531 excusandos'
3242 4474 3394 4531 puto.

1828 4524 2130 4596 Legendum
2179 4527 2335 4595 igitur
2382 4524 2449 4580 ei
2468 4528 2595 4596 aliis
2623 4528 2829 4582 duobus
2858 4530 3147 4595 codicibus,
3180 4524 3401 4596 mutabi-

1749 4588 1801 4646 D
1825 4588 2031 4671 iitei,...
2062 4588 2283 4671 sursu'm,
2316 4603 2419 4671 eic.
2452 4595 3016 4671 Gnece,_-rpomxatc...
3034 4588 3277 4671 ἔαίᾶ-ω.
3313 4588 3399 4657 [ί-
3458 4646 3461 4651 λ

1822 4665 2030 4738 brarios
2049 4667 2094 4719 si
2119 4666 2386 4738 excusavi,
2412 4681 2519 4720 non
2535 4665 2795 4738 continuo
2821 4682 3019 4721 excuso
3033 4668 3386 4738 Enstathium,

1824 4735 1933 4813 imo
1958 4750 2086 4813 eum
2113 4736 2349 4813 graviter
2375 4735 2732 4813 reprehendo,
2788 4739 2929 4803 quod
2983 4738 3111 4792 illud
3138 4735 3396 4813 τροπικὼξ

1822 4804 2003 4873 inepte
2055 4805 2278 4858 verterit
2323 4804 2655 4871 mutabiliter,
2712 4820 2832 4858 cum
2879 4814 3090 4863 vertere
3125 4804 3396 4868 debuisset

1822 4874 2030 4943 tropice,
2055 4874 2158 4929 hoc
2184 4881 2265 4928 est
2289 4890 2378 4943 per
2407 4880 2579 4943 tropos
2605 4883 2655 4943 et
2673 4874 2968 4943 allegorias.

1820 5012 1855 5064 α
1892 4942 1917 4989 is
1946 4942 2115 5062 Editi,
2149 4942 2453 4997 restituenda
2472 4942 2592 4996 sint.
2625 4942 2785 4997 Colb.
2806 4943 3087 5004 secundus.
3140 4950 3395 5004 testimon—

1857 5026 1902 5064 ιε
1925 5028 2017 5064 sun
2048 5050 2061 5062 .

1857 5026 1902 5064 ιε
1925 5021 2061 5064 sunt.

1889 5077 1916 5116 ιι
1946 5079 2161 5152 Antiqui
2182 5079 2288 5152 duo
2309 5080 2430 5135 libri
2458 5089 2512 5136 et
2530 5081 2677 5146 editi,
2701 5081 2853 5152 caelos
2886 5081 3090 5152 quidem
3134 5102 3238 5140 non
3277 5104 3395 5142 con-

1819 5148 2140 5221 {emptibiles
2170 5148 2321 5221 C_olb_.
2357 5151 2637 5216 secundus,
2675 5151 2826 5204 cwlos
2851 5148 3051 5221 quidem
3076 5161 3393 5221 contempla-

1817 5216 1961 5294 biles,
1995 5219 2149 5272 bene.
2202 5219 2259 5273 ln
2287 5219 2492 5284 Grmco,
2533 5216 2872 5294 _6¢c_apn-mig_._'
2898 5218 3050 5294 Ιξῆυᾲ
3087 5222 3246 5291 longe
3267 5216 3391 5279 Col-

1814 5287 2056 5347 bertinus
2101 5297 2341 5359 uterque,
2390 5305 2484 5344 nos
2522 5287 2887 5362 hujuscemodi.
2916 5287 3051 5343 illud
3078 5287 3259 5353 nosfin
3275 5297 3387 5350 Vul-

1815 5357 1951 5409 natis
1981 5357 2184 5409 deerat.

1815 5357 1951 5424 gatis
1981 5357 2184 5410 deerat.

1894 5424 2086 5496 lEditi
2104 5433 2160 5480 et
2177 5426 2283 5481 duo
2302 5441 2455 5496 mss.,
2486 5444 2519 5481 ιι
2537 5426 2743 5492 Daniel,
2766 5426 3033 5482 sensibiles
3060 5430 3275 5484 essene!
3299 5448 3387 5485 m-

1814 5495 2037 5574 pisibiles
2074 5496 2419 5568 intelligenda:
2444 5495 2659 5556 natura:
2685 5506 2821 5552 sunt.
2854 5497 3007 5553 Colb.
3037 5499 3304 5555 secundus
3328 5508 3385 5554 ut

1816 5579 1871 5617 ιιι
1891 5570 2161 5618 contextu.

1816 5571 1871 5617 in
1891 5571 2161 5619 contextu.
