3824 6214
413 303 519 359 905
1366 290 1718 353 APPENDIX
1755 287 2003 347 OPERUI

2145 329 2148 339 .
2188 284 2439 361 ΒΑδμιιι
2479 283 2725 340 ΜΑΟΜ.
3597 283 3705 343 90-!

423 413 716 468 hricatores
736 412 1131 481 allegoriarum,
1163 409 1457 466 refutahilts
1474 415 1627 466 acstttt
1648 413 1771 465 stur
1790 408 1826 463 Ξ
1855 405 2003 461 Psal—
2031 407 2080 466 Α
2107 411 2302 467 matus,
2335 402 2626 472 impertiet.
2657 399 2767 455 Sed
2793 398 2884 454 hic
2908 397 3020 469 jam
3053 398 3292 453 narratio
3320 398 3592 452 matutina
3620 414 3714 454 se-

427 504 589 557 mista
614 521 627 556 :
659 519 780 560 cum
803 511 860 559 et
882 504 996 574 ipsa
1024 502 1319 560 secundum
1347 518 1498 557 suam
1522 502 1837 572 qualitatem
1864 500 2012 571 hym-
2110 495 2298 550 cundte
2344 493 2451 549 diei
2497 493 2784 548 terminum
2813 492 3072 547 sortiatur
3099 509 3111 543 :
3137 499 3197 544 ut
3223 489 3569 546 auditoribus
3597 499 3716 546 stu-

421 618 523 660 nos
552 601 711 673 721
742 599 997 670 potentiae
1024 599 1336 656 Conditoris
1356 597 1578 654 emittit.

2145 585 2274 640 iosis
2304 585 2545 640 inducias
2572 584 2927 654 pmbeamus,
2949 598 3058 653 quo
3080 582 3219 637 inter
3238 596 3297 636 se
3317 580 3572 637 conferre
3591 597 3717 652 qua:

492 672 579 739 1οξ
623 685 691 738 Et
714 684 839 739 vidit
867 683 1010 738 Deus
1044 693 1071 721 ι
1095 685 1217 756 quia
1246 684 1436 738 bonum
1477 690 1556 737 est
1600 682 2004 751 ﬁrmamentum.
2109 676 2250 731 dicta
2277 684 2420 739 sunt,
2471 673 2853 743 memoriazque
2882 672 3163 737 beneﬁcio,
3204 673 3258 725 in
3289 672 3497 726 intimis
3526 674 3718 728 cordi-

423 777 535 831 Non
567 777 848 831 oculorum
866 775 1197 847 probatione
1218 775 1355 830 dixit
1379 773 1599 829 bonum.
1632 771 1817 840 Neque
1861 771 2004 825 enim
2098 768 2210 822 'bus
2229 767 2297 821 ad
2327 768 2607 822 utilitatem
2630 766 2906 835 propriam
2935 765 3169 819 retinere
3220 763 3238 801 τ
3271 770 3469 818 cuncta
3500 780 3711 833 procu-

418 881 735 936 corpoream
757 866 1172 921 delectationem
1194 870 1447 934 praestant
1473 862 1635 943 nobis.
1652 876 1772 929 qua:
1800 860 1999 915 consti-

416 963 642 1009 tuuntur
682 971 713 1010 a
742 956 873 1019 Deo,
906 971 1007 1010 nec
1028 970 1093 1009 ea
1137 955 1350 1009 illorum
1370 951 1716 1023 percipienda
1760 950 2005 1019 voluptas

416 1054 501 1101 est
528 1062 649 1115 qua:
676 1047 927 1101 videntur
948 1045 1185 1114 iocunda
1230 1044 1580 1107 mortalibus;
1631 1041 1724 1096 sed
1753 1039 1781 1078 δ
1802 1041 2005 1095 bonum

420 1137 556 1190 dixit
600 1152 736 1205 opus
779 1136 923 1203 quod
977 1135 1108 1188 artis
1133 1149 1244 1188 sua:
1293 1134 1501 1187 ratione
1548 1139 1824 1201 pensatur,
1854 1138 1911 1185 et
1938 1130 2008 1184 ad

427 1225 587 1281 finem
645 1225 834 1280 futurae
880 1226 1272 1281 commoditatis
1337 1224 1587 1279 intendit.
1641 1224 1831 1279 Merito
1878 1238 2007 1292 ergo

424 1327 446 1355 τ
473 1318 688 1386 quidem
708 1317 760 1370 in
781 1316 1045 1370 rationem
1062 1316 1388 1384 gignentium
1406 1314 1738 1368 manifestam
1753 1330 1870 1369 esse
1893 1331 2013 1383 pro-

419 1408 631 1478 posuit;
666 1406 754 1460 illa
801 1422 921 1475 qua:
971 1405 1201 1460 subinde
1250 1421 1347 1475 per
1373 1414 1555 1475 partes
1585 1401 1610 1441 δ
1638 1405 1824 1458 eﬂ‘ccta
1857 1413 1998 1469 sunt,

415 1497 616 1568 opiﬁco
629 1513 738 1551 sua:
755 1496 966 1550 virtutis
982 1510 1228 1549 sermone
1249 1510 1591 1564 percurrens,
1610 1504 1668 1548 ut
1682 1504 1807 1564 pote
1827 1496 2008 1548 mundi

419 1587 872 1644 consummatoria
923 1586 1261 1640 collaudavit.
1307 1585 1439 1639 Nam
1482 1601 1671 1639 manus
1716 1593 1769 1639 et
1797 1587 2000 1651 oculus,

419 1685 720 1745 ceteraque
749 1676 986 1730 membra
1027 1675 1297 1729 simulacri
1323 1675 1459 1729 aenei
1498 1676 1723 1745 sparsim
1764 1676 2003 1745 projecta

2109 867 2247 925 rent,
2280 866 2335 914 et
2362 875 2463 912 usu
2501 856 2869 912 meditationis
2916 855 3164 922 assiduae,
3210 854 3475 909 doctrina:
3531 855 3719 909 cibum

2108 950 2458 1012 ru-minantes,
2491 955 2614 1017 post
2654 946 3004 1013 digestionem
3047 944 3340 1008 salubrem,
3372 943 3585 998 residui
3619 944 3718 998 lla-

2109 1040 2280 1108 gitent
2306 1040 2560 1093 alimenta
2591 1037 2875 1093 sermonis.
2899 1036 3001 1090 His
3028 1051 3157 1089 vero
3186 1036 3279 1104 qui
3309 1035 3534 1089 vivendi
3582 1052 3722 1091 cau-

2110 1147 2198 1185 sas
2244 1132 2490 1186 manibus
2544 1137 2804 1184 exercent
2833 1128 3219 1196 indulgentiam
3249 1127 3430 1182 medio
3462 1136 3723 1198 tempore

2112 1223 2436 1285 tribuamus;
2478 1227 2539 1274 ut
2584 1219 2867 1288 completis
2895 1218 3149 1288 operibus
3187 1220 3425 1273 animum
3455 1235 3719 1274 curarum

2109 1326 2252 1364 nexu
2280 1310 2533 1377 solutum,
2565 1325 2750 1364 rursus
2779 1309 3008 1379 dapibus
3034 1308 3326 1363 exhibeant
3353 1310 3709 1377 vespertinis.

2111 1400 2341 1465 Interea,
2371 1400 2647 1465 Dominus,
2682 1400 2773 1467 qui
2804 1408 2829 1445 8
2859 1396 3144 1467 magniﬁca
3175 1398 3301 1453 fecit
3329 1414 3397 1453 ex
3427 1398 3627 1462 nihilo,
3651 1407 3709 1454 et

2110 1510 2139 1547 a
2166 1495 2321 1548 nobis
2351 1495 2464 1548 haec
2491 1509 2655 1563 parva
2686 1493 2973 1547 verborum
3001 1491 3233 1563 proferri
3281 1492 3542 1546 libamina
3597 1493 3706 1547 dis-

2110 1586 2376 1654 pensavit,
2408 1584 2502 1639 det
2549 1585 2702 1639 vobis
2733 1584 3066 1639 intellectum
3106 1598 3217 1638 suae
3243 1584 3527 1648 veritatis;
3556 1592 3617 1638 ut
3641 1599 3709 1638 ex

2110 1676 2408 1730 visibilibus
2454 1676 2776 1730 invisibilem
2824 1675 3108 1744 reputetis,
3158 1682 3214 1727 et
3240 1689 3309 1727 ex
3329 1674 3710 1743 magnitudine

420 1766 553 1821 nulli
580 1767 828 1820 videntur
856 1780 975 1820 esse
1003 1766 1171 1831 bona;
1203 1780 1325 1820 cum
1367 1774 1548 1821 autem
1590 1765 1644 1819 in
1672 1782 1827 1819 suum
1855 1767 2004 1820 ordi'
2040 1775 2081 1832 Β
2109 1783 2173 1822 ac
2194 1768 2589 1837 pulchritudine
2612 1779 2902 1830 creaturtc,
2939 1766 2962 1803 ιι
2994 1766 3277 1822 decentem
3306 1768 3541 1835 gloriam
3562 1767 3708 1823 Con-

419 1871 544 1910 nem
574 1858 869 1926 composita
899 1856 1227 1924 redigantur,
1259 1856 1601 1926 speciemque
1630 1870 1878 1924 congrua:
1902 1855 2006 1911 for-

417 1946 671 2001 mationis
692 1946 1015 2016 acceperint,
1039 1961 1069 1998 a
1090 1946 1328 2015 quolibet
1356 1947 1604 2019 imperito
1629 1944 1782 1999 facile
1804 1944 2003 2001 discer-

416 2045 636 2091 nuntur.
661 2036 731 2090 At
758 2053 887 2092 vero
911 2036 1301 2091 elementorum
1322 2036 1566 2101 Creator,
1592 2045 1648 2091 et
1674 2046 1800 2091 ante
1817 2038 2001 2105 singu-

415 2125 591 2182 lorum
618 2128 1086 2197 compositionem,
1119 2136 1343 2182 noverat
1370 2128 1629 2197 cujusque
1672 2130 1849 2199 operis
1896 2129 1998 2182 bo-

414 2231 543 2272 num
562 2235 575 2270 :
601 2218 914 2286 singulaque
927 2217 1262 2280 coltaudans,
1288 2218 1670 2287 cogitationem
1684 2234 1794 2274 suae
1809 2220 2004 2274 mentis

412 2309 481 2362 ad
506 2318 530 2346 ο
561 2308 799 2363 futurum
826 2308 1032 2362 exitum
1082 2307 1262 2375 dirigit
1290 2307 1664 2363 formatorum.
1699 2308 1843 2363 Talis
1874 2322 2003 2376 ergo

414 2413 559 2454 nunc
606 2413 821 2467 quoque
872 2397 1065 2452 artifex
1095 2398 1423 2466 singularum
1453 2400 1685 2468 partium
1722 2400 1880 2465 Deus,
1912 2417 2001 2454 as-

415 2496 592 2542 sertor
613 2494 667 2541 et
696 2487 1043 2556 pnedicator;
1077 2488 1173 2542 sed
1202 2487 1365 2556 paulo
1419 2496 1544 2556 post
1596 2489 1743 2543 omni
1800 2491 2004 2558 pariter

415 2577 639 2645 mundo,
669 2587 1064 2648 competentem
1092 2578 1323 2643 laudem,
1353 2594 1475 2633 cum
1534 2578 1693 2634 fuerit
1744 2596 2000 2636 consum-

489 2725 514 2753 ι
545 2715 711 2783 Editi,
758 2714 894 2787 quod
939 2714 1128 2769 bonum
1169 2722 1266 2769 est.
1313 2713 1531 2782 Antiqui
1573 2721 1683 2770 tres
1711 2716 1853 2782 libri,
1881 2719 2003 2789 quia

416 2788 761 2926 Effugia
790 2854 899 2926 duo
916 2853 1060 2926 libri,
1084 2855 1174 2926 sed
1195 2853 1383 2908 bonum
1400 2853 1531 2908 dixit
1550 2872 1701 2926 opus,
1724 2856 1876 2924 quod,
1893 2865 1999 2911 etc.

417 2924 536 2983 Vox
564 2923 702 2994 apus'
724 2925 776 2978 in
799 2924 959 2994 editis
984 2923 1341 2979 desideratur.

493 3008 514 3034 ο
547 2992 700 3049 Editi.
723 3003 779 3049 et
823 2992 976 3067 Colb.
1009 2994 1229 3067 primus,
1255 2995 1439 3048 merito
1466 3011 1586 3067 ergo
1615 2995 1818 3065 quidem
1842 2998 1896 3050 in
1925 3014 2007 3050 ra-

416 3066 607 3121 tionem
644 3065 956 3135 gignentium
980 3065 1312 3134 manifestam
1338 3081 1458 3136 esse
1468 3065 1734 3136 proposuit
1762 3082 1781 3119 :
1811 3068 2003 3135 quibus

415 3150 487 3205 ex
513 3130 837 3205 verbis'qum
866 3142 989 3205 apta
1012 3130 1279 3189 sententia
1324 3130 1477 3189 efﬁci
1493 3130 1665 3205 possit
1685 3151 1791 3191 non
1821 3130 1996 3191 video.
2027 3130 2071 3191 C

418 3202 589 3277 Alter
611 3202 787 3268 Colb.,
819 3203 1000 3257 merito
1030 3220 1152 3275 ergo
1184 3221 1298 3276 qua:
1318 3202 1661 3277 destinatione
1680 3208 2005 3277 gignentium

418 3274 698 3343 manifesta
746 3290 856 3326 esse
884 3274 1167 3341 proposuit.
1196 3274 1308 3328 non
1335 3276 1547 3329 melius.
1579 3274 1763 3331 Codex
1799 3289 2001 3342 noster,

417 3344 601 3397 merito
646 3343 1006 3417 ergoquidem
1023 3344 1077 3397 in
1119 3346 1321 3417 ratione
1348 3346 1674 3417 gignentium
1728 3348 2006 3417 manifesta

416 3429 530 3467 esse
548 3412 845 3483 proposuit;
867 3412 1010 3483 quod
1029 3428 1244 3483 quoque
1265 3412 1515 3483 vitiosum
1537 3431 1678 3477 esse,
1692 3412 2007 3483 negaturum

419 3491 553 3556 puto
565 3480 874 3556 neminem,
905 3480 1003 3556 sed
1030 3480 1109 3556 sic
1132 3480 1312 3556 tamen
1334 3492 1394 3556 u_t
1422 3482 1578 3539 facile
1597 3480 1869 3556 emendari
1891 3503 2011 3556 pos-

417 3551 508 3607 sit.
565 3551 736 3626 Igitur
775 3566 883 3626 pro
920 3553 1124 3626 quidem
1152 3554 1313 3626 velim
1359 3553 1502 3626 legas
1526 3555 1782 3626 quazdam.
1816 3551 2005 3610 Merito

417 3636 540 3693 ergo
587 3622 823 3697 quaedam
866 3622 923 3674 in
970 3624 1171 3697 ratione
1208 3622 1547 3697 gignentium'
1576 3627 1855 3697 manifesta
1895 3643 2007 3679 esse

418 3691 936 3770 pfbposuit._Gr:Bce,
967 3694 995 3749 ὁ
1014 3699 1179 3749 τοίνυν
1208 3691 1385 3770 Bap-71';
1413 3697 1498 3749 τὸν
1524 3691 1842 3752 σκοπὸν’τῶν
1861 3718 2005 3770 γενο-

418 3764 582 3838 μέιιαεη
601 3764 926 3838 προθέιέινοςο

489 3785 581 3815 νων
601 3785 756 3838 προυι
801 3785 926 3823 suos.

489 3826 517 3867 δ
540 3831 701 3904 Editi,
714 3785 901 3904 eiecta
922 3840 1061 3888 sunt.
1083 3830 1229 3904 Libri
1242 3840 1472 3904 veteres,
1489 3834 1673 3904 e/fecta
1694 3846 1832 3890 sunt.
1852 3833 2007 3890 Haud

418 3898 581 3967 longe
621 3898 773 3965 editi,
798 3917 983 3958 manus
1010 3910 1059 3956 et
1084 3903 1278 3957 oculos.
1310 3898 1465 3957 Colb.
1495 3898 1778 3968 secundus,
1821 3923 2006 3959 manus

417 3977 468 4024 et
488 3970 642 4025 oculi.
663 3969 849 4026 Codex
871 3980 1072 4038 noster,
1095 3989 1280 4027 manus
1298 3983 1347 4027 et
1369 3973 1566 4027 oculus.
1591 3973 1830 4029 Subinde
1848 3976 2001 4030 Colb.

2104 1858 2293 1913 ditoris
2313 1874 2465 1915 mens
2485 1866 2661 1912 vestra
2687 1858 2963 1927 percipiat,
2983 1866 3041 1911 ut
3065 1865 3121 1912 et
3137 1856 3190 1911 in
3206 1864 3375 1923 terra,
3395 1865 3454 1911 et
3475 1858 3535 1911 in
3554 1873 3704 1923 aere,

2104 1956 2161 2001 et
2198 1949 2251 2002 in
2279 1948 2437 2014 caelo,
2466 1956 2518 2003 et
2550 1948 2602 2002 in
2634 1948 2808 2016 aquis,
2844 1957 2901 2001 ct
2949 1948 3094 2001 inter
3120 1947 3261 2002 diem
3290 1955 3347 2001 et
3375 1956 3619 2013 noctem,
3651 1957 3705 2002 et

2105 2036 2160 2089 in
2189 2035 2436 2089 omnibus
2469 2050 2587 2104 qua:
2635 2044 2928 2091 cernuntur
2954 2034 3314 2090 benefactoris
3341 2044 3702 2089 monumenta

2112 2127 2410 2182 certissima
2456 2127 2701 2196 capiatis.
2732 2126 2915 2195 Neque
2936 2128 3078 2179 enim
3105 2134 3199 2179 aut
3219 2125 3458 2195 peccatis
3490 2133 3702 2195 tempus

2115 2216 2345 2282 dabitur,
2371 2222 2462 2271 aut
2492 2217 2707 2272 inimico
2736 2216 2885 2270 locus
2906 2215 3222 2284 suggerendi
3238 2215 3513 2270 contraria
3544 2215 3704 2270 relin-

2111 2317 2323 2376 quetur,
2354 2309 2583 2363 Domino
2604 2309 2798 2363 vestris
2825 2309 3070 2364 sensibus
3097 2308 3436 2374 adhterente;
3469 2310 3558 2364 cui
3589 2309 3704 2377 glo-

2111 2400 2192 2454 ria
2219 2408 2275 2454 et
2301 2400 2599 2463 veneratio,
2641 2415 2785 2454 nunc
2808 2407 2863 2454 et
2894 2414 3126 2468 semper,
3159 2406 3216 2454 et
3240 2415 3339 2470 per
3365 2399 3555 2455 omnia
3601 2414 3703 2454 επ·

2110 2492 2233 2546 cula
2261 2492 2596 2546 saeculorum.
2622 2490 2813 2546 Amen.

2105 2715 2391 2789 secundus,
2428 2718 2618 2789 passim
2641 2718 2890 2789 proiecta.

2181 2796 2204 2824 ο
2235 2786 2395 2854 Editi,
2433 2786 2520 2840 'ad
2560 2786 2846 2858 futurorum
2867 2790 3082 2855 cgnitum.
3112 2789 3181 2843 At
3204 2787 3377 2843 nostri
3407 2796 3523 2843 tres
3550 2804 3703 2857 mss”

2107 2857 2178 2911 ad
2206 2859 2449 2928 futurum,
2466 2857 2683 2928 eaitum.

2183 2925 2215 2964 τ’
2237 2927 2455 2993 Antiqui
2476 2926 2604 2999 duo;
2624 2928 2764 2987 libri.
2790 2936 2973 2999 cuncta
3002 2925 3491 2999 procurenttEditi,
3516 2942 3706 2983 cuncta

2106 3004 2420 3067 percurrent.
2448 2996 2663 3067 Statim
2710 2997 2885 3053 codex
2928 2994 3112 3053 noster
3138 3005 3192 3052 et
3215 2994 3370 3051 Colb.
3397 2998 3701 3065 secundus,

2106 3066 2203 3120 usu
2222 3066 2574 3118 meditationis
2594 3068 2821 3121 assiduo.

2177 3134 2386 3210 l}_Colb.
2432 3137 2714 3210 secundus,
2747 3155 2938 3210 magna
2967 3139 3106 3210 fecit.
3159 3136 3263 3192 Alii
3307 3136 3600 3210 duoumss.
3651 3149 3705 3193 et

2111 3206 2260 3290 editi,
2310 3207 2591 3290 magniﬁca
2621 3206 2998 3290 fecit.'_Gi::-Bcé,
3017 3213 3121 3290 :ra't.
3141 3210 3354 3290 μιγὸελα.
3377 3206 3704 3290 Aliquanto

2109 3285 2233 3347 post
2260 3274 2414 3338 editi,
2432 3283 2485 3327 ut
2503 3292 2568 3328 ex
2597 3274 2969 3348 magnitudine.
3001 3274 3224 3348 Antiqui
3243 3278 3351 3332 duo
3377 3274 3527 3343 libri,
3561 3289 3612 3331 et
3639 3294 3704 3331 ea:

2109 3346 2490 3397 maanitudine.

2109 3355 2490 3417 magnitudine.

2185 3415 2210 3453 ιι
2237 3414 2403 3479 Editi,
2436 3415 2695 3469 decentem
2731 3417 2897 3485 gloria
2933 3415 3229 3471 Conditoris
3256 3432 3558 3471 mensuram
3588 3433 3704 3486 per-

2110 3488 2289 3556 cipiat,
2339 3494 2612 3553 corrupte.
2666 3486 2819 3541 Colb.
2862 3487 3145 3551 secundus,
3187 3487 3450 3539 decentem
3479 3487 3703 3556 gloriam

2113 3544 2405 3627 conditoris
2427 3544 2566 3607 mens
2589 3568 2755 3610 vestra
2770 3558 3066 3627 percipiat:
3096 3544 3238 3626 quod
3261 3572 3382 3610 cum
3404 3544 3702 3627 genuinum

2110 3641 2229 3696 esse
2257 3625 2386 3677 satis
2415 3638 2598 3696 per'sc
2628 3625 2829 3694 pateat,
2878 3625 3058 3696 potest
3086 3625 3267 3680 tamen
3292 3625 3608 3680 conﬁrmari
3638 3640 3703 3679 ex

2111 3695 2381 3767 Basiliano
2411 3694 2524 3767 illo,
2549 3694 2949 3767 ᾆῳᾳλαμϐἁνηὶιτ,
2981 3696 3298 3767 percipiatis,
3341 3701 3435 3747 aut
3458 3710 3610 3750 mens
3630 3711 3705 3749 u-

2108 3776 2218 3819 stra
2238 3763 2505 3834 percipiat.
2538 3763 2825 3835 Aliquanto
2846 3763 3129 3835 post'editi'
3148 3774 3205 3820 et
3226 3764 3338 3821 duo
3366 3775 3606 3835 mss.,et
3629 3768 3705 3819 inc

2113 3846 2188 3888 ter
2230 3835 2365 3888 diem
2404 3842 2453 3887 et
2491 3834 2711 3891 noctem.
2759 3834 2913 3891 Colb.
2964 3836 3254 3903 secundus,
3303 3843 3353 3889 et
3390 3836 3449 3888 in
3504 3834 3594 3890 die
3643 3850 3703 3889 ac

2110 3921 2205 3958 noc
2210 3914 2276 3960 te.

1350 4175 1831 4281 LIBER
1919 4175 2713 4303 QUARTUS.

978 4338 1069 4397 De
1112 4338 1594 4417 congregatione
1636 4356 1967 4418 aquarum,
2004 4346 2058 4398 et
2096 4340 2504 4418 apparitione
2537 4339 2733 4399 arida:
2766 4337 3137 4416 disputatio.

494 4459 547 4514 ι.
585 4458 724 4514 Sunt
749 4458 910 4514 urbes
950 4459 1194 4529 quaedam
1220 4474 1448 4529 quarum
1474 4459 1656 4528 populi
1685 4459 2005 4528 spectaculis

419 4549 751 4605 mirabilibus
777 4564 809 4603 a
836 4550 1103 4605 matutino
1130 4557 1375 4620 tempore
1403 4564 1572 4618 usque
1600 4550 1667 4603 ad
1696 4565 2001 4619 vesperum,

420 4641 670 4713 proprios
720 4639 909 4695 oculos
953 4639 1223 4710 pascendo
1270 4640 1520 4695 reﬁciunt
1551 4658 1565 4693 :
1597 4648 1787 4695 cantus
1839 4641 2002 4695 etiam

422 4734 666 4796 blandos,
699 4741 727 4770 ι
756 4732 1253 4800 modulationesque
1281 4732 1535 4798 lascivas,
1565 4732 1750 4786 luxum
1779 4732 2001 4786 nimium

422 4831 757 4893 generantes,
781 4823 1024 4877 sensibus
1043 4823 1153 4877 suis
1177 4821 1440 4891 injiciunt,
1470 4837 1697 4892 quorum
1733 4825 2002 4878 ausculta-

423 4917 571 4970 tione
605 4913 805 4968 diutius
839 4913 1121 4978 Oblectati,
1160 4913 1465 4969 nullatenus
1501 4915 1779 4969 satiantur.
1825 4912 1891 4968 Et
1921 4924 2002 4969 ta-

422 5017 548 5057 men
575 5015 670 5056 eos
711 5000 956 5054 homines
984 5000 1139 5053 multi
1164 5000 1356 5055 beatos
1396 5001 1668 5070 appellare
1709 5017 2003 5057 consueve-

422 5099 566 5157 runt,
616 5089 742 5159 quia
791 5090 1095 5143 necessaria
1147 5091 1362 5158 negotia
1409 5091 1736 5156 deserentes,
1767 5100 1823 5147 et
1861 5099 2005 5147 artes

422 5184 619 5253 quibus
662 5181 876 5235 vivendi
905 5179 1140 5235 subsidia
1185 5189 1588 5251 comparantur,
1619 5198 1714 5253 per
1750 5182 2006 5239 desidiam

425 5285 483 5331 et
509 5274 839 5343 voluptatem
863 5278 1125 5327 statutum
1142 5272 1245 5328 sibi
1265 5280 1476 5343 tempus
1501 5273 1627 5328 vita:
1651 5282 1974 5343 pet-agentes
1989 5312 2007 5339 ,

498 5418 526 5448 ι
561 5409 653 5465 Sic
669 5423 805 5462 mss.
822 5417 1013 5463 nostri.
1037 5403 1175 5463 Illud
1194 5418 1308 5474 quc
1331 5414 1520 5462 aberat
1552 5421 1586 5461 a
1612 5405 1861 5474 vulgatis.

498 5479 525 5518 δ
565 5477 702 5532 Editi
744 5485 800 5533 et
825 5477 979 5548 Colb.
1029 5477 1256 5547 primus,
1287 5475 1571 5548 approbata
1608 5478 1862 5546 pessimis.
1903 5474 2009 5529 Alii

430 5547 539 5605 duo
559 5563 713 5608 mss.,
741 5546 1392 5618 approbataiturpissimis;
1427 5546 1571 5618 quod
1592 5548 1762 5613 magis
1788 5560 2008 5618 accom-

430 5618 637 5688 modari
672 5614 947 5688 potestiad
976 5614 1163 5688 vpcem
1189 5615 1431 5688 Grtecam
1448 5614 1767 5679 ἀκολάστοις.
1803 5614 2007 5673 [bidem

430 5687 541 5746 duo
566 5683 717 5756 tussi,
744 5687 968 5758 perﬁcit.
996 5683 1154 5753 Editi,
1182 5684 1414 5753 perfecit.

2110 4461 2357 4516 inanibus
2380 4461 2585 4515 actibus
2611 4468 2958 4531 occupantur,
2991 4460 3300 4527 ignorantes
3337 4456 3467 4527 quia
3487 4458 3699 4515 saltatio

2107 4560 2527 4631 spectationibus
2568 4560 2594 4598 δ
2623 4560 2917 4630 approbata
2946 4557 3265 4628 turpissimis
3284 4597 3300 4623 ,
3341 4558 3619 4627 publicum
3647 4569 3700 4615 et

2108 4676 2392 4718 commune
2410 4659 2622 4731 perﬁcit
2642 4660 3007 4729 magisterium
3026 4659 3299 4714 vitiorum.
3324 4658 3518 4730 Lyrica
3537 4661 3698 4716 etiam

2107 4762 2365 4828 carmina,
2398 4771 2694 4830 cantusque
2719 4759 3017 4824 tibicinum,
3048 4766 3106 4813 et
3140 4757 3463 4813 meretricia:
3491 4759 3700 4814 cantio-

2110 4879 2225 4928 ncs,
2254 4862 2503 4919 cordibus
2529 4860 2861 4915 audientium
2882 4859 3066 4928 lapste,
3096 4856 3226 4927 quid
3252 4855 3398 4910 aliud
3424 4871 3590 4925 quam
3613 4857 3698 4911 in-

2033 4944 2077 5000 θ
2105 4964 2320 5018 famiam
2348 4962 2741 5033 spectatoribus
2761 4961 3063 5015 inolescunt
3081 4958 3457 5012 :emulantibus
3488 4957 3702 5015 histrio.

2105 5066 2237 5117 nes?
2264 5062 2517 5118 Nonnulli
2563 5069 2742 5116 autem
2770 5058 3089 5116 circensium
3131 5056 3304 5111 furiali
3347 5054 3543 5110 ardore
3588 5058 3688 5113 de-

2106 5163 2261 5229 tenti,
2310 5161 2558 5217 noctibus
2605 5159 2935 5215 somniantes
2962 5172 3062 5228 pro
3091 5169 3355 5225 equorum
3404 5140 3697 5214 velocitate

2110 5271 2472 5337 contendunt,
2503 5269 2665 5326 modo
2695 5280 2719 5307 ο
2750 5283 2941 5324 currus
2965 5274 3229 5333 rotantes,
3279 5264 3446 5320 modo
3477 5266 3698 5335 aurigas

2186 5416 2210 5444 ε
2247 5404 2388 5460 Editi
2416 5412 2471 5460 et
2497 5403 2605 5460 duo
2634 5417 2790 5471 mss.,
2818 5418 3000 5456 currus
3043 5407 3278 5471 notantes
3298 5414 3320 5455 :
3367 5396 3518 5470 quod
3562 5399 3697 5469 quin

2110 5474 2425 5529 mendosum
2451 5475 2523 5529 sit
2549 5470 2796 5553 dubitari
2819 5470 3356 5553 non_-pote_s.t._Cptb.
3402 5486 3655 5553 sccun.._...
3676 5513 3694 5536 ,

2110 5560 2292 5598 currus
2309 5553 2557 5599 rotantes.
2581 5541 2739 5598 Certe
2756 5538 3063 5597 Eustathius
3075 5538 3202 5593 illud
3226 5538 3436 5602 ἅρματα
3458 5545 3698 5607 mentm

2110 5617 2315 5689 γνρνεεε
2342 5612 2532 5689 Latine
2566 5610 2792 5689 reddere
2834 5608 3169 5689 voluit;
3200 5616 3423 5689 nonmtta
3468 5607 3695 5688 feliciter

2112 5675 2360 5740 reddidit.
2400 5682 2588 5740 Melius
2626 5682 2704 5739 sic
2731 5676 3072 5749 interpretari
3099 5677 3228 5736 licet
3259 5694 3274 5732 :
3302 5675 3693 5751 Transinngzn-

2335 5782 2349 5821 Ι
