3824 6214
136 236 253 294 905

927 241 1303 304 EUSTATHII
1341 247 1753 306 HEXAEMERI
1788 241 2285 303 METAPHRASIS
2323 236 2526 296 LIBER
2568 235 2666 292 iV.

3312 237 3414 293 906

144 365 206 422 in
246 373 457 436 partem
498 365 658 424 altam
704 366 1103 432 transferentes,
1135 375 1476 432 omnemque.
1507 374 1733 421 prorsus
1759 358 1812 420 Α
1834 357 1995 414 modo
2027 373 2080 414 tn
2106 374 2267 414 unam
2294 362 2761 428 congregationem
2782 362 2929 429 jussa
2975 371 3055 417 est
3100 365 3406 429 convenire,

144 454 398 511 diumam
416 456 796 525 cogitationem
825 465 1065 527 tempore
1085 455 1296 526 soporis
1321 446 1597 508 revolvere
1623 465 1730 504 non

142 546 436 602 desistunt.
455 546 562 601 Nos
580 556 760 603 autem
784 561 919 617 quos
937 545 1318 615 Dominus,qui
1345 544 1525 614 opifex
1552 556 1733 597 rerum

146 640 421 694 maximus
448 648 504 695 et
529 639 683 694 valde
726 639 982 695 mirificus
1006 639 1252 704 habetur,
1285 636 1353 691 ad
1393 636 1733 691 demonstra-

152 732 364 787 tionem
391 746 613 786 suorum
631 746 854 802 operum
881 730 1215 795 convocavit,
1244 727 1473 784 deficere
1499 742 1607 783 non
1635 726 1734 781 de-

150 822 344 876 bemus
370 834 499 893 erga
539 835 729 876 eorum
765 821 1086 891 spectacula,
1121 834 1220 874 nec
1266 817 1478 875 desides
1516 816 1633 871 fieri
1681 815 1736 870 in

149 912 520 968 auscultandis
546 910 779 984 Spiritus
805 911 974 966 sancti
994 910 1356 975 sermonibus;
1385 906 1478 963 sed
1507 907 1735 962 circum-

148 1003 349 1058 dantes
362 1003 671 1073 prteclaram
685 1003 825 1057 hanc
847 1000 1011 1059 divini
1025 1001 1202 1072 operis
1216 1000 1523 1065 stationem,
1551 1005 1728 1052 trans-

150 1102 387 1165 actaque
417 1103 658 1164 tempora
689 1094 1101 1163 cogitationibus
1122 1099 1455 1163 reputantes,
1494 1099 1736 1146 contem-

144 1179 369 1249 pkmur
382 1180 545 1253 722
566 1182 766 1238 caelum
784 1184 999 1254 quidem
1013 1187 1245 1245 levatum
1258 1200 1622 1265 utcameram,
1638 1198 1740 1256 sic-

156 1281 222 1326 ut
239 1272 379 1326 dicit
400 1276 664 1342 propheta
688 1275 846 1345 (Isai.
867 1294 957 1345 χι,
977 1279 1093 1351 22),
1111 1291 1311 1338 terram
1327 1297 1507 1342 autem
1529 1300 1732 1346 vastam

151 1366 340 1428 nimis,
364 1366 725 1423 immensitate
752 1366 837 1421 vel
884 1366 1121 1436 pondere
1148 1367 1202 1420 in
1231 1367 1574 1435 semetipsam
1601 1380 1736 1421 con-

149 1465 305 1512 stare
331 1455 625 1517 fundatam,
663 1470 949 1525 acremque
969 1454 1216 1511 diffusum
1249 1455 1612 1525 liquidumque
1640 1470 1735 1509 na-

153 1557 321 1613 tura;
352 1561 642 1615 congruam
681 1555 737 1603 et
764 1548 1136 1610 incessabilem
1182 1548 1504 1619 spirantibus
1549 1547 1739 1602 alimo-

150 1640 304 1694 niam
360 1640 774 1701 ministrantem,
816 1638 1255 1710 scindentemque
1299 1653 1359 1695 se
1401 1638 1740 1694 moventibus

1841 463 1963 504 cum
1993 450 2157 503 maria
2189 464 2306 505 esse
2344 449 2554 504 diversa
2582 451 2830 512 sciamus,
2861 465 2981 520 qua:
3013 461 3161 507 certe
3188 453 3410 508 tuulttun

1839 553 1869 591 a
1890 553 1950 593 se
1979 537 2181 594 distare
2203 541 2537 594 noscuntur?
2560 540 2640 595 Ad
2669 540 2798 595 illud
2831 542 2992 608 igitur
3013 543 3160 612 quod
3182 544 3412 614 primum

1838 629 2116 697 quaesitum
2142 637 2241 694 est,
2274 632 2378 686 hoc
2398 640 2425 670 θ
2452 632 2923 701 respondebimus:
2949 636 3072 705 quia
3103 643 3158 690 tu
3196 636 3413 704 quidem

1837 728 1959 790 post
1986 720 2279 777 editionem
2307 725 2563 793 praecepti
2605 723 2771 779 divini
2811 725 3052 781 humoris
3090 737 3294 781 motum
3321 743 3413 782 co-

1837 811 2087 879 gnovisti,
2116 819 2171 866 et
2198 812 2323 880 quia
2343 813 2684 869 circumfluus
2703 815 2931 870 habetur
2955 831 3275 887 semperque
3315 816 3410 871 de-

1835 918 2076 957 currens.
2101 902 2235 958 Nam
2263 905 2572 975 priusquam
2606 914 2845 961 meatum
2872 915 3090 978 caperet
3134 924 3201 963 ex
3229 917 3412 967 aucto-

1835 990 1994 1046 ritate
2012 992 2239 1057 ctelesti,
2271 1008 2371 1049 nec
2400 1001 2457 1048 tu
2485 1008 2608 1049 eum
2632 995 2830 1062 vidisti,
2873 1011 2974 1052 nec
2994 998 3061 1065 ab
3089 998 3196 1053 alio
3217 1013 3312 1068 qut
3342 999 3412 1052 vi.

1835 1082 1987 1137 derat
2006 1083 2234 1138 didicisti
2259 1103 2271 1135 τ
2298 1085 2440 1140 unde
2468 1086 2684 1141 debebis
2705 1086 2983 1143 advertere
3003 1089 3127 1157 quia
3156 1105 3261 1143 vox
3291 1088 3410 1151 Dei.

1834 1181 2039 1228 natura:
2058 1174 2339 1230 formatrix
2368 1184 2468 1240 est,
2495 1185 2550 1231 et
2573 1178 2861 1247 praeceptio
2888 1193 3006 1247 quae
3032 1186 3159 1234 tunc
3178 1178 3302 1233 data
3331 1187 3413 1234 est

1835 1273 2114 1331 creaturte,
2144 1267 2549 1336 dispositionem
2576 1269 2782 1324 cunctis
2801 1284 2923 1337 qua:
2952 1269 3128 1324 forent
3153 1271 3412 1339 gignenda

1836 1358 2130 1427 praebebat.
2186 1356 2318 1412 Nam
2347 1366 2403 1413 et
2428 1358 2544 1413 dies
2572 1366 2627 1413 et
2652 1374 2760 1413 nox
2788 1359 2954 1414 semel
3000 1360 3152 1415 factze
3178 1368 3322 1427 sunt,
3361 1370 3414 1415 et

1836 1463 1906 1502 ex
1930 1448 2022 1504 illo
2047 1463 2215 1519 usque
2243 1464 2403 1516 nunc,
2425 1449 2638 1505 sibimet
2663 1451 2874 1506 vicibus
2901 1451 3258 1517 succedendo,
3296 1468 3416 1507 cur-

1836 1540 2128 1595 riculorum
2155 1555 2373 1594 suorum
2410 1547 2654 1611 tempora
2678 1541 2841 1595 certis
2883 1541 3220 1610 portionibus
3244 1541 3415 1596 divisa

1840 1630 2164 1686 custodiunt.

149 1729 430 1795 omnibus,
445 1729 1033 1798 lcuiterqueccdentem
1049 1729 1397 1786 mollitudinis
1411 1730 1734 1795 intercessu;
1772 1711 1815 1768 Β
1911 1724 1964 1778 5.
2005 1724 2388 1795 Congregentur
2407 1740 2573 1795 aqum.
2604 1720 2631 1761 δ
2660 1723 2874 1778 Jussum
2912 1732 2995 1779 est
3021 1739 3278 1793 aquarum
3321 1739 3418 1779 na-

149 1835 357 1890 aqnam
383 1835 516 1876 vero
543 1821 787 1878 altricem
831 1836 1138 1891 corporum,
1179 1829 1235 1876 et
1278 1821 1514 1876 humano
1555 1822 1736 1890 generi

152 1911 324 1966 nimis
351 1911 537 1966 utilem
565 1912 930 1976 constitutam,
961 1926 1025 1966 ac
1048 1910 1327 1966 moderate
1371 1911 1425 1965 in
1469 1911 1739 1982 deputatis

148 2002 257 2058 sibi
287 2001 686 2071 conceptaculis
707 2009 1128 2074 permanentem.
1161 1998 1305 2067 Quas
1331 2014 1436 2065 res,
1462 2000 1535 2053 ita
1560 2014 1619 2055 se
1638 1999 1736 2055 ha-

152 2092 314 2158 bere,
340 2091 407 2145 dc
430 2091 513 2145 his
532 2104 651 2158 qua:
676 2100 924 2145 recenter
948 2090 1087 2145 lecta
1108 2097 1234 2145 sunt
1255 2089 1593 2161 approbabis.

225 2182 284 2235 2.
327 2180 396 2234 Et
416 2181 547 2235 dixit
579 2180 713 2235 Deus
745 2196 763 2233 :
790 2180 1171 2251 Congregentur
1190 2196 1339 2249 aqua:
1356 2196 1469 2252 qua:
1494 2178 1587 2234 sub
1612 2180 1737 2234 calo

151 2283 278 2328 sunt
321 2274 377 2326 in
422 2271 898 2343 congregationibus
926 2273 1051 2334 suis,
1095 2280 1143 2325 et
1170 2281 1419 2342 appareat
1464 2271 1633 2326 arida.
1670 2269 1742 2325 Et

153 2367 357 2421 vocavit
384 2364 523 2419 Deus
552 2364 753 2418 aridam
791 2373 1001 2428 terram,
1031 2372 1081 2418 et
1126 2364 1546 2435 congregationes
1573 2380 1739 2435 aqua-

151 2476 273 2513 rum
300 2459 498 2513 vocavit
525 2458 710 2511 maria.
755 2454 993 2523 Quantas
1038 2456 1171 2511 mihi
1213 2456 1506 2511 calumnias
1557 2457 1610 2510 in
1656 2455 1739 2511 his

153 2562 281 2617 qua:
333 2554 630 2616 sequuntur
685 2545 978 2614 objeceris,
1021 2545 1241 2614 exigens
1290 2545 1740 2614 quemadmodum

154 2646 308 2692 terra
337 2637 510 2706 possit
554 2635 836 2691 invisibilis
882 2635 1087 2701 haberi,
1117 2636 1300 2691 colore
1350 2646 1632 2706 przesente,
1663 2639 1738 2692 si-

151 2732 375 2802 quidem
405 2730 557 2785 color
602 2729 776 2784 omnis
804 2744 964 2783 sensu
1010 2728 1478 2800 comprehenditur
1497 2727 1735 2793 visionis,

150 2830 211 2877 et
232 2822 466 2875 fortasse
490 2819 585 2875 tibi
621 2834 729 2875 non
757 2817 967 2896 videtur
991 2833 1110 2873 esse
1137 2817 1406 2873 subiciens
1432 2820 1575 2889 quod
1603 2819 1740 2877 dixi-

152 2926 314 2977 mus;
342 2911 468 2979 quia
511 2925 616 2965 non
663 2909 731 2963 ad
758 2917 1032 2973 naturam,
1063 2909 1157 2964 sed
1207 2909 1274 2964 ad
1314 2924 1412 2965 nos
1460 2911 1739 2966 invisibilis

152 3005 323 3060 fuisse
350 3013 494 3059 terra
518 3004 686 3058 relata
711 3011 814 3069 est,
842 3011 1063 3074 propter
1090 3017 1346 3071 aquarum
1384 3001 1631 3058 videlicet
1653 3003 1726 3057 in-

153 3094 477 3166 jectionem,
525 3107 643 3163 quae
683 3101 811 3149 tunc
851 3104 878 3131 ι
918 3109 1107 3161 omnes
1158 3103 1328 3149 terras
1376 3097 1731 3166 operuissent.

154 3186 318 3242 Nunc
343 3201 473 3240 vero
518 3186 759 3241 ausculta
796 3184 1124 3256 Scripturam
1146 3228 1161 3250 ,
1188 3187 1458 3257 quomodo
1502 3188 1734 3257 scipsam

153 3278 405 3334 declarat
454 3295 466 3329 :

152 3368 333 3423 arida.
365 3366 738 3423 Velamentum
774 3367 1104 3434 subducitur,
1131 3378 1191 3422 ut
1228 3369 1516 3439 conspicua
1561 3368 1734 3435 fieret,

151 3474 280 3529 qua:
309 3458 521 3513 interim
550 3473 658 3513 non
672 3456 971 3513 videbatur.
1004 3459 1138 3514 Illud
1178 3460 1339 3515 etiam
1365 3458 1587 3515 forsitan
1616 3461 1736 3531 quis

150 3549 419 3619 requiret,
449 3563 547 3603 cur
592 3548 646 3604 id
672 3548 816 3619 quod
840 3563 939 3620 per
984 3557 1230 3604 naturam
1269 3550 1454 3607 subest
1479 3551 1652 3621 aquis,
1682 3549 1737 3605 id

152 3648 264 3703 est,
298 3646 357 3692 ut
401 3653 615 3709 semper
661 3637 729 3692 ad
777 3639 1095 3708 procliviora
1134 3640 1482 3708 contendant,
1523 3642 1627 3697 hoc
1666 3641 1735 3694 ad

151 3728 575 3799 prmeeptionetn
596 3726 868 3784 Creatoris
886 3744 1063 3785 sermo
1085 3731 1365 3786 convertit.
1392 3731 1573 3787 Donec
1591 3733 1735 3787 enim

151 3819 213 3873 in
244 3819 467 3889 planitie
510 3819 669 3873 fuerit
702 3834 840 3888 aqua
884 3821 1179 3886 recondita,
1226 3823 1433 3877 stabilis
1486 3832 1599 3888 est,
1626 3839 1734 3879 non

150 3910 438 3964 inveniens
458 3923 565 3978 quo
590 3909 842 3973 declinet,
864 3911 955 3965 ubi
968 3926 1095 3965 vero
1113 3911 1401 3968 descensus
1422 3915 1730 3980 occurrerit,

151 4010 494 4072 irrumpente
532 4004 778 4073 protinus
803 4013 957 4073 parte
981 4004 1188 4074 priore,
1217 4006 1421 4076 reliqua
1449 4006 1735 4063 multitudo

516 3274 918 3348 Congregentur,
963 3277 1153 3346 inquit,
1203 3294 1366 3348 aqum,
1414 3287 1464 3331 et
1488 3288 1737 3350 appareat

151 4091 509 4160 consequitur
534 4101 891 4161 properanter
917 4092 1194 4161 effugiens,
1223 4109 1343 4164 qua:
1370 4095 1621 4163 praecedit
1645 4113 1734 4151 ur-
1769 4165 1773 4168 ν

151 4191 321 4251 gente
365 4182 633 4236 venientis
660 4183 890 4253 impulsu
925 4202 936 4235 :
982 4193 1238 4253 tantoque
1267 4185 1502 4241 velocior
1526 4195 1735 4242 meatus

151 4273 435 4344 aspicitur,
465 4283 668 4341 quanto
696 4273 914 4343 majoris
956 4276 1205 4345 ponderis
1247 4277 1406 4333 fuerit
1450 4292 1587 4346 aqua
1615 4293 1732 4350 qum

150 4363 401 4431 confluit,
430 4365 686 4438 locusque
724 4365 997 4422 devexior.
1023 4368 1079 4422 Si
1106 4383 1235 4438 ergo
1284 4370 1406 4425 talis
1451 4377 1639 4425 natura
1668 4370 1731 4425 li-

590 4433 599 4442 ο

150 4454 343 4525 quoris
376 4463 477 4518 est,
506 4454 535 4492 ι’
564 4433 799 4510 differret
824 4457 1007 4525 utique
1048 4433 1459 4529 praeceptionem
1486 4475 1591 4530 qua
1613 4461 1733 4529 jus-

150 4552 301 4600 serat
323 4560 493 4614 aquas
518 4545 572 4599 in
598 4561 764 4600 unum
788 4548 1226 4618 conceptaculum
1252 4552 1582 4620 congregari.
1624 4551 1730 4606 Po-

151 4645 301 4693 terat
327 4637 471 4691 enim
511 4639 627 4693 sine
668 4637 852 4704 dubio,
878 4648 1099 4709 propter
1140 4642 1437 4697 naturalem
1475 4645 1731 4714 impetum

151 4729 208 4784 in
245 4727 497 4796 regiones
550 4743 812 4784 concavas
859 4736 1050 4800 Sponte
1079 4728 1393 4798 decurrere,
1425 4735 1731 4804 priusquam

151 4826 309 4887 terga
336 4820 675 4888 compleret:
724 4820 902 4875 nullus
946 4822 1088 4876 enim
1143 4831 1404 4879 terrarum
1455 4825 1607 4882 locus
1654 4830 1731 4885 sic

151 4913 378 4982 aqualis
403 4920 504 4978 est,
529 4922 863 4983 utaquarum
891 4915 1043 4969 situs.
1065 4915 1286 4982 Deinde,
1305 4918 1569 4987 inquiunt,
1595 4936 1733 4990 quo.

152 5101 453 5147 tescurrus.
477 5089 672 5145 Statim
718 5089 846 5145 editi
892 5100 947 5147 et
973 5090 1079 5146 duo
1121 5107 1274 5160 mss.,
1303 5093 1600 5152 diuturnam
1649 5116 1730 5153 co-

150 5162 476 5240 gitationem.
515 5161 668 5216 Colb.
697 5161 981 5225 secundus,
1008 5162 1266 5216 diurnam.
1297 5161 1501 5235 Graece,
1524 5177 1615 5229 τῆς
1638 5192 1730 5240 με·

151 5237 445 5292 ﬂammida;-

472 5298 757 5371 secundus,
782 5316 980 5354 omnem
1003 5309 1208 5353 terram.
1225 5299 1355 5371 Mox
1376 5303 1515 5359 idem
1535 5307 1727 5371 codex,

150 5372 270 5447 quis
309 5370 548 5447 requiret,
598 5367 760 5432 Editi,
788 5386 903 5440 qua:
950 5370 1185 5442 requiret.
1217 5369 1450 5428 Subinde
1497 5374 1587 5430 ille
1616 5367 1729 5447 ipse

148 5440 357 5503 codex,
383 5440 601 5494 velocior
627 5451 901 5494 remeatus.

225 5510 255 5547 ι’
294 5507 457 5575 Editi,
507 5509 727 5578 differet.
781 5507 922 5562 Libri
978 5514 1205 5579 veteres,
1253 5511 1502 5579 diﬂ'erret.
1532 5513 1723 5568 Statim

152 5578 310 5635 Coll).
342 5580 624 5642 secundus,
644 5581 700 5631 in
717 5593 885 5644 unum,
894 5578 1287 5644 receptaculum.

230 5662 253 5689 ε
294 5648 374 5701 lta
427 5648 546 5702 libri
587 5641 816 5702 veteres.
871 5641 1133 5698 Vox'hoc
1179 5641 1232 5701 in
1261 5648 1417 5704 editis
1454 5652 1723 5708 desidera-

388 5740 661 5808 Pn'aon.
704 5750 818 5813 Gn.
872 5753 988 5812 ΧΧ
1005 5753 1082 5812 Χ.

1760 3055 1808 3121 C

1840 1823 2018 1872 turam
2040 1816 2301 1881 diffluere,
2329 1823 2385 1870 et
2409 1830 2681 1884 nunquam
2701 1813 2880 1870 deficit
2902 1816 3246 1884 obsequendo
3265 1832 3417 1875 man-

1839 1907 2000 1962 datis.
2023 1906 2141 1963 Iloc
2183 1914 2363 1961 autem
2390 1906 2510 1963 dico
2549 1907 2844 1978 respiciens
2876 1908 2946 1963 ad
2972 1907 3223 1977 liquidam
3247 1923 3417 1977 aqua-

1839 2016 1955 2055 rum
1970 2008 2191 2069 sortem,
2211 2015 2436 2071 quarum
2459 2000 2576 2055 alia:
2595 2016 2807 2071 semper
2832 2009 3051 2056 manant
3069 2009 3130 2056 ut
3152 2000 3330 2056 fontes
3358 2006 3414 2056 et

1836 2090 2004 2159 fluvii,
2036 2091 2154 2145 aliae
2202 2098 2536 2160 congregata:
2563 2098 2689 2146 sunt
2732 2098 2789 2146 et
2831 2091 3099 2146 sistentes.
3131 2090 3238 2146 Sed
3278 2091 3410 2146 mihi

1839 2195 1984 2236 nunc
2010 2180 2078 2236 de
2103 2179 2391 2235 fluentibus
2418 2194 2595 2235 sermo
2623 2188 2725 2235 est.
2756 2179 3139 2253 Congregentur
3169 2196 3317 2249 aqua:
3358 2183 3411 2234 in

1838 2273 2285 2345 congregationem
2307 2287 2487 2326 unam.
2517 2269 2575 2326 Si
2608 2269 2823 2341 quando
2850 2278 2905 2325 te
2941 2280 2964 2308 ε
2993 2276 3223 2325 stantem
3261 2269 3414 2341 juxta

1839 2365 2014 2420 rivum
2061 2364 2205 2420 subit
2256 2362 2532 2433 cogitatio,
2575 2368 2833 2433 reputans
2877 2360 3028 2430 cujus
3071 2360 3304 2432 impulsu
3347 2362 3415 2416 de

1840 2455 2117 2512 telluribus
2155 2468 2293 2523 aqua
2333 2451 2695 2524 progreditur,
2723 2451 2810 2506 vel
2837 2465 2955 2521 quae
2980 2457 3100 2505 sunt
3128 2451 3322 2505 horrea
3349 2450 3416 2505 de

1839 2549 2031 2617 quibus
2053 2553 2162 2600 tam
2190 2545 2412 2613 largiter
2432 2542 2736 2606 effunditur,
2760 2551 2852 2596 aut
2869 2541 2960 2611 qui
2984 2540 3133 2595 locus
3162 2539 3227 2594 ad
3252 2555 3414 2610 quem

1839 2641 2049 2709 cogitur
2075 2637 2357 2709 pervenire
2376 2678 2391 2703 ,
2420 2635 2507 2690 vel
2542 2633 2814 2704 quomodo
2841 2646 2943 2687 nec
2976 2631 3065 2686 illa
3093 2628 3274 2685 deficit
3300 2643 3415 2700 qum

1838 2731 2098 2802 sequitur,
2139 2743 2242 2785 nec
2265 2741 2329 2782 ea
2376 2741 2497 2795 qua:
2537 2723 2814 2796 praecessit
2841 2722 3130 2785 eiuberat;
3174 2719 3415 2790 profecto

1837 2820 2074 2891 reperies
2099 2820 2280 2875 omnia
2297 2818 2411 2873 haec
2425 2832 2493 2871 ex
2508 2830 2639 2871 voce
2666 2815 2836 2886 prima
2866 2814 3058 2881 teneri,
3077 2812 3220 2868 unde
3247 2812 3411 2866 etiam

1837 2920 2045 2969 meatus
2058 2911 2135 2967 illi
2160 2909 2397 2980 suppetit
2414 2910 2791 2979 sempiternus.
2815 2905 3172 2972 Quamobrem
3191 2903 3245 2957 in
3266 2902 3414 2959 omni

1837 3017 2048 3073 semper
2072 3000 2295 3056 historia
2323 3007 2594 3054 memento
2638 2998 2824 3069 primae
2851 2995 3248 3067 praeceptionis,
3293 3009 3413 3064 quae

1837 3094 1965 3150 dicit
1997 3113 2009 3148 :
2041 3093 2427 3166 Congregentur
2450 3106 2615 3163 aqum.
2640 3088 2851 3144 Etenim
2888 3087 3176 3158 oportebat
3199 3101 3292 3142 eas
3318 3086 3414 3140 de-

1838 3201 2055 3244 currere
2091 3193 2477 3257 properanter,
2506 3190 2566 3237 ut
2592 3181 2905 3237 devenirent
2931 3180 2998 3235 ad
3023 3179 3296 3251 propriam
3323 3193 3412 3234 re—

1835 3278 2048 3346 gionem
2072 3293 2086 3329 :
2115 3282 2169 3330 et
2195 3281 2477 3345 postquam
2502 3280 2721 3326 ventum
2749 3277 2910 3336 esset,
2939 3279 3083 3325 stare
3123 3270 3177 3322 in
3213 3282 3411 3323 conce-

1836 3369 2064 3441 ptaculis
2077 3367 2364 3437 deputatis,
2381 3372 2543 3434 atque
2561 3363 2699 3418 ultra
2725 3377 2833 3417 non
2847 3360 3089 3416 tendere.
3117 3359 3405 3429 Propterea

1836 3468 1920 3517 est
1946 3460 2013 3516 ab
2034 3458 2355 3514 Ecclesiaste
2381 3455 2582 3510 dictum
2616 3472 2628 3507 :
2664 3452 2729 3508 In
2752 3469 2896 3507 mare
2922 3452 3061 3518 ﬂutii
3082 3448 3430 3544 delabuntur,‘

1835 3554 1928 3607 sed
1950 3569 2093 3606 mare
2115 3566 2219 3605 non
2238 3546 2630 3619 superimptetur
2651 3544 2843 3616 (Eccle.
2867 3561 2906 3611 t,
2930 3543 3004 3614 7).
3035 3541 3170 3609 Quia
3190 3538 3411 3610 etquod

1836 3655 2094 3712 aquarum
2137 3653 2325 3695 cursus
2354 3646 2594 3705 urgetur,
2646 3642 2701 3690 et
2746 3634 2889 3703 quod
2912 3648 3061 3688 mare
3104 3632 3266 3688 certis
3302 3630 3412 3686 cir-

1836 3732 2217 3801 cumscriptum
2246 3729 2439 3783 finibus
2484 3729 2774 3793 retinetur,
2805 3724 2990 3796 primae
3034 3722 3411 3794 praeceptionis

1834 3827 2006 3881 virtus
2033 3832 2117 3879 cst
2149 3843 2162 3877 :
2187 3823 2571 3895 Congregetttur
2594 3836 2742 3892 aqua:
2782 3819 2838 3872 in
2865 3832 3022 3870 unam
3049 3815 3409 3887 congregatio-

1837 3932 1955 3970 nem
1979 3932 1996 3969 :
2026 3923 2087 3970 ut
2110 3930 2218 3969 non
2246 3914 2451 3969 scilicet
2470 3912 2559 3989 illa
2588 3926 2708 3982 qua:
2741 3908 2933 3972 influit,
2961 3907 3187 3977 expletis
3215 3920 3409 3961 concc-

1839 4006 2072 4077 ptaculis
2092 4003 2392 4075 superfusa,
2416 4012 2639 4058 cunctos
2664 4001 2909 4055 similiter
2927 4006 3190 4053 terrarum
3218 3998 3407 4051 tenni-

1839 4113 1937 4153 nos
1962 4095 2276 4161 inundaret;
2305 4093 2506 4149 idcirco
2528 4090 2676 4171 iussa
2702 4089 2801 4145 fuit
2828 4091 2881 4144 in
2909 4104 3071 4143 unam
3095 4102 3154 4143 se
3184 4099 3409 4155 congre-

1837 4189 2105 4258 gationem
2141 4187 2400 4254 redigere.
2446 4183 2739 4254 Propterea
2773 4182 2993 4253 pelagus
3032 4182 3211 4236 ventis
3261 4194 3405 4249 saepe

1841 4283 2131 4345 turbatum,
2163 4294 2226 4334 ac
2253 4276 2500 4333 fluctibus
2522 4284 2775 4342 aestuans,
2806 4275 2858 4329 in
2889 4274 3162 4342 altumque
3182 4286 3408 4327 consum

1763 4419 1809 4476 υ
1841 4389 1994 4443 gens,
2032 4372 2120 4428 ubi
2148 4371 2331 4425 littora
2355 4368 2532 4425 vicina
2560 4366 2581 4405 ί
2615 4367 2870 4433 tetigerit,
2899 4363 3125 4421 fervoris
3150 4364 3405 4434 impetum

2079 4464 2091 4476 .
2291 4462 2306 4476 ι
2540 4475 2543 4476 ν
2671 4458 2694 4476 ρ
2960 4464 3112 4476 _.____
3160 4453 3377 4476 mum,

1835 4464 2131 4537 spumando
2167 4462 2462 4528 resolvens,
2503 4475 2632 4514 mox
2668 4458 2927 4525 frangitur
2952 4464 3116 4525 atque
3159 4453 3407 4508 subduci-

1833 4559 1992 4613 citur.
2014 4557 2115 4609 Aut
2133 4571 2214 4609 me
2232 4569 2337 4607 non
2360 4549 2617 4615 timebitis,
2645 4549 2770 4603 dicit
2801 4547 3068 4608 Dominus,
3092 4545 3176 4615 qui
3195 4559 3403 4596 arenam

1838 4651 2109 4705 terminum
2128 4662 2261 4717 pono
2293 4645 2427 4698 mari
2453 4641 2584 4712 (Jer.
2610 4656 2662 4705 v,
2692 4639 2825 4709 2'2)?
2853 4636 3061 4691 Etenim
3085 4635 3277 4688 mirum
3323 4641 3405 4686 est

1836 4738 2108 4810 quomodo
2135 4750 2224 4794 res
2249 4734 2487 4789 omnium
2512 4745 2630 4799 quae
2651 4729 2704 4782 in
2742 4729 2900 4787 terris
2922 4736 2947 4774 8
2968 4726 3235 4781 habentur
3258 4721 3407 4777 infir-

1839 4833 1976 4889 mior
2003 4844 2186 4889 arena,
2214 4828 2366 4897 jussu
2388 4824 2484 4878 Dei
2512 4821 2820 4877 violentiam
2841 4818 3004 4874 maris
3031 4817 3222 4872 frenat.
3253 4812 3407 4882 Quod

1836 4925 1883 4980 si
1902 4937 2056 4978 secus
2082 4926 2246 4986 esset,
2266 4931 2384 4986 qua:
2403 4914 2540 4970 ratio
2556 4920 2735 4967 vetare
2756 4915 2966 4980 poterat
2989 4907 3226 4962 Rubrum
3236 4922 3405 4971 mare,

1831 5103 2128 5224 1ῃὶ«ξωᾶοιῑι.
2169 5161 2458 5226 secundus,
2503 5163 2653 5232 jussu
2681 5168 2757 5214 est
2802 5174 3049 5230 aquarum
3086 5165 3277 5212 natura
3314 5160 3404 5212 de-

1833 5242 2113 5361 ﬂufr‘iiiditi
2135 5311 2191 5359 et
2215 5303 2323 5358 duo
2344 5316 2495 5366 mss.,
2528 5311 2576 5353 te
2612 5306 2846 5353 stante...
2879 5304 3223 5367 reputantem.
3251 5294 3405 5352 Coll).

1833 5377 2119 5442 secundus,
2149 5384 2197 5427 te
2217 5381 2450 5442 stante...
2472 5378 2739 5442 reputans.

1899 5444 1921 5485 ί
1966 5433 2122 5499 Colb.
2169 5441 2455 5506 secundus,
2509 5433 2680 5494 uicina
2722 5436 3009 5507 contigerit.
3067 5433 3236 5490 Paulo
3261 5438 3407 5507 Apost

1832 5513 1980 5578 editi,
2004 5528 2107 5565 non
2135 5510 2353 5565 timebis.
2377 5504 2592 5578 Antiqui
2619 5509 2727 5563 duo
2752 5504 2893 5571 libri,
2923 5520 3025 5559 non
3059 5505 3318 5560 timebitis.
3349 5504 3406 5557 ln

1827 5580 2039 5650 Graeco,
2070 5583 2129 5650 οὐ
2151 5583 2496 5650 λφοϐηθήσεᾉσθε
2508 5619 2520 5631 .

1898 5659 1925 5699 s
1956 5649 2119 5717 Editi,
2139 5643 2370 5702 habetur.
2400 5648 2542 5703 Libri
2564 5655 2797 5713 veteres,
2825 5643 3077 5698 habentur

3053 5747 3133 5806 ‘29
