3824 6214
259 361 263 366 ,
353 289 457 344 ουτ

1311 281 1661 342 APPENDIX
1694 279 1986 339 OPERUM
2023 279 2086 336 S.
2125 269 2372 331 BASlLll
2411 259 2650 323 MAGNL

3530 248 3637 304 θεε

373 416 429 463 ut
454 423 564 465 non
593 405 882 482 .Egyptum
909 415 1096 476 totam,
1126 422 1244 478 quae
1271 409 1454 476 utique
1481 405 1739 461 devexior
1764 403 1934 459 habe-
1959 405 2009 462 Δ
2037 398 2355 470 corporibus
2380 397 2448 453 sit
2469 396 2706 467 illapsus,
2722 395 3030 452 universum
3054 405 3236 452 tamen
3250 395 3438 451 orbem
3466 402 3627 450 terra

373 507 476 564 tur,
507 501 801 567 invaderet,
847 501 1201 572 proximoque
1226 501 1415 569 pelago
1467 499 1810 562 misceretur,
1842 497 1944 551 nisi

373 599 639 659 praecepto
667 589 971 646 Conditoris
999 599 1141 646 esset
1165 589 1487 644 inhibitum?
1509 589 1639 642 Nam
1669 588 1795 656 quia
1839 587 1946 640 hu-

365 671 547 726 milior
561 672 724 742 723
737 682 818 728 est
832 671 1100 744 IEgyptus
1113 674 1297 731 Rubro
1313 675 1469 742 mari,
1487 677 1790 732 certissime
1805 689 1832 719 ι
1849 679 1946 733 do-

367 763 644 817 cemurah
661 764 747 819 his
763 763 1186 837 quizEgyptium
1216 775 1272 822 et
1301 765 1540 822 Indicum
1561 768 1946 833 mareconiun-

373 868 502 924 gere
527 855 831 922 voluerunt,
871 873 1097 928 quorum
1122 860 1324 928 primus
1360 867 1442 914 est
1472 859 1746 914 Sesostres
1782 857 1950 929 IEgy-

375 947 541 1017 ptius,
565 947 832 1002 secundus
858 947 1046 1002 Darius
1074 948 1277 1003 Medus.
1299 949 1424 1004 liceo
1443 964 1508 1003 eo
1528 949 1660 1012 dixi,
1681 957 1738 1002 ut
1757 948 1948 1003 divinae

375 1037 667 1092 sanctionis
687 1039 981 1107 potentiam
1010 1054 1373 1094 nosceremus.
1405 1039 1695 1110 Congregeu
1705 1050 1784 1094 tur
1802 1057 1951 1110 aqua:

376 1132 429 1183 in
451 1131 897 1202 congregationem
935 1148 1110 1196 unam,
1143 1132 1195 1186 id
1239 1141 1343 1198 est,
1373 1133 1541 1187 altera
1563 1149 1669 1188 non
1695 1133 1952 1203 procedat

377 1237 444 1276 ex
464 1221 577 1289 illa,
606 1220 700 1276 sed
725 1222 778 1276 in
808 1221 980 1292 primo
1001 1224 1407 1296 conceptaculo,
1437 1239 1558 1294 quae
1595 1225 1820 1282 collecta
1867 1233 1952 1282 est

376 1321 647 1369 teneatur.

449 1403 500 1458 4.
530 1404 732 1460 Deinde
757 1421 879 1460 cum
897 1405 1104 1460 diceret
1131 1423 1143 1457 :
1171 1404 1556 1476 Cougregentur
1575 1408 1628 1461 iu
1651 1423 1808 1460 unam
1829 1423 1952 1461 con-

379 1500 745 1568 gregationem,
776 1497 1092 1566 docuitquia
1112 1499 1293 1552 multae
1323 1505 1476 1552 erant
1505 1513 1656 1567 aqua:
1678 1500 1841 1555 variis
1871 1500 1954 1555 di-

379 1588 504 1641 visae
525 1585 717 1644 modis.
747 1585 891 1642 Loca
915 1588 1056 1640 enim
1083 1587 1365 1653 convallia,
1396 1587 1828 1658 profundioribus
1851 1607 1920 1646 na
1948 1623 1954 1632 -

380 1679 623 1734 turaliter
648 1685 837 1734 cavata
875 1679 1085 1749 spatiis,
1133 1679 1402 1735 habebant
1429 1696 1620 1751 aquam
1650 1684 1950 1750 collectam,

2047 489 2449 559 complectitur;
2481 489 2562 543 sic
2607 493 2662 541 ct
2689 501 2946 555 aquarum
2977 493 3167 540 natura
3194 485 3440 555 quamvis
3468 485 3630 539 variis

2047 577 2330 633 commissa
2346 577 2667 632 stationibus
2682 583 2950 640 teneatur,
2967 591 3074 630 una
3091 585 3268 630 tamen
3291 583 3376 630 est
3397 577 3629 630 maxima

2048 672 2414 739 congregatio,
2441 686 2560 739 qua:
2597 685 2757 726 omne
2803 667 2934 724 illud
2961 665 3287 724 elementum
3315 670 3576 724 discernit
3599 685 3629 723 a

2048 760 2276 814 caeteris.
2310 759 2483 814 Lacus
2537 759 2678 813 enim
2731 759 2823 828 qui
2879 760 3023 814 circa
3077 760 3325 827 regiones
3364 760 3630 813 habentur

2049 860 2280 917 arctoas,
2303 853 2387 906 vel
2415 852 2470 906 in
2498 850 2864 922 Hellesponto,
2895 867 2991 907 seu
3019 852 3073 906 in
3101 849 3437 920 Macedonia,
3464 851 3553 906 vel
3579 852 3632 905 in

2049 943 2298 1015 Bithynia
2337 944 2781 1013 congregationes
2808 944 2926 998 sine
2947 941 3117 998 dubio
3142 944 3516 1009 nominantur;
3538 943 3635 998 sed

2051 1035 2213 1089 modo
2241 1034 2396 1089 nobis
2423 1035 2626 1088 mentio
2654 1034 2823 1088 estde
2851 1034 2961 1098 illa,
2985 1049 3104 1104 qua:
3132 1034 3353 1102 reliquis
3381 1035 3636 1089 omnibus

2051 1129 2124 1182 ita
2149 1124 2407 1198 prolixior
2433 1135 2536 1194 est,
2563 1136 2621 1182 ut
2641 1135 2906 1182 terrarum
2938 1124 3273 1196 amplitudini
3298 1135 3632 1194 coaequetur,

2051 1224 2105 1272 et
2119 1233 2423 1288 quanquam
2442 1227 2465 1255 °
2490 1215 2545 1272 in
2567 1217 2863 1272 minoribus
2883 1231 3098 1286 quoque
3125 1216 3637 1284 congregationibus

2053 1325 2309 1379 aquarum
2354 1311 2531 1365 inesse
2577 1309 2971 1364 multitudinem
3017 1310 3198 1364 nullus
3243 1309 3490 1372 obsistat,
3523 1324 3636 1363 non

2054 1409 2234 1455 tamen
2287 1399 2403 1454 illas
2430 1400 2550 1468 quis
2591 1399 2695 1454 rite
2749 1400 2916 1454 maria
2965 1399 3337 1468 nuncupabit:
3386 1399 3639 1468 quamvis

2052 1502 2213 1548 certe
2240 1492 2462 1563 paludes
2489 1492 2757 1560 salsugine
2780 1492 2941 1545 maris
2971 1492 3176 1546 infecta:
3201 1492 3308 1545 sint
3330 1531 3346 1556 ,
3375 1492 3517 1545 sicut
3545 1492 3638 1546 illa

2053 1599 2172 1653 qua:
2201 1585 2467 1640 vocitatur
2489 1582 2508 1622 ι
2529 1583 2788 1638 Asfaltitis
2807 1583 2860 1638 in
2891 1583 3129 1653 partibus
3155 1581 3374 1652 Judaeze,
3400 1583 3487 1638 vel
3507 1581 3642 1638 Ser-

2056 1676 2273 1741 bonitis,
2305 1691 2424 1744 qum
2465 1676 2603 1730 inter
2623 1671 2912 1744 {Egyptum
2938 1673 3385 1744 Palmstinamque
3423 1674 3638 1743 jacens,

381 1781 481 1820 nec
508 1782 616 1821 non
645 1767 807 1822 etiam
833 1769 1008 1838 campi
1039 1769 1182 1839 pleni
1211 1777 1383 1836 erant,
1433 1771 1833 1827 similitudinem
1861 1789 1954 1842 pe—
1986 1766 2030 1825 Β
2056 1765 2269 1821 deserta
2291 1765 2554 1834 contingit
2581 1763 2808 1818 Arabim.
2840 1763 3036 1819 Omnes
3063 1763 3146 1818 hac
3173 1764 3386 1833 quidem
3413 1765 3642 1834 paludes

380 1855 485 1923 lagi
509 1855 817 1921 referentes,
843 1857 1066 1927 aliaeque
1097 1858 1363 1928 ejusmodi
1389 1862 1651 1929 regiones,
1677 1862 1746 1918 de
1765 1864 1956 1933 quibus

380 1945 628 2001 omnibus
671 1946 725 2000 in
772 1958 934 2002 unam
994 1951 1463 2018 congregationem
1510 1952 1780 2008 confluere
1831 1962 1956 2010 sunt

381 2045 677 2106 praeceptae.
696 2032 765 2091 Et
789 2037 964 2096 nullus
991 2038 1156 2105 dicat,
1183 2041 1304 2110 quia
1325 2041 1369 2094 si
1396 2049 1564 2096 totam
1584 2049 1804 2112 terram,
1828 2052 1958 2100 tunc

381 2141 642 2194 aquarum
688 2134 898 2182 texerat
944 2129 1249 2198 multitudo,
1279 2131 1628 2188 nihilominus
1654 2148 1717 2188 ea
1743 2150 1957 2204 quoque

383 2215 520 2280 loca,
552 2217 606 2271 in
631 2232 750 2286 qum
777 2225 966 2288 postea
989 2218 1152 2288 jussa:
1181 2230 1304 2284 sunt
1324 2237 1475 2292 aquze
1502 2238 1842 2290 concurrere,
1865 2241 1956 2281 re-

382 2307 525 2376 pleta
549 2313 678 2361 tunc
699 2315 872 2362 erant.
905 2304 1006 2363 Ubi
1036 2323 1165 2378 ergo
1185 2309 1407 2365 deberet
1447 2327 1582 2380 aqua
1617 2313 1818 2383 colligi,
1839 2330 1956 2384 qua:

382 2412 573 2452 omnes
601 2405 864 2453 terrarum
889 2408 1073 2468 partes
1101 2401 1401 2456 invaserat?
1429 2404 1507 2456 Ad
1531 2404 1636 2458 hoc
1662 2406 1956 2474 reSpondcu

383 2504 520 2556 mus,
548 2488 672 2559 quia
716 2489 930 2558 quando
969 2484 1263 2562 praeceptio
1311 2491 1436 2546 data
1486 2502 1570 2547 est
1599 2501 1658 2548 ut
1697 2494 1752 2548 in
1796 2486 1957 2550 unam

380 2580 849 2648 congregationem
889 2581 1116 2648 coirent,
1148 2589 1273 2637 tunc
1301 2591 1356 2636 et
1383 2585 1740 2653 susceptionis
1776 2600 1958 2640 earum

384 2681 548 2723 causa
572 2668 853 2737 processit.
879 2667 1063 2737 Neque
1103 2669 1244 2723 enim
1276 2679 1393 2724 erat
1421 2671 1512 2725 illo
1544 2680 1784 2741 tempore
1809 2689 1960 2730 mare

385 2755 530 2823 quod
551 2762 703 2812 extra
728 2753 991 2812 Gaddiros
1015 2765 1118 2826 est,
1150 2773 1250 2813 nec
1275 2761 1569 2814 maximum
1593 2757 1721 2816 illud
1737 2803 1754 2829 ,
1783 2771 1838 2817 et
1864 2779 1960 2820 so-

381 2846 450 2904 lis
487 2849 778 2904 audacibus
803 2849 1101 2919 navigabile
1120 2851 1365 2922 pelagus,
1408 2853 1553 2922 quod
1599 2854 1960 2913 Britannicam

382 2937 632 3008 insulam,
657 2947 712 2994 et
739 2939 965 2997 Hiberos
993 2944 1246 2998 occiduos
1273 2945 1440 3011 alluit,
1483 2945 1815 3014 habebatur,
1862 2943 1960 3006 sed

384 3031 725 3102 postmodum
749 3033 901 3101 jussu
947 3032 1044 3089 Dei
1071 3036 1342 3106 capacitas
1367 3036 1636 3093 suﬂiciens
1663 3049 1960 3110 prmparata

2055 1867 2200 1922 sunt,
2234 1874 2398 1913 unum
2441 1866 2621 1913 tamen
2649 1857 2880 1910 habetur
2905 1871 3076 1924 mare,
3107 1855 3244 1910 sicut
3271 1865 3519 1910 asserunt
3544 1858 3644 1926 qui

2055 1949 2391 2020 peragrando
2422 1957 2591 2003 terras
2617 1963 2806 2002 omnes
2851 1946 3119 2001 obierunt.
3152 1945 3260 2001 Sed
3287 1945 3645 2017 Hyrcanium,

2055 2039 2416 2109 Caspiumquc
2439 2039 2612 2093 laeum
2635 2035 2850 2106 quidam
2879 2037 2932 2091 in
2962 2037 3280 2106 semetipsos
3301 2038 3646 2092 circumscri-

2055 2139 2180 2202 ptos
2207 2144 2328 2184 esse
2351 2127 2718 2198 pronuntiant.
2751 2126 2819 2180 Et
2845 2142 2975 2182 sane
3012 2128 3264 2196 quoniam
3291 2135 3508 2198 oportet
3536 2143 3644 2183 nos

2057 2220 2436 2276 historicorum
2500 2217 2968 2288 cosmographiam
3039 2217 3349 2285 diligentius
3404 2218 3643 2283 intueri,

2057 2313 2184 2382 quid
2205 2311 2272 2366 de
2297 2311 2383 2366 his
2405 2311 2632 2365 relatum
2654 2309 2724 2364 sit
2751 2309 3042 2363 audiamus.
3074 2307 3273 2363 Ferunt
3314 2309 3496 2378 itaque
3524 2325 3643 2364 me-

2057 2411 2296 2459 moratos
2315 2403 2464 2458 lacus
2486 2401 2711 2456 occultis
2725 2396 3041 2469 quibusdam
3055 2399 3355 2470 perforatos
3369 2399 3641 2462 cavernis,

2059 2497 2112 2550 in
2143 2510 2292 2550 mare
2313 2494 2601 2548 maximum
2617 2507 2742 2547 suos
2768 2500 2976 2546 meatus
2996 2491 3274 2556 evolvere;
3304 2489 3444 2544 unde
3470 2491 3644 2548 etiam

2061 2585 2302 2640 Rubrum
2331 2583 2551 2653 pelagus
2579 2581 2874 2636 affirmatur
2900 2580 2953 2634 in
2983 2595 3131 2635 mare
3157 2579 3301 2648 quod
3327 2580 3470 2638 ultra
3493 2577 3642 2633 Gad-

2059 2675 2208 2730 diros
2231 2675 2458 2729 habetur
2483 2673 2724 2729 cﬂluerc.
2755 2671 3034 2739 Quomodo
3082 2686 3233 2740 ergo,
3280 2672 3551 2741 inquiunt,
3593 2674 3642 2731 si

2061 2764 2202 2819 Deus
2249 2764 2488 2818 diversas
2535 2777 2792 2832 aquarum
2840 2763 3120 2829 stationes,
3174 2763 3343 2816 maria
3399 2764 3641 2826 vocavit,

2060 2855 2312 2926 quoniam
2352 2855 2404 2909 in
2453 2868 2618 2908 unum
2665 2852 3102 2922 conceptaculum
3143 2862 3534 2920 convenerunt,
3585 2861 3641 2911 et

2060 2961 2244 3002 rursus
2273 2943 2715 3011 congregationes
2743 2957 2952 3010 omnes,
2980 2941 3033 2996 id
3059 2951 3141 2996 est
3168 2942 3337 3006 sinus,
3366 2957 3506 3010 quos
3534 2958 3642 3012 pro

2060 3037 2336 3094 schemate
2362 3052 2458 3090 suo
2503 3043 2659 3089 terra:
2685 3033 3036 3088 circumdatio
3067 3033 3490 3104 comprehendit,
3520 3051 3642 3090 ma-

383 3128 484 3188 est,
509 3131 569 3177 ut
610 3137 869 3192 aquarum
906 3123 1102 3180 ibidem
1151 3126 1434 3183 multitudo
1471 3128 1784 3185 conflueret.
1823 3130 1851 3170 δ
1879 3126 1956 3186 De
1983 3127 2027 3189 C
2058 3130 2136 3184 ria
2183 3127 2526 3183 nihilominus
2547 3125 2902 3196 appellantur,
2935 3123 2986 3178 id
3025 3133 3128 3187 est,
3158 3139 3308 3179 mare
3353 3122 3641 3193 Arctoum,

380 3226 486 3281 qua
514 3227 573 3267 re
604 3213 856 3282 quoniam
875 3228 1173 3284 repugnare
1191 3215 1401 3271 videtur
1423 3227 1618 3274 nostrze
1644 3219 1955 3277 mundilica-

382 3303 544 3358 tionis
576 3319 776 3380 sermo,
804 3303 1102 3360 dicentibus
1147 3306 1506 3378 philosophis,
1534 3324 1600 3364 eo
1629 3308 1771 3380 quod
1796 3309 1954 3367 mini-

382 3395 549 3449 me'in
596 3411 755 3448 unam
797 3396 1286 3465 congregationem,
1334 3399 1470 3454 sicut
1516 3401 1722 3470 experti
1749 3416 1952 3471 sumus,

379 3499 520 3555 aqua
547 3487 776 3541 collecta
821 3494 924 3554 est,
960 3487 1140 3543 dicere
1166 3489 1382 3557 quidem
1423 3490 1588 3544 multa
1618 3500 1673 3546 et
1709 3493 1955 3548 omnibus

381 3583 508 3630 nota
533 3590 812 3645 possemus
844 3593 858 3628 :
893 3586 916 3614 ε
938 3577 1032 3631 sed
1060 3591 1127 3631 ne
1156 3578 1481 3634 contendere
1509 3596 1630 3634 cum
1659 3582 1850 3636 talibus
1877 3583 1954 3637 ri-

379 3665 612 3720 diculum
665 3665 927 3730 videatur,
953 3682 1254 3736 quanquam
1295 3668 1458 3723 etiam
1508 3671 1746 3740 objicere
1801 3673 1955 3728 nobis

381 3754 639 3810 deberent
659 3755 877 3825 paludes
904 3764 959 3812 et
985 3766 1192 3825 stagna,
1224 3773 1325 3812 nec
1353 3775 1459 3814 non
1497 3776 1590 3815 eas
1631 3777 1799 3832 aquas
1837 3779 1954 3833 qua)

377 3845 706 3914 colliguntur
732 3861 798 3900 ex
829 3846 1106 3911 imbribus,
1132 3854 1192 3901 ut
1217 3863 1313 3917 per
1339 3848 1454 3903 hwc
1473 3852 1822 3906 assertionem
1854 3869 1954 3908 no-

381 3936 478 3990 stri
505 3936 767 3991 sermonis
796 3936 1165 4006 infringerent,
1215 3938 1387 3992 sciant
1428 3948 1607 3994 tamen
1634 3942 1758 4010 quia
1782 3943 1954 3997 maxi-

380 4042 539 4094 mam,
564 4025 958 4096 perfectamque
981 4042 1237 4096 aquarum
1263 4030 1498 4083 omnium
1519 4033 1949 4099 concursionem,

381 4118 518 4172 Deus
529 4117 738 4172 vocavit
760 4119 1225 4188 congregationem.
1245 4119 1378 4174 Nam
1395 4129 1449 4173 et
1460 4131 1651 4190 puteus
1672 4138 1823 4192 aqua:
1835 4124 1951 4178 col-

379 4208 536 4262 lectio
549 4215 630 4262 est
652 4207 972 4273 manufacta,
999 4209 1051 4262 in
1071 4208 1385 4278 profundam
1399 4213 1730 4268 cavationem
1748 4214 1952 4282 liquore

377 4301 616 4370 delapso.
670 4300 786 4355 Non
815 4315 943 4368 ergo
974 4301 1223 4370 quzelibet
1263 4318 1516 4370 aquarum
1571 4306 1951 4374 conceptacula

377 4393 806 4461 congregationis
833 4391 973 4446 illius
999 4392 1317 4446 vocabulum
1347 4394 1706 4463 manifestam,
1738 4396 1831 4451 sed
1860 4397 1949 4452 illa

2056 3236 2205 3276 mare
2223 3218 2490 3284 Australe,
2527 3232 2674 3272 mare
2712 3215 2903 3281 Eoum,
2936 3231 3084 3270 mare
3112 3213 3421 3282 Occidunm,
3453 3227 3511 3272 et
3531 3218 3639 3274 ite-

2056 3325 2172 3364 rum
2194 3307 2610 3376 uniuscujusque
2635 3305 2808 3376 pelagi
2834 3305 3049 3374 propria
3077 3305 3294 3359 numina
3309 3315 3453 3371 sunt,
3469 3306 3641 3362 Euxi-

2057 3415 2214 3462 num,
2270 3397 2704 3467 l‘lellespontum,
2751 3393 3026 3463 IEgteum,
3073 3393 3313 3463 Ionium,
3367 3395 3635 3464 Siculum,

2055 3490 2410 3561 Tyrrhenum,
2443 3496 2498 3541 et
2525 3486 2629 3540 alia
2661 3485 2910 3556 plurima,
2959 3500 3189 3556 quorum
3233 3487 3474 3540 ninnium
3522 3489 3640 3542 sin-

2053 3584 2276 3652 gillatim
2299 3580 2556 3636 vocabula
2582 3595 2899 3651 percurrere
2927 3581 3140 3648 longum
3164 3581 3321 3636 nimis
3349 3589 3406 3636 et
3434 3599 3637 3652 opero-

2053 3687 2170 3726 sum
2202 3681 2284 3725 est
2314 3690 2326 3724 :
2357 3679 2643 3740 propterea
2691 3671 3138 3738 congregationes
3184 3688 3450 3740 aquarum
3493 3674 3640 3732 Deus

2054 3761 2222 3816 maria
2245 3760 2562 3815 nominavit.
2588 3759 2693 3814 Sed
2725 3775 2824 3813 nos
2859 3760 3074 3828 quidem
3106 3776 3248 3820 nunc
3269 3762 3336 3816 ad
3364 3765 3467 3818 hoc
3492 3780 3638 3833 pra:-

2053 3851 2317 3906 tereuntis
2343 3851 2476 3905 ordo
2507 3850 2772 3904 sermonis
2793 3849 3013 3903 adduxit
3045 3868 3057 3902 :
3087 3850 3155 3904 ad
3184 3851 3312 3906 illud
3336 3868 3463 3907 vero
3488 3854 3640 3924 quod

2051 3942 2251 3996 dudum
2273 3941 2533 4010 cmpimus
2553 3949 2909 3994 revertamur.

2125 4028 2175 4084 5.
2216 4030 2288 4084 Et
2315 4031 2447 4083 dixit
2474 4027 2612 4083 Deus
2642 4046 2660 4083 :
2690 4028 3071 4101 Congrcgcntur
3098 4047 3245 4101 aqua:
3273 4034 3323 4084 in
3352 4049 3636 4107 congregm

2055 4125 2240 4178 tionem
2279 4139 2457 4189 unam,
2486 4129 2534 4174 et
2574 4129 2822 4191 appareat
2849 4121 3021 4174 arida.
3070 4120 3184 4175 Non
3213 4121 3346 4176 dixit
3373 4135 3638 4194 appareat

2053 4224 2215 4278 terra,
2247 4229 2314 4267 ne
2362 4214 2554 4267 iterum
2598 4227 2714 4266 eam
2759 4211 3166 4280 incompositam
3215 4213 3634 4280 demonstraret,

2053 4312 2112 4358 ut
2130 4311 2257 4374 pote
2278 4303 2520 4357 limosam
2544 4311 2598 4356 et
2622 4302 2794 4356 adhuc
2814 4317 2881 4355 ex
2902 4317 3159 4370 aquarum
3183 4303 3534 4361 inundatione
3550 4307 3635 4362 de

2052 4393 2299 4460 formem,
2325 4403 2483 4462 atque
2512 4392 2794 4446 invalidam
2818 4409 2833 4456 ;
2863 4392 3125 4462 simulque
3149 4409 3215 4448 ne
3238 4395 3338 4448 soli
3366 4396 3628 4467 quispiam
3669 4448 3683 4462 ,

378 4485 610 4539 maxima
639 4485 1010 4552 excellensque
1023 4485 1324 4554 susceptio;
1357 4485 1409 4538 in
1431 4501 1587 4555 quem
1605 4485 1630 4523 ά
1653 4496 1824 4542 totum
1847 4489 1952 4544 ele—
1975 4489 2027 4550 D
2052 4502 2266 4542 causam
2298 4495 2524 4540 terrente
2552 4484 2855 4539 siccationis
2883 4484 3192 4548 ascriberet,
3215 4487 3409 4541 merito
3433 4489 3634 4542 nativi-

378 4583 616 4632 mentum
641 4584 860 4645 repente
885 4576 1137 4630 collatum
1163 4583 1264 4630 est.
1291 4575 1422 4629 Nam
1444 4576 1582 4631 sicut
1602 4577 1736 4644 ignis
1759 4579 1812 4632 in
1832 4595 1950 4649 par-

375 4666 513 4720 vulis
558 4680 625 4721 ac
649 4665 873 4721 diversis
920 4665 1219 4736 quibusque
1258 4666 1498 4720 materiis
1535 4674 1622 4722 est
1655 4667 1944 4737 dispersus,

374 4753 661 4823 perhibens
705 4752 954 4808 omnibus
988 4768 1144 4808 usum
1171 4755 1529 4808 necessarium
1549 4797 1563 4820 ,
1595 4763 1740 4812 totus
1767 4765 1947 4811 tamen

372 4843 428 4898 in
449 4843 650 4898 :etbere
693 4844 1016 4908 continetur,
1049 4841 1397 4912 similiterque
1424 4859 1536 4910 aer,
1579 4845 1704 4900 licet
1728 4846 1949 4914 singulis

445 5054 471 5082 ι
497 5043 642 5098 Libri
671 5042 934 5112 impressi,
967 5043 1224 5112 docemur
1250 5042 1314 5096 ab
1337 5043 1437 5110 his,
1466 5043 1604 5112 quia.
1625 5043 1808 5099 Codex
1837 5061 1938 5100 no-

375 5123 484 5167 sler
505 5122 560 5168 et
577 5111 761 5182 ,Colb.’
783 5111 1066 5182 secundus,
1093 5113 1422 5182 docemuriab
1467 5111 1547 5166 bis
1565 5155 1578 5175 ,
1604 5116 1708 5182 qui.
1741 5114 1942 5176 ibidem

371 5183 523 5247 mliti,
545 5181 853 5252 Egyptum.
879 5181 1027 5236 Coll).
1057 5183 1280 5251 primus,
1309 5181 1634 5252 nggptium,
1656 5185 1811 5238 bene.
1838 5184 1942 5238 Ali-

373 5260 573 5317 quanto
598 5250 720 5321 poSt
745 5250 898 5306 Colb.
931 5250 1214 5316 secundus,
1257 5253 1364 5306 haec
1391 5250 1524 5307 ideo.
1551 5253 1649 5305 Alii
1681 5253 1787 5308 duo
1809 5270 1937 5309 mss.

373 5321 600 5402 et‘editi,
631 5321 739 5375 lucc
764 5339 841 5376 eo.
869 5321 988 5374 Mox
1040 5338 1175 5376 unus
1225 5338 1350 5386 ms.,
1401 5325 1454 5375 in
1499 5324 1664 5392 primo
1714 5333 1940 5392 recepta-

370 5395 715 5540 b'dfoltntiqui
738 5458 842 5514 duo
870 5461 1011 5529 libri,
1039 5460 1119 5514 De
1143 5477 1243 5532 qua
1271 5479 1341 5514 re.
1367 5461 1482 5515 Vox
1505 5461 1688 5515 ultima
1715 5460 1864 5516 deest
1883 5461 1937 5516 in

470 5543 516 5582 σί
561 5531 570 5540 ”
607 5571 620 5584 .
1152 5529 1164 5532 ⁷

376 5529 661 5661 vulcollittlliti,
694 5599 783 5653 sed
824 5616 912 5653 nec
965 5600 1266 5654 contendere
1295 5599 1501 5653 talibus.
1557 5598 1717 5654 Vetus
1762 5599 1934 5654 codex

362 5681 576 5741 mter,
600 5670 688 5724 sed
715 5687 778 5723 ne
795 5670 1098 5724 contendere
1118 5687 1231 5724 cum
1253 5669 1455 5723 talibus.
1483 5669 1595 5724 Vox
1625 5685 1736 5723 cum
1759 5670 1938 5724 addita

2054 4583 2166 4630 tate
2202 4576 2329 4630 solis
2373 4576 2694 4630 anteriorem
2735 4575 2940 4629 telluris
2967 4574 3266 4630 ariditatcm
3296 4575 3525 4633 Creator
3551 4581 3634 4636 in-

2057 4669 2248 4724 stituit.
2281 4668 2511 4722 Adverte
2539 4681 2772 4735 namque
2808 4681 2970 4720 sensu
3013 4665 3336 4734 diligentius,
3368 4670 3493 4736 quia
3523 4687 3632 4728 non

2053 4759 2224 4813 solum
2274 4773 2432 4826 aqua,
2459 4772 2576 4825 quae
2623 4755 2959 4826 superfuerat
3011 4764 3183 4820 terrae,
3217 4757 3312 4812 sed
3341 4759 3502 4813 etiam
3536 4762 3630 4817 illa

2051 4863 2171 4917 qua:
2218 4848 2271 4901 in
2319 4847 2751 4916 prol'undioribus
2789 4845 3030 4915 partibus
3068 4846 3332 4915 latitabat,
3373 4849 3633 4908 famulata

2051 5053 2133 5099 est
2152 5045 2365 5113 quidem
2389 5045 2447 5118 in
2471 5044 2573 5118 hoc
2594 5053 2781 5118 nostro
2809 5042 2964 5109 libro,
2989 5043 3082 5098 sed
3110 5051 3203 5098 aut
3222 5040 3407 5100 eadem
3437 5061 3630 5118 manu,

2049 5123 2141 5169 aut
2164 5123 2308 5166 certe
2339 5113 2724 5181 antiquissima.

2119 5183 2144 5218 ἀ
2177 5183 2267 5236 Sic
2313 5182 2463 5236 Culh.
2517 5184 2798 5237 secundus.
2833 5181 2931 5235 Alii
2987 5181 3094 5235 duo
3121 5197 3250 5236 mss.
3300 5192 3359 5238 et
3383 5185 3547 5247 editi,
3572 5188 3630 5242 in

2046 5270 2215 5323 quam.
2251 5252 2400 5306 llaud
2431 5252 2586 5318 longe
2606 5251 2757 5306 Coll).
2782 5251 3066 5316 secundus,
3094 5252 3367 5317 providens
3390 5258 3629 5315 omnibus

2043 5339 2210 5375 usum.

2122 5401 2144 5428 ο
2177 5391 2400 5462 Veteres
2425 5389 2530 5442 duo
2573 5389 2691 5444 libri
2718 5399 2772 5443 et
2791 5390 2941 5456 editi,
2972 5400 3019 5443 et
3035 5390 3288 5462 quidquid
3319 5393 3372 5444 in
3402 5395 3628 5450 minori-

2048 5460 2157 5512 bus.
2185 5460 2349 5521 Alius,
2372 5469 2420 5512 et
2438 5475 2726 5527 quanquam
2754 5462 2806 5512 in
2838 5460 3134 5513 minoribus.

2122 5529 2138 5565 τ
2173 5529 2333 5594 Editi,
2355 5529 2638 5596 Asﬂuxitis.
2656 5529 2821 5586 Vetus
2842 5530 2928 5586 ille
2951 5537 3135 5586 noster
3156 5529 3311 5598 liber,
3340 5532 3626 5600 Asfattitis.

2046 5597 2252 5664 (ἐι-πω,
2283 5600 2611 5658 ’Δσφαλτίτις.
