3824 6214
115 295 236 350 909

916 288 1289 348 ευδτλτιηι
1327 285 1733 344 HEXAEMERI

1841 282 2267 344 ETAPHRASIS
2301 282 2510 339 LIBER
2549 278 2642 336 IV.

3298 273 3411 330 910

137 406 416 467 βπεςοριο
435 394 756 451 dominantis
782 393 1005 450 eflluxit.
1037 390 1108 445 Et
1143 393 1336 462 factum
1353 395 1428 441 est
1455 389 1547 441 sic.
1580 381 1705 439 Suf-
1740 391 1788 444 Α
1814 383 1971 452 gitur,
1995 383 2046 440 id
2074 395 2175 452 est,
2207 401 2304 457 per
2325 386 2667 457 frigiditatem
2688 395 2860 452 terrm,
2891 401 2989 457 per
3011 385 3381 446 humiditatem

138 491 261 545 ticit
295 489 458 556 igitur
483 485 716 555 adjectio
744 486 870 552 ista,
898 484 1178 539 declarans
1201 495 1390 536 vocem
1413 476 1724 533 Conditoris

138 578 366 634 cll'ectui
393 578 780 646 mancipatam;
810 577 934 630 licet
963 575 1189 629 relatum
1211 572 1282 626 sit
1309 572 1362 624 in
1390 569 1572 624 multis
1596 582 1719 622 cos-

141 667 480 736 mographia:
499 666 800 720 codicibus:
820 665 944 732 quia
969 663 1180 721 collecta
1205 669 1280 715 est
1307 676 1459 731 aqua,
1477 673 1589 729 qua:
1611 659 1722 727 fue—

143 768 235 813 rat
260 758 436 813 subter
461 757 586 810 caelo
611 757 664 809 in
691 755 1104 825 congregatioues
1124 767 1265 817 suas,
1293 758 1341 803 et
1361 747 1599 819 apparuit
1618 746 1725 799 ari-

145 852 259 915 da;
294 850 439 920 quod
464 856 610 904 certe
631 861 732 902 nec
764 847 1090 914 reliquorum
1125 842 1625 898 commentariorum
1650 839 1722 892 ita

147 959 278 1000 esse
298 940 604 996 manifestat
625 937 808 1001 editio,
831 951 930 991 nec
948 951 1072 990 usus
1092 933 1340 1004 exprimit
1359 931 1722 986 Hebraeorum.

158 1034 299 1088 Nam
348 1046 537 1087 revera
579 1027 843 1100 superflua
886 1025 1156 1080 videretur
1200 1032 1322 1092 post
1362 1021 1725 1077 testimonium

143 1121 322 1195 724
343 1136 452 1192 quo
479 1119 764 1182 asseritur,
797 1117 922 1186 quia
939 1114 1137 1186 factum
1151 1123 1227 1168 est
1242 1113 1337 1178 sic,
1357 1126 1547 1167 rursus
1567 1111 1632 1165 de
1648 1109 1742 1164 iis—

149 1221 282 1273 dem
304 1214 535 1285 repetita
553 1210 814 1266 narratio.
835 1207 904 1262 Et
921 1207 1120 1262 uocauit
1140 1205 1280 1262 Deus
1297 1205 1504 1258 aridam
1523 1213 1738 1266 terram,

143 1319 200 1363 et
241 1308 500 1360 stationes
533 1316 791 1372 aquarum
809 1311 835 1340 ι
855 1299 1053 1352 vocavit
1070 1298 1261 1350 maria.
1282 1295 1458 1350 Curet
1474 1295 1523 1348 in
1539 1307 1741 1363 praece-

153 1393 416 1448 dentibus
449 1389 651 1449 dictum
679 1395 779 1451 est,
808 1391 1174 1456 congregemur
1199 1397 1344 1452 aqua:
1366 1381 1420 1434 in
1441 1393 1725 1446 congrega-

155 1485 357 1536 tionem
382 1495 560 1542 unam,
590 1485 638 1531 et
666 1483 912 1546 appareat
940 1473 1112 1539 arida,
1141 1486 1264 1526 cum
1289 1469 1456 1534 magis
1485 1467 1588 1520 dici
1627 1464 1726 1518 de-

153 1573 386 1635 buisset,
418 1575 665 1638 appareat
686 1574 855 1628 terra;
881 1571 935 1616 et
953 1563 1146 1615 iterum
1177 1577 1190 1611 :
1222 1559 1462 1628 apparuit
1485 1555 1654 1618 arida,
1681 1563 1730 1607 et

156 1663 359 1716 uocauit
386 1659 527 1712 Deus
555 1656 753 1710 aridam
782 1653 1003 1707 terram?
1029 1649 1288 1715 Quoniam
1309 1647 1455 1700 arida
1486 1645 1727 1698 videlicet

1821 477 1956 531 aeri.
2001 477 2306 547 Rursusque
2352 493 2446 532 aer
2495 479 2879 533 intercessione
2923 493 3020 534 sua
3065 479 3386 535 conciliator

1822 576 2025 624 natura:
2053 570 2396 639 repugnantis
2437 568 2679 636 efficitur,
2722 569 2776 625 id
2808 578 2910 638 est,
2939 570 3076 638 ignis
3101 577 3158 624 et
3181 584 3332 638 aquze
3364 587 3380 623 :

1823 661 1933 729 igni
1979 661 2191 728 quidem
2237 660 2473 715 sociatus
2519 676 2618 730 per
2661 660 2913 725 calorem,
2947 674 3098 728 aqua;
3125 674 3255 713 vero
3287 675 3388 728 per

1824 751 2124 805 humorem.
2153 751 2294 820 Ignis
2337 759 2515 804 autem
2553 751 2802 820 quoniam
2843 749 3073 804 fervidus
3098 749 3387 814 aridasque

1825 847 2013 893 natura
2056 847 2155 904 est,
2187 839 2300 894 acri
2329 840 2540 909 quidem
2571 840 2766 894 caloris
2800 840 3100 893 interventu
3127 838 3384 901 uolueret,

1823 945 1922 999 per
1949 930 2245 984 siccitatem
2268 945 2397 984 vero
2433 935 2589 984 terra:
2616 928 3004 993 communicat;
3026 936 3079 981 et
3101 927 3206 981 hoc
3225 925 3388 980 modo

1833 1019 1852 1057 τ
1879 1021 2032 1089 quasi
2060 1019 2287 1074 circulus
2315 1019 2528 1088 quidam
2556 1027 2611 1073 et
2638 1019 2834 1074 chorus
2865 1019 3284 1088 compaginatus,
3309 1016 3384 1069 al-

1826 1118 2089 1165 terutrum
2124 1110 2336 1164 sibimet
2374 1107 2814 1163 convenientibus
2853 1107 3130 1160 clementis
3174 1105 3388 1158 videtur

1826 1215 1944 1254 esse
1967 1198 2252 1269 perlectus.
2285 1197 2409 1253 Hmc
2441 1197 2561 1252 ideo
2589 1196 2836 1263 disserui,
2863 1204 2925 1249 ut
2953 1195 3087 1248 ordo
3121 1195 3386 1248 clarescea
3460 1175 3468 1183 ’

1825 1298 1930 1358 ret,
1969 1296 2188 1358 propter
2213 1303 2374 1356 quem
2409 1287 2611 1340 aridam
2637 1285 2891 1339 Dominus
2914 1292 3112 1338 terram
3140 1281 3389 1335 nomina-

1827 1380 1934 1446 vit;
1963 1387 2146 1434 etnon
2166 1378 2344 1448 potius
2367 1377 2610 1430 tellurem
2635 1374 2889 1430 vocitavit
2917 1372 3142 1427 aridam.
3165 1370 3390 1425 Siccitas

1826 1469 1967 1524 enim
1995 1484 2102 1522 non
2139 1466 2476 1537 postmodum
2516 1471 2697 1519 secuta
2727 1471 2830 1528 est,
2863 1463 2956 1517 sed
2986 1470 3100 1516 erat
3121 1459 3387 1522 anterior;

1824 1559 2019 1626 quippe
2040 1571 2156 1625 qua:
2178 1556 2246 1610 sit
2272 1553 2719 1609 consummatoria
2739 1551 3045 1606 substantia:
3073 1549 3206 1616 ejus,
3232 1555 3392 1614 atque

1827 1649 2082 1716 ideojure
2112 1645 2352 1700 vocabuli
2382 1644 2539 1711 hujus
2570 1641 2862 1712 privilegiis
2889 1640 3205 1694 honoratur.
3240 1634 3394 1690 Unde

157 1748 511 1822 proprietatis
535 1753 616 1800 est
639 1743 863 1812 species.
892 1740 1174 1807 designans
1201 1735 1324 1790 illud
1354 1733 1496 1803 quod
1524 1743 1730 1798 naturae
1765 1736 1799 1792 li
1831 1738 1992 1791 etiam
2013 1736 2191 1800 tellus,
2217 1742 2275 1788 ut
2298 1741 2424 1803 pote
2449 1730 2776 1802 principalis,
2807 1744 2995 1784 causas
3026 1742 3135 1782 suae
3162 1722 3394 1780 notionis

157 1821 466 1908 subjectum
509 1841 625 1897 est;
659 1841 798 1885 terra
839 1843 970 1882 vero
1010 1825 1150 1880 nuda
1190 1837 1364 1878 causa:
1409 1821 1730 1889 nuncupatio

157 1940 268 1986 est.
299 1928 448 1983 Sicut
471 1926 613 1980 enim
636 1919 1015 1976 rationabilitas
1043 1915 1257 1986 propria
1277 1920 1361 1967 est
1381 1911 1601 1974 homini,
1633 1909 1733 1962 ho-

161 2038 254 2076 mo
285 2029 466 2074 autem
495 2018 628 2085 ipse,
654 2027 761 2067 vox
788 2019 871 2064 est
897 2006 1271 2076 significatoria
1294 2004 1433 2058 illius
1469 2001 1727 2064 animalis,

161 2113 322 2181 cujus
356 2119 441 2164 est
465 2107 779 2178 proprietas,
813 2105 884 2155 ita
920 2110 1077 2154 terra:
1120 2096 1332 2167 propria
1361 2095 1733 2164 pratcipuaque

162 2203 394 2257 ariditas
421 2199 664 2252 habetur.
698 2193 836 2260 Ergo
866 2191 1184 2244 elementum
1211 2185 1352 2254 quod
1379 2183 1592 2254 proprie
1619 2198 1734 2236 sor-

166 2295 330 2347 titum
351 2298 433 2346 est
459 2288 774 2352 siccitatem,
799 2290 942 2342 terra
970 2295 1074 2334 non
1102 2277 1367 2332 immerito
1394 2274 1731 2336 nominatur;

162 2383 308 2437 sicut
330 2378 526 2434 animal
554 2377 640 2431 cui
670 2373 916 2444 proprius
943 2378 1024 2425 est
1051 2369 1288 2423 hinnitus
1309 2381 1474 2434 equus
1502 2363 1736 2433 appella-

164 2483 275 2526 tur.
308 2469 427 2524 Non
455 2468 629 2522 solum
659 2473 838 2518 autem
864 2463 966 2515 hoc
993 2459 1060 2514 de
1086 2459 1275 2512 tellure
1316 2454 1603 2509 notandum
1632 2458 1735 2519 est,

161 2562 261 2618 sed
293 2561 457 2614 etiam
486 2559 540 2611 in
566 2557 684 2610 aliis
730 2551 1009 2608 elementis
1038 2549 1251 2618 propria
1281 2547 1473 2614 cuique
1510 2543 1737 2612 qualitas

162 2660 253 2707 est
279 2651 518 2712 decreta,
543 2662 640 2717 per
667 2645 693 2684 ιι
723 2659 883 2715 quam
909 2658 936 2696 a
967 2641 1174 2696 caeteris
1201 2636 1406 2705 singula
1426 2634 1737 2689 discernun-

162 2753 276 2810 tur,
310 2750 365 2796 et
392 2741 550 2809 quale
575 2740 647 2793 sit
674 2739 846 2806 ipsum
875 2732 1155 2788 manifeste
1181 2729 1525 2796 dignoscitur,
1550 2726 1599 2778 id
1630 2732 1732 2791 est,

162 2848 310 2903 aqua
356 2846 510 2885 suam
557 2829 792 2882 retinens
838 2824 1169 2894 qualitatem,
1219 2835 1316 2889 per
1357 2833 1515 2888 quam
1545 2815 1738 2885 frigida

161 2926 586 2984 demonstratur,
612 2934 704 2972 aer
726 2917 888 2971 habet
913 2913 1286 2975 humiditatem,
1316 2909 1450 2978 ignis
1479 2908 1733 2962 ardorem.

161 3015 275 3073 Sed
306 3030 371 3070 ea
400 3013 611 3082 quidem
640 3018 696 3064 ut
717 3018 842 3079 pote
864 3006 1173 3078 principalia
1203 3003 1614 3073 compositurum
1647 3015 1736 3052 re-

1829 1827 2131 1895 assumpsit.

1899 1918 1952 1971 6.
1991 1916 2058 1969 Et
2079 1916 2203 1970 vidit
2231 1913 2371 1966 Deus
2397 1913 2515 1981 quia
2543 1909 2674 1965 bona
2701 1918 2776 1963 est
2799 1925 2950 1979 aqua.
2981 1905 3097 1960 Non
3126 1904 3392 1959 omnimo-

1831 2011 1912 2063 dis
1951 2007 2348 2077 speciositatem
2388 2017 2506 2057 eam
2533 2016 2651 2069 qua:
2679 2015 2746 2054 ex
2783 1999 2932 2052 vultu
2958 1996 3119 2049 maris
3155 1993 3394 2060 emicuit,

1830 2103 2026 2157 bonam
2053 2097 2278 2152 Domino
2325 2095 2487 2148 fuisse
2528 2094 2719 2156 visam,
2761 2104 2938 2144 sermo
2983 2085 3245 2153 significat
3272 2083 3394 2152 pul-

1837 2191 2138 2247 chritudine
2183 2194 2467 2250 creaturas;
2515 2183 2613 2239 sed
2657 2179 2909 2237 ineffabili
2947 2176 3231 2247 sapientia,
3276 2187 3396 2242 quze

1841 2290 1964 2356 sunt
1989 2279 2129 2334 facta
2168 2279 2422 2332 intuetur.
2452 2274 2614 2328 Nobis
2640 2272 2783 2326 enim
2804 2283 2990 2323 revera
3020 2266 3396 2334 voluptuosum

1841 2353 1923 2426 est
1951 2385 2118 2434 mare,
2162 2383 2282 2422 cum
2323 2364 2499 2419 stabili
2526 2361 2750 2430 coeperit
2787 2356 3167 2424 tranquillitate
3194 2351 3396 2408 caude-

1839 2477 2010 2526 scere,
2032 2468 2261 2514 autcum
2285 2457 2490 2511 lenibus
2519 2461 2820 2523 asperatum
2845 2448 3043 2511 flabris,
3066 2457 3397 2514 purpureum

1837 2553 2074 2607 colorem
2099 2546 2436 2603 cernentibus
2469 2553 2492 2591 κ
2521 2548 2782 2605 ostentat;
2813 2545 2869 2592 et
2899 2534 3110 2607 quando
3138 2548 3247 2588 non
3277 2532 3398 2585 vio—

1836 2641 1996 2697 lentis
2019 2640 2259 2694 tellurem
2287 2635 2534 2692 verberat
2561 2630 2824 2692 fluctibus,
2855 2627 2948 2682 sed
2988 2625 3135 2680 velut
3163 2619 3400 2692 pacificis

1837 2749 1956 2789 eam
1998 2728 2361 2798 complexibus
2406 2723 2696 2778 osculatur.
2741 2718 3121 2773 Verumtamen
3166 2728 3275 2765 non
3324 2711 3398 2764 ita

1839 2824 1947 2876 Deo
1987 2819 2155 2876 videri
2193 2817 2396 2872 bonum
2435 2827 2581 2867 mare
2619 2809 2946 2878 Scripturam
2977 2805 3175 2858 dixisse
3201 2811 3400 2871 putan-

1837 2912 1964 2967 dum
1990 2919 2102 2976 est;
2148 2908 2220 2962 ibi
2257 2906 2397 2960 enim
2429 2903 2634 2968 bonum,
2664 2914 2772 2954 non
2800 2904 3036 2965 aspectu,
3060 2893 3152 2948 sed
3181 2891 3400 2946 factum

1837 3003 2048 3057 ratione
2075 3004 2342 3054 censetur.
2373 2992 2551 3047 Primo
2576 2993 2698 3057 quia
2727 2987 2846 3041 fons
2871 2984 3084 3053 quidam
3109 2981 3272 3036 totius
3299 2979 3401 3032 hu-

162 3121 289 3163 rnm
336 3105 620 3166 elementa,
667 3099 955 3154 secundum
995 3097 1260 3150 rationem
1287 3107 1406 3162 quae
1445 3092 1585 3146 dicta
1635 3096 1733 3154 est,
1763 3086 1811 3149 C
1841 3092 2005 3147 moris
2041 3089 2132 3158 qui
2162 3097 2358 3140 terram
2401 3084 2537 3150 rigat
2564 3088 2646 3134 cst
2683 3092 2834 3132 mare
2864 3093 2877 3128 :
2909 3073 3054 3143 quod
3095 3074 3147 3126 in
3177 3070 3402 3125 occultis

162 3202 354 3253 mente
400 3193 512 3247 sola
539 3205 823 3262 possumus
850 3186 1219 3255 contemplari.
1265 3184 1342 3238 Ea
1369 3199 1500 3238 vero
1537 3197 1654 3252 qua:
1681 3181 1734 3234 in

163 3286 492 3358 corporibus
521 3294 542 3320 ο
575 3281 761 3352 illapsa
798 3286 940 3338 sunt,
973 3286 1030 3332 et
1055 3277 1189 3330 visui
1214 3275 1580 3342 subjiciuntur,
1608 3286 1738 3326 con-

163 3378 384 3448 iunctas
411 3374 623 3428 sibimet
651 3369 925 3440 possident
964 3367 1270 3435 qualitates,
1307 3364 1613 3429 nullumque
1641 3376 1736 3414 eo-

165 3483 289 3524 rum
318 3465 619 3520 absolutum
649 3468 826 3531 potest
851 3473 969 3512 esse
1009 3457 1096 3511 vel
1123 3456 1366 3524 simplex,
1397 3457 1593 3523 quippe
1621 3465 1739 3520 qua:

165 3559 342 3616 oculis
381 3552 924 3622 comprehenduntur,
974 3555 1030 3602 et
1073 3562 1251 3601 sensu.
1284 3545 1413 3598 Nam
1457 3544 1613 3598 tellus
1659 3549 1742 3596 est

166 3649 324 3702 arida
364 3655 419 3700 et
459 3643 664 3711 frigida,
693 3657 831 3710 aqua
859 3637 1077 3693 humida
1104 3644 1159 3691 et
1188 3636 1397 3704 frigida,
1422 3650 1515 3688 aer
1542 3633 1741 3688 calidus

166 3747 224 3789 et
265 3734 536 3797 humidus,
567 3732 701 3799 ignis
728 3729 931 3784 calidus
971 3735 1028 3782 et
1074 3726 1280 3791 aridus;
1311 3722 1338 3760 ἀ
1367 3733 1526 3792 atque
1553 3725 1624 3778 ita
1647 3741 1744 3794 per

168 3826 289 3878 haec
317 3831 521 3875 naturae
545 3820 780 3890 potentia
800 3824 1090 3888 provocata
1109 3815 1254 3878 facit,
1279 3822 1338 3868 ut
1359 3810 1746 3883 temperamen-

169 3917 242 3968 tis
279 3911 652 3982 permixtionis
697 3911 916 3963 alterna:
951 3907 1163 3960 sibimet
1197 3905 1378 3959 omnia
1407 3905 1740 3972 copulentur,

169 4007 460 4072 vicinoque
509 4002 775 4056 elemento
821 4015 918 4068 per
953 3999 1153 4052 sociam
1192 3997 1502 4065 qualitatem
1549 4011 1742 4049 unum-

169 4095 429 4165 quodque
457 4094 748 4159 cohaareat,
776 4100 832 4144 et
856 4099 1076 4160 propter
1103 4089 1317 4143 insitam
1345 4088 1564 4155 singulis
1592 4101 1742 4141 com-

172 4186 512 4249 munitatem,
555 4182 838 4237 contrariis
883 4181 1226 4246 misceantur,
1265 4180 1402 4232 sicut
1445 4189 1586 4233 terra
1625 4192 1746 4246 qua:

172 4273 330 4329 arida
369 4281 451 4326 est
479 4281 534 4326 et
561 4271 772 4338 frigida,
820 4269 1156 4326 connectitur
1181 4267 1332 4336 aquis
1352 4282 1448 4336 per
1475 4267 1748 4334 cognatio-

175 4380 303 4420 ncm
349 4363 682 4430 frigiditatis;
725 4361 834 4415 aeri
863 4369 1040 4414 autem
1068 4374 1165 4429 per
1194 4368 1217 4396 ε
1256 4373 1446 4426 aquam
1489 4358 1740 4412 sociatur.

1837 3182 2081 3238 diffusum
2107 3177 2278 3243 venis,
2308 3175 2448 3228 sicut
2487 3169 2786 3239 approbant
2822 3178 3045 3231 scrupea
3083 3159 3402 3225 dcfossaque

1836 3274 1974 3339 loca,
1995 3285 2092 3339 per
2115 3281 2230 3336 qua:
2257 3275 2563 3319 commeans
2593 3272 2728 3327 aqua
2757 3254 2960 3308 marina
2986 3268 3106 3307 cum
3136 3249 3400 3316 aliquibm

1837 3338 2132 3416 montuosis
2159 3353 2444 3411 obstaculis
2464 3348 2730 3404 retardata
2754 3344 2931 3408 fuerit,
2957 3341 3180 3410 impulsa
3210 3338 3401 3408 spiritu

1839 3469 1945 3523 quo
1971 3459 2190 3520 urgetur
2218 3444 2483 3518 perruptis
2522 3440 2763 3495 obicibus
2802 3433 3045 3506 procedit
3092 3433 3158 3486 ad
3205 3431 3399 3493 lucem,

1841 3498 1942 3523 ‘I“"
1975 3498 2180 3520 “'O""'
2219 3498 2296 3518 Γπ
2382 3498 2394 3513 l
2805 3498 2819 3506 .

1839 3545 2088 3612 potabilis
2127 3540 2236 3609 jam
2282 3536 2492 3598 effecta,
2526 3531 2553 3568 δ
2582 3546 2680 3601 per
2706 3526 3110 3586 defecationem,
3143 3520 3401 3575 amaritu-
3443 3498 3466 3520 I

1841 3610 1966 3691 dine
1993 3631 2234 3702 deposita
2263 3625 2516 3687 naturali;
2547 3621 2780 3688 itemque
2808 3615 3063 3669 fervidam
3090 3610 3403 3677 qualitatem

1841 3700 2211 3795 recipiticum
2252 3733 2348 3788 per
2385 3723 2528 3771 certa
2558 3709 2799 3781 quaedam
2826 3705 3040 3761 metalla
3065 3700 3406 3763 transcurrit,

1843 3829 1899 3875 et
1929 3788 1987 3870 fit
2011 3788 2120 3868 non
2147 3811 2320 3866 solum
2356 3798 2548 3869 calida,
2579 3801 2670 3856 sed
2717 3808 2772 3852 et
2809 3797 3021 3850 ardens.
3062 3789 3216 3857 Quod
3243 3788 3408 3844 etiam

1845 3909 1899 3962 in
1933 3903 2120 3960 insulis
2147 3895 2388 3970 plurimis
2425 3901 2482 3948 et
2508 3892 2560 3944 in
2582 3886 2804 3943 diversis
2825 3882 3093 3938 littoribus
3119 3875 3408 3932 maritimis

1845 3966 2166 4055 invenimus,
2188 3985 2447 4058 siquidem
2468 3991 2520 4037 et
2553 3981 2605 4034 in
2635 3973 3035 4031 mediterraneis
3063 3971 3138 4024 ita
3165 3966 3276 4021 ﬁeri
3313 3979 3408 4020 re-

1845 4087 2087 4158 gionibus
2108 4087 2339 4137 constat.
2363 4075 2468 4130 Cur
2490 4081 2666 4127 autem
2693 4070 2796 4122 hoc
2821 4062 3146 4119 dixerimus?
3177 4067 3235 4114 ut
3262 4071 3409 4112 asse-

1846 4150 2020 4234 rerem
2061 4174 2186 4243 quia
2231 4170 2387 4223 tellus
2427 4163 2600 4219 omnis
2636 4174 2731 4229 per
2771 4155 2976 4210 abditas
3015 4150 3409 4217 invisibilesquo

1846 4283 2030 4331 venas,
2063 4264 2213 4334 aquis
2242 4268 2325 4314 est
2352 4257 2555 4326 repleta
2581 4251 2918 4306 manantibus
2943 4260 3061 4315 qua:
3099 4243 3318 4297 trahunt
3337 4254 3409 4296 ex

1849 4361 1982 4418 mari
2009 4355 2347 4430 principium.

175 4454 391 4508 Etenim
415 4453 589 4507 media
625 4452 814 4506 horum
841 4464 976 4518 aqua
1005 4449 1199 4518 posita,
1233 4455 1484 4514 tanquam
1525 4447 1746 4502 duarum
1778 4444 1828 4504 D
1886 4469 1889 4472 ·
1921 4455 1975 4507 7.
2005 4453 2210 4508 Bonum
2239 4445 2399 4499 etiam
2428 4454 2577 4494 mare
2601 4436 2714 4490 Deo
2740 4448 2912 4488 visum
2958 4435 3059 4493 est,
3105 4434 3160 4481 et
3193 4431 3410 4494 propter

176 4547 522 4616 porrectione
560 4558 832 4606 manuum,
867 4541 1078 4609 gemina
1105 4539 1208 4594 illis
1236 4539 1491 4609 qualitate
1520 4540 1747 4608 conjun-

254 4693 282 4720 ³
308 4681 474 4764 βόίιί,
519 4689 700 4735 uocant
725 4682 910 4734 maria.
943 4677 1013 4733 At
1037 4678 1206 4732 nostri
1225 4687 1333 4733 tres
1368 4693 1517 4742 mss.,
1547 4684 1743 4736 vocavit

179 4769 372 4806 mana.

257 4822 284 4858 ι»
314 4820 472 4882 Editi,
514 4836 604 4887 per
631 4834 780 4888 quam
814 4817 1031 4888 ueteris.
1071 4815 1289 4885 Antiqui
1329 4815 1432 4870 duo
1470 4817 1604 4882 libri,
1646 4837 1741 4888 per

215 4905 342 4942 nam
361 4895 400 4940 a'
417 4886 848 4942 cwteris.'Statim
873 4886 1026 4951 editi,
1049 4902 1179 4955 aqua
1207 4902 1352 4938 suam
1375 4889 1472 4940 vim
1493 4886 1735 4942 retinens.

203 4955 372 5015 Iudex
402 4966 584 5011 noster
609 4965 666 5010 ct
689 4955 840 5009 Colb.
873 4955 1157 5018 secundus,
1186 4971 1318 5023 aqua
1344 4971 1490 5008 suam
1518 4959 1741 5011 retinens

181 5028 506 5098 qualitatem.
538 5025 594 5080 In
621 5023 824 5089 Graeco,
843 5029 1118 5098 ποιόςητα.
1146 5023 1343 5098 Ibidem
1371 5023 1522 5098 Colb.
1551 5041 1744 5080 secun—

181 5093 306 5162 dus,
339 5097 690 5150 demonstrata
717 5104 810 5148 est.
843 5095 949 5148 Nec
976 5094 1051 5147 ita
1085 5093 1255 5147 multo
1298 5103 1422 5162 post
1466 5096 1606 5149 idem
1652 5111 1747 5150 co-

181 5167 309 5227 dex,
338 5168 590 5219 rationem
609 5180 709 5234 qua
735 5165 925 5234 dictum
947 5173 1044 5234 est.

262 5234 480 5314 chEditi,
507 5229 673 5314 illaesa
700 5233 1015 5314 suntaColb.
1052 5229 1558 5314 secundus,._illapsa
1593 5245 1744 5314 sunt;

181 5313 241 5374 et
271 5306 344 5356 ita
379 5301 592 5374 queque
621 5302 893 5374 legitur_in
923 5302 1090 5355 veteri
1117 5308 1304 5355 nostro
1332 5301 1490 5374 libro,
1537 5304 1629 5357 sed
1658 5319 1748 5358 so-

195 5372 308 5428 lum
337 5370 770 5428 manu'secunda.
796 5370 1000 5438 Gmce,
1027 5373 1430 5442 γιᾳτατεταγμρᾶνα
1456 5377 1537 5442 κᾳὶ
1564 5375 1750 5427 ὑποπί-

185 5465 382 5497 πτοντα
409 5451 473 5518 τῇ
496 5447 739 5518 uicerim.
774 5457 888 5511 quae
913 5457 1026 5518 vero
1056 5440 1171 5510 jam
1199 5441 1252 5493 in
1280 5439 1572 5509 corporibus
1601 5442 1746 5514 dige-

182 5523 271 5567 sta
297 5511 515 5579 ωηιξη
551 5511 642 5564 sub
668 5527 846 5566 sensus
874 5511 1079 5562 cadunt.

261 5583 286 5617 τί
314 5581 477 5647 Editi,
507 5591 656 5651 atque
680 5586 760 5634 ita
783 5588 966 5632 natura
991 5595 1081 5650 per
1109 5581 1215 5636 hac
1245 5581 1486 5650 potentia.
1527 5579 1742 5650 Antiqui

186 5652 297 5705 duo
321 5653 439 5706 libri
466 5663 523 5706 ut
550 5652 602 5705 in
628 5659 894 5706 contextu.

1853 4546 2138 4599 decursum
2167 4549 2326 4604 quem
2369 4529 2579 4601 peragit
2619 4527 2674 4580 in
2711 4520 2974 4594 profundo
3027 4529 3308 4582 terrarum,
3355 4522 3412 4571 et

1917 4690 1941 4717 ο
1966 4678 2186 4730 Veteres
2215 4671 2319 4724 duo
2343 4665 2482 4729 libri,
2512 4679 2600 4734 per
2629 4675 2815 4734 aquam
2841 4655 3128 4734 copulatur.

1918 4747 1936 4786 ί
1963 4723 2123 4810 Editi,
2136 4723 2370 4810 curmlus
2392 4723 2487 4810 pro
2508 4723 2746 4810 circulus,
2765 4723 3080 4794 negligentia
3103 4733 3409 4810 operarum.

1844 4787 2484 4884 Aliquan'té'p'osthcolb.
2523 4787 2814 4884 secundus,
2839 4787 3247 4884 :2ohsuutnta3rix
3275 4787 3412 4884 fug:

1843 4858 2510 4944 siai‘itiieivéubindeediti,
2547 4884 2718 4944 rerum
2747 4858 2928 4944 etiam.
2965 4862 3032 4944 Alt
3078 4875 3231 4924 mss.,
3275 4858 3412 4910 unde

2267 4943 2418 4999 Colb.
2448 4930 2734 5013 secundus,
2764 4930 3098 5013 principales.
3143 5005 3154 5013 Δ
3217 4993 3351 5013 nu!

1921 4993 2430 5085 "aiatait.
2454 4993 2550 5062 iAt
2583 4993 2730 5085 mss.,
2756 4993 2884 5085 duo,
2931 4993 3179 5085 oste‘n‘tat.l
3217 4993 3410 5048 Statim

1844 5065 2227 5149 εάῖιίέΐὸὂὼῖ
2239 5065 2470 5152 primus,
2495 5077 2738 5146 scriptum
2771 5065 2984 5125 dixisse.
3020 5066 3124 5120 Alii
3148 5065 3254 5118 duo
3280 5078 3406 5117 mss.

1843 5165 2154 5230 scripturam
2181 5155 2393 5206 dixisse.
2473 5216 2485 5228 .
2923 5209 2932 5219 _

1919 5231 1944 5268 ιλ
1979 5227 2118 5282 Editi
2146 5233 2200 5278 et
2223 5221 2374 5275 Colb.
2405 5229 2607 5288 primus
2634 5229 2733 5288 per
2753 5211 3105 5288 defectionem.
3131 5200 3285 5288 eius.
3321 5214 3410 5288 se:

1851 5275 2194 5362 cuna—{67,5}
2234 5275 2645 5362 aediﬁcationem
2671 5275 2828 5353 (sic).
2860 5275 3412 5362 deexmnostertper

1851 5341 2439 5439 ἇὲᾖῖξξῖἱοῗιῖηιῖούειω
2468 5341 2987 5439 scripturamv'eram
3026 5341 3238 5439 quidem
3287 5353 3409 5392 esse

1849 5409 2239 5504 Si
2261 5409 2420 5499 fulti;
2443 5423 2535 5504 sed
2564 5409 2670 5476 non
2697 5421 2768 5499 ita
2791 5409 3059 5504 idonea-mg
3085 5409 3410 5504 Me.liuxs,Jpe_r

1851 5477 2420 5578 ;Lr?2iiiiiéi"é&,’éii{
2439 5477 2623 5548 (ἔλπεο
2647 5489 2900 5557 scriptum
2927 5481 2996 5537 sit
3037 5483 3095 5537 ix
3117 5487 3207 5537 ri:
3239 5477 3409 5538 διηοή-

1854 5593 1910 5631 σιτ
1917 5599 1995 5634 ως.
