3824 6214
371 277 474 337 9!!

1346 264 1690 322 APPENDIX
1727 261 2013 321 OPERUM
2051 260 2112 316 S.
2151 255 2399 314 BASlLll
2437 251 2676 310 MAGNI.

3541 253 3657 310 9'3

405 376 840 449 -receptaculum
861 382 944 430 est
961 373 1241 428 ﬂuviorum
1261 379 1679 438 cunctarumque
1699 383 1958 438 aquarum
1990 377 2032 432 Α
2064 382 2151 421 ma
2179 376 2446 421 terrarum
2484 367 2675 421 incolis
2717 367 2917 434 ignota,
2963 364 3322 433 navigantium
3362 363 3625 418 relatione

405 482 521 537 quae
546 467 601 521 in
620 481 677 521 se
705 464 937 532 undique
961 463 1328 527 devolvuntur,
1358 474 1580 514 manens
1607 459 1747 513 intra
1775 459 1959 512 termi-

406 574 504 613 nos
531 571 672 611 suos.
707 555 910 609 Bonum
938 567 1152 622 quoque
1193 550 1263 606 ob
1288 551 1410 615 hoc,
1441 550 1583 618 quod
1611 549 1764 619 aquis
1805 549 1964 604 aeriis

406 645 435 685 δ
458 647 578 701 fons
599 643 817 713 quidam
844 651 901 696 et
927 641 1078 710 origo
1107 649 1208 695 est.
1239 639 1366 706 Quae
1401 654 1521 694 cum
1547 637 1708 694 fuerit
1731 637 1842 693 fota
1871 654 1964 692 ca-

407 740 520 794 lore
565 739 772 801 solano,
803 735 1024 806 deponit
1066 737 1342 789 humorem
1368 732 1698 788 subtiliorem
1740 747 1840 802 per
1879 739 1963 785 te-

409 844 538 883 nues
558 843 802 896 vapores,
826 826 916 895 qui
939 825 1094 879 tracti
1117 825 1168 878 in
1198 825 1440 877 altiorem
1464 823 1658 887 locum,
1687 820 1968 890 frigidique

408 916 647 987 perfecti,
675 925 876 985 utpote
899 916 988 984 qui
1014 914 1240 968 nubibus
1268 913 1670 976 obumbrantur,
1699 927 1849 966 rores
1876 925 1967 979 ge-

407 1014 599 1060 nerant
625 1016 786 1073 atque
807 1004 1021 1057 imbres.
1054 1001 1120 1054 Et
1145 1002 1270 1057 huic
1295 1002 1376 1056 rei
1403 1001 1578 1056 nullus
1601 1001 1704 1055 erit
1723 999 1967 1054 incredu-

339 1137 342 1142 η
409 1098 511 1160 lus,
535 1094 578 1150 si
607 1095 672 1149 ad
695 1094 922 1148 caeabos
950 1099 1262 1160 spumantes
1289 1090 1498 1145 fervore
1525 1090 1841 1159 respexerit,
1876 1087 1968 1156 qui

378 1177 533 1241 'eum
559 1184 752 1252 repleti
781 1198 916 1251 aqua
947 1181 1163 1245 fuerint,
1201 1181 1322 1249 igne
1348 1180 1624 1249 supposito
1649 1179 1801 1232 vacui
1829 1193 1970 1246 saepe

407 1275 700 1332 redduntur
723 1291 737 1339 ;
766 1273 889 1326 licet
917 1272 1030 1341 ipsa
1059 1285 1272 1340 quoque
1299 1271 1460 1324 maris
1485 1284 1642 1338 aqua,
1665 1268 1792 1322 solis
1811 1267 1970 1322 deco-

408 1367 498 1436 qui
519 1365 699 1427 radiis,
728 1372 787 1417 ut
810 1363 1007 1417 nautici
1032 1363 1286 1425 referunt,
1317 1358 1629 1413 allirmetur.
1653 1357 1784 1411 Nam
1805 1372 1970 1426 vapo-

411 1471 494 1508 res
513 1453 822 1507 exhalantes
841 1451 907 1504 de
932 1451 1119 1520 pelago
1141 1449 1434 1516 suscipiunt
1460 1459 1481 1486 ε
1510 1447 1789 1516 penicillis,
1811 1453 1971 1515 atque

413 1545 483 1596 ita
511 1544 626 1596 sitis
651 1541 994 1596 consolantur
1021 1540 1285 1592 ardorem.
1310 1536 1516 1590 Bonum
1544 1535 1884 1589 nihilominus
1904 1549 1970 1588 eo

403 1625 567 1696 725
586 1626 796 1682 videtur
811 1639 985 1693 mare,
999 1623 1126 1694 quia
1146 1619 1467 1691 constringit
1487 1620 1713 1681 insulas,
1754 1632 1860 1671 non
1882 1633 1981 1671 nu-

2061 459 2360 526 diseuntur,
2382 459 2713 526 multumque
2733 459 2943 526 penitus
2963 458 3084 512 vitae
3104 457 3376 512 hominum
3395 471 3626 511 connno-

2063 547 2244 601 ditatis
2283 562 2351 601 ex
2379 548 2512 600 mari
2545 547 2810 600 tribuitur.
2844 547 2976 601 Nam
3004 563 3068 601 ea
3095 562 3213 616 quae
3242 547 3396 600 nobis
3421 546 3624 600 exube-

2064 644 2205 702 rant,
2233 636 2290 690 in
2325 637 2457 692 alias
2492 637 2794 706 provincias
2835 637 3186 706 regionesque
3215 635 3627 698 transvehimus,

2063 733 2118 780 et
2140 725 2262 781 inde
2288 742 2471 781 rursus
2497 742 2616 796 quae
2642 728 2816 782 minus
2841 728 2929 782 hic
2957 727 3298 796 suppeditant
3330 734 3626 795 apportan-

2065 825 2171 872 tur.
2211 816 2317 872 Sed
2345 818 2484 872 unde
2509 819 2638 873 mihi
2665 820 2916 888 possibile
2944 820 3046 873 erit
3071 819 3234 872 maris
3275 817 3628 887 pulchritudi-

2066 921 2187 960 nem
2227 906 2528 975 designare,
2559 908 2630 961 ita
2659 917 2717 962 ut
2754 907 3026 962 Conditori
3058 909 3228 962 visum
3255 908 3370 962 est?
3398 907 3551 974 Quod
3581 907 3628 961 si

2066 1014 2215 1054 mare
2242 999 2438 1054 bonum
2467 1008 2625 1069 atque
2652 1000 2914 1054 laudabile
2942 1008 3024 1054 est
3062 999 3202 1069 apud
3245 999 3434 1064 Deum,
3485 1014 3631 1068 quo-

2066 1087 2225 1142 modo
2244 1103 2352 1142 non
2372 1097 2537 1143 cretus
2562 1088 2809 1143 Ecclesiae
2835 1088 3109 1143 catholicae
3132 1087 3402 1156 pulchrior
3415 1086 3631 1156 judice-

2067 1189 2174 1246 tur,
2202 1179 2257 1232 in
2298 1194 2402 1248 qua
2439 1187 2657 1233 aetatum
2695 1179 2932 1233 omnium
2975 1193 3300 1246 sexuumque
3327 1177 3632 1244 diversitas,

2066 1269 2286 1323 vocibus
2309 1268 2696 1337 gloriﬁcatoriis
2725 1270 2790 1323 ad
2814 1269 2977 1324 Deum
3000 1268 3129 1324 fusis
3156 1270 3380 1323 similem
3411 1271 3636 1325 marinis

2069 1355 2314 1412 ﬂuetibus
2341 1374 2531 1413 sonum
2560 1359 2751 1425 reddit,
2779 1374 2896 1427 quae
2919 1358 3140 1414 ﬁrmiter
3160 1361 3210 1412 in
3231 1360 3375 1427 pacis
3400 1361 3637 1414 statione

2069 1445 2305 1512 fundata,
2336 1448 2534 1502 nullius
2557 1450 2951 1517 quassationem
2980 1449 3205 1504 turbinis
3233 1457 3496 1504 sustentat
3523 1451 3636 1503 hae.

2069 1538 2260 1592 retici?
2303 1537 2658 1605 Quamobrem
2707 1539 2945 1608 perﬁcite
2979 1555 3078 1595 vos
3104 1540 3292 1607 dignos
3319 1555 3639 1593 remunera-

2071 1628 2218 1682 tione
2257 1629 2479 1692 cmlesti,
2525 1629 2688 1683 decus
2725 1628 2880 1697 hujus
2922 1629 3122 1684 ordinis
3162 1637 3541 1684 conservantes
3581 1630 3639 1683 in

407 1734 510 1772 nus
529 1719 610 1774 eis
624 1719 980 1775 munitionem
999 1715 1290 1788 perhibens
1306 1727 1468 1784 quam
1486 1718 1760 1774 ornatum,
1778 1719 1833 1763 et
1853 1710 1977 1778 quia
1997 1719 2043 1779 Β
2069 1715 2280 1771 Christo
2306 1715 2454 1783 Jesu,
2475 1717 2561 1771 cui
2588 1718 2756 1785 gloria
2784 1734 2924 1774 nunc
2943 1727 2998 1773 ει
3025 1733 3252 1788 semper,
3275 1726 3330 1772 ei
3355 1719 3410 1771 in
3436 1719 3640 1772 533cm

412 1811 669 1864 classibus
689 1810 1059 1864 invectabilem
1081 1815 1298 1878 praestat
1329 1819 1619 1868 accessum,
1645 1803 1972 1857 divitiarum-

412 1916 516 1970 que
543 1917 732 1957 causas
752 1901 1136 1956 mercatoribus
1160 1897 1554 1961 subministrat;
1585 1903 1640 1949 et
1663 1895 1786 1964 quia
1814 1895 1979 1964 pluri-

483 2043 510 2072 ι
555 2033 707 2089 Colb.
749 2033 1032 2097 secundus,
1079 2041 1130 2086 et
1174 2031 1804 2102 receptaculum.Vocula
1844 2039 1894 2085 et
1921 2033 1976 2085 in

413 2103 572 2158 editis
591 2103 793 2158 deerat.
817 2103 931 2158 Hoc
959 2111 1058 2169 est,
1088 2110 1135 2156 et
1158 2101 1428 2170 propterea
1448 2101 1582 2172 quod
1608 2103 1979 2172 receptaculum

413 2183 512 2313 “fl:
733 2242 847 2311 fons
870 2241 1089 2313 quidem.
1112 2239 1180 2313 ᾼι
1206 2255 1355 2313 mss,
1381 2244 1499 2313 fons
1523 2242 1748 2312 quidam.
1783 2239 1976 2313 Statim

411 2311 540 2378 editi
569 2319 623 2364 et
649 2310 754 2364 duo
781 2310 930 2373 mss},
953 2312 1081 2378 fota.
1124 2310 1275 2363 Colb.
1306 2310 1586 2375 seéundus,
1619 2323 1781 2376 cocta,
1813 2311 1971 2364 male.

413 2376 469 2433 In
497 2384 702 2441 Gneco,
725 2376 1023 2449 Gairrops've,
1051 2380 1322 2447 calefacta.

2075 1805 2410 1860 saeculorum.
2439 1806 2627 1860 Amen.

2156 2045 2177 2071 ε
2209 2033 2311 2088 Pro
2340 2034 2594 2106 penicillis
2622 2034 2902 2102 legendum
2945 2049 3060 2090 esse
3097 2037 3342 2106 spongiis,
3385 2036 3642 2090 discimus

2077 2120 2144 2156 ex
2173 2105 2469 2177 exemplari
2490 2104 2814 2177 Gnec0,_ubi
2844 2106 3053 2177 legitur,
3101 2104 3642 2177 σπὸῂοιςνὺποᾷεχό-

2077 2195 2234 2242 μενοι.
2267 2169 2415 2226 Haud
2437 2173 2613 2240 “longe
2655 2175 2802 2233 editi.
2844 2169 3173 2228 nihilominus
3207 2169 3450 2228 Domino.
3481 2169 3643 2229 coll).

2078 2243 2362 2366 seeeundus,
2401 2243 2733 2297 nihilominus
2761 2243 2890 2297 Deo.
2925 2243 2981 2296 In
3009 2242 3204 2298 Graecis
3232 2244 3456 2313 legimus
3493 2247 3645 2320 ποιρᾶ

2122 2332 2204 2364 εω.

2122 2332 2204 2364 εω.

1367 2612 1844 2717 LIBER
1904 2610 2664 2735 QUINTUS.

1502 2771 1592 2830 De
1619 2769 1800 2831 herba
1833 2789 1938 2830 seu
1966 2770 2156 2850 lignis
2185 2770 2550 2849 disputatio.

493 2901 539 2954 l.
579 2899 649 2952 Et
689 2899 818 2952 dixit
845 2895 986 2951 Deus
1032 2913 1050 2950 :
1093 2893 1352 2950 Germinet
1379 2904 1521 2949 terra
1549 2893 1756 2947 herbam
1783 2893 1981 2963 pabuli,

2085 2891 2343 2946 fructibus
2369 2891 2645 2960 decorata,
2673 2895 3072 2952 considerantes
3097 2897 3240 2965 quod
3265 2899 3446 2954 herbis
3465 2909 3522 2956 et

418 2989 677 3042 umbram
713 3003 883 3040 semen
921 2985 1199 3040 secundum
1227 3001 1404 3054 genus,
1443 2994 1490 3037 et
1518 2983 1715 3053 lignum
1752 2985 1982 3052 fructuo-
2008 2993 2053 3053 ε
2084 2983 2224 3037 bulis
2247 2983 2328 3037 sol
2354 2984 2406 3037 in
2437 2984 2704 3038 nascendo
2725 2984 2753 3022 ι’
2783 2987 3047 3054 posterior
3071 2995 3170 3042 est.
3203 2988 3339 3052 Quid
3358 3005 3487 3058 ergo
3507 2991 3650 3048 diee-

418 3094 548 3138 sum,
581 3078 773 3147 faciens
795 3077 1013 3146 fructum
1042 3074 1316 3127 secundum
1336 3090 1492 3143 genus
1521 3089 1539 3126 .'
1566 3089 1710 3142 cujus
1734 3089 1906 3126 semen
1926 3073 1981 3126 in

419 3168 686 3235 semetipso
731 3173 825 3218 est.
855 3163 1262 3231 Consequenten
1293 3163 1471 3231 itaque
1501 3171 1788 3231 postquam
1825 3161 1983 3216 tellus

419 3257 720 3327 respiravit,
750 3256 977 3310 eluctata
1004 3254 1114 3323 jam
1144 3254 1354 3323 pondus
1382 3267 1660 3321 aquarum,
1685 3253 1867 3307 datum
1907 3253 1983 3307 illi

420 3354 744 3416 praeceptum
785 3352 866 3398 est
895 3345 1195 3412 germinare
1226 3343 1372 3412 prius
1397 3343 1638 3410 herbam,
1667 3341 1857 3396 deinde
1884 3357 1982 3411 pa-

419 3435 604 3490 bulum
652 3452 664 3487 :
698 3433 842 3504 quod
865 3435 1025 3488 etiam
1055 3433 1213 3486 modo
1243 3431 1356 3486 ﬁeri
1385 3431 1648 3486 videmus.
1700 3431 1832 3485 Nam
1879 3447 1983 3486 vox

419 3541 538 3593 quae
564 3532 690 3579 tunc
711 3524 902 3578 emissa
930 3530 1031 3586 est,
1063 3529 1119 3576 et
1143 3522 1314 3590 prima
1341 3522 1430 3576 illa
1455 3522 1741 3590 praeceptio
1773 3531 1798 3558 α
1819 3522 1984 3576 veluti

421 3617 505 3670 lex
533 3615 776 3683 quaedam
817 3621 1021 3668 naturae
1065 3613 1182 3676 fuit,
1213 3619 1268 3666 et
1295 3613 1503 3666 inhaesit
1531 3619 1684 3666 terra:
1715 3630 1728 3664 :
1771 3611 1985 3667 creandi

321 3701 328 3710 ’
420 3703 879 3773 fructificandique
924 3702 1025 3756 sibi
1061 3702 1346 3770 perhibens
1373 3701 1428 3755 in
1455 3709 1730 3770 posterum
1757 3701 1983 3756 faculta-

422 3803 549 3847 tem.
574 3791 835 3847 Germinet
862 3800 1025 3868 terra.
1053 3789 1287 3844 Primum
1316 3797 1400 3846 est
1435 3791 1489 3844 in
1517 3793 1860 3858 generatione
1889 3808 1986 3846 na-

420 3885 681 3939 scentium
709 3883 1043 3950 germinatio,
1069 3881 1262 3937 deinde
1310 3897 1431 3937 cum
1457 3883 1727 3953 paulisper
1754 3898 1986 3938 emerse-

421 3976 508 4037 rit,
533 3975 698 4029 herba
727 3972 806 4042 fit,
832 3981 886 4028 et
911 3989 1032 4028 cum
1062 3973 1311 4036 creverit,
1333 3973 1583 4042 pabulum
1617 3975 1856 4028 habetur.
1878 3975 1984 4029 Ea-

422 4067 646 4136 demque
674 4065 930 4135 paulatim
960 4065 1256 4132 pubescens
1284 4065 1624 4132 articulatur;
1653 4075 1707 4121 et
1726 4067 1798 4121 ita
1819 4083 1986 4136 usque

423 4155 487 4209 ad
517 4154 884 4223 tempestivam
915 4155 1275 4208 maturitatem
1316 4154 1534 4209 seminis
1555 4156 1825 4212 coalescit.
1855 4156 1986 4210 Nam

428 4247 657 4301 herbosa
681 4245 968 4312 viridisque
1015 4245 1220 4313 species
1248 4246 1494 4300 omnibus
1542 4253 1625 4300 est
1668 4247 1982 4301 communis.

2082 3089 2220 3137 mus,
2249 3075 2373 3144 quia
2397 3077 2678 3144 pecoribus
2704 3077 2917 3146 quidem
2943 3077 3201 3134 Conditor
3221 3081 3526 3136 alimoniam
3553 3100 3648 3139 re.

2081 3165 2332 3233 ponebat,
2371 3171 2613 3220 nostrum
2648 3181 2777 3220 vero
2821 3180 2988 3234 genus
3017 3169 3211 3223 nullius
3253 3185 3381 3224 cura
3427 3172 3648 3241 dignm:

2081 3253 2404 3323 provisionis
2430 3253 2708 3308 habuerit?
2728 3255 2845 3309 Non
2872 3256 2947 3309 ita
2985 3266 3085 3310 est.
3115 3257 3247 3311 Nam
3271 3260 3362 3327 qui
3388 3260 3565 3315 bubus
3594 3271 3646 3317 et

2082 3343 2367 3411 equisltuis
2406 3353 2616 3412 pastum
2644 3347 2977 3415 praeparavit,
3027 3347 3302 3404 uberiores
3338 3352 3523 3420 utique
3554 3352 3646 3408 tibi

2084 3435 2312 3500 divitias,
2342 3442 2395 3490 et
2423 3435 2630 3491 fruendi
2676 3439 2883 3506 copiam
2928 3439 3265 3504 ministravit,
3314 3451 3370 3495 et
3416 3443 3647 3497 subsidia

2083 3534 2189 3580 tuae
2209 3528 2330 3580 vitae
2351 3543 2448 3596 per
2466 3528 2674 3582 illorum
2698 3529 3018 3584 nutrimenta
3038 3532 3349 3586 recondidit.
3374 3532 3648 3587 Seminum

2083 3631 2296 3685 quoque
2317 3617 2595 3686 productio
2620 3619 2747 3688 quid
2768 3619 2909 3674 aliud
2929 3622 3087 3675 debet
3115 3623 3334 3690 intelligi
3355 3639 3516 3691 quam
3546 3633 3651 3676 true

2083 3706 2490 3774 dispensationis
2530 3709 2844 3764 instructio?
2873 3711 3132 3778 siquidem
3157 3711 3301 3766 olera
3330 3713 3649 3782 radicesque

2081 3795 2375 3866 palmarum
2405 3799 2690 3866 agrestium
2731 3815 2836 3853 non
2882 3801 2950 3854 sit
2988 3801 3205 3855 dubium
3239 3804 3388 3857 cibos
3417 3805 3652 3858 homini-

2084 3886 2184 3939 bus
2213 3887 2534 3941 ministrare.
2558 3889 2709 3954 Quod
2731 3889 2830 3942 etsi
2856 3901 2877 3928 ο
2902 3897 2984 3943 est
3010 3889 3228 3958 aliquod
3252 3905 3420 3958 genus
3449 3893 3652 3946 herba-

2083 3989 2221 4037 rum,
2245 3975 2452 4038 alienis,
2486 3992 2592 4030 non
2617 3978 2813 4030 nostris
2840 3978 3020 4031 usibus
3048 3987 3321 4046 aptatum;
3365 3988 3547 4034 tamen
3579 3981 3634 4033 id

2087 4062 2259 4132 ipsum
2305 4063 2514 4118 videtur
2561 4073 2747 4120 nostro
2788 4067 3130 4122 nihilominus
3176 4069 3327 4123 lucro
3364 4068 3652 4138 proﬁcere,

2086 4151 2346 4218 nobisque
2397 4154 2631 4206 omnium
2685 4155 2948 4209 seminum
2997 4157 3345 4211 commoditas
3397 4158 3652 4226 deputata

2089 4242 2361 4296 sentitur:
2394 4252 2448 4296 et
2491 4245 2632 4298 hunc
2659 4259 2778 4298 esse
2819 4245 3060 4314 profecto
3107 4255 3317 4302 constat
3361 4264 3524 4316 super
3568 4250 3650 4302 his

423 4333 684 4388 Germinet
713 4341 851 4386 terra
879 4333 1086 4386 herbam
1113 4332 1306 4402 pabuli.
1342 4332 1446 4388 Per
1472 4349 1530 4389 se
1557 4335 1803 4390 videlicet
1830 4335 1986 4391 tellus
2013 4343 2064 4402 ι)
2086 4346 2204 4400 quae
2231 4331 2372 4386 dicta
2411 4341 2533 4386 sunt
2563 4334 2906 4389 intellectum.

423 4426 723 4493 germinare
747 4432 1012 4493 praecepta
1035 4431 1139 4490 est,
1168 4425 1361 4478 nullius
1390 4425 1630 4493 indigens
1656 4426 1982 4494 adjumento.

424 4514 681 4580 Quoniam
708 4514 924 4582 quidam
955 4513 1241 4582 opinantur
1268 4514 1464 4583 plantis
1492 4530 1554 4570 ac
1584 4517 1872 4571 seminibus
1899 4533 1988 4572 so-

424 4605 527 4658 lem
551 4619 740 4658 causas
768 4612 1022 4673 praestare
1048 4603 1340 4668 crescendi,
1367 4604 1492 4658 dum
1513 4620 1576 4658 ea
1603 4619 1724 4672 quae
1751 4606 1818 4658 de
1848 4614 1986 4659 terra

425 4693 700 4761 pullulant,
722 4693 924 4761 proprii
945 4691 1140 4746 caloris
1168 4699 1418 4757 attractu,
1452 4693 1518 4746 ab
1545 4694 1664 4747 imis
1687 4693 1898 4748 sedibus
1920 4695 1986 4748 ad

426 4796 651 4850 superna
681 4781 943 4850 producit,
993 4780 1190 4835 idcirco
1215 4781 1329 4836 sole
1357 4783 1626 4850 antiquior
1650 4791 1877 4838 terrenae
1902 4784 1956 4839 fe

426 4872 710 4926 eunditatis
747 4879 968 4926 ornatus
995 4872 1231 4937 emicuit,
1253 4883 1311 4926 ut
1333 4875 1546 4928 occasio
1565 4876 1854 4930 venerandi
1895 4891 1988 4931 so—

427 4962 550 5026 lem,
581 4969 639 5016 ut
663 4969 790 5030 pote
819 4968 1093 5015 auctorem
1121 4962 1470 5028 nascentium,
1491 4962 1574 5016 his
1601 4964 1691 5031 qui
1720 4965 1773 5017 in
1801 4977 1986 5019 errore

427 5052 584 5118 positi
612 5059 736 5105 sunt
770 5049 1088 5111 auferretur,
1139 5050 1183 5103 si
1229 5057 1409 5104 tamen
1457 5051 1669 5114 suaderi
1715 5055 1986 5121 potuerint

429 5145 549 5210 quia
574 5142 882 5211 priusquam
906 5141 1018 5211 ipse
1040 5148 1252 5195 creatus
1280 5149 1381 5210 est,
1412 5152 1529 5197 erat
1561 5144 1672 5212 jam
1702 5154 1845 5199 terra
1877 5148 1987 5201 suis

502 5369 528 5397 ι
554 5359 766 5429 Antiqui
796 5358 901 5413 duo
930 5359 1068 5424 libri,
1097 5357 1250 5413 ueluti
1275 5358 1377 5413 lex.
1408 5358 1524 5415 Vox
1550 5360 1698 5429 prior
1725 5361 1906 5415 deerat
1933 5361 1986 5414 in

431 5430 675 5498 vulgatis.
699 5428 902 5495 Graece,
931 5429 1028 5483 οἷον
1053 5431 1220 5498 νόμος.
1444 5479 1448 5484 .

507 5503 530 5534 ιι
566 5497 780 5554 Veteres
824 5500 932 5567 duo
970 5499 1086 5553 libri
1107 5496 1171 5553 et
1210 5499 1358 5560 editi,
1387 5498 1636 5567 posterius
1667 5507 1760 5553 est.
1813 5496 1982 5561 Alius,

434 5569 681 5621 austerior
705 5577 803 5623 est.
831 5566 954 5624 Mox
981 5567 1132 5623 Colb.
1165 5566 1444 5624 secundus.
1467 5568 1730 5625 oecoribus
1763 5567 1982 5624 quidm.

2157 4421 2210 4475 2.
2253 4422 2509 4493 Germinet
2530 4432 2666 4476 terra
2694 4416 2901 4478 herbam
2930 4426 3103 4494 pabuli
3121 4436 3170 4479 et
3195 4442 3366 4480 semen
3390 4431 3651 4482 seminans

2088 4512 2361 4564 secundum
2383 4528 2558 4581 genus.
2588 4512 2752 4568 Recte
2773 4513 2970 4581 inquit;
3001 4515 3078 4568 sie
3099 4516 3239 4568 enim
3260 4525 3314 4569 et
3335 4517 3652 4572 narrationis

2089 4609 2478 4668 consequenter
2502 4601 2633 4655 ordo
2662 4603 2944 4664 constabit,
2973 4605 3062 4670 qui
3093 4621 3231 4659 nunc
3258 4606 3358 4658 sibi
3386 4606 3649 4672 quodam-

2089 4689 2248 4742 modo
2276 4691 2509 4744 creditur
2531 4705 2859 4758 repugnare;
2893 4703 2947 4746 et
2977 4695 3264 4747 necessitas
3288 4695 3544 4748 naturalis
3569 4695 3648 4748 di-

2085 4781 2443 4850 Spensationis
2471 4782 2794 4849 implebitur.
2820 4781 2998 4836 Primo
3028 4793 3107 4836 est
3135 4786 3278 4838 enim
3306 4786 3648 4852 germinatio,

2084 4870 2334 4939 deinceps
2380 4871 2563 4935 herba,
2607 4882 2728 4939 post
2764 4873 2865 4926 hoc
2913 4873 3092 4941 pabuli
3143 4874 3441 4932 successio;
3490 4887 3653 4940 quam

2087 4977 2213 5016 mox
2257 4962 2474 5016 seminis
2529 4960 2785 5030 perfectio
2831 4963 3136 5016 comitatur.
3190 4960 3465 5027 Quomodo
3516 4975 3647 5027 ergo

2087 5061 2276 5108 cuneta
2297 5068 2415 5121 quae
2439 5060 2725 5106 nascuntur
2752 5067 2782 5106 e
2812 5061 2974 5119 terra,
3005 5053 3288 5106 seminaria
3309 5067 3426 5106 esse
3469 5067 3651 5105 sermo

2085 5144 2344 5210 declarat,
2367 5157 2488 5196 cum
2515 5157 2614 5195 nec
2642 5141 2898 5206 calamus,
2925 5157 3026 5196 nec
3043 5156 3283 5209 gramen,
3307 5156 3406 5196 nec
3445 5149 3651 5205 menta,

2089 5359 2208 5414 Vox
2233 5361 2432 5431 quidem
2460 5360 2527 5431 ab
2559 5359 2714 5431 editis
2747 5360 2948 5414 aberat.
2980 5359 3182 5424 Graece,
3211 5370 3318 5422 τοῖς
3345 5365 3432 5430 μὲν
3462 5363 3650 5420 ξοσνή-

2084 5428 2258 5499 μασι-λ
2291 5430 2524 5483 Subinde
2566 5428 2716 5483 Colb.
2759 5431 3038 5491 secundus,
3066 5433 3150 5498 qui
3190 5428 3363 5484 bobus.
3397 5432 3501 5486 Alii
3541 5431 3652 5489 duo

2085 5515 2207 5553 mss.
2241 5508 2289 5552 et
2315 5499 2443 5552 editi
2473 5499 2665 5562 bubus;
2699 5499 2751 5551 id
2777 5500 2915 5566 quod
2943 5500 3114 5566 prisce
3139 5499 3430 5553 dicebatur.

2159 5515 2207 5552 ιε.
2241 5515 2289 5552 et
2315 5515 2443 5552 eum
2473 5515 2665 5562 ouous;
2699 5515 2751 5551 iu
2815 5515 2915 5551 uou
2943 5515 3114 5566 prisce
3139 5515 3430 5553 dicebatur.

2159 5579 2180 5606 ε
2207 5569 2335 5622 lllud
2365 5578 2438 5623 est
2467 5583 2532 5622 ex
2561 5515 2942 5622 duobusqibris
2972 5569 3235 5623 veteribus
3256 5569 3574 5626 addidimus.
