3824 6214
102 401 211 457 915

901 407 1278 465 EUSTATHII
1318 406 1730 463 HEXAEMERI
1771 406 2266 463 METAPHRASIS
2303 407 2510 463 LIBER
2554 408 2617 464 V.

3293 405 3392 469 9-H

130 535 232 574 nec
261 534 480 583 crocus,
513 532 611 572 nec
664 517 764 569 alia
799 515 1026 584 plurima
1078 512 1333 567 nascendi
1386 508 1706 580 pnncupimn
1735 509 1789 566 Α
1814 515 1914 577 tes,
1937 516 2410 584 gravissimumque
2434 527 2694 575 terrorem
2717 529 2740 558 ε
2763 521 3082 591 supplicibus
3102 522 3370 582 ferentes:

130 611 445 664 sortiuntur
483 623 550 661 ex
597 606 839 661 semine?
867 604 946 656 Ad
974 604 1086 658 hzec
1126 601 1527 670 respondemus,
1569 593 1715 664 quod

126 712 146 737 ³
168 701 434 764 qua-dam
637 713 821 751 corum
841 709 960 761 qua:
995 702 1136 744 terra
1167 685 1433 756 producit,
1449 683 1502 737 in
1517 679 1714 736 radici-

133 789 234 840 bus
273 795 334 841 et
374 787 428 839 in
480 783 643 838 fundo
687 781 977 837 creduntur
1019 781 1271 834 virtutem
1316 777 1532 831 seminis
1576 774 1720 829 obti-

135 891 289 940 nere,
321 877 466 929 sicut
502 873 734 927 calamus
777 878 901 940 post
931 870 1257 923 incrementa
1304 866 1564 930 recentia,
1596 877 1721 917 rur-

133 983 225 1020 sus
255 967 427 1019 aliam
472 965 711 1019 sobolem
730 963 796 1018 de
831 961 1009 1016 radice
1045 961 1309 1016 submittit
1332 958 1721 1027 reparationem

134 1056 322 1124 stirpis
377 1056 433 1108 in
477 1063 752 1124 posterum
800 1059 1188 1122 porrecturam.
1236 1049 1349 1103 Hoc
1392 1056 1570 1102 autem
1597 1047 1722 1100 facit

137 1163 245 1199 non
290 1146 477 1199 solum
519 1145 774 1210 calamus,
814 1143 906 1196 sed
940 1143 1099 1195 etiam
1141 1141 1243 1193 alia
1281 1139 1447 1205 mille,
1477 1152 1593 1206 qua:
1622 1137 1720 1189 sub

135 1237 334 1290 tellure
385 1236 688 1300 nascentia,
732 1234 1021 1287 redivivam
1056 1233 1261 1300 prolem
1301 1230 1354 1282 in
1400 1227 1582 1282 radice
1625 1243 1721 1281 cu-

135 1328 410 1382 stodiunt.
471 1325 622 1380 Unde
661 1339 845 1378 verum
880 1337 998 1377 esse
1035 1323 1312 1390 probatum
1342 1327 1422 1373 est
1453 1317 1574 1386 quia
1601 1319 1722 1369 uni-

137 1420 338 1487 cuique
389 1416 741 1481 nascentium,
789 1423 880 1468 aut
920 1429 1101 1468 semen
1155 1411 1388 1480 suppetit
1430 1407 1723 1463 renovandi

139 1509 382 1574 generis,
417 1514 509 1559 aut
537 1505 615 1558 vis
643 1504 884 1572 quaedam
911 1501 1194 1556 seminaria
1223 1502 1294 1554 sit
1320 1497 1596 1566 adjuncta.
1645 1494 1712 1547 Et

145 1600 250 1651 hoc
280 1605 372 1650 est
403 1595 544 1663 quod
572 1594 699 1647 dicit
733 1592 1005 1647 secundum
1036 1607 1213 1661 genus.
1246 1588 1427 1656 Neque
1455 1587 1597 1640 enim
1625 1601 1719 1640 ca-

146 1687 275 1739 1³ιηί
315 1684 609 1754 progenies
637 1689 814 1752 potest
847 1682 1084 1734 olearum
1123 1678 1306 1732 haberi
1334 1677 1597 1740 creatrix;
1627 1673 1720 1728 sed

142 1791 208 1828 ex
237 1775 459 1828 calamo
500 1772 736 1826 calamus
771 1771 926 1836 alter,
966 1783 1062 1840 per
1088 1767 1488 1821 similitudinem
1517 1777 1715 1831 cogna—

1822 604 1959 659 adde
1984 605 2207 660 verbera
2231 649 2247 674 ,
2289 609 2706 677 proscriptiones
2726 653 2740 677 ,
2791 606 3061 667 auctiones
3083 654 3098 678 ,
3139 615 3371 680 vincula,

1822 707 2091 758 carceres,
2123 709 2188 748 ex
2217 697 2407 764 quibus
2431 698 2776 754 intolerabilis
2801 701 3127 769 glomeratur
3147 702 3373 758 formido

1820 784 2089 852 subjectis.
2129 786 2266 852 Quid
2292 790 2519 857 postea?
2547 805 2654 844 nox
2676 805 2806 856 una,
2838 798 2892 845 et
2928 791 3091 847 febris
3116 793 3371 859 accessio,

1821 874 2001 929 lateris
2041 875 2211 943 dolor,
2258 878 2627 947 pulmonisque
2667 881 2980 949 suspirium,
3019 881 3279 936 divulsum
3305 898 3374 938 ex

1821 962 2122 1018 hominibus
2153 964 2297 1018 ducit
2319 967 2588 1020 hominem
2609 1009 2625 1034 ,
2656 966 2678 1006 ί
2710 977 2928 1037 totaque
2954 970 3068 1039 ejus
3097 986 3255 1025 scena
3283 986 3372 1025 re-

1820 1061 1979 1122 pente
2025 1055 2309 1124 detegitur,
2339 1064 2394 1110 et
2431 1057 2520 1110 illa
2559 1066 2707 1113 tanta
2734 1062 2972 1129 potentia
2995 1063 3140 1116 velut
3167 1069 3374 1118 transa-

1821 1150 1964 1196 ctum
1998 1145 2260 1198 somnium
2295 1160 2403 1200 non
2430 1147 2655 1202 videtur.
2703 1149 3035 1218 Quapropter
3059 1152 3373 1221 tempestive
3426 1195 3442 1210 .

1821 1232 2079 1300 propheta
2125 1231 2316 1288 florum
2344 1235 2732 1303 imbecillitati,
2777 1239 3170 1295 similitudinem
3193 1243 3374 1310 gloria:

1821 1323 2150 1389 comparavit
2175 1324 2436 1378 humanas.

1889 1411 1942 1465 5.
1983 1409 2242 1466 Carmine!
2271 1421 2407 1466 terra
2440 1415 2646 1468 herbam
2672 1419 2873 1487 pabuli,
2915 1436 3172 1475 smnam
3205 1438 3371 1476 semen

1819 1500 2091 1553 secundum
2120 1517 2297 1570 genus.
2361 1501 2541 1570 Usque
2579 1519 2718 1560 nunc
2747 1507 2903 1573 igitur
2926 1509 3112 1576 prima:
3141 1509 3371 1579 disposi-

1820 1591 1952 1644 tioni
1978 1593 2128 1645 testis
2174 1599 2260 1646 est
2309 1592 2440 1647 ordo
2488 1596 2836 1648 nascentium.
2876 1595 3206 1654 Germinatio
3233 1599 3376 1654 enim

1821 1683 1997 1735 omnia
2035 1697 2153 1750 quas
2185 1691 2520 1748 «generantur
2545 1687 2851 1753 antevenit,
2893 1694 2949 1742 et
2977 1689 3021 1742 si
3045 1687 3174 1756 quid
3197 1687 3263 1744 de
3286 1704 3376 1743 ra-

1821 1771 1939 1825 dice
1965 1773 2295 1841 prorumpit,
2327 1780 2385 1826 ut
2410 1789 2598 1827 crocus
2637 1783 2691 1828 et
2731 1789 2948 1842 gramen
2967 1818 2982 1844 ,
3013 1778 3157 1846 prius
3188 1777 3240 1832 id
3260 1790 3376 1845 ger-

145 1865 310 1919 tionis
357 1863 630 1929 exoritur,
680 1868 736 1915 et
780 1861 851 1914 ita
882 1859 1024 1927 quod
1061 1858 1129 1912 de
1165 1859 1336 1926 prima
1377 1855 1718 1923 generatione
1748 1850 1794 1908 Β
1821 1860 2022 1915 minare
2053 1875 2270 1915 necesse
2295 1871 2411 1930 est,
2438 1870 2494 1916 et
2519 1872 2641 1932 post
2664 1864 2766 1918 hoc
2792 1865 2969 1920 fenum
2995 1866 3167 1921 viride
3186 1867 3382 1935 videri,

146 1964 291 2008 terra
320 1954 617 2022 produxit,
655 1967 821 2020 usque
846 1967 986 2006 nunc
1021 1949 1348 2020 posteritatis
1385 1947 1720 2002 successione

145 2054 420 2100 servatur.
450 2043 710 2098 Germinet
738 2051 894 2096 terra.
924 2042 1150 2111 Respice
1173 2040 1440 2109 quomodo
1467 2054 1532 2092 ex
1557 2052 1718 2107 parva

148 2150 313 2202 voce,
360 2142 419 2188 et
445 2133 802 2202 pmceptione
841 2132 1154 2185 brevissima
1182 2131 1338 2183 tellus
1361 2128 1528 2195 arida,
1559 2129 1718 2181 steri-

151 2223 326 2294 lisque
354 2230 584 2292 repente
609 2222 910 2291 parturiens
934 2263 948 2289 ,
991 2229 1046 2275 et
1073 2220 1138 2274 ad
1168 2219 1331 2273 fctum
1358 2217 1719 2272 fructilicatio-

150 2315 231 2368 nis
275 2313 509 2383 impulsa
537 2354 552 2379 ,
589 2312 736 2366 velut
769 2311 994 2381 quodam
1041 2311 1284 2364 luctuoso
1327 2309 1522 2364 amictu
1552 2307 1719 2376 depo-

149 2404 298 2471 sito,
349 2403 685 2471 sumptisque
737 2402 1026 2455 lmtioribus
1072 2400 1430 2464 indumentis,
1476 2405 1531 2453 et
1576 2399 1719 2453 cultu

151 2493 360 2563 proprii
389 2492 598 2546 decoris
625 2492 896 2546 exsultans
912 2533 927 2556 ,
957 2491 1135 2544 omnia
1159 2505 1276 2558 quae
1296 2490 1322 2526 δ
1341 2489 1494 2557 jussu
1516 2489 1740 2544 cmlesti-

151 2589 502 2652 conceperat,
527 2579 848 2634 effundebat.
877 2578 1046 2648 Cupio
1067 2579 1243 2647 itaque
1273 2577 1324 2630 in
1347 2578 1452 2631 tuis
1480 2576 1720 2632 sensibus

156 2675 318 2728 altius
362 2674 568 2728 hzerere
610 2682 631 2710 ο
681 2680 938 2725 creaturae
984 2669 1272 2724 miracula:
1321 2676 1380 2722 ut
1425 2669 1721 2736 ubicunque

153 2772 406 2834 repertus
432 2763 594 2818 lueris
626 2769 682 2816 et
708 2762 926 2815 cuilibet
952 2761 1273 2814 nasccntium
1300 2759 1480 2826 generi
1507 2765 1718 2826 specta-

155 2862 241 2907 tor
260 2852 520 2919 astiteris,
553 2850 883 2917 magniﬁcam
909 2849 1168 2918 percipias
1192 2849 1498 2902 memoriam
1523 2847 1719 2901 Condi-

155 2943 326 3010 toris,
358 2950 415 2997 et
457 2950 583 2995 ante
621 2941 797 2996 omnia
843 2955 964 2994 cum
1006 2939 1200 2993 videris
1227 2939 1445 2993 herbam
1469 2937 1610 3001 feni,
1634 2938 1724 2992 vel

159 3029 368 3097 liorem,
397 3046 522 3085 mox
551 3038 604 3084 te
646 3029 714 3082 ad
755 3031 997 3083 humanae
1040 3037 1243 3082 naturae
1281 3037 1559 3082 convertas
1586 3028 1718 3080 ima-

159 3121 375 3187 ginem:
409 3119 721 3174 recordatus
749 3117 896 3172 Isaiae
937 3118 1192 3186 sapientis
1235 3116 1542 3184 exemplar:
1587 3115 1716 3181 Quia

1819 1959 1978 2018 atque
2007 1952 2080 2004 ita
2107 1951 2157 2003 in
2187 1950 2390 2019 frugem
2414 1959 2696 2020 maturam,
2713 1953 2904 2022 stipula
2925 1953 3035 2022 jam
3057 1954 3394 2010 ﬂavescente-

1818 2039 2053 2107 perduci.
2097 2037 2352 2092 Germinet
2381 2047 2519 2092 terra
2547 2040 2750 2093 herbam
2772 2041 2956 2110 pabuli.
2993 2040 3184 2098 Semen
3218 2044 3394 2111 igitur-

1819 2142 1934 2181 cum
1965 2126 2218 2180 ceciderit
2243 2128 2294 2181 in
2324 2128 2497 2181 solum
2518 2171 2533 2196 ,
2563 2138 2618 2182 et
2645 2130 2984 2184 mediocriter
3011 2131 3233 2186 humore
3257 2131 3392 2186 fue-.
3470 2155 3472 2157 ν

1819 2217 1890 2270 rit
1917 2225 1972 2270 et
1993 2217 2170 2271 calore
2208 2217 2467 2272 mollitum
2487 2259 2502 2283 ,
2539 2234 2664 2272 mox
2691 2221 2892 2287 gremio
2916 2227 3074 2275 terra:
3099 2224 3375 2276 connecti-

1821 2315 1923 2371 tur,
1955 2307 2196 2376 quaadam
2240 2309 2468 2364 subinde
2514 2311 2746 2378 genitiva
2802 2312 3035 2367 fomenta
3083 2315 3396 2384 suscipiens.

1818 2404 1872 2450 et
1899 2397 1953 2450 in
1975 2411 2135 2451 venas
2151 2397 2266 2465 ejus
2292 2399 2488 2452 sensim
2516 2399 2741 2454 labendo
2767 2399 3112 2470 demergitur,
3143 2403 3376 2472 sparsis-

1817 2501 1922 2555 que
1966 2488 2332 2543 minutissimis
2362 2488 2507 2544 tibris
2545 2497 2804 2545 tumorem
2833 2491 3144 2560 superjectaa
3175 2493 3376 2550 telluris

1819 2581 2083 2634 nascendo
2120 2581 2441 2658 perrumpit,
2469 2581 2852 2650 fundatumque
2881 2581 2992 2650 jam
3027 2582 3268 2649 ﬁrmiter,
3294 2584 3377 2638 fa-

1819 2670 1920 2724 cile
1945 2670 2214 2738 consurgit
2238 2678 2318 2723 tot
2340 2685 2564 2725 numero
2592 2686 2801 2725 sursum
2829 2672 3060 2727 calamos
3085 2674 3373 2743 explicans,

1819 2769 1950 2831 quot
1977 2762 2226 2816 deorsum
2264 2761 2466 2816 radices
2495 2763 2815 2817 extenderit.
2855 2764 3028 2833 Atque
3065 2764 3137 2818 ita
3177 2767 3374 2819 teneri-

1819 2851 1948 2904 tudo
1977 2851 2227 2918 germinis
2251 2851 2542 2920 tepefacta,
2574 2852 2813 2921 subjecto
2839 2868 3058 2923 vapore,
3084 2855 3174 2924 qui
3202 2862 3374 2910 tractu

1819 2942 2012 2996 caloris
2034 2943 2251 3011 illapsus
2279 2949 2360 2996 est
2386 2958 2484 3011 per
2509 2943 2743 3013 radices,
2783 2953 2839 2999 et
2868 2953 3018 2999 terra:
3039 2945 3375 3000 nutrimentis

1820 3034 2134 3088 adhibetur:
2168 3043 2373 3102 partem
2401 3035 2481 3088 sui
2513 3035 2758 3089 diffundit
2787 3036 2840 3089 in
2873 3037 3136 3102 culmum,
3168 3045 3371 3106 partem

1819 3123 1962 3178 ducit
1981 3125 2034 3176 in
2056 3123 2328 3190 corticem,
2357 3130 2562 3192 partem
2583 3123 2847 3178 ministrat
2874 3125 2926 3178 in
2954 3138 3136 3193 grana,
3166 3132 3372 3193 partem

161 3212 327 3264 omnis
370 3225 492 3262 caro
531 3218 770 3279 tauquam
797 3210 997 3276 fenum,
1045 3217 1092 3260 ει
1129 3207 1294 3260 omnis
1315 3207 1479 3275 gloria
1501 3206 1717 3258 hominis
1747 3199 1790 3261 C
1819 3213 2040 3281 porrigit
2072 3213 2125 3265 in
2170 3214 2380 3266 aristas.
2419 3212 2484 3265 Et
2510 3213 2613 3267 hoc
2645 3213 2802 3268 modo
2828 3222 2853 3261 ε
2874 3215 3218 3269 concretione
3246 3229 3371 3284 per-

163 3297 406 3370 tanquam
445 3299 539 3367 ﬂos
578 3299 682 3368 feni
725 3295 877 3367 (Isai.
920 3312 1006 3361 XL,
1048 3296 1122 3364 6).
1173 3295 1378 3348 Etenim
1409 3297 1529 3349 vitae
1566 3294 1720 3361 hujus

164 3390 420 3456 brevitas,
445 3397 499 3442 et
526 3389 798 3442 minimum
829 3387 1100 3455 gaudium,
1145 3395 1200 3440 et
1227 3401 1386 3455 super
1412 3386 1571 3439 rebus
1600 3401 1723 3454 pro-

165 3481 336 3547 speris
363 3478 648 3532 hilaritudo
675 3477 977 3531 mortalium
997 3517 1011 3541 ,
1039 3489 1269 3543 congrue
1297 3490 1510 3544 prorsus
1536 3490 1565 3527 a
1594 3490 1722 3544 pro-

165 3569 325 3638 pheta
367 3574 675 3636 comparata
714 3573 812 3620 est.
853 3565 1073 3620 Videtur
1105 3566 1244 3619 enim
1271 3565 1430 3619 hodie
1460 3565 1723 3634 quispiam

166 3658 421 3713 membris
448 3656 701 3724 refectus,
744 3655 880 3710 facie
913 3656 1192 3722 robustus,
1238 3662 1395 3708 astate
1419 3655 1728 3723 primaevus,

167 3747 398 3802 fremens
443 3747 646 3800 viribus
670 3787 686 3814 ,
737 3754 898 3814 atque
935 3745 1137 3814 impetu
1179 3760 1286 3798 non
1324 3743 1586 3798 ferendus.
1627 3743 1726 3799 llic

168 3835 413 3905 sequenti
441 3851 566 3890 mox
594 3835 681 3889 die
706 3834 1025 3889 miserabilis
1045 3835 1346 3900 invenitur;
1375 3834 1498 3888 dum
1521 3841 1612 3887 aut
1637 3850 1724 3889 se-

169 3936 385 3983 nectute
412 3925 686 3994 frangitur,
709 3935 800 3981 aut
824 3927 1078 3994 languore
1108 3927 1346 3982 tabescit.
1382 3926 1528 3981 Alter
1543 3928 1724 3981 itidem

170 4015 474 4084 spectabilis
508 4016 756 4082 habetur,
804 4023 861 4069 et
903 4016 1251 4070 maximarum
1286 4016 1511 4070 refertus
1539 4019 1728 4086 opibus

171 4102 504 4171 facultatum,
530 4103 690 4158 fultus
717 4104 984 4171 obsequiis
1003 4146 1018 4171 ,
1044 4112 1410 4174 susceptorum
1437 4107 1727 4160 amicorum

174 4195 334 4247 etiam
363 4195 728 4248 simulatorum
757 4195 979 4264 stipatus
1007 4197 1250 4250 examine
1269 4239 1283 4263 ,
1313 4211 1414 4252 nec
1436 4212 1543 4251 non
1574 4212 1730 4267 para-

175 4283 398 4340 sitorum
421 4324 437 4351 ,
484 4284 570 4338 vel
597 4284 832 4339 afﬁnium
858 4285 1193 4340 adulatorum
1220 4288 1602 4358 circumseptus
1631 4305 1728 4343 ex-

175 4372 344 4426 cubiis
366 4412 382 4438 ,
413 4388 443 4426 a
470 4374 660 4441 quibus
685 4377 953 4443 omnibus,
981 4385 1036 4430 et
1061 4378 1356 4446 procedens
1379 4420 1394 4444 ,
1426 4386 1483 4434 et
1517 4379 1729 4436 rediens

178 4465 426 4520 invidiam
459 4483 580 4522 cum
606 4469 996 4538 vituperatione
1031 4471 1313 4538 conquirit.
1365 4471 1548 4542 Neque
1586 4476 1729 4528 enim

1820 3301 1956 3358 fecta
1983 3346 1997 3369 ,
2027 3303 2283 3372 paulatim
2328 3302 2393 3357 ad
2433 3303 2514 3357 sui
2558 3318 2858 3357 mensuram
2906 3305 3111 3372 singula
3153 3319 3397 3373 quaeque

1819 3395 2153 3464 perveniunt.
2193 3393 2332 3462 Ergo
2362 3395 2471 3448 sive
2493 3394 2722 3448 triticum
2746 3393 2933 3462 fuerit,
2963 3396 3073 3449 sive
3095 3395 3336 3462 legumen
3357 3438 3394 3461 ,,

1821 3487 1932 3540 sive
1959 3486 2076 3540 olus
2101 3528 2115 3554 ,
2142 3486 2256 3540 sive
2285 3486 2555 3539 arbustum
2581 3527 2596 3552 ,
2639 3485 2963 3540 sullicienter
2985 3486 3247 3540 instruere
3273 3500 3342 3554 po
3369 3512 3375 3519 ι

1822 3577 1950 3629 terit
1979 3584 2125 3629 tuum
2167 3590 2378 3629 sensum
2405 3617 2420 3642 ,
2468 3589 2574 3642 quo
2621 3575 2792 3644 possis
2829 3575 3022 3630 intueri
3060 3575 3373 3644 sapientiam

1822 3665 2114 3718 conditoris
2142 3663 2388 3718 artificis:
2422 3664 2688 3733 quomodo
2724 3671 2975 3732 tanquam
3015 3665 3235 3731 genibus
3257 3666 3375 3732 qui-

1822 3753 2041 3807 busdam
2065 3753 2259 3822 stipula
2289 3751 2537 3806 frumenti
2563 3753 2907 3820 succingitur,
2936 3761 2996 3806 ut
3019 3753 3217 3809 crebris
3239 3768 3373 3807 coms

1823 3845 2045 3912 pagibus
2070 3845 2280 3910 alligata
2298 3886 2311 3910 ,
2345 3843 2547 3898 facilius
2568 3843 2743 3896 valeat
2774 3859 2909 3897 onus
2933 3844 3245 3899 subvectare
3263 3846 3375 3913 spi-

1824 3950 2028 4002 carum,
2051 3950 2168 3989 cum
2189 3933 2525 4002 gravitudine
2554 3935 2874 3989 maturitatis
2893 3933 3098 3989 inﬂexa:
3127 3935 3377 3989 deorsum

1825 4024 2084 4092 cmperint
2136 4023 2396 4078 inclinari.
2465 4022 2533 4076 Et
2593 4030 2878 4092 propterea
2921 4024 3156 4078 calamus
3199 4039 3378 4078 avena:

1826 4118 1972 4166 totus
2016 4127 2213 4166 vacuus
2252 4111 2523 4165 habetur:
2581 4112 2705 4180 quia
2751 4111 2958 4165 nullum
3000 4111 3204 4166 scilicet
3245 4111 3380 4178 gerit

1824 4203 2031 4273 pondus
2053 4203 2104 4256 in
2126 4202 2317 4270 capite.
2345 4199 2596 4255 Triticum
2620 4209 2796 4255 autem
2819 4201 2988 4267 longa:
3012 4199 3168 4254 aliter
3193 4209 3380 4254 natura

1827 4293 2083 4356 munivit,
2115 4293 2264 4360 cujus
2293 4305 2455 4359 grana
2489 4290 2836 4360 providenter
2877 4290 3160 4344 admodum
3190 4289 3383 4344 locavit

1829 4386 1880 4439 in
1909 4384 2097 4450 thecis,
2125 4392 2184 4436 ut
2211 4397 2312 4436 non
2337 4382 2653 4452 diripiantur
2673 4382 2739 4437 ab
2767 4382 2969 4436 avibus.
3014 4381 3081 4436 Et
3111 4381 3306 4437 idcirco
3334 4383 3384 4435 ei

1831 4472 2219 4527 rationabiliter
2261 4472 2450 4525 aristas
2489 4487 2650 4526 causa
2698 4472 2953 4527 custodia:
2977 4513 2991 4538 ,
3022 4472 3167 4526 velut
3205 4471 3386 4526 hastas

175 4561 354 4621 potest
396 4555 539 4610 hunc
589 4558 834 4612 morbum
873 4558 1144 4613 declinare
1177 4561 1270 4629 qui
1297 4563 1516 4616 eminet.
1580 4563 1730 4619 Adde
1754 4555 1814 4617 Ι)
1831 4565 2093 4634 apposuit,
2115 4577 2337 4631 quarum
2363 4561 2560 4615 aculeis
2579 4563 2813 4615 minores
2827 4561 3012 4615 bestia:
3037 4559 3382 4628 repellantur.

178 4641 373 4697 divitiis
400 4645 608 4699 civilem
631 4661 844 4714 quoque
865 4649 1178 4716 potentiam,
1200 4657 1256 4704 et
1280 4650 1510 4706 honores
1527 4652 1731 4708 delatos

180 4745 210 4783 a
232 4733 586 4802 principibus,
630 4736 864 4803 gentium
892 4737 1208 4804 regimenta,
1238 4739 1462 4792 militum
1481 4743 1733 4808 magiste-
1774 4723 1776 4725 i

180 4819 254 4873 ria
279 4862 294 4890 ,
322 4836 596 4892 praecones
625 4825 652 4861 ά
683 4824 930 4880 horrifica
957 4841 1091 4881 voce
1118 4837 1468 4896 personantes
1496 4841 1620 4885 ante
1645 4848 1732 4887 se-

183 4911 372 4979 ipsum,
400 4915 726 4984 fasciumque
751 4925 994 4972 vectores
1019 4918 1141 4971 hinc
1168 4927 1224 4972 et
1253 4919 1378 4974 inde
1402 4936 1731 4989 prosequen-

249 5051 274 5114 ξι
303 5041 481 5114 ῌᾳειτί
510 5053 616 5098 tres
644 5061 793 5108 mss.,
817 5048 934 5114 quia
964 5049 1212 5114 miwdam.

250 5108 274 5147 δ
311 5110 484 5186 Editi,
520 5115 626 5166 visu
656 5108 877 5186 caelesti.
904 5108 1052 5186 Libri
1077 5128 1315 5180 veteres,
1341 5122 1487 5186 jussu
1515 5123 1724 5180 cales“.

251 5189 274 5217 ο
315 5179 510 5235 Vocem
539 5192 785 5237 creaturae
817 5185 1112 5240 addidimus
1146 5202 1213 5240 ex
1255 5179 1426 5241 veteri
1454 5199 1636 5246 nostro
1665 5179 1730 5246 li?

187 5245 296 5321 bro.
316 5247 533 5321 graece,
564 5262 652 5312 τῆς
677 5257 888 5313 κτίσεως
907 5257 962 5308 τὸ
987 5258 1174 5321 θαῦμα.

252 5316 278 5352 ιι
316 5316 488 5389 Editi,
533 5321 814 5389 honori/ica
860 5339 993 5376 voce.
1044 5316 1224 5377 Codex
1268 5334 1451 5379 noster
1491 5334 1546 5380 et
1571 5327 1725 5384 Colb.

190 5385 474 5468 secundus,
522 5385 762 5459 horrifica
820 5407 953 5444 voce.
1026 5391 1270 5459 Legimus
1293 5396 1431 5463 apud
1456 5395 1724 5464 Basilium,

191 5458 844 5608 ῗαὲὶηιρζίσίὸιιξ
873 5531 1104 5608 ferentes.
1141 5529 1212 5608 _At
1250 5534 1417 5608 nostri
1443 5543 1550 5608 tres
1575 5550 1729 5602 mss.,

192 5592 490 5670 supplicibus
517 5592 761 5670 ferentes;
790 5605 845 5649 et
870 5592 943 5670 ita
971 5600 1242 5670 scripsisse
1281 5601 1612 5656 Eustathium
1641 5592 1729 5656 ar;

194 5660 372 5746 bitrior,
402 5660 527 5746 qui,
545 5672 601 5716 ut
627 5665 749 5718 alibi
772 5667 987 5746 passim,
1020 5660 1201 5746 ita_hic
1222 5685 1432 5746 quoque
1453 5673 1558 5746 vim
1579 5673 1725 5726 verbi

193 5733 354 5785 Graeci
387 5733 524 5788 male
551 5733 829 5806 expressit.
878 5735 952 5790 Ita
992 5738 1167 5803 potius
1193 5733 1424 5794 scribere
1451 5740 1721 5804 debuerat,

1902 4654 1958 4708 4.
1995 4651 2133 4719 Quid
2171 4651 2380 4722 loquar,
2416 4651 2609 4721 quidve
2657 4651 2911 4705 reticeam
2936 4691 2950 4717 ,
2997 4660 3104 4702 tam
3141 4649 3388 4717 copiosos

1830 4745 2119 4813 respiciens
2146 4741 2426 4795 thesauros
2465 4741 2759 4794 creatum?
2783 4746 2866 4793 est
2909 4737 3125 4806 quidem
3151 4735 3386 4792 difﬁcilis

1831 4831 2094 4888 assecutio
2117 4829 2418 4894 meliorum,
2437 4826 2533 4880 sed
2550 4826 2754 4894 jactura
2777 4841 2883 4879 non
2905 4825 3198 4880 tolerabilis
3222 4825 3386 4878 omis-

1831 4937 2030 4977 sorum.
2073 4918 2330 4970 Germinet
2359 4924 2492 4969 terra
2528 4915 2731 4969 herbam
2768 4915 2964 4986 pabuli.
3010 4913 3132 4970 Mox
3159 4929 3281 4970 cum
3309 4915 3390 4967 vi-

1826 5052 2042 5109 subditis
2075 5053 2292 5120 ferentes
2322 5057 2602 5120 terrorem,
2645 5045 2934 5120 cu_m_apud
2963 5047 3211 5120 Basilium
3241 5051 3388 5120 lega-

1829 5139 1966 5184 mus,
1989 5114 2095 5180 τοιξ·
2124 5114 2440 5187 ἀρχομέᾗμοφς.
2473 5115 2667 5187 Ibidem
2693 5114 2844 5187 Colb.
2872 5115 3159 5187 secundus,
3191 5117 3390 5186 gravis-

1828 5195 2126 5260 simumque.
2153 5184 2272 5240 Vox
2295 5185 2478 5260 ultima
2506 5184 2689 5238 deerat
2716 5184 2769 5236 in
2799 5185 3044 5260 vulgatis.

1908 5259 1928 5298 ί
1968 5251 2119 5313 0611).
2144 5255 2431 5316 secundus,
2483 5263 2734 5323 totamque
2771 5255 2879 5322 ejus
2915 5253 3143 5323 schema.
3187 5251 3385 5306 Ibidem

1832 5329 1973 5383 idem
2001 5327 2168 5381 codex
2187 5365 2202 5391 ,
2252 5334 2302 5377 et
2335 5329 2500 5376 tanta.
2545 5321 2743 5377 Vocula
2771 5321 2821 5374 et
2851 5324 2903 5375 in
2931 5321 3087 5376 editis
3113 5321 3385 5376 desidera-

1833 5399 2008 5452 batur.

1903 5476 1929 5513 s
1968 5465 2106 5518 Editi
2135 5471 2190 5517 et
2215 5462 2321 5517 duo
2347 5476 2472 5516 mss.
2496 5500 2511 5523 ,
2552 5461 2942 5530 congregatione
2974 5459 3231 5528 perfecta,
3261 5473 3385 5530 cor-

1830 5542 2010 5603 rupte.
2052 5533 2201 5587 Colb.
2248 5532 2543 5603 secundus:
2593 5529 2910 5581 concretione
2924 5529 3199 5603 _’pe_rfeg_t_a;
3233 5535 3288 5581 et
3317 5529 3386 5581 ita

1829 5596 2112 5670 legendum
2156 5615 2272 5654 esse
2322 5609 2470 5668 puto.
2519 5596 2763 5670 Legimus
2801 5596 2938 5670 apud
2986 5596 3235 5670 Basilium
3283 5607 3386 5656 τῆς

1829 5665 2022 5744 αι’ἷξεως
2063 5665 2346 5744 magnimagi
2397 5666 2540 5744 quod
2574 5665 2772 5744 .melins
2811 5667 2882 5719 ita
2926 5665 3343 5743 interpretaberc
3372 5687 3401 5722 :_

1826 5741 2110 5794 accessione
2135 5740 2295 5803 facta,
2325 5738 2902 5804 perfectoincremento.
3010 5740 3015 5743 '
