3824 6214
389 364 497 421 915

1341 357 1682 415 APPENDlX
1718 351 2004 411 OPERUM
2045 351 2104 407 S.
2143 342 2393 404 BASlLll
2430 339 2676 398 MAGNI.

3551 339 3668 394 916

415 480 679 540 ctualibus
710 484 770 534 et
809 475 1107 548 perniciosa
1142 471 1458 544 procedunt,
1491 470 1546 525 id
1567 476 1652 524 est
1667 482 1786 523 cum
1813 475 1840 502 ι
1870 467 1970 521 tri-
2000 470 2046 528 Α
2075 466 2251 534 ceptio
2278 462 2656 518 documentum
2676 466 2880 515 natura!
2895 455 3122 514 ﬂeretad
3141 455 3402 511 rationem
3426 463 3654 522 scquen'

415 573 527 628 tico
551 571 725 626 cicuta
747 605 764 631 ,
813 581 936 621 cum
976 564 1196 634 reliquis
1237 561 1528 620 seminibus
1558 559 1898 623 helleborus,
1924 564 1979 609 et

415 660 712 725 aconitum,
740 663 796 710 et
817 654 1187 721 mandragora,
1215 660 1272 706 et
1294 649 1575 720 papaveris
1598 661 1809 733 succus:
1826 642 1976 710 Quid

382 798 385 810 ,
418 748 739 818 727ei-go?
756 748 1046 815 postposita
1063 744 1356 813 gratiarum
1375 746 1986 806 actionesupcr‘mnniﬂ.

417 817 594 894 centia
616 835 941 901 Conditoris,
965 847 1275 888 accusemus
1301 846 1424 886 eum
1452 829 1520 884 de
1544 829 1823 883 noxiarum
1849 842 1982 895 pro-

329 917 364 942 "
421 929 672 984 ductione
693 926 998 982 causarum?
1019 923 1261 977 Minime:
1284 917 1680 976 considerantes
1699 917 1981 986 illud,quia

423 1036 532 1074 non
560 1019 738 1074 omnia
766 1025 985 1086 propter
1013 1022 1250 1067 nostrum
1291 1010 1428 1064 facta
1451 1018 1575 1063 sunt
1594 1017 1862 1071 ventrem;
1889 1005 1986 1060 sed

426 1113 583 1168 nobis
609 1109 822 1181 quidem
867 1108 1130 1176 deputata:
1157 1104 1322 1173 dapes
1347 1145 1364 1170 ,
1411 1111 1518 1155 tam
1541 1109 1796 1170 prompta:
1823 1112 1987 1166 quam

423 1211 568 1257 nota:
599 1206 742 1256 sunt.
783 1195 1207 1266 Unumquodque
1227 1208 1356 1247 vero
1380 1205 1566 1245 eorum
1593 1203 1710 1258 qua:
1735 1193 1989 1256 generata

427 1300 584 1356 sunt,
631 1289 828 1344 habent
865 1286 1135 1356 propriam
1163 1283 1444 1337 rationem.
1491 1279 1674 1346 Neque
1703 1278 1844 1332 enim
1863 1277 1988 1344 quia

427 1382 628 1437 taurini
671 1379 942 1448 sanguinis
984 1377 1205 1431 haustus
1255 1371 1466 1427 lethifer
1501 1370 1750 1435 habetur,
1795 1367 1991 1421 idcirco

431 1472 630 1528 animal
673 1471 845 1540 ipsum
890 1466 1004 1522 ﬁeri
1047 1481 1153 1520 non
1199 1462 1475 1532 oportuit,
1517 1469 1609 1513 aut
1646 1459 1858 1529 penitus
1886 1472 1993 1510 non

429 1562 640 1626 videri,
687 1559 838 1627 cujus
881 1557 1065 1626 utique
1112 1555 1284 1618 labor,
1327 1551 1394 1604 ad
1439 1548 1616 1602 varios
1652 1547 1774 1600 vita:
1801 1554 1995 1600 nostra:

432 1668 564 1707 usus
591 1648 748 1703 valde
777 1645 1108 1702 necessarius
1136 1643 1441 1696 mstimatur.
1477 1637 1584 1692 Sed
1607 1636 1633 1675 δ
1657 1637 1753 1690 tibi
1779 1635 1995 1705 quidem

430 1741 663 1797 suﬂiciet
706 1735 1095 1792 rationabilitas
1139 1731 1409 1785 familiaris
1436 1727 1758 1791 hominibus,
1805 1724 1874 1778 ad
1897 1725 1995 1778 de—

435 1832 684 1890 clinanda
712 1844 830 1898 qua:
860 1829 1017 1882 noxia
1048 1833 1188 1879 sunt.
1231 1822 1437 1876 Etenim
1463 1821 1508 1874 si
1536 1819 1724 1874 ovibus
1743 1825 1798 1871 et
1819 1816 1995 1884 capris

434 1936 626 1977 sensus
649 1919 887 1988 suppetit
926 1915 1180 1970 naturalis
1203 1911 1424 1967 cavendi
1451 1907 1742 1973 contraria,
1770 1905 1888 1960 solo
1917 1905 2000 1958 in-

435 2011 652 2065 tellectu
681 2006 1102 2062 discernentibus
1134 2003 1440 2057 lazsionem:
1472 2008 1525 2052 tu
1555 1998 1642 2052 cui
1667 2005 1722 2051 et
1742 1994 2004 2050 sermonis

435 2099 665 2155 facultas
709 2103 905 2167 praesto
935 2102 1017 2150 est
1035 2136 1050 2161 ,
1077 2101 1131 2147 et
1172 2092 1300 2145 artis
1338 2089 1614 2144 medicina:
1640 2085 1857 2140 solertia
1878 2099 2006 2153 snp-

437 2188 600 2258 petit,
628 2185 861 2242 remedia
885 2182 1128 2236 sanitatis
1156 2181 1460 2250 explorans,
1484 2187 1537 2231 et
1557 2192 1735 2230 rerum
1757 2175 2005 2244 frequens

439 2276 794 2347 experientia,
816 2274 1078 2328 malorum
1091 2271 1245 2326 nobis
1257 2269 1448 2337 ell'ugia
1461 2264 2005 2333 demonstrando,dil'o

439 2369 599 2432 ﬁcile,
613 2367 699 2422 dic
725 2367 874 2431 mihi,
888 2365 1090 2434 poteris
1105 2361 1400 2432 periculosa
1419 2361 1609 2425 vitare,
1631 2372 1854 2426 quorum
1875 2355 2008 2409 nihil

441 2459 708 2515 estotiose
720 2457 806 2511 vel
827 2454 1084 2509 inutiliter
1101 2451 1483 2508 constitutum?
1504 2449 1608 2502 Aut
1629 2447 1771 2502 enim
1797 2454 2007 2516 pastum

441 2549 747 2604 ministrant
765 2545 926 2600 certis
945 2543 1240 2612 quibusque
1255 2539 1560 2610 pecudibus,
1578 2537 1831 2591 autnobis
1840 2548 2010 2601 :egro-

442 2639 680 2693 tantibus
707 2636 896 2692 solatia
915 2633 1193 2690 conferunt
1219 2630 1285 2686 ad
1314 2630 1558 2686 salutem.
1607 2627 1737 2681 Nam
1781 2626 2006 2681 cicutam

442 2727 615 2785 sturni
630 2726 802 2782 solent
823 2725 1012 2780 edere:
1043 2723 1194 2790 cujus
1221 2735 1486 2775 venenum
1515 2733 1614 2788 pro
1643 2717 1899 2788 qualitate
1927 2715 2009 2769 sui

443 2818 687 2889 corporis
699 2816 947 2870 dicuntur
957 2812 1210 2881 eﬂ’ugere.
1225 2809 1298 2865 Te
1305 2810 1553 2864 nuissima
1564 2808 1705 2862 enim
1727 2815 1849 2861 sunt
1863 2804 2009 2873 adja-

443 2909 624 2965 centia
649 2904 1002 2967 eorumtcordi
1022 2903 1332 2972 spiramina,
1353 2900 1602 2969 priusque
1622 2898 1723 2951 illis
1747 2896 1924 2950 evenit
1950 2903 2010 2948 ut

446 2998 693 3068 digerant
717 3010 833 3065 qua:
861 2998 1230 3062 sumpserunt,
1258 3005 1418 3058 quam
1448 2987 1704 3056 lrigiditas
1731 2986 1798 3040 ad
1826 2985 2007 3039 intima

447 3103 634 3145 eorum
657 3085 905 3140 intestina
925 3083 1220 3154 perveniat.
1250 3080 1622 3135 Coturnicibus
1639 3078 1798 3134 etiam
1827 3077 1881 3130 in
1907 3091 2007 3129 usu

2080 556 2232 610 tium.
2277 554 2561 621 Quomodo
2589 567 2719 621 ergo
2746 551 3036 608 secundum
3060 565 3228 618 genus
3254 548 3458 604 semina
3506 557 3650 603 terra

2081 651 2354 722 producit,
2377 666 2498 704 cum
2523 649 2720 703 fulvum
2746 649 2980 702 triticum
3001 655 3260 709 serentes,
3287 655 3463 700 atrum
3485 642 3511 681 ἀ
3534 644 3650 714 ple-

2079 754 2304 808 rumque
2317 740 2649 806 colligimus?
2672 738 2826 804 Quod
2840 753 2946 792 non
2966 737 3198 807 pertinet
3212 736 3278 790 ad
3293 735 3651 789 mutationem

2081 831 2311 899 generis,
2340 829 2434 884 sed
2461 829 2819 882 inﬁrmitatem
2840 827 3125 895 quamdam
3153 835 3208 882 et
3230 827 3542 895 languorem
3566 841 3645 881 se-

2083 919 2240 974 minis
2270 919 2431 973 fuissc
2463 919 2722 973 dicemus.
2746 917 2928 985 Neque
2948 917 3091 971 enim
3106 917 3264 971 desiit
3283 932 3404 971 esse
3423 915 3648 969 frumen-

2084 1017 2198 1064 tum
2217 1009 2361 1079 quod
2382 1009 2665 1063 adustione
2688 1009 2951 1075 nigratum
2974 1009 3230 1071 est,sicut
3243 1022 3311 1060 ex
3329 1009 3441 1076 ipsa
3464 1021 3652 1076 possu-

2086 1113 2206 1152 mus
2229 1099 2585 1167 appellatione
2615 1111 2959 1165 cognoscere,
2982 1098 3106 1165 quia
3137 1098 3413 1152 nimietate
3441 1097 3661 1164 frigoris

2087 1196 2340 1242 excoctas
2354 1188 2557 1256 species
2573 1227 2589 1251 ,
2613 1188 2666 1240 in
2697 1187 2855 1240 alium
2869 1202 3050 1241 semen
3067 1194 3121 1241 et
3133 1187 3374 1242 colorem
3387 1187 3664 1242 transtulit

2090 1286 2144 1330 et
2171 1292 2443 1346 saporem.
2489 1276 2639 1332 Sicut
2683 1285 2901 1332 econtra
2922 1318 2934 1339 .
2971 1277 3017 1331 si
3042 1291 3170 1345 ager
3205 1277 3462 1332 fecundus
3487 1279 3659 1333 exsti-

2093 1367 2248 1433 terit,
2278 1375 2332 1420 et
2351 1366 2472 1422 cmli
2501 1367 2782 1422 clementia
2809 1367 3048 1435 potiatur
3071 1405 3086 1430 ,
3120 1382 3246 1421 mox
3276 1367 3344 1421 ad
3373 1368 3660 1436 pristinum

2090 1457 2304 1511 schema
2333 1456 2642 1510 revertitur.
2689 1456 2894 1510 Lolium
2917 1472 3045 1510 vero
3073 1464 3128 1510 et
3147 1465 3338 1510 caetera
3361 1457 3663 1511 adulterina

2092 1560 2320 1614 genera,
2347 1561 2467 1616 qua:
2498 1547 2698 1600 zizania
2732 1548 2871 1602 solet
2910 1546 3550 1616 nuncupare'Scriptura,
3582 1547 3665 1601 vi-

2093 1639 2356 1692 ctualibus
2400 1638 2634 1692 admixta
2677 1639 2978 1706 segetibus,
3013 1655 3124 1694 non
3150 1653 3219 1694 ex
3269 1639 3431 1692 tritici
3475 1652 3666 1693 corru-

2095 1729 2278 1797 ptione
2303 1729 2616 1796 gignuntur,
2646 1729 2739 1783 sed
2766 1743 2834 1783 ex
2867 1744 2962 1783 sua
2984 1729 3199 1798 propria
3231 1739 3524 1784 nascuntur
3549 1727 3667 1783 ori-

2027 1827 2068 1884 B
2097 1820 2238 1884 gine.
2282 1818 2484 1872 Horum
2527 1819 2887 1874 consideratio
2936 1820 3038 1874 illis
3077 1817 3398 1875 conferenda
3423 1827 3540 1879 est.
3571 1819 3668 1887 qui

2101 1908 2312 1963 Domini
2337 1907 2589 1963 mandata
2614 1910 2959 1976 subvertunt,
2989 1921 3044 1964 et
3069 1925 3177 1964 non
3205 1909 3412 1963 sincere
3439 1909 3667 1963 verbum

2101 1998 2416 2053 monitionis
2470 1999 2774 2069 accipiunt;
2819 1999 2914 2054 sed
2959 2000 3192 2067 maligno
3229 1997 3542 2066 magisterio
3572 1997 3669 2052 de-

2100 2088 2338 2159 pravati,
2375 2087 2576 2144 audent
2605 2105 2664 2144 se
2688 2090 2940 2144 membris
2968 2088 3216 2144 Ecclesia:
3241 2087 3545 2142 salubribus
3574 2087 3671 2140 ad-

2101 2179 2348 2244 miscere,
2371 2186 2432 2232 ut
2469 2180 2642 2234 morbi
2665 2180 2748 2234 sui
2777 2179 3156 2234 clandestinam
3183 2178 3477 2248 perniciem
3501 2177 3672 2232 lateu-
3758 2161 3765 2168 ’

2103 2277 2187 2324 ter
2213 2271 2480 2324 mentibus
2505 2271 2724 2337 integris
2751 2270 3074 2334 inolescant;
3107 2270 3231 2324 licet
3257 2269 3518 2323 Dominus
3545 2283 3670 2338 per-

2104 2359 2389 2414 fectionem
2415 2370 2438 2396 ο
2462 2359 2795 2415 credentium
2823 2361 2877 2414 in
2905 2375 3026 2414 eum
3055 2361 3248 2413 merito
3273 2359 3494 2412 seminis
3521 2374 3673 2412 com-

2102 2457 2260 2518 parat
2295 2449 2674 2514 incrementis,
2723 2449 2796 2502 ita
2839 2450 3018 2504 dicens
3055 2465 3070 2500 :
3124 2447 3142 2487 ί
3191 2447 3260 2502 Ut
3301 2448 3450 2502 homo
3493 2449 3669 2500 mittat

2105 2547 2376 2592 sementem
2398 2555 2551 2607 super
2579 2547 2850 2605 terram,et
2863 2539 2955 2592 ille
2973 2538 3221 2604 dormiat,
3241 2548 3290 2590 et
3313 2546 3493 2608 surgat
3521 2546 3674 2591 nocte

2105 2644 2168 2682 ac
2187 2629 2300 2692 die,
2328 2629 2506 2682 messis
2537 2637 2707 2682 autem
2735 2629 2928 2682 lavatur
2956 2637 3005 2682 et
3028 2629 3229 2693 crescit,
3252 2629 3362 2696 ipso
3392 2628 3670 2680 nesciente.

2106 2718 2302 2787 Sponte
2329 2721 2464 2773 enim
2511 2728 2645 2772 terra
2693 2720 2982 2789 fructiferat
3021 2735 3039 2771 :
3083 2719 3249 2787 primo
3273 2719 3468 2787 fenum,
3491 2727 3675 2786 postea

2106 2812 2320 2881 spicam.
2361 2809 2622 2863 Germinet
2649 2819 2782 2861 terra
2811 2807 3021 2861 herbam
3045 2807 3236 2877 (Marc.
3262 2823 3337 2874 tv,
3359 2806 3472 2874 26).
3506 2805 3675 2874 Igitur

2107 2902 2162 2955 in
2189 2901 2508 2955 brevissimo
2555 2898 2811 2966 temporis
2851 2905 3124 2951 momento
3147 2935 3163 2960 ,
3210 2911 3242 2949 a
3283 2895 3675 2962 germinatione

2107 2991 2266 3045 tellus
2313 2989 2608 3058 incipiens,
2656 2995 2719 3042 ut
2765 2987 2935 3054 iegem
2980 2985 3251 3040 Creatoris
3278 2985 3554 3053 impleret,
3577 2999 3675 3052 per

2109 3095 2296 3135 omnes
2317 3077 2594 3134 crescendi
2623 3076 2862 3148 profecta
2890 3075 3115 3143 gradus,
3142 3090 3269 3129 mox
3299 3073 3366 3128 ad
3393 3074 3674 3127 maturita-

449 3194 588 3234 05GB
614 3177 840 3232 habetur
862 3174 1168 3229 helleborus
1186 3213 1202 3237 ,
1233 3170 1392 3240 hujus
1416 3171 1560 3224 virus
1584 3167 1894 3238 pestiferum
1923 3181 2012 3219 na—
2039 3170 2082 3231 (ζ
2114 3183 2222 3226 tem
2252 3187 2370 3244 qua;
2405 3173 2761 3227 nascebantur
2789 3171 2984 3225 evexit.
3021 3168 3282 3224 Cerneres
3310 3184 3375 3224 eo
3406 3177 3674 3238 uulpem,

451 3274 584 3322 tunc
611 3252 719 3322 suae
739 3265 966 3336 quadam
994 3262 1382 3332 temperatione
1403 3260 1667 3322 devitant;
1696 3259 1808 3312 lucc
1831 3266 2010 3311 autem

450 3357 631 3411 omnia
659 3372 756 3410 nos
785 3356 931 3425 ipsos
957 3369 1170 3423 quoque
1190 3353 1382 3422 juvare
1409 3352 1718 3406 creduntur.
1755 3349 1836 3403 Ex
1864 3365 2015 3403 man—

451 3444 678 3512 dragora
713 3444 855 3498 enim
897 3441 1186 3498 somnifera
1232 3441 1580 3495 medicamina
1625 3448 2018 3508 componuntur

451 3535 777 3604 gravissimis
790 3534 1152 3589 membrorum
1173 3531 1448 3586 doloribus
1469 3529 1763 3600 profutura.
1787 3529 2018 3596 Quidam

455 3633 636 3678 autem
661 3639 758 3696 per
783 3625 1010 3680 cicutam
1058 3621 1485 3678 molestissimam
1519 3619 1768 3675 vescendi
1813 3622 2018 3676 rabiem

453 3713 796 3782 mitigarunt;
825 3713 1065 3769 nonnulli
1099 3727 1196 3782 per
1230 3711 1559 3766 helleborum
1603 3711 1850 3766 diuturna
1890 3714 2018 3767 vitia

453 3805 700 3874 corporis
725 3805 1116 3860 exstinxerunt.
1157 3802 1298 3870 Ergo
1327 3803 1468 3858 unde
1491 3805 1716 3873 putabas
1745 3805 2019 3861 Conditori

455 3893 659 3949 crimen
688 3894 950 3962 objicere,
981 3893 1108 3949 inde
1141 3893 1318 3964 potius
1352 3891 1645 3948 referenda":
1677 3895 1778 3949 sibi
1803 3895 2020 3950 claudis

458 3992 746 4051 augmenta
773 3985 1001 4039 sortiris.

531 4072 582 4127 5.
625 4072 882 4128 Cemtinet
904 4083 1059 4127 terra.
1091 4071 1352 4138 Quantam
1383 4074 1543 4141 igitur
1567 4072 1694 4128 dicit
1714 4073 2020 4128 alimoniam

458 4171 652 4234 sponte
681 4165 734 4218 in
757 4163 897 4218 loliis
917 4163 1236 4227 herbarum,
1269 4171 1325 4217 et
1353 4161 1623 4217 radicibus
1649 4173 1706 4217 et
1733 4165 2022 4219 seminibus

459 4251 718 4317 inveniri,
743 4251 827 4306 vel
854 4259 1110 4321 quantum
1138 4265 1214 4305 ex.
1230 4250 1376 4305 cultu
1397 4258 1452 4304 et
1479 4250 1746 4317 diligentia
1767 4251 2020 4320 conferri,

459 4357 764 4411 quanquam
789 4357 898 4395 non
931 4341 1186 4395 continuo
1209 4341 1464 4410 prmcepit
1487 4341 1713 4395 fructum
1734 4357 2023 4410 semenque

465 4433 686 4503 produci
708 4471 724 4497 ,
771 4431 866 4486 sed
892 4431 1191 4500 germinare
1213 4431 1361 4500 prius
1384 4431 1596 4496 statuit,
1637 4437 1693 4484 et
1729 4431 1902 4487 virere
1923 4433 2020 4487 tel-

2115 3265 2283 3319 saltus
2335 3280 2521 3319 omnes
2578 3263 2865 3318 herbarum
2920 3261 3189 3316 viriditate
3253 3261 3670 3330 splendescere:

2112 3369 2328 3423 campos
2351 3355 2509 3407 etiam
2533 3353 2757 3420 turgidis
2776 3353 3038 3408 messibus
3057 3360 3365 3414 exornatos,
3388 3353 3676 3420 imaginem

2112 3443 2510 3512 quodammodo
2556 3443 2730 3512 pelagi
2775 3442 3081 3498 ﬂuctuantis
3129 3443 3396 3512 spicarum
3437 3443 3678 3497 motibus

2113 3534 2370 3588 mmulari.
2411 3531 2579 3588 Omne
2626 3541 2754 3587 tunc
2797 3532 2977 3586 fenum
3017 3542 3074 3587 et
3117 3547 3277 3587 omne
3316 3545 3486 3600 genus
3517 3531 3679 3586 olito-

2115 3625 2284 3687 rium;
2314 3624 2437 3678 etsi
2465 3623 2593 3692 quid
2622 3623 2950 3678 arbustivnm
2976 3623 3060 3677 vel
3085 3623 3423 3676 seminarium
3446 3631 3528 3676 est
3546 3665 3560 3686 ,
3592 3637 3680 3677 co-

2115 3715 2278 3784 piosis
2304 3729 2465 3784 super
2496 3723 2695 3768 terram
2731 3713 2990 3768 fructibus
3026 3715 3314 3768 eminebat.
3365 3713 3520 3768 Nulla
3550 3723 3681 3768 tunc

2115 3816 2232 3863 erat
2273 3807 2577 3876 desperatio
2625 3805 2907 3860 metuenda
2949 3805 3278 3859 seminibus:
3321 3820 3429 3858 non
3467 3805 3681 3872 ignavia

2114 3897 2376 3967 culpanda
2403 3896 2685 3961 cultorum,
2717 3911 2824 3950 non
2848 3905 2872 3942 δ
2900 3910 3084 3948 aerum
3111 3894 3542 3962 intemperantia,
3571 3909 3682 3948 non

2120 3988 2276 4042 ullius
2318 4001 2492 4041 causa:
2536 3985 2754 4054 querela
2797 3985 3152 4054 corruptelam
3199 3983 3434 4050 frugibus
3479 3999 3680 4052 appor-

2117 4078 2296 4141 tanlis,
2327 4092 2435 4132 non
2462 4076 2854 4139 condemnatio,
2885 4090 3002 4144 qua:
3025 4073 3351 4128 fertilitatem
3377 4083 3562 4143 posset
3589 4074 3684 4127 im-

2117 4167 2302 4237 pedire
2327 4175 2612 4222 terrarum.
2651 4164 2846 4220 Postea
2873 4166 3014 4219 enim
3039 4164 3286 4220 delictum
3314 4165 3551 4228 exstitit;
3582 4181 3682 4233 pre

2119 4272 2226 4326 quo
2273 4271 2455 4312 sumus
2497 4255 2733 4319 addicti,
2784 4260 2844 4308 ut
2870 4255 2922 4308 in
2951 4253 3146 4308 sudore
3187 4254 3355 4308 nostri
3381 4254 3561 4307 vultus
3588 4268 3682 4322 pa-

2121 4361 2244 4401 nem
2271 4346 2732 4401 manducaremus.

2191 4435 2245 4489 6.
2284 4435 2429 4489 [nter
2470 4434 2586 4490 haec
2627 4433 2879 4504 praecepit
2916 4447 3130 4503 quoque
3169 4448 3366 4504 agnum
3395 4435 3541 4486 nasci
3571 4435 3682 4503 [ru-

463 4520 659 4581 lurem.
684 4530 741 4577 et
776 4528 904 4576 tunc
941 4528 1212 4575 maturare
1235 4535 1448 4585 semen,
1491 4527 1550 4574 ut
1574 4519 1744 4589 prima
1771 4520 1860 4574 illa
1888 4537 2026 4592 prre-
2049 4519 2102 4579 D
2126 4535 2354 4581 ctuosum
2401 4525 2598 4596 faciens
2634 4527 2884 4596 fructum;
2922 4525 3066 4594 cujus
3101 4539 3271 4576 semen
3315 4524 3370 4576 in
3414 4523 3583 4591 seipse
3609 4529 3685 4575 est

537 4687 564 4716 ι
600 4677 737 4732 Editi
757 4719 774 4743 ,
801 4679 935 4732 idem
954 4693 1068 4730 cum
1094 4679 1280 4731 tritico.
1312 4676 1528 4746 Antiqui
1556 4675 1661 4730 duo
1687 4677 1839 4745 libri,
1869 4679 1926 4732 id
1947 4689 2025 4734 est

463 4765 578 4804 cum
606 4749 792 4801 tritico.
840 4748 1124 4818 Aliquanto
1160 4756 1283 4814 post
1319 4747 1445 4801 editi
1470 4787 1485 4807 ,
1523 4749 1791 4818 proposita
1826 4753 2023 4818 gratia-

464 4835 579 4872 rum
607 4819 819 4870 actione.
859 4817 928 4869 At
951 4818 1117 4886 nostri
1144 4827 1253 4870 tres
1280 4831 1429 4880 mss.,
1459 4818 1762 4886 postposita,
1781 4816 1933 4871 bene.
1967 4819 2023 4872 In

465 4887 676 4958 Graeco:
705 4889 924 4958 cipiat-sc.
974 4885 1387 4958 Subindeediti,
1417 4883 1838 4958 sédnbbis‘quod
1859 4888 2023 4958 depu-

465 4953 788 5024 tatwLColb.
821 4955 1104 5016 secundus,
1135 4955 1224 5007 sed
1244 4955 1386 5008 nobis
1407 4955 1607 5024 quidem
1627 4953 1899 5024 deputatm.

535 5025 562 5064 δ
599 5023 758 5088 Editi,
792 5024 1041 5094 tibiquiod
1069 5025 1296 5094 sulficiet.
1319 5023 1468 5078 Colb.
1492 5023 1778 5094 secundus,
1805 5023 1891 5076 tibi
1912 5025 2025 5093 qui-

465 5096 581 5150 dem
600 5095 831 5162 sufficiet.
860 5091 1073 5162 ibidem
1095 5091 1221 5146 editi
1243 5132 1258 5156 ,
1290 5095 1359 5146 ad
1392 5091 1720 5162 declaranda.
1755 5093 1824 5145 At
1851 5091 2017 5148 nostri

466 5174 576 5238 tres
601 5161 727 5216 mss.
747 5201 763 5226 ,
796 5161 1216 5238 addedinanda.
1247 5162 1571 5238 Basilianurn
1594 5161 1750 5238 illud,
1782 5165 2020 5238 πρὸςςτήν

466 5237 681 5310 φυλαξεὴν
721 5238 822 5310 τῶν
852 5233 1104 5310 ῥλιορίῳν,
1152 5234 1450 5298 exprimere
1487 5231 1655 5287 voluit
1689 5230 2018 5297 Eustathius,

469 5302 567 5356 nec
593 5302 768 5380 inepte
798 5302 1171 5380 interpretatus
1199 5310 1299 5354 est.

542 5381 565 5408 ε
607 5367 779 5433 Editi,
804 5369 996 5440 laudis
1033 5380 1349 5440 argumenta.
1392 5367 1537 5423 Libri
1573 5375 1809 5435 veteres,
1856 5369 2023 5425 laudis

470 5448 770 5514 augmenta_,_
796 5438 874 5514 _it_a
901 5438 1202 5514 postulante
1230 5439 1433 5514 Graeco,
1462 5443 1838 5514 sic‘npoodrixnu
1867 5444 2027 5514 stila-

508 5507 686 5567 ιάτίας.
735 5507 934 5560 ibidem
981 5509 1148 5575 editi,
1197 5517 1246 5561 et
1286 5509 1342 5561 in
1374 5507 1652 5561 radicibus.
1679 5508 1896 5576 Antiqui
1921 5507 2027 5566 duo

495 5579 612 5640 ibri,
637 5587 685 5630 et
706 5577 979 5630 radicibus.

543 5646 570 5684 ἀ
609 5646 758 5718 golb.
785 5647 1061 5718 secundus,
1095 5655 1276 5718 tetrum
1299 5647 1608 5718 plerumque.

547 5726 572 5757 ο
613 5713 829 5786 Veteres
871 5716 975 5770 duo
1021 5717 1142 5772 libri
1178 5724 1234 5770 et
1277 5713 1405 5774 editi
1431 5756 1446 5780 ,
1495 5713 1802 5772 credentium
1839 5717 2017 5772 mrito

2129 4684 2283 4738 Colb.
2326 4681 2628 4747 secundus,
2676 4683 2987 4736 credentium
3026 4682 3080 4733 in
3127 4696 3279 4745 eum,
3325 4681 3529 4746 merito,
3579 4691 3683 4734 (εις,

2128 4755 2328 4815 (hince,
2360 4763 2458 4807 τῶν
2485 4757 2555 4812 εἰς
2580 4755 2727 4807 αὐτὸν
2755 4753 3178 4806 πεπιστευκότων.

2205 4823 2221 4859 ί
2264 4822 2404 4875 Editi
2432 4831 2486 4876 et
2513 4821 2664 4875 Colb.
2695 4821 2929 4890 primus,
2945 4829 3014 4890 _ut
3043 4820 3191 4872 homo
3220 4820 3407 4890 mitta_t.
3449 4817 3551 4890 Alii
3581 4819 3692 4890 duo

2125 4907 2290 4954 mss.,
2339 4893 2470 4944 sicut
2507 4891 2656 4944 homo
2693 4887 2880 4944 mittat.
2944 4888 3079 4942 Puto
3124 4897 3300 4941 autem
3350 4887 3691 4941 Eustathinm

2126 4961 2402 5029 scripsisse
2435 4968 2542 5022 aut,
2572 4971 2627 5011 ut
2655 4961 2699 5012 si
2739 4960 2888 5013 homo
2935 4959 3270 5029 mittat,_aut,
3305 4956 3436 5029 sicut
3463 4957 3693 5029 si_l:omo

2129 5023 2334 5082 mittat:
2383 5029 2474 5082 sed
2521 5030 2762 5082 voculam
2810 5029 2854 5081 si
2900 5043 2930 5080 a
2970 5027 3198 5081 librariis
3227 5027 3478 5078 omissam
3505 5023 3692 5079 fuisse.

2124 5096 2299 5153 Locus
2326 5107 2408 5151 est
2434 5097 2594 5152 Marci
2623 5113 2694 5160 tv,
2737 5095 2807 5149 26
2831 5115 2843 5148 :
2891 5095 3324 5160 Quemadmodum
3350 5096 3394 5147 si
3423 5095 3574 5146 homo
3598 5096 3692 5162 jn-

2125 5169 2534 5221 ciatsementem.
2585 5164 2750 5221 Paulo
2785 5169 2906 5236 post
2929 5165 3079 5220 Colb.
3111 5167 3401 5227 secundus,
3448 5166 3694 5228 temporis

2125 5238 2309 5304 spatio.

2199 5315 2223 5352 ε
2262 5305 2414 5360 Colb.
2461 5304 2762 5366 secundus,
2803 5321 2908 5357 non
2951 5304 3087 5356 aeris
3133 5302 3549 5370 intemperantia.
3592 5302 3685 5354 Ali'

2127 5373 2235 5428 duo
2281 5390 2428 5433 mss.,
2460 5383 2514 5427 et
2552 5373 2682 5425 editi
2711 5389 2813 5426 non
2847 5389 3021 5425 aerum
3048 5369 3460 5438 intemperantia.
3497 5369 3687 5422 Eusta-

2130 5443 2270 5497 thius
2309 5459 2496 5497 vocem
2538 5441 2776 5497 Grazcam
2813 5445 2971 5513 ἀέρων
2998 5442 3158 5513 paulo
3193 5439 3492 5505 religiosius
3524 5439 3694 5513 inter-

2129 5521 2367 5581 prttatns
2393 5521 2474 5566 est
2496 5551 2510 5576 ,
2549 5527 2679 5581 cum
2713 5527 2832 5565 eam
2860 5507 3049 5581 plurali
3078 5524 3291 5581 qngque
3320 5523 3546 5581 numero
3575 5507 3700 5581 red-

2125 5577 2276 5647 didit,
2295 5597 2490 5634 aerum.
2517 5580 2624 5636 Nec
2665 5581 2738 5636 ita
2764 5577 2930 5636 multo
2960 5577 3108 5634 intra
3134 5577 3284 5633 Colb.
3317 5577 3610 5647 secundus,
3638 5577 3696 5632 in

2123 5667 2176 5702 se
2198 5652 2307 5719 ipso
2337 5658 2488 5704 esset.
