3824 6214
166 377 285 436 917

965 358 1343 422 EUSTATHll
1380 349 1788 413 HEXAEMERI
1828 343 2322 404 METAPHRASIS
2359 342 2570 404 LIBER
2611 341 2677 398 V.

3353 320 3456 386 918

201 490 493 549 secundum
537 499 696 559 genus
733 485 784 536 ει
825 477 1229 534 similitudinem-
1277 470 1444 540 Πυὶιιε
1470 469 1630 536 ἰείιυι·
1655 467 1773 522 edi"
1800 471 1851 528 Α
1877 494 2141 539 sarmenta
2171 480 2491 551 nuncupavit
2515 497 2528 532 :
2565 477 2584 517 ι
2616 489 2914 548 provocans
2939 488 3037 528 nos
3063 472 3130 527 ad
3150 469 3434 528 l't'uctillca-

204 585 364 636 tione
384 574 648 634 sermonis
671 569 848 628 omnia
864 566 1142 622 confestim
1162 575 1380 616 nemora
1399 559 1778 621 densabantur,

202 673 438 727 arbores
485 667 648 722 etiam
692 662 885 731 quibus
922 673 1038 711 mos
1073 663 1157 709 est
1183 655 1236 708 in
1264 653 1427 706 altum
1451 662 1700 717 surgere,
1728 647 1784 701 id

202 770 335 826 cst,
375 760 528 827 olea,
567 753 654 808 vel
679 750 900 812 cedrus,
949 754 1006 800 et
1040 757 1320 814 cypressus
1341 780 1356 804 ,
1395 747 1450 794 et
1472 740 1654 809 pinus,
1685 751 1785 790 nec

206 866 328 903 non
353 826 572 900 frutices
595 841 735 895 foliis
765 835 1142 898 vestiebantur,
1163 838 1218 885 et
1236 828 1508 883 frondibus
1535 826 1781 896 virgulta.

210 938 363 1004 Quin
392 935 555 989 etiam
583 942 610 968 ι
645 943 764 998 quae
790 923 1068 981 coronaria
1097 922 1414 985 vocitantur,
1440 925 1619 972 roseta
1641 916 1783 982 dico,

207 1018 270 1084 et
300 1033 536 1098 myrteta
557 1063 571 1086 ,
610 1029 665 1075 et
690 1020 892 1071 laureta
939 1013 1037 1069 sub
1074 1027 1181 1065 uno
1209 1008 1464 1078 temporis
1491 1013 1784 1081 momento,

210 1133 344 1173 cum
367 1096 501 1169 ante
543 1125 652 1164 non
699 1113 906 1170 essent,
954 1102 1158 1169 singula
1194 1113 1317 1154 cum
1356 1098 1438 1152 sui
1460 1096 1788 1166 proprietate

211 1209 554 1277 surgebant:
587 1203 813 1256 alterum
859 1198 926 1250 ab
973 1195 1173 1255 altero,
1213 1187 1640 1243 manifestissima
1666 1201 1789 1255 pro»

217 1275 450 1352 batione
477 1293 786 1350 discretum,
817 1293 874 1340 et
901 1289 1046 1338 certa
1066 1279 1430 1346 designatione
1455 1275 1788 1345 productum.

221 1388 612 1442 Verumtamen
652 1380 742 1434 illo
758 1386 998 1444 tempore
1018 1384 1145 1426 rosa
1174 1369 1288 1423 sine
1314 1368 1464 1436 spina
1493 1365 1611 1419 fuit.
1660 1365 1791 1419 Nam

215 1491 416 1552 postea
436 1474 812 1549 pulchritudini
832 1471 946 1540 ejus
974 1470 1218 1540 adjuncta
1244 1473 1326 1522 est
1348 1505 1363 1530 ,
1394 1471 1454 1519 ut
1480 1467 1617 1517 esset
1642 1458 1792 1512 vide-

217 1548 357 1624 licet
401 1548 659 1635 voluptati
689 1561 984 1619 sollicitudo
1021 1559 1266 1625 contigua
1292 1597 1308 1624 ,
1335 1548 1795 1608 reminiscentibus

224 1659 390 1713 nobis
419 1663 693 1722 peccatum
710 1693 725 1717 ,
756 1649 905 1718 cujus
931 1647 1100 1716 gratia
1120 1645 1309 1700 dumos
1336 1651 1392 1698 et
1417 1653 1607 1710 vepres
1633 1649 1797 1704 gene-

219 1760 356 1799 rare
377 1746 544 1817 723
561 1757 703 1800 terra
715 1747 964 1798 uamnata
981 1742 1084 1792 est.
1103 1731 1232 1800 Qua:
1246 1729 1276 1770 Β
1293 1725 1504 1797 quidem
1513 1725 1794 1794 jubeturet

1879 575 2080 627 tionem
2106 571 2396 640 copiosam,
2428 583 2496 622 ne
2536 566 2749 622 desidia:
2775 563 3028 630 accusati,
3059 561 3282 616 ﬂammis
3304 575 3437 618 con-

1881 661 2153 716 tradamur
2185 659 2415 712 actemis.
2447 656 2683 725 Denique
2717 670 2825 709 non
2851 662 3052 718 cessat;
3081 652 3276 722 ubique
3317 652 3421 708 ani-

1881 764 1997 804 mas
2021 747 2294 803 hominum
2321 746 2515 800 vitibus
2542 741 2919 814 comparando.
2949 740 3040 796 Sic
3077 741 3219 796 enim
3259 739 3388 796 dicit
3417 782 3432 795 .

1892 841 2054 892 Vinea
2081 839 2219 908 facta
2245 844 2320 890 est
2346 835 2530 888 dilecto
2558 836 2614 887 in
2662 847 2823 885 cornu
2869 829 3049 901 pingui
3091 828 3247 900 (Isai.
3274 845 3324 894 v,
3358 829 3436 899 1).

1883 929 1951 983 Et
1967 931 2157 982 iterum
2172 945 2184 980 :
2209 926 2423 980 Vineam
2441 924 2687 994 plantavi,
2702 930 2750 975 et
2771 937 2887 992 sepe
2901 918 3208 974 circumdedi
3224 917 3296 990 (Η
3306 918 3435 971 atth.

1883 1036 1993 1084 xxi,
2037 1017 2150 1085 55),
2181 1016 2384 1070 animas
2403 1013 2651 1068 videlicet
2696 1011 2936 1065 indicans
2981 1009 3275 1074 hominum,
3306 1021 3442 1075 quas

1887 1107 2183 1162 cmlestium
2216 1103 2592 1157 mandatorum
2618 1099 2910 1154 munitione
2937 1097 3206 1167 eonsepsit
3234 1115 3248 1150 :
3277 1111 3443 1165 appo-

1887 1197 1986 1250 sita
2012 1193 2355 1249 nihilominus
2391 1190 2698 1258 angelorum
2727 1188 2995 1249 custodia,
3025 1188 3164 1241 sicut
3187 1186 3442 1254 scriptum

1889 1295 1972 1342 est
2001 1304 2014 1338 :
2050 1284 2286 1338 Immittit
2313 1283 2549 1352 angelum
2568 1279 2818 1334 Dominus
2845 1281 2900 1330 in
2921 1279 3135 1330 circuitu
3165 1275 3444 1330 timentium

1889 1393 2024 1445 eum,
2053 1385 2101 1428 et
2119 1375 2296 1446 eripiet
2322 1389 2406 1426 eos
2437 1371 2607 1442 (Psal.
2631 1385 2778 1434 χχιιι,
2802 1369 2877 1438 Ἰ).
2900 1367 3100 1422 Deinde
3119 1366 3266 1421 velut
3277 1365 3446 1420 vallos

1891 1465 2151 1534 quosdam
2197 1463 2386 1531 quibus
2438 1460 2750 1513 fulciremur
2795 1458 3010 1511 erexit:
3043 1455 3342 1510 constitutis
3391 1456 3447 1508 in

1892 1553 2151 1620 Ecclesia,
2189 1551 2364 1620 primo
2389 1549 2664 1620 apostolis,
2692 1547 2929 1602 secundo
2965 1546 3257 1616 praphetis,
3291 1545 3449 1599 tertio

1893 1642 2161 1710 magistris
2188 1639 2242 1712 (Ι
2281 1638 2399 1694 Cor.
2429 1655 2523 1703 ιιι,
2539 1637 2652 1707 28).
2677 1637 2851 1707 Atque
2878 1637 2952 1690 ita
2978 1651 3074 1690 nos
3092 1635 3347 1704 exemplis
3365 1648 3450 1687 ve-

1895 1741 2067 1787 terum
2086 1738 2391 1787 sanctorum
2416 1729 2679 1784 suscitans
2702 1728 2758 1781 in
2783 1726 3009 1781 sublime
3033 1724 3278 1795 provexit
3307 1741 3320 1775 :
3352 1738 3451 1777 nec

223 1814 436 1905 lignum
475 1814 674 1887 faciens
709 1829 938 1884 fructum
968 1825 1298 1897 producere;
1339 1821 1434 1876 θεὰ
1459 1820 1626 1874 multa
1652 1817 1794 1883 ligna
1823 1819 1868 1879 B
1898 1823 2114 1878 omnino
2142 1836 2328 1892 passus
2353 1828 2437 1875 est
2462 1827 2695 1874 mentem
2720 1825 2955 1872 nostram
2993 1816 3140 1870 humi
3161 1814 3449 1883 iacentem,

225 1927 512 1988 videmus,
568 1935 744 1990 neque
778 1933 960 1974 semen
983 1955 1000 1983 ,
1055 1929 1230 1985 neque
1273 1912 1501 1966 fructum
1547 1908 1790 1964 ferentia.

232 2015 318 2071 Ad
353 2015 458 2068 hoc
511 2012 751 2066 dicemus
777 2046 793 2072 ,
849 2007 973 2077 quia
1018 2020 1138 2074 quae
1182 2010 1306 2058 sunt
1340 2001 1590 2064 utiliora,
1645 2011 1797 2052 man-

225 2105 355 2158 (lari
381 2100 653 2157 memoriae
672 2097 1034 2168 principaliter
1053 2101 1360 2148 meruerunt
1379 2128 1395 2155 ,
1436 2088 1631 2144 deinde
1669 2087 1800 2142 sub-

225 2196 402 2250 tiliter
421 2191 807 2263 inquirentibus
842 2185 1060 2259 pateﬁet
1083 2192 1176 2240 aut
1209 2183 1518 2240 seminarias
1547 2195 1664 2235 esse
1684 2195 1799 2235 om—

230 2300 334 2339 nes
377 2284 626 2345 arbores,
659 2288 751 2335 aut
777 2278 1004 2333 similem
1049 2274 1239 2330 semini
1292 2273 1489 2326 habere
1525 2271 1799 2324 virtutem.

228 2375 474 2445 Populus
502 2373 642 2427 enim
669 2370 752 2425 vel
780 2369 972 2431 ulmus,
1002 2373 1057 2420 et
1077 2365 1214 2420 salix
1253 2369 1310 2417 et
1335 2361 1454 2416 alia:
1497 2360 1649 2426 tales,
1688 2357 1803 2414 fru-

234 2473 390 2519 ctum
418 2461 632 2531 quidem
661 2459 862 2514 nullum
891 2467 914 2495 ε
943 2455 1190 2510 videntur
1216 2450 1405 2506 allerre
1432 2448 1800 2514 manifestum;

229 2569 422 2609 semen
452 2561 630 2606 tamen
659 2551 711 2603 in
741 2549 838 2612 eis,
867 2547 914 2603 si
934 2547 1052 2615 quis
1079 2544 1332 2599 attentius
1367 2547 1632 2597 scrutetur
1657 2538 1805 2592 inve-

231 2645 374 2698 niet.
397 2641 423 2678 ἀ
441 2640 748 2708 Subjectum
762 2643 843 2691 est
867 2636 1009 2690 enim
1035 2647 1217 2688 earum
1243 2630 1392 2688 loliis‘
1412 2643 1632 2698 granum
1662 2626 1804 2697 quod

233 2733 492 2788 misellum
518 2741 824 2798 nuncupare
851 2727 1023 2782 solent
1047 2725 1100 2779 bi
1140 2724 1230 2793 qui
1256 2721 1632 2778 vocabulorum
1659 2734 1806 2773 com-

235 2823 597 2894 positionibus
624 2833 844 2889 operam
882 2816 1159 2881 dederunt,
1188 2815 1295 2867 hoc
1330 2812 1438 2865 vim
1464 2809 1678 2865 seminis
1705 2808 1804 2862 ob-

235 2914 400 2966 tinet.
417 2910 552 2964 Nam
572 2924 633 2963 ea
645 2923 763 2978 quzr
781 2906 847 2960 de
867 2919 1136 2960 ramorum
1155 2901 1481 2972 plantationc
1495 2905 1800 2960 nascuntur,

233 3019 314 3058 ex
339 3000 658 3068 semetipsis,
687 2995 1134 3066 quamplurimum
1148 2989 1610 3046 radicesfundunt.
1629 2986 1808 3041 Forsi-

235 3101 339 3145 tan
367 3099 422 3143 et
436 3089 536 3142 illa:
555 3102 776 3156 gemmae
797 3101 914 3154 qua:
928 3084 994 3138 de
1021 3083 1185 3152 stirpe
1219 3079 1519 3146 truduntur,
1541 3077 1803 3132 rationem

1897 1912 2012 1968 ﬁeri
2058 1913 2271 1981 dignam
2299 1911 2678 1970 calcationibus
2704 1908 2947 1963 aliorum.
2976 1906 3102 1961 Vult
3146 1905 3309 1959 etiam
3353 1918 3453 1958 nos

1896 2003 2042 2057 velut
2069 2011 2094 2049 ε
2125 2000 2441 2072 quibusdam
2480 1999 2638 2053 viteis
2658 1996 2946 2062 claviculis,
2975 1994 3029 2049 id
3056 2001 3160 2059 est,
3190 1993 3452 2063 amplexi-

1895 2094 1996 2149 bus
2023 2091 2258 2148 caritatis
2279 2091 2543 2153 astrictos,
2574 2098 2632 2144 et
2677 2087 2979 2159 proximum
3020 2099 3284 2156 quemque
3328 2084 3452 2140 dili-

1897 2191 2102 2253 gentes,
2133 2183 2334 2252 impetu
2381 2179 2544 2234 animi
2591 2193 2804 2247 semper
2826 2177 2893 2231 ad
2923 2175 3200 2245 superiora
3227 2181 3453 2229 conten-

1901 2273 2031 2330 dere
2061 2290 2073 2325 :
2105 2272 2302 2326 similes
2321 2269 2540 2326 effectos
2560 2265 2841 2323 sarmentis
2859 2280 2978 2336 qua:
3001 2264 3176 2320 solent
3198 2263 3454 2334 paulatim

1901 2364 2207 2426 crescendo,
2239 2362 2305 2416 ad
2331 2375 2569 2416 summos
2606 2359 2856 2414 arborum
2896 2355 3126 2412 vertices
3152 2354 3452 2425 pervenire.

1902 2453 2076 2522 Exigit
2095 2468 2193 2508 nos
2212 2452 2370 2506 etiam
2397 2448 2683 2504 fossionem
2703 2448 2833 2517 pati.
2853 2445 3071 2501 Foditur
3083 2450 3261 2497 autem
3281 2456 3452 2507 mens,

1902 2544 2231 2601 saecularium
2251 2541 2586 2610 depositione
2609 2552 2887 2603 curarum;
2916 2549 3033 2604 quae
3075 2531 3326 2588 cordibus
3355 2547 3456 2585 no-

1902 2636 2026 2692 stris
2043 2648 2176 2688 onus
2196 2646 2358 2702 grave
2373 2629 2396 2668 h
2427 2629 2735 2685 conﬁciunt.
2761 2626 2902 2696 Ergo
2923 2624 3015 2696 qui
3043 2621 3316 2677 illecebras
3333 2635 3458 2674 cor~

1901 2740 2080 2795 porcae
2120 2722 2408 2792 voluptatis
2436 2719 2712 2788 abjecerit,
2736 2725 2792 2772 et
2817 2702 3158 2771 exsecrabilis
3201 2708 3459 2765 ambitum

1903 2815 2085 2884 gloriae
2129 2813 2537 2879 divitiarumque
2563 2805 2962 2876 contempserit,
2989 2813 3243 2873 tanquam
3269 2799 3458 2856 fossio-

1903 2906 1988 2960 nis
2032 2904 2239 2959 cultura
2287 2902 2570 2964 nitescens,
2603 2897 2840 2965 aspirare
2873 2895 3040 2949 libere
3082 2888 3284 2960 incipit,
3315 2888 3460 2947 omni

1907 2995 2026 3049 labe
2049 3001 2272 3046 terrente
2293 2985 2712 3045 conversationis
2731 2985 2987 3038 abstersa.
3017 2979 3280 3036 Convenit
3298 2978 3459 3033 etiam

1907 3101 2006 3141 nos
2033 3082 2323 3139 secundum
2343 3077 2611 3152 proverbii
2638 3077 2919 3138 rationem,
2949 3069 3463 3143 minimeluxuriano

233 3179 530 3250 quamdam
555 3177 770 3232 seminis
810 3176 1029 3238 habent,
1073 3186 1204 3242 quas
1229 3169 1572 3237 agricultores
1597 3166 1802 3220 avulsas

1911 3183 1988 3229 tes
2012 3173 2249 3240 efﬂuere,
2277 3171 2330 3226 id
2359 3178 2459 3236 est,
2488 3183 2596 3223 non
2624 3164 2972 3222 ostentatorie
2998 3162 3196 3225 vivere,
3225 3173 3328 3214 nec
3372 3171 3458 3213 ca-

234 3269 530 3340 reparandi
575 3283 732 3322 causa
779 3266 988 3334 generis
1011 3305 1026 3329 ,
1079 3263 1347 3332 pastinare
1393 3265 1802 3314 consueverunt.

237 3359 428 3415 Primo
452 3369 652 3426 tamen,
683 3366 740 3411 ut
782 3372 939 3425 supra
967 3355 1212 3419 diximus,
1241 3353 1459 3406 arbores
1500 3350 1601 3403 illa:
1639 3347 1810 3415 digna:

236 3459 550 3507 memoratu
589 3450 874 3516 habentur,
919 3462 1038 3516 qua:
1067 3454 1302 3500 nostram
1340 3444 1503 3497 vitam
1548 3441 1659 3496 suis
1699 3439 1810 3493 fru-

239 3542 424 3596 ctibus
443 3547 827 3603 sustentantes,
861 3546 1018 3606 atque
1039 3536 1306 3591 hominem
1332 3533 1628 3587 nulrientes
1667 3529 1808 3586 invi-

240 3634 456 3688 diosam
503 3634 553 3686 ei
595 3631 812 3687 factura:
848 3637 1000 3684 erant
1048 3627 1255 3682 fruendi
1300 3627 1638 3680 libertatem:
1674 3622 1812 3677 sicut

241 3723 376 3776 vitis
401 3737 520 3791 qua:
544 3723 724 3775 vinum
764 3728 983 3790 generat
1028 3717 1300 3774 lzetiﬁcans
1347 3731 1442 3771 cor
1468 3713 1720 3776 hominis,
1757 3720 1813 3766 et

245 3813 374 3867 olea
400 3812 626 3867 fructum
648 3811 844 3877 ferens,
868 3811 960 3878 qui
981 3809 1184 3863 vultum
1212 3805 1489 3869 cxbilarat,
1522 3805 1574 3857 in
1603 3801 1814 3856 miseri-

245 3901 455 3957 cordia.
507 3911 531 3938 ο
569 3901 776 3966 Quanta
813 3901 916 3953 alia
963 3905 1090 3952 tunc
1132 3896 1290 3950 simul
1334 3892 1675 3961 emergebant
1719 3905 1812 3944 ur-

247 3999 459 4060 genter,
478 3991 606 4049 inec
632 3990 959 4060 producente
1001 3996 1206 4042 natura.
1258 3985 1441 4054 Itaque
1468 3983 1619 4038 radix
1644 3981 1814 4034 vinea:

246 4083 418 4138 habet
442 4083 494 4137 in
517 4082 660 4136 circo
689 4088 954 4136 sarmenta
977 4080 1222 4146 virentia,
1244 4076 1432 4132 diffusa
1457 4091 1554 4144 per
1577 4081 1772 4128 terram
1795 4090 1808 4126 :

245 4188 323 4230 ex
367 4173 559 4243 quibus
584 4174 755 4242 primo
783 4186 999 4240 germen
1044 4171 1230 4235 oritur,
1275 4167 1417 4237 quod
1446 4167 1506 4220 ﬁt
1549 4166 1816 4228 labrusca,

247 4271 380 4334 post
403 4263 507 4318 hoc
530 4277 653 4316 uva.
685 4260 887 4316 Sufﬁcit
914 4260 1072 4327 igitur
1096 4260 1252 4312 vinea
1287 4270 1500 4326 quoque
1527 4253 1816 4324 prudenter

249 4353 514 4423 inspecta,
542 4351 967 4407 recordationem
1006 4351 1101 4404 tibi
1129 4357 1332 4402 naturae
1368 4345 1650 4413 subjicere.
1701 4341 1814 4395 Me—

250 4443 455 4500 ministi
481 4443 624 4497 enim
665 4441 916 4496 dominici
964 4439 1224 4495 sermonis
1260 4436 1558 4506 exemplum
1578 4473 1594 4499 ,
1623 4448 1728 4502 quo
1755 4446 1816 4486 se

248 4531 386 4587 dicit
409 4545 527 4585 esse
549 4531 728 4596 vitem,
757 4529 970 4584 Patrem
997 4543 1124 4582 vero
1151 4526 1430 4581 cultorem.
1457 4523 1701 4591 Singulos
1721 4537 1816 4575 au-

1907 3274 2058 3337 ptare
2082 3263 2243 3319 decus
2265 3261 2434 3316 laudis
2461 3267 2726 3322 externae;
2755 3255 2849 3311 sed
2873 3252 3072 3308 fertiles
3084 3265 3182 3306 nos
3207 3264 3336 3304 vero
3363 3247 3464 3303 de-

1907 3361 2264 3410 monstratore
2302 3349 2494 3406 cultori
2540 3347 2802 3402 bonorum
2847 3357 3069 3414 operum
3119 3337 3465 3411 prmferentes

1908 3443 2240 3499 industriam.
2271 3440 2352 3496 Tu
2378 3447 2554 3493 autem
2577 3437 2716 3492 sicut
2741 3435 2883 3490 oliva
2922 3429 3192 3487 fructifera
3230 3429 3374 3484 nulla
3411 3437 3466 3482 te

1908 3549 2004 3604 spe
2029 3531 2329 3593 nudaveris,
2360 3528 2458 3584 sed
2481 3542 2693 3597 semper
2721 3525 2918 3579 habeto
2941 3519 3063 3576 ﬁdei
3089 3519 3309 3575 viridem
3334 3517 3468 3571 vali-

1909 3625 2136 3692 damque
2159 3619 2533 3676 constantiam.
2561 3615 2641 3670 Ita
2679 3615 2820 3669 enim
2844 3611 3182 3666 vivacitatem
3210 3607 3350 3661 illius
3376 3620 3464 3660 ar-

1908 3713 2077 3781 boris,
2105 3720 2160 3767 et
2188 3709 2516 3781 opulentiam
2563 3701 2890 3760 fructuos’am
2934 3697 3198 3756 videberis
3225 3697 3418 3752 imitari
3446 3713 3464 3750 :

1910 3805 1957 3858 si
1984 3802 2251 3858 uberrime
2279 3795 2696 3854 misericordiam
2724 3793 2869 3850 omni
2901 3799 3144 3858 tempore
3170 3787 3430 3858 largiaris.

1983 3894 2034 3945 7.
2064 3891 2290 3959 Sedjam
2319 3888 2600 3942 redeamus
2626 3883 2642 3922 ί
2670 3883 2736 3938 ad
2763 3881 3140 3937 scrutationem
3163 3875 3469 3946 dispositio~

1913 3982 1996 4037 nis
2025 3977 2259 4034 artiﬁcis.
2290 3975 2498 4042 Quanta
2523 3981 2650 4028 tunc
2677 3985 2870 4040 genera
2901 3967 3156 4023 exstitere
3179 3965 3466 4033 lignorum,

1911 4085 2134 4141 quorum
2172 4067 2412 4137 quaedam
2463 4061 2692 4119 fecunda
2738 4067 2900 4123 sunt,
2949 4057 3052 4111 alia
3093 4052 3469 4126 projectibilia,

1913 4159 2166 4216 nonnulla
2224 4156 2448 4212 navibus
2505 4151 2825 4208 fabricandis
2886 4143 3228 4204 accommoda
3249 4183 3266 4210 ,
3319 4156 3469 4213 quaa-

1912 4252 2037 4306 dam
2099 4248 2231 4303 focis
2286 4244 2635 4302 necessaria?
2697 4241 2900 4296 Rursus
2961 4238 3014 4294 in
3070 4237 3158 4292 his
3214 4236 3228 4288 i
3295 4235 3474 4289 varius

1915 4348 2191 4410 spectatur
2238 4344 2457 4392 ornatus
2480 4376 2495 4402 ,
2557 4346 2784 4403 quarunt
2833 4341 2889 4385 et
2938 4325 3282 4399 proprietatis
3325 4324 3482 4378 inve-.

1915 4429 2129 4499 stigatio
2177 4426 2406 4482 diﬂicilis
2423 4425 2650 4479 habetur
2694 4430 2750 4477 et
2799 4418 3095 4476 diﬁ'erentia
3123 4414 3477 4482 singulorum.

1917 4521 2052 4576 Nam
2078 4520 2180 4574 alia
2208 4515 2654 4589 profundioribus,
2679 4512 2786 4567 alia
2813 4508 3032 4567 summis
3051 4515 3106 4562 et
3130 4504 3334 4559 levibus
3351 4508 3487 4561 sunt

252 4633 367 4680 tem
391 4631 652 4688 nostrum,
674 4623 764 4692 qui
791 4637 886 4692 per
912 4621 1070 4675 ﬁdem
1115 4619 1300 4673 inserti
1339 4632 1519 4672 sumus
1543 4590 1815 4680 Ecclesiae,
1844 4602 1892 4662 D
1917 4624 2126 4665 annexa
2151 4605 2417 4661 radicibus
2448 4621 2462 4658 :
2494 4603 2596 4656 alia
2635 4602 2690 4655 in
2733 4599 2898 4652 altum
2923 4601 3190 4667 porrecta,
3221 4590 3487 4660 singulis-.

329 4742 355 4771 ³
391 4732 532 4787 Editi
561 4735 817 4788 corinaria
860 4748 958 4800 pro
1003 4731 1292 4793 coronaria,
1326 4727 1486 4800 uti_in
1513 4724 1719 4779 duobus
1747 4723 1814 4776 li-

253 4802 368 4858 bris
415 4803 680 4888 veteribus
732 4794 990 4870 scriptum
1033 4800 1352 4855 invenimus.
1400 4794 1586 4850 Grzece
1625 4815 1813 4866 στεφα-

253 4893 532 4928 νωματικα.

391 4939 523 5012 illud
548 4939 748 5012 quidm
767 4938 1003 5012 additum
1033 4946 1115 4993 est
1142 4933 1385 5012 ex_Colb.
1417 4930 1672 4986 secundo.

332 5021 356 5050 ε
381 4997 545 5073 Editi,
561 4997 808 5063 'videntur
835 5009 1043 5076 afferre,
1065 5006 1395 5076 manifestum
1417 5012 1585 5076 tamen
1607 5015 1773 5076 semen
1790 5015 1809 5051 :

257 5094 379 5147 quae
425 5069 588 5132 verba
633 5079 789 5132 aliter
839 5069 1231 5147 distinguuntur
1279 5075 1330 5125 in
1359 5072 1508 5147 Colb.
1541 5069 1808 5147 secundo;

259 5137 654 5276 i'dqtgjmelius,
684 5155 742 5202 et
782 5147 957 5202 verbis
984 5137 1180 5202 Grazcis
1225 5140 1647 5197 convenientius.
1673 5137 1813 5205 Lege

259 5233 362 5271 con
483 5233 590 5269 um.

257 5233 362 5271 COD
370 5226 590 5271 textum.

332 5285 359 5323 ά
390 5275 466 5338 Ex
489 5286 694 5340 duobus
720 5283 867 5339 libris
887 5283 1154 5338 veteribus
1183 5295 1368 5335 vocem
1395 5286 1474 5333 est
1499 5275 1810 5331 addidimus.

258 5353 460 5408 {bidem
489 5354 638 5409 Colb.
665 5353 948 5418 secundus,
976 5362 1025 5406 et
1052 5354 1144 5406 hoc
1167 5351 1266 5404 vim
1294 5349 1521 5418 seminis.

334 5433 358 5461 ⁸
399 5423 594 5477 Totum
622 5424 767 5484 illud,
799 5413 990 5484 quanta
1017 5422 1123 5474 alia
1152 5430 1270 5473 tunc
1295 5417 1447 5471 simul
1492 5413 1812 5484 emergebant

260 5493 658 5573 urgenterhhazc
686 5483 991 5561 producente
1019 5499 1231 5568 natura,
1257 5503 1326 5542 ex
1354 5486 1582 5573 antiquis
1607 5483 1813 5537 duobus

264 5556 413 5616 libris
452 5556 718 5630 adjectum
756 5569 838 5614 est
867 5578 879 5611 :
906 5575 1130 5630 quorum
1178 5559 1232 5610 in
1279 5573 1386 5611 uno
1415 5556 1605 5622 legitur
1632 5560 1808 5605 tamen

263 5629 553 5702 corrupte,
564 5638 798 5702 urgentes
828 5647 845 5682 :
875 5631 928 5684 in
971 5629 1139 5683 altero
1166 5634 1416 5696 corrupte
1459 5636 1693 5694 quoque,
1721 5638 1811 5674 ur-

263 5711 494 5764 guenter.
518 5701 720 5760 Graece.
747 5702 1073 5762 ἠπιιναένως,
1099 5705 1352 5762 urgenter.

1997 4719 2016 4757 τ
2051 4718 2276 4772 Veteres
2301 4715 2406 4768 duo
2434 4712 2572 4776 libri,
2603 4722 2882 4780 provocans
2911 4722 3023 4760 nos.
3053 4702 3173 4758 Vox
3202 4701 3478 4780 pesterion

1916 4791 1982 4844 ab
2011 4771 2165 4842 editis
2193 4786 2396 4838 aberat.
2420 4771 2619 4835 Ibidem
2650 4778 2817 4832 nostri
2848 4784 2956 4830 tres
2980 4788 3108 4828 mss.
3145 4771 3493 4843 adifructife-t.

1920 4858 2190 4913 rationem.
2223 4853 2363 4906 Editi
2392 4851 2459 4920 ad
2483 4848 2944 4920 fructiﬁcatjonem.

1989 4905 2204 4989 {Ei—liti,
2226 4905 2531 4993 quibusdam
2554 4905 2688 4971 vitis.
2749 4914 2890 4968 Libri
2916 4919 3144 4976 veteres,
3175 4905 3494 4981 quibusdam;-

1912 4997 2074 5051 vitcis.

1985 5045 2260 5128 {Antiqui
2287 5058 2394 5112 duo
2446 5055 2605 5128 l_ibri_,
2650 5051 2931 5128 σρηραιιηε.
2965 5049 3142 5128 Alius,
3173 5045 3477 5128 conﬁciunt,

1913 5133 2074 5196 Editi,
2104 5119 2647 5199 conﬁngunt.AStatim_
2665 5119 2816 5199 Colb.
2845 5119 3126 5182 secundus,
3155 5126 3201 5170 et
3234 5130 3476 5170 exsecra-

1915 5203 2037 5257 biles
2061 5193 2480 5268 ambilus'gloria:
2501 5193 2575 5268 uel
2597 5193 2908 5268 divitiarum.

2301 5249 2663 5332 scrutationem
2697 5253 3316 5332 disputationis‘artiﬁcis‘.
3336 5249 3480 5303 Libri

1913 5320 2124 5395 veteres
2138 5320 2204 5390 ad
2214 5335 2576 5390 scrutationem
2587 5320 2935 5398 dispositionis
2947 5326 3045 5378 arti
3044 5323 3160 5444 gcis
3184 5320 3253 5374 'ln
3269 5320 3481 5379 Graeco,

1915 5417 2003 5444 -λί
2021 5432 2042 5444 ρ
2079 5413 2167 5444 -J...
2193 5406 2401 5444 ἔηεειυηυ
2427 5408 2669 5444 η-ι-ννηηῖιν
2714 5396 3007 5444 διατάξεων.
3087 5391 3206 5444 ευὶο
3235 5397 3360 5442 ante
3383 5403 3481 5444 DTO

2191 5406 2401 5482 ἕρευναγ
2427 5391 2679 5482 τςχκτικτξιί
2714 5396 3012 5482 δξᾳίτςξξεωνἶ
3044 5391 3206 5470 Paulo
3235 5397 3372 5482 ante
3383 5403 3482 5456 pro

1912 5455 2003 5533 sald
2020 5455 2174 5530 Lai};
2189 5455 2891 5541 egrantiquis'duobuslibris
2911 5455 3480 5541 scripsimusnse'd'jam.

2001 5525 2550 5599 ivvetere'sﬁduo-libri
2575 5545 2628 5590 et
2656 5534 2804 5595 editi,
2836 5525 3180 5599 exspectatur.
3210 5525 3360 5580 Colb.
3393 5539 3480 5599 se-

1919 5592 2463 5739 cupduls’ispectatur.
2495 5607 2779 5672 Aliquanto
2795 5592 3058 5670 post-duo
3089 5611 3241 5662 mss.,
3273 5592 3482 5648 summit

1922 5694 1968 5739 et
2010 5699 2092 5739 em
2159 5698 2203 5736 δ.

1922 5694 1968 5740 et
1991 5684 2203 5740 lenibus.
