3824 6214
377 283 482 344 919

1341 277 2012 342 APPENDIXDPERUM
2059 277 2117 330 S.
2162 275 2406 330 BASILII
2445 273 2682 329 MACNI.

3541 297 3666 352 920

397 427 498 485 quo
534 412 702 466 oeﬁxa
729 410 1012 480 stipitibus,
1037 410 1140 463 alia
1177 409 1494 471 humiliora;
1526 414 1583 462 et
1609 406 1676 462 de
1701 416 1727 444 ι
1755 407 1938 476 stirpi-
1966 412 2016 467 Α
2043 405 2380 460 hortensibus
2407 413 2652 460 narratur
2681 419 2953 474 apponere
2979 423 2990 458 :
3023 407 3262 461 nonnulli
3289 409 3454 462 etiam
3504 410 3629 461 fru-

397 503 496 558 bus
516 502 628 557 suis
654 500 836 556 oculos
861 500 1038 569 plures
1064 499 1352 553 fundentia.
1384 498 1451 551 Et
1477 514 1703 565 quorum
1727 498 1953 552 vertices

402 601 516 646 aunt
544 592 769 656 excelsi,
817 605 1002 643 eorum
1041 589 1243 643 radices
1286 589 1606 654 multiplices
1635 596 1688 640 ct
1731 586 1950 655 profun-

389 681 566 734 «liores
588 681 753 752 729
766 679 1050 741 habentur,
1080 675 1133 730 in
1150 675 1400 744 circoque
1414 671 1617 728 diffusa:
1634 688 1796 744 :quas
1812 674 1955 732 velut

395 771 695 825 fundamina
741 768 985 838 quaedam
1028 774 1217 820 natura
1271 765 1515 834 subjecit,
1547 766 1740 833 quibus
1786 765 1954 818 moles

391 860 726 929 superposita
765 859 940 912 valeat
966 856 1268 911 sustentari.
1298 853 1505 920 Quanta
1540 854 1703 908 etiam
1732 853 1954 906 diversi-

394 959 475 1003 tas
504 951 556 1002 in
577 948 864 1003 corticibus
885 953 982 1009 est,
1011 945 1036 983 ι)
1065 959 1289 1012 quorum
1337 944 1425 997 alii
1451 943 1602 998 lenes
1638 949 1766 997 sunt
1791 947 1846 995 et
1873 941 1955 993 ni-

396 1039 509 1104 tidi,
541 1037 781 1093 nonnulli
814 1035 1003 1090 nodosi
1049 1043 1104 1088 et
1145 1035 1341 1102 asperi,
1371 1034 1458 1086 alii
1507 1033 1791 1100 simplices,
1823 1032 1956 1084 certi

397 1127 558 1181 etiam
588 1126 765 1180 multis
785 1124 1017 1179 conserti
1040 1122 1383 1176 caudicibus?
1405 1121 1473 1176 Et
1494 1121 1636 1190 quod
1663 1123 1830 1187 magis
1851 1121 1954 1174 mi-

396 1217 621 1282 raberis,
648 1217 938 1270 senectutis
964 1222 1020 1267 et
1045 1213 1335 1282 juventutis
1378 1213 1621 1266 humanae
1665 1211 1954 1266 similitudo

398 1305 660 1373 reperitur
681 1304 739 1365 jn
767 1304 862 1357 eis.
907 1302 1036 1355 Nam
1065 1303 1396 1356 novellorum
1424 1310 1476 1356 et
1503 1302 1816 1370 pollentium
1843 1302 1952 1354 vir-

396 1395 658 1460 gultorum
686 1391 940 1446 deductus
987 1399 1043 1446 et
1071 1400 1250 1444 tensus
1279 1399 1362 1444 est
1406 1399 1623 1455 cortex;
1670 1405 1955 1444 senescen-

400 1486 530 1535 tium
563 1498 689 1535 vero
738 1495 960 1547 rugosus
990 1488 1044 1533 et
1071 1479 1274 1533 scaber.
1321 1477 1401 1531 Ex
1430 1479 1511 1534 his
1547 1479 1790 1549 quaedam
1835 1495 1957 1534 cum

396 1573 592 1625 fuerint
641 1578 912 1639 amputata
953 1571 1332 1638 regerminant,
1363 1570 1465 1624 alia
1493 1587 1620 1625 mox
1648 1586 1768 1625 cum
1805 1578 1956 1624 trun-

397 1669 586 1713 cantur
613 1666 888 1722 arescunt,
921 1668 1172 1725 tanquam
1218 1665 1445 1712 mortem
1474 1659 1755 1726 quamdam
1783 1675 1849 1714 ex
1877 1661 1958 1713 in-

2049 505 2194 550 ctum
2221 496 2454 565 capriﬁci
2483 494 2789 551 domesticis
2808 496 3043 564 alligant,
3067 497 3401 552 conferendae
3420 499 3631 552 valitu-

2048 587 2187 641 dinis
2208 602 2390 651 causa,
2412 600 2520 654 quo
2540 587 2748 654 possint
2773 587 3012 654 germina
3031 602 3126 640 sua
3154 587 3386 641 retinere
3413 587 3632 641 caden-

2051 677 2144 729 tia.
2171 674 2337 744 Cujus
2364 677 2442 730 rei
2469 675 2717 730 videlicet
2745 674 2908 744 ﬁgura
2961 691 3181 730 monere
3225 691 3325 730 nos
3378 675 3633 730 creditur

2051 774 2110 818 ut
2154 779 2504 832 agnoscamus
2548 766 2672 834 quia
2719 773 2932 834 oportet
2983 764 3298 834 plerumque
3342 766 3509 818 etiam
3555 765 3629 818 ab

2051 855 2362 922 alienigenis
2381 869 2572 924 capere
2600 870 2698 908 nos
2740 853 2859 909 ﬁdei
2887 855 3286 917 documentum,
3309 854 3373 906 ad
3404 854 3626 922 profes-

2052 944 2256 997 sionem
2285 944 2547 998 bonorum
2574 959 2794 1012 operum
2821 943 3211 997 declarandam.
3241 942 3298 996 Si
3327 942 3345 979 ί
3369 945 3520 996 enim
3543 945 3628 995 vi-

2053 1034 2196 1087 deris
2223 1033 2524 1102 quempiam
2568 1033 2636 1087 de
2681 1033 2964 1102 gentilibus
2997 1041 3091 1086 aut
3119 1033 3384 1087 haereticis
3411 1033 3481 1085 ab
3513 1031 3626 1086 Ec-

2052 1127 2212 1179 clesia
2242 1125 2451 1180 Domini
2489 1133 2844 1192 segregatum,
2870 1123 2994 1177 vitae
3037 1138 3354 1191 morumque
3380 1123 3623 1176 cultibus

2053 1216 2389 1270 houestatum
2405 1231 2418 1278 ;
2437 1216 2565 1269 eniti
2581 1214 2798 1268 debebis
2812 1213 3123 1282 impensius,
3138 1221 3192 1268 et
3209 1211 3443 1267 studium
3467 1221 3624 1266 tuum

2053 1306 2221 1372 magis
2245 1321 2308 1359 ac
2331 1306 2498 1372 magis
2527 1318 2723 1371 augere
2743 1319 2850 1372 quo
2881 1305 3052 1374 possis
3072 1303 3326 1358 accedere
3346 1319 3518 1372 prope
3559 1303 3626 1355 il-

2053 1397 2159 1449 lam
2189 1393 2513 1450 fructiferam
2565 1394 2742 1461 ﬁcum,
2768 1409 2887 1463 quae
2926 1394 2994 1449 de
3017 1396 3271 1449 societate
3293 1395 3623 1450 silvestrium

2054 1487 2291 1549 vigorem
2340 1493 2580 1539 mutuata
2627 1484 2933 1549 fecundum,
2975 1485 3104 1538 vitia
3142 1484 3354 1552 quidem
3403 1484 3624 1536 molesti

2056 1575 2228 1632 ﬂuxus
2256 1576 2503 1640 inhibuit,
2542 1575 2773 1630 subsidia
2810 1591 2939 1630 vero
2975 1575 3162 1629 vicinae
3198 1573 3491 1629 fertilitatis
3530 1589 3621 1626 ar-

2059 1667 2238 1736 ripuit.

399 1751 614 1804 cisionis
644 1749 833 1818 injuria
864 1749 1194 1818 perferendo.
1221 1749 1400 1803 Multis
1422 1765 1550 1804 sane
1573 1752 1853 1819 probatum
1873 1761 1955 1804 est
1986 1751 2029 1808 B
2127 1758 2178 1810 8.
2209 1758 2372 1824 Igitur
2398 1757 2444 1812 si
2474 1765 2622 1811 tanta
2649 1758 2784 1812 ratio
2805 1757 3163 1825 generationis
3185 1755 3392 1808 illarum
3418 1762 3504 1809 est
3521 1795 3537 1818 ,
3563 1762 3624 1808 ut

399 1843 522 1910 quia
549 1849 747 1896 exustae
764 1841 851 1896 vel
876 1841 1052 1894 incisae
1083 1851 1104 1879 ο
1130 1841 1285 1909 pinus
1316 1840 1369 1894 in
1399 1855 1585 1894 nemus
1606 1840 1955 1908 glandiferum

399 1949 460 1986 se
489 1931 888 1986 transformant.
919 1930 1112 1985 Notum
1133 1939 1215 1984 est
1243 1931 1404 1985 etiam
1431 1931 1688 2000 quasdam
1735 1931 1958 1998 diligen-

401 2023 472 2076 tia
500 2023 761 2076 cultorum
807 2027 1040 2083 curatas,
1074 2020 1300 2074 naturali
1345 2021 1556 2089 penitus
1607 2020 1807 2073 malitia
1861 2035 1955 2074 ca-

401 2115 589 2166 ruisse.
633 2112 764 2166 Nam
812 2112 950 2165 mala
996 2112 1185 2179 punica
1239 2126 1358 2178 quae
1412 2119 1536 2164 sunt
1581 2110 1957 2177 acidiora,vel

401 2219 613 2258 amaras
656 2202 984 2273 amygdalas,
1011 2201 1113 2256 hoc
1151 2201 1312 2255 modo
1341 2201 1516 2255 ferunt
1555 2216 1712 2269 posse
1741 2202 1956 2268 molliri,

401 2293 445 2346 si
471 2291 617 2359 juxta
649 2291 898 2354 radicem,
933 2291 1131 2344 truncis
1157 2305 1340 2343 earum
1383 2290 1663 2344 terebratis
1694 2290 1841 2344 tandm
1867 2305 1960 2344 cu-

405 2394 537 2432 neus
567 2393 660 2446 per
687 2378 916 2431 medium
942 2378 1171 2431 cardinis
1219 2376 1576 2444 transﬁgatur,
1603 2394 1817 2432 omnem
1844 2395 1961 2433 mo-

407 2471 612 2524 lestiam
669 2470 873 2538 saporis
936 2469 1247 2536 incongrui,
1305 2470 1599 2523 mutatione
1665 2471 1960 2526 dulcedinis

411 2567 763 2627 rxempturus.
795 2559 996 2614 Idcirco
1024 2560 1198 2613 nullus
1225 2561 1498 2614 hominum
1545 2563 1772 2629 caligine
1808 2563 1959 2616 mali—

421 2650 620 2715 taitatis
650 2645 678 2685 ει
707 2648 906 2703 oﬁ'usus
933 2648 998 2702 de
1037 2649 1249 2718 propria
1277 2649 1450 2703 salute
1493 2650 1757 2719 desperet,
1787 2653 1960 2706 sciens

404 2739 549 2806 quod
593 2738 911 2805 agricultura
940 2737 1154 2804 quidem
1184 2752 1461 2804 pomorum
1491 2739 1774 2804 qualitates
1804 2739 1960 2792 redu-

408 2829 484 2883 cit
511 2829 564 2882 in
591 2829 797 2891 melius,
844 2827 994 2882 labor
1041 2837 1218 2900 autem
1245 2827 1494 2894 spiritalis
1521 2837 1710 2897 potens
1733 2839 1816 2884 est
1841 2846 1959 2884 om-

406 2919 550 2972 nium
580 2917 882 2971 morborum
908 2932 1160 2986 superare
1199 2918 1505 2986 nequitiam.
1554 2918 1622 2972 Et
1668 2935 1797 2975 sane
1844 2930 1962 2975 tau-

410 3020 516 3062 tam
545 3009 598 3062 in
638 3009 886 3063 arborum
926 2997 1600 3066 fecunditatibus'videmus
1621 3025 1739 3066 esse
1757 3013 1961 3066 distan-

2056 1850 2146 1904 vix
2173 1865 2341 1918 pauca
2370 1865 2469 1918 pro
2495 1849 2674 1902 multis
2701 1849 3031 1918 potuerimus
3051 1861 3338 1916 exponere,
3361 1845 3482 1915 quis
3511 1860 3627 1898 om-

2057 1943 2202 1994 nium
2253 1940 2519 1994 fructuum
2569 1939 2891 2006 varietates,
2939 1938 3226 2007 qualitates
3277 1937 3627 1990 schematave

2056 2037 2360 2099 percurrat,
2392 2038 2447 2082 et
2471 2037 2670 2098 quanta
2717 2028 2772 2081 in
2818 2028 3037 2094 singulis
3082 2027 3343 2080 habeatur
3389 2025 3624 2088 utilitas,

2055 2135 2176 2174 cum
2203 2119 2310 2172 sint
2337 2119 2452 2171 aliae
2480 2132 2598 2186 quae
2626 2117 2739 2171 sole
2767 2126 2791 2162 8
2821 2117 3055 2170 decocta:
3080 2122 3475 2178 maturescunt,
3501 2113 3622 2166 aliae

2056 2226 2175 2279 quae
2195 2219 2619 2278 tegumentorum
2649 2209 2894 2277 praesidio
2921 2207 3153 2261 defensa:
3179 2205 3531 2276 plenescunt?
3553 2203 3623 2256 Et

2057 2303 2324 2372 quomodo
2353 2317 2538 2356 eorum
2566 2316 2684 2369 qua:
2736 2300 2952 2354 mollem
2996 2298 3228 2354 fructum
3269 2297 3447 2351 ferunt
3492 2294 3622 2351 folia

2061 2391 2281 2446 fortiora
2311 2399 2453 2456 sunt,
2485 2391 2621 2444 sicut
2649 2389 2762 2453 ﬁci;
2786 2403 3012 2456 quorum
3060 2395 3238 2440 autem
3289 2385 3491 2439 fructus
3517 2382 3621 2436 du-

2059 2481 2168 2534 rior
2194 2480 2417 2533 habetur
2452 2479 2880 2533 membranarum
2928 2482 3139 2529 textura
3173 2473 3201 2511 ιι
3234 2474 3471 2528 tenerior
3513 2480 3620 2538 est,

2059 2573 2198 2626 sicut
2224 2586 2388 2625 nuces
2412 2588 2424 2622 :
2457 2571 2582 2640 quia
2610 2569 2738 2624 ﬁcus
2766 2568 3014 2622 videlicet
3040 2575 3258 2635 propter
3285 2565 3621 2618 imbecillita-

2060 2672 2168 2717 tem
2190 2663 2380 2716 mcrito
2402 2661 2602 2730 ﬂagitat
2621 2677 2777 2730 opem
2804 2659 3020 2728 majoris
3041 2659 3244 2724 auxilii,
3273 2657 3498 2709 nucibus
3527 2672 3593 2708 au

2061 2763 2168 2807 tem
2193 2753 2459 2806 lacsionem
2488 2751 2662 2806 facere
2690 2751 2949 2820 potuisset
2971 2749 3188 2803 densior
3206 2748 3443 2816 opacitas
3466 2747 3620 2798 foliu-

2061 2857 2198 2895 rum.
2234 2840 2520 2910 Pampinus
2548 2842 2708 2894 etiam
2752 2855 2912 2908 quam
2939 2839 3326 2892 rationabiliter
3362 2835 3621 2890 multiﬁda

2061 2930 2378 2985 formatione
2405 2928 2669 2998 perfectus
2690 2937 2790 2991 est,
2814 2938 2874 2983 ut
2902 2945 2998 2982 uva
3023 2943 3119 3005 per
3137 2943 3256 2981 eam
3277 2935 3483 2995 partem
3504 2941 3624 2993 qua:

2063 3021 2276 3090 tegitur,
2308 3021 2448 3075 aeris
2476 3020 2698 3089 repellat
2742 3019 3008 3088 injuriam,
3033 3034 3130 3088 per
3173 3033 3290 3084 eam
3344 3033 3475 3070 vero
3503 3029 3622 3085 quae

405 3101 552 3165 ιίθων
580 3108 830 3167 quamam
877 3113 976 3153 nec
1002 3099 1166 3152 verbo
1200 3099 1411 3168 quidem
1461 3115 1743 3169 Possumus
1789 3104 1960 3172 expli-
1989 3104 2034 3166 C
2066 3119 2227 3178 patet,
2260 3109 2495 3165 fomenta
2524 3110 2695 3164 solani
2737 3109 2930 3164 caloris
2956 3110 3207 3178 excipiat.
3258 3108 3398 3162 Nihil
3442 3109 3620 3173 itaque

404 3204 548 3244 care.
573 3189 754 3258 Neque
775 3189 916 3242 enim
958 3188 1129 3242 solum
1159 3188 1211 3242 in
1242 3189 1448 3243 alterno
1471 3203 1668 3256 genere
1713 3193 1959 3248 discretio

406 3275 606 3331 fetuum
631 3279 959 3341 continetur;
986 3277 1080 3331 sed
1109 3277 1163 3330 in
1191 3279 1410 3345 singulis
1436 3281 1596 3334 etiam
1622 3281 1847 3350 plurima
1875 3284 1958 3338 di-

406 3367 626 3420 versitas
652 3367 932 3420 invenitur.
964 3365 1234 3434 Siquidem
1265 3367 1407 3420 aliud
1434 3369 1701 3436 specimen
1749 3386 1954 3426 mascu«

406 3455 499 3509 lini
524 3457 740 3521 fructus,
765 3455 910 3510 aliud
929 3455 1186 3519 feminini,
1205 3457 1467 3511 cultorum
1492 3459 1660 3514 fertur
1685 3462 1960 3518 tradidisse

405 3547 617 3601 solertia
644 3565 656 3598 :
691 3558 714 3583 ε
745 3547 836 3616 qui
864 3547 1024 3601 etiam
1051 3547 1254 3615 palmas
1280 3548 1472 3614 gemini
1499 3563 1616 3603 esse
1637 3565 1794 3606 sexus
1819 3552 1960 3606 afﬁr-

404 3643 569 3688 mant.
601 3635 731 3690 Nam
761 3635 965 3689 videtur
1005 3636 1274 3705 quomodo
1303 3637 1442 3706 apud
1479 3654 1572 3692 eos
1601 3653 1718 3706 quae
1765 3639 1960 3696 femina

404 3727 726 3793 nominatur,
757 3740 933 3779 ramos
952 3726 1198 3794 proprios
1225 3727 1470 3780 incurvat
1490 3727 1558 3782 ad
1589 3746 1787 3784 marem
1815 3732 1960 3786 velut

401 3816 736 3872 concubitum
778 3824 994 3886 petens,
1047 3825 1103 3870 ut
1148 3818 1316 3886 possit
1359 3833 1427 3872 ex
1479 3819 1594 3888 ejus
1635 3821 1960 3877 admixtione

400 3909 702 3976 concipere.
727 3905 873 3961 Unde
902 3907 1160 3977 ingeniosi
1186 3909 1452 3977 agricolae,
1480 3911 1716 3967 sublatos
1743 3913 1810 3967 de
1837 3929 1952 3968 ma-

400 3997 548 4053 sculo
574 4005 748 4052 certos
773 3997 978 4063 oculos,
1007 3996 1215 4050 feminae
1244 3997 1490 4052 dicuntur
1517 4000 1780 4066 inserere;
1804 4012 1860 4057 et
1879 4005 1952 4056 ita

402 4087 552 4156 quasi
580 4088 725 4141 coitu
761 4087 1058 4141 desiderato
1102 4088 1308 4156 repleta
1355 4087 1634 4144 confestim
1687 4093 1959 4149 subductis

401 4177 630 4231 brachiis
651 4176 927 4244 pristinum
955 4176 1180 4230 recurrit
1209 4175 1275 4228 ad
1295 4184 1508 4230 statum.
1541 4176 1663 4232 llaec
1690 4189 1866 4234 autem
1888 4181 1958 4237 de

401 4265 514 4322 ﬁcis
539 4279 751 4334 quoque
771 4272 1072 4318 narrantur.
1104 4265 1234 4318 Nam
1255 4266 1470 4335 quidam
1491 4267 1697 4336 plantas
1719 4281 1956 4337 agrestes

2061 3199 2358 3260 fortuitutn,
2388 3199 2519 3252 nihil
2547 3198 2906 3252 irrationabile
2933 3197 3126 3252 factum
3158 3197 3417 3251 videmus.
3450 3194 3543 3249 Est
3564 3198 3617 3250 in

2062 3288 2307 3341 omnibus
2332 3287 2614 3340 ineffabilis
2658 3287 2898 3354 quaedam
2951 3286 3295 3353 mirandaque
3331 3285 3612 3352 sapientia.

2061 3377 2190 3442 Quae
2211 3386 2387 3431 autem
2411 3391 2560 3430 mens
2584 3383 2677 3429 aut
2711 3376 2862 3442 cujus
2889 3375 3130 3428 facundia
3165 3375 3391 3428 suﬁiciet
3419 3372 3433 3410 ί
3470 3390 3619 3427 com-

2061 3467 2390 3535 prehendere
2417 3472 2608 3522 cuncta
2636 3460 2915 3524 subtiliter,
2946 3472 3006 3518 ut
3031 3473 3085 3517 et
3107 3463 3459 3532 contemplari
3489 3478 3603 3531 pro-

2061 3557 2313 3625 prietates
2332 3556 2525 3620 valeat,
2542 3563 2598 3609 et
2615 3555 2915 3608 discernere
2935 3553 3256 3608 differentias
3267 3553 3618 3619 singulorum,

2059 3645 2143 3699 vel
2167 3645 2445 3698 latentium
2469 3644 2679 3712 penitus
2707 3657 2985 3696 causarum
3007 3649 3213 3695 secreta
3242 3641 3456 3694 rimari?
3476 3639 3619 3706 Quo-

2059 3734 2218 3788 modo
2247 3749 2385 3788 unus
2413 3733 2657 3800 idemque
2691 3735 2883 3786 humor
2918 3748 3012 3800 per
3039 3731 3377 3785 arbustorum
3408 3730 3616 3784 radices

2058 3831 2336 3888 attractus,
2362 3823 2412 3876 in
2453 3821 2626 3876 ofﬁcia
2655 3836 2938 3875 numerosa
2967 3821 3307 3890 dispergitur,
3349 3820 3505 3873 aliter
3531 3820 3613 3888 ip-

2058 3927 2172 3966 sam
2189 3910 2419 3964 radicem
2441 3909 2701 3974 nutriens,
2719 3908 2875 3962 aliter
2889 3909 3159 3972 corticem,
3174 3908 3328 3960 aliter
3350 3915 3614 3973 truncum,

2060 4012 2114 4058 et
2159 4002 2312 4055 aliter
2339 3999 2663 4054 medullam?
2691 4007 2747 4052 et
2791 3998 3060 4068 quomodo
3112 4013 3254 4052 nunc
3305 3996 3490 4052 folium
3540 3996 3611 4058 ﬁt,

2060 4108 2200 4148 nunc
2247 4093 2298 4145 in
2344 4088 2592 4159 palmites
2647 4105 2928 4157 ramosque
2956 4091 3231 4154 formatur,
3261 4097 3316 4142 et
3359 4087 3611 4141 fructibus

2058 4183 2256 4252 praebet
2279 4181 2529 4234 alimenta
2551 4179 2856 4234 crescendi?
2877 4177 3160 4250 Lacrymas
3179 4178 3340 4231 etiam
3362 4177 3611 4246 quasdam

2056 4288 2152 4328 per
2188 4285 2364 4326 ramos
2390 4268 2577 4324 eadem
2600 4267 2772 4323 fundit
2798 4269 3040 4334 materia,
3061 4282 3285 4337 quarum
3313 4274 3511 4336 quanta
3546 4266 3612 4321 sit

473 4476 498 4502 ἰ
524 4465 677 4537 Colb.
707 4464 995 4537 secundus,
1021 4475 1072 4518 et
1117 4465 1180 4537 de
1207 4466 1589 4537 stipitibussuts
1617 4470 1808 4534 oculos,
1837 4479 1945 4525 etc.
1964 4477 2028 4537 Δ1)
2120 4470 2145 4507 ἀ
2175 4468 2328 4524 Colb.
2359 4468 2647 4531 secundus,
2679 4469 2922 4536 suﬁ'usus.
2948 4467 3136 4522 Statim
3159 4466 3309 4524 editi.
3335 4468 3607 4536 ρνίιηοηιπι

401 4533 702 4590 Eustathius
747 4535 1045 4603 exprimere
1087 4534 1256 4587 voluit
1301 4535 1428 4588 illud
1456 4536 1655 4601 Basilii,
1687 4545 1768 4592 καὶ
1797 4533 1951 4600 tot»):

401 4608 498 4686 ᾁπὸ
525 4613 638 4686 *τῆς
686 4606 826 4676 ῥίζης
875 4606 944 4686 εἰς
995 4604 1180 4686 fama;
1232 4606 1458 4686 ἐιςφιξσεις
1488 4603 1774 4686 ¹διῃρημένοι
1797 4624 1830 4686 ;.
1855 4623 1954 4663 nec

398 4675 597 4796 inepte,
620 4673 742 4728 cum
781 4674 955 4726 oculus
989 4673 1056 4726 de
1084 4673 1190 4726 vite
1235 4673 1384 4726 et'de
1425 4673 1706 4729 arboribus
1752 4677 1948 4731 usitate

437 4758 514 4796 tea
543 4757 621 4795 ur.

437 4751 621 4796 icatur.

468 4810 496 4849 ιι
525 4809 681 4873 Editi,
713 4827 924 4879 quorum
953 4811 1070 4864 alia:
1095 4811 1230 4864 lenes
1252 4819 1301 4864 et
1337 4812 1534 4877 nitidas,
1565 4815 1825 4868 nonnulla:
1854 4831 1950 4867 no-

399 4881 536 4934 dosa:
573 4890 620 4932 et
657 4896 873 4946 asperae,
903 4880 1019 4933 alia:
1056 4882 1326 4949 simwices,
1371 4891 1565 4936 canem
1586 4883 1739 4935 etiam
1777 4885 1949 4936 multis

400 4959 641 5003 conserta:
661 4949 988 5001 caudicibus:
1019 4964 1135 5016 quae
1161 4951 1416 5020 scriptura
1447 4952 1489 5004 si
1511 4952 1596 5004 cui
1627 4953 1852 5020 placeat,
1877 4955 1948 5004 Ie-

400 5028 488 5086 gat
515 5026 728 5087 oportet
755 5034 989 5087 quarum,
1007 5033 1126 5071 cum
1147 5019 1402 5086 scriptum
1423 5021 1492 5072 sit
1510 5019 1646 5081 alim,
1663 5021 1944 5083 nonnulltv,

399 5085 501 5141 etc.
535 5085 747 5153 Antiqui
768 5085 872 5139 duo
904 5087 1038 5146 libri,
1072 5097 1127 5139 ut
1150 5088 1200 5139 in
1246 5085 1515 5142 eontextu.
1556 5089 1751 5144 Ibidem
1795 5090 1945 5144 Colb.

401 5157 675 5227 secundus,
706 5166 754 5207 et
776 5156 908 5227 quod
935 5157 1094 5226 magis
1121 5157 1367 5208 mirabile.

472 5235 493 5261 ε
525 5223 664 5276 Editi
692 5233 748 5296 et
771 5223 1175 5296 ('lolbaprimus,
1206 5227 1354 5296 pinus
1395 5227 1736 5296 glandiferam
1775 5237 1947 5278 trans-

402 5295 640 5345 formant.
676 5294 820 5346 Alter
833 5294 1018 5365 _Colb.,
1046 5298 1194 5363 pinus
1221 5295 1275 5346 in
1298 5294 1472 5348 uenias
1511 5294 1861 5365 grtmdiferum
1891 5313 1945 5348 se

403 5367 789 5429 transformata.
820 5362 999 5435 godex
1028 5362 1228 5425 noster,
1259 5365 1409 5435 pinus
1445 5362 1862 5435 iniglandi'ferum
1893 5382 1945 5416 se

403 5441 787 5502 trartsjjormant.
821 5431 1044 5502 Dubium
1069 5448 1173 5485 non
1203 5441 1283 5485 est
1319 5433 1442 5499 quin
1471 5434 1572 5499 legi
1598 5431 1842 5502 oporteat
1871 5435 1943 5485 uti

405 5515 451 5550 nn
479 5498 628 5554 Colb.
659 5501 891 5555 secundo
919 5503 1172 5569 scriptum
1201 5509 1255 5554 et
1285 5498 1577 5555 invenimus
1625 5498 1679 5556 et
1733 5503 1941 5554 notavi-

405 5584 544 5631 mus;
575 5571 616 5621 si
646 5578 822 5640 tamen
851 5585 948 5638 pro
971 5571 1321 5640 grandiferum
1347 5585 1410 5624 ex
1441 5571 1556 5625 aliis
1586 5571 1854 5626 codicibus
1877 5571 1945 5624 le-

406 5649 581 5701 gamus
603 5639 776 5698 alandi
783 5642 960 5694 ferum.

2053 4541 2345 4618 qualitqtes.
2404 4537 2547 4618 Libri
2573 4547 2804 4618 veteres
2826 4553 3134 4618 ,ρωποι-αξη
3173 4537 3486 4615 qualitates;
3515 4553 3608 4618 nec

2053 4606 2316 4678 putandus
2353 4614 2434 4662 est
2450 4606 2781 4678 Eustathius
2810 4606 2965 4678 aliter
3002 4606 3278 4678 scripsisse
3325 4622 3336 4654 :
3377 4608 3479 4678 _qt:'.
3526 4614 3608 4657 ta-

2053 4674 2176 4732 inen
2241 4691 2394 4730 secus
2449 4676 2786 4743 interpretari
2857 4676 3330 4743 debuisset,icum
3377 4674 3610 4739 legamus

2053 4749 2194 4814 apud
2233 4745 2506 4816 Basilium,
2535 4742 2634 4816 τῷν
2662 4753 2853 4816 φυτῶν,
2886 4745 3146 4816 arborum.
3177 4742 3412 4797 Subinde
3456 4743 3606 4797 Colb.

2051 4813 2331 4878 secundus,
2356 4813 2636 4883 spiritualis
2657 4813 2818 4883 potest
2837 4814 3080 4883 omnium.

2126 4894 2148 4920 θ
2177 4883 2336 4946 Editi,
2357 4881 2475 4953 quin
2522 4885 2694 4936 etiam.
2727 4882 2945 4936 Veteres
2977 4882 3082 4934 duo
3112 4881 3253 4948 libri,
3280 4881 3365 4950 qui
3409 4883 3563 4932 etiam
3585 4897 3603 4934 :

2052 4951 2268 5024 Graece,
2287 4951 2400 5024 says
2417 4956 2515 5024 mi.

2127 5020 2147 5058 τ
2179 5017 2402 5084 Editi,'si
2421 5021 2556 5073 enim
2592 5021 2784 5073 videres
2805 5019 3098 5088 quempiam,
3117 5019 3181 5070 de
3209 5018 3458 5088 gentibus.
3491 5017 3602 5088 An-

2054 5091 2318 5159 tiqui'duo
2359 5089 2477 5159 libri
2505 5089 2581 5141 uti
2611 5090 2662 5142 in
2703 5085 2960 5144 contextu
3002 5087 3104 5159 legi
3146 5085 3340 5159 potest.
3383 5085 3490 5159 Nec
3529 5086 3606 5139 ita

2053 5155 2360 5225 tnﬁltOpost
2400 5157 2548 5219 edit.,
2579 5166 2809 5209 mutuam
2850 5155 3144 5210 secundum.
3200 5156 3268 5208 At
3309 5155 3472 5211 nostri
3503 5164 3614 5208 tres

2053 5243 2205 5294 tnss.,
2233 5234 2464 5280 mutuam
2488 5227 2777 5295 fecundum.

2126 5307 2151 5342 8
2177 5293 2314 5348 Libri
2369 5293 2578 5349 veteres
2599 5335 2614 5355 ,
2661 5297 2956 5348 decocta....
2983 5295 3221 5365 defensa.
3255 5293 3367 5346 Iluc
3415 5294 3528 5365 ipso
3557 5294 3609 5346 in

2056 5365 2174 5418 loco
2203 5365 2350 5424 editi,
2385 5373 2750 5433 tegmentorum
2801 5360 3064 5432 praesidio.
3120 5363 3272 5417 Colb.
3321 5360 3607 5429 secundus.

2048 5444 2464 5502 (egunwnzorum.

2128 5500 2330 5576 δίς-ἰωὴ.
2362 5502 2644 5576 secundus,
2675 5503 2876 5576 tenuior
2901 5509 2995 5554 est.
3105 5569 3116 5576 _
3198 5569 3208 5576 _
3290 5569 3300 5576 _
3350 5567 3362 5576 _
3571 5567 3582 5576 _

2129 5569 2143 5606 ί
2181 5569 2337 5636 Editi,
2363 5571 2790 5639 comprehendere
2829 5579 3060 5624 cunctas.
3089 5569 3303 5635 Antiqui
3333 5567 3438 5621 duo
3467 5567 3607 5634 libri,
3632 5586 3634 5588 ν

2045 5648 2245 5691 cuncta.
