3824 6214
966 323 1340 383 ΕυδΤᾹΤΠΠ
1376 318 1775 378 ΗΕΧᾹΕΜΕΒΙ
1821 319 2312 376 ΜΕἸΑΡΙΙῘᾺΒΙΞ
2354 319 2556 375 LIBER
2594 317 2684 374 Vl.

3355 313 3465 369 993

189 463 332 516 inter
372 473 433 514 se
461 455 756 510 diiferentia
786 453 906 524 quis
950 452 1149 521 poterit
1190 447 1497 517 explicare?
1533 444 1648 498 Alia
1677 453 1762 497 cst
1796 451 1842 507 Α
1869 443 2062 514 faciens
2097 443 2332 509 fructum.
2384 437 2507 491 Mox
2540 444 2599 490 ut
2639 442 2965 505 prmceptum
2994 442 3076 490 est
3103 433 3304 499 datum,
3323 433 3452 505 iuga

189 551 336 606 enim
368 557 396 584 ιι
438 548 672 615 lacryma
725 543 892 598 schini
911 584 928 609 ,
957 542 1092 594 alius
1117 539 1339 594 balsami
1385 552 1598 598 succus,
1629 534 1767 587 alius

187 639 358 690 etiam
379 635 446 688 de
476 633 742 704 Egyptiis
783 631 1100 701 Libycisque
1125 628 1308 682 ferulis
1338 625 1502 680 sudor
1527 633 1764 679 emanat.

191 725 364 778 Fama
393 732 476 778 est
502 738 717 793 quoque
745 721 888 790 quod
931 721 1187 774 electrum
1229 717 1462 786 lacryma
1489 715 1558 767 sit
1585 713 1771 780 cujus-

189 815 321 868 dam
349 814 500 883 ligni,
533 828 684 867 more
711 811 904 880 lapidis
931 811 1214 864 obdurata.
1245 807 1408 875 Cujus
1433 805 1511 859 rei
1539 805 1776 858 testimo-

193 904 289 958 nio
318 912 445 956 sunt
472 902 691 965 surculi,
723 901 812 954 vel
839 899 1089 953 musculae
1116 912 1309 965 parvae,
1340 910 1459 963 quae
1489 893 1774 947 considen-

193 1011 281 1055 tes
300 996 470 1069 730
488 995 540 1048 in
556 991 743 1049 electri
762 988 1036 1044 manantis
1064 1001 1226 1041 succo
1239 1000 1359 1038 cum
1377 983 1646 1053 gelaretur
1661 981 1772 1034 hm-

198 1098 418 1149 nerunt.
438 1089 504 1143 Et
519 1086 744 1142 omnino
775 1085 841 1140 de
855 1097 1040 1137 eorum
1058 1079 1431 1150 qualitatibus,
1449 1075 1552 1129 nisi
1570 1073 1658 1140 qui
1677 1088 1766 1127 ex-

199 1170 466 1240 periendo
489 1169 680 1222 doctus
709 1165 888 1229 fuerit,
911 1164 1122 1234 plenam
1139 1163 1402 1216 rationem
1419 1160 1659 1230 proferre
1673 1175 1781 1214 non

200 1261 410 1331 poterit
437 1277 450 1311 :
482 1256 760 1328 quomodo
786 1257 978 1310 iterum
1007 1271 1075 1309 ex
1101 1255 1216 1323 ipso
1239 1253 1485 1319 humore,
1513 1251 1636 1305 vitis
1663 1251 1783 1319 qui-

204 1349 332 1403 dem
361 1349 547 1402 vinum
576 1353 817 1415 generat,
846 1347 964 1400 olea
1004 1345 1201 1399 oleum.
1230 1343 1299 1396 Et
1327 1359 1436 1397 non
1481 1343 1653 1396 solum
1681 1342 1785 1396 hoc

202 1439 460 1492 mirabile
486 1446 588 1504 est,
617 1437 743 1504 quia
766 1435 940 1489 dulcis
961 1435 1068 1502 hic,
1099 1442 1154 1488 et
1182 1433 1256 1486 ibi
1280 1433 1490 1502 pinguis
1518 1431 1780 1486 eﬂicitur:

201 1528 304 1582 sed
330 1527 480 1595 quod
503 1527 556 1580 in
583 1527 711 1595 ipsis
739 1524 998 1578 fructibus
1026 1523 1307 1592 multiplex
1334 1521 1619 1576 admodum
1647 1520 1673 1558 ι’
1695 1537 1786 1574 sa-

204 1618 362 1686 poris
392 1615 690 1668 mutatione
717 1614 1132 1668 demonstratur.
1157 1612 1272 1665 Alia
1297 1623 1379 1666 est
1399 1612 1540 1666 enim
1558 1610 1788 1665 dulcedi-

203 1707 292 1760 nis
315 1707 550 1774 qualitas
577 1706 629 1758 in
661 1718 783 1768 uva,
811 1702 913 1756 alia
951 1703 1006 1756 in
1034 1703 1196 1767 malo,
1228 1703 1331 1756 alia
1360 1703 1413 1756 in
1440 1700 1572 1765 ficu,
1599 1702 1702 1754 alia
1732 1701 1785 1754 in

1875 530 2133 586 montium
2181 529 2462 582 arboribus
2510 527 2776 580 comantia
2828 525 3263 591 crebrescebant,
3309 527 3453 583 hom

1873 620 2229 676 cernebantur
2249 617 2466 680 exculti,
2491 616 2617 685 ripa:
2647 615 2919 670 ﬂuminum
2940 615 3164 670 diversis
3185 615 3454 670 ll'ondium

1873 710 2158 778 generibus
2202 709 2566 778 replebantur.
2618 707 2854 772 Quarum
2903 706 3144 774 qumdam
3185 705 3456 775 disposite

1875 809 2000 853 sunt
2034 814 2246 854 mensas
2286 814 2550 852 exornare
2597 797 2925 860 mortalium,
2959 796 3224 850 nonnulla:
3264 795 3458 865 pabula

1876 892 2116 963 prtebere
2147 891 2455 962 pecudibus,
2487 890 2604 944 alim
2642 889 2944 944 medicandi
2974 889 3156 943 usibus
3197 899 3220 926 ι’
3263 896 3458 958 aptan-

1877 993 1994 1049 tur;
2024 991 2098 1047 et,
2135 991 2194 1036 ut
2229 984 2452 1052 carptim
2486 982 2683 1047 dicam,
2725 996 3058 1050 quaecunque
3099 982 3252 1036 nobis
3291 994 3458 1050 expe-
3491 1006 3499 1013 -

1879 1075 2070 1127 rientia
2096 1089 2275 1127 rerum
2303 1073 2550 1126 diuturna
2579 1072 2864 1139 congessit,
2896 1072 3130 1138 undique
3157 1070 3461 1133 necessaria

1880 1165 2155 1231 colligens,
2185 1164 2300 1218 base
2327 1163 2660 1217 velocissime
2682 1161 3008 1231 dispensatio
3034 1161 3366 1225 Conditoris,
3393 1160 3463 1215 ab

1883 1255 2036 1308 initio
2074 1253 2247 1306 futura
2287 1253 2616 1322 prospiciens
2655 1252 2901 1319 generari
2940 1251 3239 1305 constituit.
3271 1249 3376 1304 Sed
3405 1257 3464 1303 tu

1885 1360 2006 1398 cum
2044 1344 2239 1397 videris
2282 1341 2594 1406 domestica,
2643 1342 2906 1396 silvestria
2945 1349 3177 1404 terrena,
3221 1340 3462 1408 aquaria,

1888 1435 2072 1499 florea,
2105 1434 2364 1501 majorem
2400 1447 2726 1501 recognosce
2769 1449 2865 1503 per
2910 1433 3152 1500 minima,
3183 1433 3256 1486 ita
3286 1439 3464 1486 tamen

1889 1532 1948 1577 ut
1975 1523 2314 1578 admirationi
2363 1524 2592 1592 prepria:
2631 1524 2972 1578 dilectionem
3015 1522 3288 1577 Creatoris
3335 1522 3470 1590 adji-

1887 1615 2018 1679 cias,
2050 1613 2366 1684 inquirendo
2396 1613 2846 1682 quemadmodum
2877 1623 3024 1668 certa
3053 1613 3319 1681 lignorum
3347 1613 3470 1666 facit

1889 1720 2100 1774 semper
2124 1720 2244 1759 esse
2270 1704 2516 1769 virentia,
2547 1697 2804 1758 nonnulla
2831 1717 2950 1772 qua:
2978 1703 3248 1757 nudantur
3274 1703 3470 1772 hyber-

204 1797 448 1867 dactylo.
481 1794 622 1850 Volo
649 1807 671 1832 ο
699 1794 879 1862 itaque
901 1801 956 1848 te
981 1793 1155 1848 adhuc
1181 1793 1286 1848 hoc
1307 1793 1633 1848 enucleatius
1657 1807 1786 1846 exa-
1822 1800 1864 1858 Β
1893 1810 1983 1859 ηο,
2015 1802 2070 1848 et
2096 1809 2280 1848 rursus
2308 1808 2492 1848 eorum
2520 1808 2639 1862 qua:
2668 1809 2881 1863 semper
2907 1793 3133 1847 virentia
3156 1801 3298 1856 sunt,
3323 1808 3471 1861 qua:-

205 1889 422 1942 minare
453 1887 756 1954 negotium;
779 1884 1050 1954 quomodo
1079 1885 1340 1939 labiorum
1363 1885 1561 1947 sensui,
1590 1885 1788 1952 gustui-

206 1994 321 2049 que
350 1977 741 2047 placidissimus
767 1976 979 2030 videtur
1006 1976 1220 2041 humor,
1245 1991 1366 2030 cum
1397 1977 1448 2029 in
1475 1975 1788 2046 quibusdam

209 2069 395 2139 {armis
449 2067 612 2120 allata
662 2066 974 2120 maturitate
1025 2065 1309 2130 dulcescit,
1343 2067 1396 2120 in
1424 2067 1542 2120 aliis
1571 2066 1792 2120 acerbus

209 2161 450 2216 hahetur
475 2167 532 2214 et
551 2158 742 2212 anxius
770 2173 892 2212 cum
921 2157 1138 2211 acescit.
1159 2155 1453 2210 Contristat
1473 2166 1651 2210 autem
1673 2173 1795 2210 sen-

208 2268 339 2310 sun
367 2267 466 2320 per
491 2250 901 2304 amaritudinem
929 2249 1148 2302 nimiam
1174 2266 1187 2302 :
1219 2263 1338 2303 cum
1359 2264 1417 2303 se
1438 2249 1491 2303 in
1513 2249 1794 2319 absynthio

211 2342 305 2396 vel
356 2341 412 2394 in
463 2339 734 2394 scamonia
763 2337 1048 2392 diﬂ'uderit.
1081 2337 1140 2392 ln
1179 2339 1397 2406 quernis
1449 2353 1598 2402 vero,
1629 2339 1714 2392 vel
1744 2339 1799 2392 in

211 2430 434 2487 corneis
456 2430 646 2499 pomis,
667 2429 913 2499 stipticus
933 2436 988 2482 et
1017 2429 1181 2484 durus
1197 2429 1454 2494 efﬁcitur;
1486 2431 1540 2484 in
1563 2430 1800 2484 terebin-

214 2521 316 2574 tho
347 2527 528 2574 autem
553 2519 638 2572 vel
660 2533 813 2584 nuce,
845 2519 1063 2573 mollem
1087 2521 1275 2590 recipit
1296 2522 1650 2592 pinguemque
1682 2524 1803 2578 sub-

214 2615 502 2669 stantiam.

299 2705 355 2756 9.
385 2703 492 2756 Sed
523 2718 621 2756 cur
647 2699 672 2738 ἀ
706 2703 997 2772 longinqua
1025 2702 1400 2773 prosequimur
1423 2743 1438 2768 ,
1469 2718 1592 2758 cum
1621 2702 1674 2756 in
1702 2718 1806 2756 una

228 2793 534 2860 eademque
557 2793 676 2856 Iicu,
692 2794 851 2847 modo
873 2794 1237 2847 amarissimus
1251 2793 1322 2848 sit
1341 2794 1533 2848 humor
1554 2793 1608 2846 in
1627 2808 1805 2857 succo,

1889 1885 2012 1938 dam
2032 1883 2207 1938 solent
2225 1884 2350 1937 folia
2372 1892 2578 1937 mutare
2600 1884 2846 1948 latenter,
2870 1891 2930 1938 ut
2952 1899 3049 1953 per
3068 1883 3171 1939 hoc
3197 1899 3469 1952 nunquam

1891 1973 2098 2044 possint
2133 1974 2364 2042 propriis
2404 1973 2681 2028 frondibus
2719 1975 2957 2044 spoliari,
2987 1975 3125 2030 sicut
3159 1973 3178 2012 ί
3221 1983 3304 2029 est
3332 1976 3471 2028 oliva

1892 2063 1979 2117 vel
2007 2063 2195 2132 pinus;
2221 2063 2324 2116 alia
2352 2063 2692 2132 sempiternis
2711 2065 2894 2118 induta
2915 2065 3054 2121 foliis
3075 2080 3194 2120 esse
3214 2067 3472 2135 praecipit,

1895 2161 1954 2206 ut
1995 2153 2243 2222 palmam,
2273 2153 2466 2222 quibus
2493 2169 2560 2207 ex
2601 2154 2878 2223 principali
2916 2155 3304 2223 germinatione
3346 2171 3471 2225 per-

1895 2245 2063 2312 ceptis
2098 2258 2266 2311 usque
2306 2243 2374 2297 ad
2416 2251 2719 2298 extremum
2749 2245 2908 2298 linem
2941 2246 3174 2300 creditur
3201 2261 3319 2300 esse
3341 2261 3474 2301 con-

1898 2341 2063 2387 teuta.
2091 2332 2223 2387 Illud
2245 2349 2457 2402 quoque
2479 2333 2776 2400 considera,
2800 2335 3070 2403 quomodo
3093 2337 3254 2390 arbor
3274 2352 3337 2391 ea
3359 2351 3476 2405 quae

1900 2427 2101 2497 myrice
2127 2427 2450 2489 nominatur,
2480 2427 2628 2481 velut
2655 2427 2886 2495 ambigui
2916 2428 3128 2496 generis
3151 2437 3252 2492 est,
3283 2429 3476 2499 quippe

1901 2536 2020 2589 qum
2051 2536 2155 2574 non
2185 2520 2361 2574 minus
2388 2519 2521 2574 locis
2550 2520 2936 2574 humidioribus
2974 2535 3131 2589 quam
3168 2521 3477 2576 siccioribus

1903 2611 2218 2665 delectatur.
2256 2609 2479 2678 Propter
2507 2609 2651 2678 quod
2681 2609 2975 2664 Hieremias
3006 2609 3152 2680 (xvn,
3182 2609 3272 2680 16)
3304 2627 3478 2666 mores

1905 2701 2083 2754 varios
2099 2709 2154 2754 et
2172 2700 2454 2755 mutabiles
2475 2701 2597 2754 huic
2619 2700 2844 2768 virgulto
2861 2700 3148 2769 prudenter
3166 2704 3476 2770 azquiparat.

1979 2792 2063 2846 10.
2097 2789 2359 2845 Germinet
2385 2800 2541 2844 terra.
2568 2790 2732 2858 Igitur
2759 2807 2918 2859 parva
2949 2792 3046 2844 ista
3075 2793 3362 2861 praeceptio
3386 2809 3477 2848 co-

226 2882 397 2936 modo
425 2881 764 2936 dulcissimus
792 2883 844 2936 in
882 2883 1086 2948 fructu,
1127 2883 1182 2937 in
1216 2884 1322 2938 vite
1357 2891 1536 2937 autem
1564 2885 1633 2936 sit
1659 2898 1811 2938 acer—
1909 2883 1984 2952 git
2012 2898 2132 2936 eam
2169 2882 2308 2935 vires
2343 2882 2584 2950 proprias
2613 2891 2636 2927 5
2667 2889 2892 2949 quanta.
2927 2882 3107 2944 habet,
3138 2883 3357 2950 singulis
3383 2900 3479 2937 and

224 2973 331 3025 bus
368 2986 491 3024 cum
529 2971 810 3038 germinat,
841 2973 1020 3028 suavis
1048 2973 1102 3026 in
1143 2989 1244 3027 uva
1289 2974 1533 3026 matura?
1559 2971 1812 3028 Colorum
1910 2991 2101 3030 norum
2145 2974 2422 3028 curriculis
2461 2971 2527 3025 ad
2566 2971 2952 3025 informandum
2977 2985 3144 3039 genus
3173 2973 3478 3041 herbarum,

226 3076 451 3132 quoque
505 3070 732 3130 quantas
767 3063 914 3117 dicas
967 3077 1086 3117 esse
1138 3062 1531 3118 discretiones?
1575 3061 1814 3131 Denique
1911 3064 2174 3118 seminum
2216 3063 2586 3130 lignorumque
2623 3061 2936 3130 producere.
2986 3061 3118 3116 Nam
3156 3064 3290 3118 sicut
3324 3065 3477 3120 turbt.

221 3154 276 3208 si
313 3153 528 3222 quando
568 3153 734 3209 ﬂorea
774 3170 901 3208 rura
945 3156 1274 3224 respexeris,
1322 3155 1524 3210 videbis
1568 3155 1810 3211 eumdem
1842 3155 1886 3215 C
1918 3155 2124 3226 pineus,
2153 3155 2263 3208 ictu
2292 3153 2483 3223 prioris
2512 3154 2747 3208 verberis
2776 3153 3046 3219 incitatus,
3077 3157 3308 3210 curvatis
3351 3173 3478 3227 spa-

235 3246 528 3313 iquorem,
586 3244 855 3313 quomodo
910 3247 1166 3314 puniceus
1213 3245 1426 3314 quidem
1475 3246 1702 3301 habetur
1755 3249 1808 3302 in

221 3340 334 3394 hoc
379 3336 543 3404 ﬂore,
589 3353 888 3408 purpureus
933 3347 1111 3393 autem
1159 3340 1238 3394 vel
1273 3339 1566 3406 candidus,
1599 3341 1682 3393 vel
1711 3355 1808 3392 au-

223 3443 385 3483 rosus
412 3428 467 3482 in
518 3429 642 3494 alio,
689 3427 1052 3497 majoremque
1098 3445 1284 3484 rursus
1329 3429 1509 3484 odoris
1556 3429 1808 3484 differen-

224 3521 383 3587 tiam,
412 3519 574 3588 quam
603 3520 796 3575 coloris
841 3520 1093 3574 ostendit.
1143 3520 1250 3576 Sed
1297 3520 1408 3590 jam
1460 3521 1634 3575 sentio
1678 3521 1809 3574 mihi

225 3624 536 3665 sermonem
566 3610 618 3664 in
646 3611 902 3664 immensa
936 3611 1108 3680 spatia
1137 3611 1604 3687 contemplationis
1632 3609 1806 3663 avidi-

229 3709 345 3754 tate
397 3715 730 3769 proserpere.
786 3699 956 3766 Quem
1007 3701 1109 3756 nisi
1154 3702 1394 3756 vinctum
1455 3701 1521 3754 ad
1572 3701 1806 3755 necessi-

231 3797 402 3843 tatem
429 3797 687 3844 creaturzn
729 3789 1011 3858 redegero,
1048 3791 1160 3845 dies
1188 3806 1274 3846 me
1308 3789 1550 3860 profecto
1577 3789 1804 3856 deficiet,

231 3883 568 3950 magnificam
598 3885 750 3938 vobis
775 3884 1114 3954 sapientiam,
1137 3898 1206 3938 ex
1237 3884 1502 3938 minormn
1527 3898 1809 3952 compara-

230 3975 385 4028 tione
421 3973 760 4042 pandentem.
793 3973 1052 4029 Germinet
1083 3983 1219 4027 terra
1256 3973 1451 4044 lignum
1495 3975 1810 4043 fructuosum

310 4111 334 4138 ι
357 4099 517 4164 Editi,
549 4102 776 4170 lacryma
798 4103 946 4155 sciui.
974 4101 1156 4157 Codex
1183 4111 1388 4166 noster,
1415 4104 1596 4156 saltim".
1619 4103 1803 4158 Gncce

234 4169 673 4252 apudnlliasilium’
687 4177 892 4252 σχίγοιζ.

308 4242 337 4278 δ
367 4239 527 4302 Editi,
558 4239 761 4312 saporis
785 4241 1090 4295 imitatione.
1141 4240 1293 4296 Colb.
1335 4242 1567 4312 primus,
1599 4245 1802 4312 saporis

235 4312 537 4382 mutatione.
570 4308 724 4382 Colb.
771 4313 1070 4382 secundus,
1116 4313 1317 4382 saporis
1337 4308 1612 4378 'mutatio;
1644 4308 1699 4366 et
1727 4315 1800 4367 ita

234 4393 454 4448 quoque
463 4379 530 4452 _iu
561 4379 726 4432 veteri
756 4389 938 4435 nostro
967 4381 1102 4435 libro
1131 4379 1389 4452 scriptum
1413 4391 1494 4437 est
1523 4399 1685 4436 manu
1717 4398 1801 4438 se-

235 4446 430 4523 cunda.
454 4446 656 4523 Graece,
679 4453 708 4507 ἡ
734 4452 1139 4523 πᾳρᾳλλαγήτῆς
1168 4446 1454 4523 ποῖὁτητος.

315 4471 430 4501 uua.
454 4471 656 4512 UFJJCC,
679 4472 708 4507 η
734 4471 965 4523 παραΛΑα

315 4527 337 4554 ο
369 4516 584 4585 Antiqui
611 4517 717 4572 duo
737 4519 875 4585 libri,
906 4471 998 4574 vel

236 4586 590 4641 desideratur.

281 4676 339 4736 ,α
367 4654 525 4721 Editi,
556 4657 828 4730 longinque
854 4662 1224 4732 prosequimur.
1257 4661 1402 4716 Libri
1429 4671 1658 4727 veteres,
1690 4663 1805 4715 lon-

237 4741 449 4798 ginqua.

1913 3249 2000 3302 tiis
2044 3261 2203 3318 gyros
2250 3247 2480 3316 explicat
2523 3254 2814 3310 tortuosos,
2857 3254 3122 3315 acutoque
3169 3248 3478 3305 fundamine

1911 3339 2079 3394 semel
2103 3336 2310 3392 defixus
2337 3337 2623 3406 semetipso
2650 3337 2952 3391 circumfert
2977 3354 2990 3402 ;
3022 3338 3092 3391 ita
3118 3347 3318 3394 natura:
3341 3341 3478 3395 ratio

1909 3445 1978 3484 ex
2007 3429 2184 3498 priore
2203 3427 2296 3484 Dei
2326 3428 2577 3482 mandato
2603 3429 2791 3482 sortita
2816 3428 3152 3497 principium,
3185 3445 3281 3499 per
3316 3445 3478 3486 omne

1910 3521 2101 3573 transit
2117 3535 2309 3586 rerum,
2338 3519 2509 3573 donec
2536 3518 2604 3572 ad
2631 3533 2966 3576 communem
2989 3520 3273 3574 terminum
3299 3519 3477 3576 linem.

1913 3626 2017 3680 que
2050 3612 2343 3681 perveniat.
2383 3609 2463 3664 Ad
2501 3625 2660 3679 quem
2689 3625 2787 3665 nos
2815 3620 3026 3679 quOQue
3055 3612 3316 3666 bonorum
3343 3629 3478 3684 ope—

1914 3720 2031 3758 rum
2057 3704 2246 3774 repleti
2277 3704 2531 3758 fructibus
2568 3718 2934 3773 properemus,
2966 3710 3023 3756 ut
3050 3704 3273 3773 plantati
3301 3705 3356 3759 in
3383 3705 3473 3764 do-

1915 3811 2004 3848 mo
2032 3794 2262 3858 Domini,
2284 3793 2568 3848 ﬂoreamus
2588 3794 2641 3847 in
2663 3794 2780 3847 aula
2803 3793 2896 3848 Dei
2922 3794 3161 3863 piissimi,
3187 3795 3239 3848 in
3267 3793 3478 3851 Christo

1913 3883 2057 3949 Jesu,
2079 3885 2162 3939 cui
2191 3885 2358 3954 gloria
2383 3892 2438 3938 et
2460 3885 2633 3939 honor
2654 3885 2721 3939 sit
2744 3899 2982 3954 semper,
3008 3893 3064 3939 et
3091 3885 3142 3940 in
3169 3886 3360 3942 saacula
3383 3902 3480 3941 sae

1913 3975 2174 4030 culorum.
2201 3975 2388 4028 Acmen.

1978 4115 2001 4182 ξ
2034 4105 2184 4182 Colb.
2229 4104 2513 4182 secundus,
2544 4106 2737 4182 usibus
2757 4108 3087 4182 aptabantur.
3116 4110 3390 4182 Sequitur
3426 4113 3481 4168 in

1903 4175 2147 4241 vulgatis,
2179 4177 2315 4246 quia,
2346 4187 2402 4229 ut
2441 4178 2659 4245 carptim
2686 4175 2872 4231 dicam.
2917 4179 2986 4233 At
3017 4181 3068 4234 in
3098 4175 3306 4239 duobus
3334 4183 3482 4238 libris

1901 4245 2172 4314 veteribus
2192 4245 2454 4314 scriptum
2485 4247 2782 4300 invenimus
2811 4249 2884 4302 ita
2908 4259 2966 4302 ut
2992 4251 3276 4307 edidimus.

1979 4313 1996 4352 ῐ
2029 4313 2164 4386 ῃιμιιί
2189 4323 2263 4368 est
2292 4313 2365 4386 ex
2387 4317 2617 4386 antiquis
2645 4317 2852 4372 duobus
2877 4319 3023 4374 libris
3047 4321 3241 4377 addere
3268 4325 3437 4379 libuit.

1975 4393 1999 4431 Β
2027 4383 2168 4463 _Ed_iti
2189 4401 2308 4440 cum
2328 4383 2480 4463 Colb.
2507 4383 2702 4463 primo,
2724 4399 2942 4457 quantas
2972 4390 3142 4463 habet,
3165 4394 3482 4463 singulorum

1901 4455 2188 4531 curriculis,
2219 4456 2466 4531 pessime.
2507 4445 2700 4531 Codex
2728 4445 2911 4512 noster
2929 4467 2984 4513 et
3010 4445 3480 4531 Colbase‘cnndus,

987 4537 1017 4573 ο
1037 4521 1208 4592 itaque
1233 4531 1298 4575 te.
1330 4521 1463 4577 Illud
1491 4529 1540 4575 te
1569 4522 1621 4576 in
1644 4521 1802 4576 editis
1835 4551 1883 4611 ο
1905 4533 2124 4611 quantas
2167 4521 2336 4610 habet,
2378 4527 2618 4611 singulis.
2643 4542 2896 4611 annorum
2942 4532 3227 4611 curriculis.
3275 4521 3482 4598 Graece,

1909 4597 2015 4672 u‘ae‘
2040 4597 2254 4672 iit-«'ng
2278 4595 2420 4655 ἔτους
2445 4595 2694 4672 περίρᾷονβ.
2719 4595 2920 4672 Ibidem
2950 4599 3098 4666 editi,
3126 4602 3195 4654 ad
3214 4595 3484 4672 inﬁrmari?

1910 4664 2052 4717 dum.
2085 4663 2229 4719 Libri
2250 4672 2480 4727 veteres,
2511 4663 2582 4718 ad
2603 4665 3008 4736 informandum.

2189 4873 3486 4898 ________—_______

1252 4871 2458 5038 HIEME

311 5087 365 5141 1.
409 5087 795 5144 Athleticorum
823 5090 1177 5144 certaminum
1215 5101 1564 5159 spectatores,
1597 5101 1810 5162 oportet

239 5175 611 5232 dimicantium
641 5178 959 5232 valetudinis
985 5193 1102 5233 esse
1132 5188 1426 5244 consortes,
1457 5181 1598 5250 quod
1628 5183 1694 5236 ab
1717 5183 1823 5236 edi-

240 5267 448 5320 toribus
494 5265 742 5320 ludorum
792 5267 1090 5321 lustralium
1139 5269 1294 5324 facile
1345 5270 1678 5337 probabitur,
1726 5273 1816 5341 qui

239 5364 591 5424 congregatos
627 5358 681 5412 in
726 5358 899 5412 stadio
943 5359 1142 5413 nudato
1185 5361 1360 5429 capite
1396 5360 1583 5415 sedere
1629 5365 1816 5430 pracci-

240 5447 412 5518 piunt.
445 5445 752 5517 Propterea,
777 5458 834 5502 ut
855 5450 980 5502 mihi
1003 5450 1229 5516 videtur,
1261 5466 1330 5505 ne
1358 5467 1464 5505 non
1495 5453 1665 5506 solum
1689 5470 1814 5524 spe-

238 5547 418 5595 ctator
468 5540 679 5594 intersit
729 5541 1124 5612 unusquisque,
1179 5542 1274 5597 sed
1325 5545 1488 5598 etiam
1544 5546 1815 5616 particeps

1913 5095 2126 5149 sudoris
2154 5097 2367 5150 existat.
2405 5096 2483 5150 Ita
2523 5097 2771 5152 videlicet
2801 5100 3151 5155 maximorqu
3193 5111 3354 5173 atque
3391 5121 3485 5161 ex-

1919 5186 2223 5240 cellentium
2271 5187 2695 5255 spectaculorum
2747 5190 3116 5258 quaesitorem,
3167 5200 3222 5246 et
3269 5209 3483 5249 summ-.r

1917 5278 2190 5347 sapientia:
2212 5287 2372 5346 atque
2395 5278 2673 5332 ineffabilis
2694 5279 2995 5335 auditorem
3019 5285 3270 5338 convenit
3297 5285 3484 5342 afferre

1916 5371 2160 5440 proprias
2195 5387 2382 5426 causas
2424 5372 2491 5425 ad
2529 5373 3035 5443 contemplationem
3074 5377 3149 5431 rei
3176 5381 3482 5447 prapositzr~

1915 5477 2230 5530 mecumque
2261 5473 2284 5498 η
2314 5465 2500 5533 partiri
2540 5464 2735 5518 laboris
2765 5481 2918 5529 onus,
2950 5475 3009 5520 ut
3034 5469 3248 5536 poterit,
3281 5471 3482 5525 socium

1916 5567 1975 5605 se
2015 5553 2181 5620 magis
2207 5555 2470 5609 arbitrans
2509 5563 2685 5610 astare
2731 5571 2889 5624 quam
2927 5556 3189 5625 judicem;
3241 5574 3311 5616 ne
3345 5559 3479 5618 {om

311 5694 342 5736 ά
368 5697 507 5755 Editi
536 5713 588 5756 et
613 5701 718 5757 duo
748 5717 894 5758 mss..
927 5704 1108 5757 oartiri
1137 5703 1325 5757 laboris
1361 5703 1530 5771 huius,
1562 5714 1616 5758 ut
1655 5709 1854 5763 notarit.
1884 5708 2036 5765 Colb.
2066 5708 2349 5776 secundus,
2374 5711 2554 5778 partiri
2583 5709 2772 5764 laboris
2795 5727 2940 5778 onus,
2971 5721 3025 5764 ut
3044 5713 3256 5778 poterit.
