3824 6214
362 347 476 408 923

1313 337 1661 397 APPENNX
1697 335 1984 393 OPERUM
2025 333 2083 390 S.
2124 330 2375 389 BASILII
2414 331 2649 389 MAGNI.

3531 335 3639 395 924

408 461 573 514 lateat
603 471 702 511 nos
736 455 974 510 veritatis
1009 455 1259 517 inventio.
1290 468 1344 509 ct
1378 472 1496 509 mea
1534 457 1686 522 culpa
1714 451 1804 505 liat
1830 467 1949 505 cum
1978 456 2026 513 Α
2054 459 2161 507 tem
2190 453 2484 521 transgredi
2505 468 2611 508 non
2639 453 2835 523 queat?
2857 451 3029 506 Decor
3050 458 3225 505 autem
3251 458 3455 509 natura:
3476 454 3619 509 velut

409 547 734 606 auditoribus
768 560 1050 599 commune
1078 543 1428 614 dispendium.
1474 544 1711 609 Quorsus
1744 542 1853 594 hanc
1878 540 1962 593 di-

392 633 743 697 acrimonia
776 631 1025 687 videlicet
1045 628 1316 701 proposita
1335 627 1489 684 nobis
1504 635 1585 682 est
1597 624 1887 697 disputatio
1902 622 1969 679 de

407 729 591 782 mundi
627 727 786 798 731
808 725 1221 796 compositione,
1237 739 1342 779 non
1363 738 1431 778 ex
1448 720 1689 777 saeculari
1706 715 1969 789 sapientia

406 822 560 869 nacta
588 813 922 882 principium,
951 812 1042 865 sed
1067 827 1131 865 ex
1151 812 1340 879 quibus
1364 811 1612 863 lautulum
1641 825 1792 863 suum
1818 810 1961 878 May.

405 915 499 956 seu
542 900 795 955 Dominus
832 898 1012 952 docuit
1047 898 1100 950 in
1143 898 1338 965 specie,
1374 913 1476 951 non
1508 914 1603 966 per
1633 896 1852 965 figuram
1881 897 1960 950 lo-

406 997 561 1043 cutus
594 988 657 1041 ad
684 1002 827 1041 eum.
870 986 1010 1053 Ergo
1040 1000 1255 1039 necesse
1293 993 1375 1039 est
1403 986 1750 1039 maximarum
1788 1000 1966 1038 rerum

404 1076 822 1133 studiosissimos
844 1083 1190 1143 spectatores,
1219 1084 1244 1111 ι
1270 1090 1373 1127 non
1398 1074 1744 1128 inexercitato
1767 1075 1963 1137 animo,

2063 544 2250 598 oculus
2273 543 2488 610 quidam
2518 542 2826 611 perspicuus
2863 549 3231 596 ornamentum
3270 540 3468 595 mundo
3493 555 3620 611 per-

2064 633 2228 687 hibet.
2259 631 2316 685 Si
2344 632 2656 686 insatiabilis
2681 638 2763 685 est
2798 630 2914 699 ejus
2941 631 3196 698 aspectio,
3224 630 3397 699 qualis
3423 631 3480 685 in
3501 631 3622 700 pul-

2064 723 2362 777 chritudine
2389 723 2467 777 sol
2489 721 2758 790 putabitur
2775 735 2893 774 esse
2909 720 3162 788 justitize?
3181 719 3239 774 Si
3257 735 3399 775 αιδςο
3413 722 3621 788 jactura

2065 824 2147 867 est
2185 814 2323 867 hunc
2371 828 2475 866 non
2523 813 2713 875 visere,
2750 819 3003 879 quantum
3045 810 3378 881 dispendium
3425 815 3622 881 patitur

2065 912 2333 974 peccator,
2356 919 2482 956 vera
2510 903 2626 956 luce
2651 901 2959 955 fraudatus?

2134 994 2189 1045 Ξ.
2219 990 2288 1045 Et
2316 992 2445 1045 diait
2483 990 2621 1043 Deus
2650 1007 2668 1043 :
2696 989 2856 1043 Fiant
2885 990 3160 1042 luminaria
3202 990 3257 1042 in
3300 990 3634 1059 ﬁrmamento

2066 1081 2175 1135 cali
2204 1082 2273 1133 ad
2298 1080 2690 1133 illuminandam
2730 1087 2936 1138 terram,
2978 1087 3029 1131 et
3064 1078 3294 1131 dividant
3331 1079 3468 1132 inter
3493 1079 3630 1133 diem

406 1166 785 1235 qumstionibus
810 1165 1062 1218 interesse
1088 1164 1454 1233 przcsentibus.
1476 1162 1657 1230 Itaque
1683 1163 1727 1216 si
1757 1162 1967 1230 quando
1968 1184 2041 1264 Ιχ
2062 1166 2116 1225 ει
2148 1180 2364 1224 noctem.
2396 1168 2601 1223 leum
2628 1167 2830 1221 scilicet
2857 1174 2912 1221 ct
2939 1175 3079 1220 terra
3106 1176 3508 1236 praecesserant,
3538 1167 3631 1224 lux

406 1257 506 1311 sub
525 1257 810 1310 serenitate
831 1263 1105 1317 nocturna,
1138 1252 1454 1306 inell'ahilcm
1483 1253 1713 1306 siderum
1738 1253 1969 1322 pulchri;

408 1343 643 1397 tudinem
672 1343 700 1381 ι’
728 1343 1100 1411 desuspexisti,
1132 1342 1292 1396 credo
1331 1351 1384 1396 te
1425 1350 1639 1411 captum
1682 1343 1749 1397 de
1792 1358 1967 1397 rerum

408 1433 645 1488 omnium
686 1432 961 1487 conditore
1000 1433 1271 1501 quaesisse,
1294 1433 1414 1501 quis
1453 1432 1670 1487 floribus
1709 1433 1969 1502 ejusmodi

408 1522 604 1577 coelum
630 1522 932 1587 variaverit,
961 1530 1016 1575 et
1051 1523 1319 1591 quomodo
1361 1524 1415 1576 in
1451 1523 1515 1577 iis
1542 1538 1660 1593 qua:
1684 1532 1972 1578 cernuntur

410 1610 583 1679 major
616 1610 969 1665 delectatione
1009 1611 1267 1680 probatur
1299 1612 1517 1676 utilitas,
1554 1614 1787 1680 itemque
1813 1612 1857 1666 si
1887 1614 1969 1666 in-

410 1700 603 1765 terdiu,
634 1701 809 1755 sobria
854 1708 1035 1754 mente
1072 1700 1378 1765 discutiens,
1410 1701 1757 1756 considerasti
1786 1702 1970 1755 diurna

2067 1276 2227 1330 super
2248 1260 2329 1313 his
2351 1259 2465 1327 jam
2495 1257 2665 1311 fuerat
2685 1257 2954 1319 fabricata,
2981 1256 3093 1310 dies
3113 1271 3144 1309 a
3167 1263 3322 1311 nocte
3346 1256 3632 1324 discretus,

2067 1349 2214 1403 arida
2232 1348 2340 1416 jam
2368 1347 2600 1402 revelata
2623 1354 2757 1410 erat,
2780 1360 2915 1415 aqua
2936 1353 3252 1412 congregata
3273 1346 3326 1398 in
3345 1347 3631 1399 stationem

2066 1438 2168 1493 sibi
2212 1439 2549 1507 deputatam,
2595 1444 2734 1488 terra
2779 1436 2889 1489 suis
2939 1442 3054 1488 erat
3099 1434 3352 1488 fructibus
3394 1434 3629 1504 repleta;

2068 1528 2264 1597 quippe
2291 1541 2409 1593 qua:
2439 1533 2517 1578 tot
2542 1525 2826 1578 herbarum
2854 1514 3015 1577 millia
3042 1523 3431 1590 geminaverat
3458 1530 3517 1576 et
3535 1537 3634 1577 va-

2070 1617 2163 1670 riis
2182 1616 2479 1685 plantarum
2506 1612 2786 1679 generibus
2814 1611 3114 1664 abundabat
3146 1628 3159 1662 ε
3188 1610 3269 1664 sol
3294 1617 3474 1663 autem
3504 1623 3635 1665 nee-

2074 1705 2198 1758 dum
2226 1710 2340 1758 erat
2365 1712 2419 1757 et
2447 1703 2589 1765 luna,
2620 1716 2688 1754 ne
2723 1700 3016 1769 principem
3047 1698 3285 1752 videlicet
3321 1707 3637 1767 patremque

413 1798 440 1829 ο
470 1788 743 1853 miracula,
761 1795 868 1857 per
891 1788 1283 1858 visibiliumque
1310 1791 1590 1857 rationem,
1612 1805 1735 1844 eum
1758 1791 1846 1859 qui
1873 1791 1970 1844 ha-
1996 1786 2045 1849 Β
2070 1793 2279 1846 luminis
2305 1806 2425 1845 eum
2453 1796 2726 1852 vocarent,
2754 1789 2839 1842 vel
2865 1795 3137 1843 auctorem
3165 1801 3197 1841 e
3233 1795 3372 1841 terra
3401 1801 3633 1841 nascen—

413 1879 569 1931 betur
606 1878 883 1931 invisibilis
912 1879 1187 1947 reputasti,
1218 1879 1436 1933 omnino
1480 1887 1757 1949 promptus
1784 1880 1851 1934 ad
1879 1895 1974 1934 au-

412 1964 662 2023 diendum
691 1966 902 2031 venisti,
933 1965 1148 2033 dignum
1179 1973 1231 2020 te
1259 1966 1634 2023 demonstrans
1661 1969 1973 2024 celebritate

412 2053 621 2108 honesti
646 2053 801 2122 hujus
821 2054 1070 2122 beatique
1095 2056 1400 2123 spectaculi.
1426 2055 1762 2127 Quapropter
1782 2054 1972 2112 faciam

414 2145 559 2213 quod
584 2145 757 2201 solent
775 2147 828 2200 hi
853 2146 945 2214 qui
969 2146 1176 2201 urbium
1197 2148 1526 2215 peregrinos,
1549 2163 1708 2203 manu
1729 2163 1973 2218 compre-

416 2235 632 2304 hensos,
664 2234 691 2273 ει
720 2236 788 2290 ad
820 2236 1079 2291 destinata
1120 2238 1436 2306 perducunt,
1466 2239 1516 2292 id
1551 2248 1650 2304 est,
1689 2248 1748 2294 ut
1779 2255 1875 2295 vos
1907 2240 1976 2294 ad

415 2326 622 2380 occulta
660 2325 913 2380 miracula
940 2326 1182 2380 maxima:
1205 2327 1361 2394 hujus
1388 2329 1633 2393 civitatis,
1663 2336 1849 2398 utpote
1878 2344 1975 2384 ue-

419 2416 559 2473 scios
587 2416 938 2471 introducam.
971 2415 1026 2468 In
1048 2416 1151 2470 hac
1181 2418 1340 2483 igitur
1367 2418 1496 2472 urbe
1522 2419 1621 2471 sita
1650 2427 1733 2474 est
1762 2420 1977 2488 antiqua

421 2506 592 2575 patria
614 2515 817 2573 nostra,
840 2521 906 2559 ex
924 2521 1028 2573 qua
1055 2521 1154 2560 nos
1182 2506 1415 2561 traduxit
1434 2507 1694 2561 homicida
1714 2508 1975 2574 diabolus,

420 2598 532 2652 suis
578 2597 893 2652 sollicitatos
927 2597 1210 2652 illecebris.
1252 2597 1350 2653 llic
1389 2599 1721 2667 conspiciens
1754 2600 1978 2669 primam

425 2688 656 2744 hominis
683 2688 1100 2756 generationem,
1130 2695 1185 2742 et
1227 2696 1452 2743 mortem
1478 2704 1594 2763 quze
1627 2706 1724 2745 nos
1759 2689 1982 2745 subinde

426 2790 453 2815 ⁶
477 2787 659 2834 secuta
685 2785 787 2843 est,
819 2792 978 2845 quam
1024 2779 1233 2847 peperit
1259 2786 1557 2848 peccatum,
1585 2780 1726 2848 quod
1756 2788 1837 2835 est
1875 2781 1981 2849 pri-

425 2870 753 2938 mogenitnm
775 2870 967 2923 vetusti
995 2868 1247 2924 daemonis
1271 2884 1516 2938 germen;
1549 2871 1619 2925 ibi
1646 2872 1983 2939 recognoscis

425 2961 716 3027 hominem,
764 2968 952 3015 natura
987 2960 1199 3029 quidem
1230 2969 1519 3027 terrenum,
1557 2963 1650 3015 sed
1699 2978 1832 3032 opus
1865 2977 1984 3017 esse

426 3065 679 3104 manuum
725 3050 1049 3114 divinarum;
1095 3049 1398 3104 valetudine
1439 3051 1660 3105 multum
1705 3052 1985 3120 pecoribus

2072 1886 2225 1947 tium,
2273 1884 2367 1953 qui
2415 1882 2581 1936 Deum
2632 1880 2891 1943 nesciunt,
2937 1877 3297 1947 opinarentur.
3345 1875 3637 1946 Pmpterea

2070 1981 2264 2041 quarto
2290 1972 2376 2026 die
2401 1970 2568 2024 dixit:
2593 1968 2755 2022 Fiant
2782 1968 3072 2029 luminaria,
3097 1974 3147 2019 et
3173 1974 3200 2010 κ
3224 1966 3343 2036 fecit
3365 1964 3506 2019 Deus
3534 1965 3639 2021 duo

2072 2062 2367 2117 luminaria.
2397 2059 2527 2126 Quis
2561 2058 2848 2129 prmcepit?
2874 2055 3002 2122 Quis
3028 2056 3311 2109 obsecutus
3335 2056 3459 2109 est?
3498 2055 3639 2110 Num

2074 2154 2377 2209 consideras
2405 2153 2456 2205 in
2485 2152 2567 2205 bis
2590 2150 2998 2219 duplicationem
3027 2147 3411 2216 personarum?
3437 2146 3638 2216 ubique

2075 2242 2236 2309 igitur
2271 2241 2462 2309 dogma
2490 2239 2711 2293 Deitatis
2745 2237 2965 2307 mystica
2999 2236 3302 2289 narratione
3329 2243 3639 2290 consertum

2077 2342 2160 2388 est
2186 2333 2436 2395 historiae,
2467 2343 2732 2398 causaque
2757 2334 2953 2396 prmsto
2977 2335 3060 2380 est
3086 2326 3435 2381 creandorum
3476 2326 3637 2380 lumi-

2078 2425 2346 2478 nariorum
2376 2420 2445 2474 ad
2487 2418 2845 2473 illustrandum
2882 2427 3090 2470 terram.
3130 2414 3407 2481 Quomodo
3433 2428 3567 2483 ergo
3592 2416 3637 2470 si

2078 2514 2169 2567 lux
2194 2510 2569 2574 antecesserat,
2597 2523 2739 2563 nunc
2765 2507 2834 2559 ad
2860 2506 3281 2560 illuminationem
3321 2503 3405 2557 sol
3443 2503 3640 2559 dicitur

2078 2602 2432 2659 constitutus?
2452 2599 2630 2653 Primo
2658 2597 2870 2668 quidem
2902 2595 3159 2650 sermonis
3186 2595 3353 2649 nostri
3378 2593 3637 2663 simplidu-

2081 2702 2164 2748 tas
2182 2691 2379 2746 nullum
2408 2690 2504 2743 tibi
2531 2688 2696 2743 risum
2718 2694 2947 2750 moveat,
2971 2686 3017 2739 si
3044 2683 3295 2738 facundiae
3322 2691 3516 2738 vestra:
3531 2698 3639 2738 non

2080 2782 2388 2838 affectamus
2415 2778 2751 2845 elegantiam,
2785 2790 2885 2831 nec
2919 2772 3330 2842 compositiones
3368 2773 3642 2841 scquimtl'

2081 2872 2455 2930 clausularum.
2495 2868 2610 2923 Non
2651 2868 2793 2921 enim
2833 2864 3202 2919 consuevimus
3239 2862 3525 2916 verborum
3562 2862 3643 2915 in-

2083 2973 2391 3026 structuras,
2417 2961 2502 3015 vel
2535 2958 2854 3028 euphoniam
2892 2952 3337 3027 pronuntiationis
3362 2952 3643 3018 eacolere;

2084 3055 2181 3112 sed
2209 3054 2485 3109 honestam
2512 3047 2950 3117 signiﬁcationem
2985 3045 3257 3098 nominum
3282 3042 3481 3110 ubique
3503 3041 3645 3097 duci-

425 3138 769 3205 deteriorem,
798 3138 893 3192 sed
921 3139 1267 3192 animantium
1300 3139 1810 3209 inanimatorumque
1838 3141 1984 3209 prin-
2009 3142 2052 3202 C
2084 3160 2202 3199 mus
2228 3140 2255 3180 ιι
2285 3138 2712 3212 praeponendam.
2756 3135 2984 3188 Adverte
3028 3132 3208 3200 itaque
3241 3131 3511 3200 quomodo
3549 3146 3646 3201 per

427 3228 601 3296 cipem
633 3227 1005 3293 constitutum;
1046 3227 1410 3282 instrumentis
1457 3229 1782 3283 naturalibus
1817 3230 1985 3284 imbe-

428 3317 625 3381 cillem,
650 3317 745 3372 sed
773 3316 839 3370 ad
864 3317 1057 3372 oculum
1086 3319 1256 3386 ipsum
1285 3333 1388 3388 ope
1416 3320 1638 3373 rationis
1666 3320 1882 3374 elatum.
1926 3320 1984 3375 Si

429 3408 544 3462 hanc
567 3407 927 3474 didicerimus,
955 3423 1055 3462 nos
1097 3408 1309 3475 quidem
1352 3409 1496 3478 ipsos
1524 3424 1983 3477 recognoscemus,

430 3496 598 3553 Deum
633 3498 1050 3562 reminisccmur,
1095 3498 1434 3554 Conditorem
1480 3500 1835 3565 adorabimus,
1878 3501 1984 3555 Do-

431 3587 577 3642 mino
594 3588 903 3679 serviemus,
927 3596 1132 3657 patrem
1146 3587 1573 3656 gloriﬁcabimus,
1598 3589 1986 3644 benefactorcm

430 3679 809 3743 reverebimur,
849 3688 1118 3734 auctorem
1145 3681 1266 3735 vitae
1304 3687 1496 3734 nostra:
1522 3681 1795 3750 prmsentis
1820 3688 1877 3735 et
1902 3680 1987 3734 fu-

431 3774 566 3823 turze
595 3784 700 3823 non
728 3769 1050 3823 cessabimus
1077 3771 1338 3834 venerari,
1369 3770 1459 3838 qui
1488 3784 1584 3838 per
1609 3785 1701 3823 eas
1727 3785 1859 3837 quas
1886 3770 1987 3823 lar-

430 3859 574 3926 gitus
594 3866 677 3911 est
697 3859 850 3912 nobis
877 3858 1107 3922 divitias,
1139 3860 1300 3913 etiam
1323 3873 1506 3912 earum
1533 3858 1688 3912 fidem
1715 3873 1848 3926 quas
1871 3874 1988 3927 pro-

433 3949 578 4001 misit
604 3955 854 4011 ostentat,
889 3955 945 4001 et
975 3949 1066 4017 qui
1105 3950 1468 4017 experimento
1508 3949 1867 4019 prmsentium,
1900 3950 1987 4005 illa

431 4050 644 4105 quoque
672 4051 789 4104 quae
816 4045 1098 4106 sperantur
1124 4037 1369 4091 allirmat.
1407 4037 1462 4091 Si
1502 4040 1643 4093 enim
1681 4041 1990 4109 temporalia

431 4132 556 4179 sunt
594 4124 876 4192 ejusmodi,
906 4127 1080 4193 qualia
1127 4128 1480 4196 sempiterna?
1519 4126 1574 4182 Si
1616 4129 1841 4183 visibilia
1882 4138 1990 4183 tam

430 4215 590 4279 bona,
620 4214 792 4283 qualia
829 4229 862 4282 q
888 4231 945 4267 ιω
983 4231 1091 4269 ηοη
1119 4215 1397 4270 videntur?
1435 4215 1492 4270 Si
1530 4217 1650 4270 οωιί
1688 4218 1993 4283 magnitudo

432 4316 734 4357 mensuram
772 4303 1018 4356 humana:
1063 4305 1256 4358 mentis
1296 4304 1523 4367 excedit,
1555 4306 1673 4375 quis
1715 4307 1994 4374 sempiter-

430 4407 621 4446 norum
651 4400 892 4446 naturam
926 4392 1153 4447 sulliciat
1189 4395 1487 4448 mstimare?
1526 4393 1583 4448 Si
1618 4395 1636 4433 ί
1667 4397 1994 4465 corruptioni

2083 3243 2328 3289 naturam
2356 3230 2678 3285 suﬂicienter
2713 3224 2856 3295 quod
2883 3224 3070 3285 voluit,
3099 3221 3426 3283 declaravit:
3459 3235 3557 3289 pro
3583 3221 3642 3275 il-

2082 3325 2419 3379 luminatione
2454 3319 2596 3373 enim
2638 3313 2914 3369 luminaria
2962 3311 3222 3383 nominat,
3268 3308 3414 3377 quod
3464 3310 3649 3379 utique

2084 3430 2190 3467 non
2223 3416 2481 3480 repugnat
2508 3408 2591 3461 his
2615 3420 2735 3475 quae
2767 3402 2835 3457 de
2883 3402 3003 3456 luce
3051 3400 3299 3471 praedicta
3325 3406 3469 3454 sunt.
3498 3398 3651 3455 Tunc

2083 3502 2226 3557 enim
2253 3507 2443 3555 natura
2469 3495 2681 3550 luminis
2707 3501 2791 3548 cst
2816 3490 3102 3560 producta;
3134 3503 3276 3543 nunc
3301 3495 3480 3542 autem
3506 3487 3651 3542 sola-

2086 3605 2212 3645 num
2241 3602 2437 3655 corpus
2463 3584 2708 3639 effectum
2733 3587 2838 3647 est,
2870 3593 2978 3647 quo
3004 3575 3332 3644 superfertur
3371 3572 3505 3627 illud
3540 3574 3653 3642 pri.

2087 3677 2411 3748 mogcnitnm
2439 3674 2636 3727 lumen.
2667 3669 2818 3724 Sicut
2859 3667 3002 3721 enim
3039 3664 3182 3718 aliud
3209 3671 3293 3718 est
3318 3662 3475 3729 ignis,
3505 3662 3654 3716 aliud

2088 3767 2322 3830 lucerna,
2349 3776 2577 3832 quorum
2598 3773 2760 3813 unum
2780 3752 3072 3811 illustrandi
3094 3753 3200 3806 vim
3225 3750 3482 3820 possidet,
3506 3749 3660 3803 aliud

2086 3854 2415 3911 ministrandi
2445 3865 2605 3906 causa
2632 3847 2862 3911 luminis,
2906 3845 2991 3898 his
3029 3842 3122 3909 qui
3161 3840 3279 3909 ejus
3306 3839 3545 3907 indigent
3571 3845 3654 3892 est

2086 3947 2397 4008 formatum;
2427 3943 2502 3997 sic
2523 3948 2579 3996 et
2600 3936 2955 3994 munitissima:
2972 3933 3046 3990 illi
3074 3940 3128 3989 et
3149 3930 3520 3987 sincerissima:
3544 3928 3655 3985 luci

2087 4054 2186 4108 pro
2204 4035 2458 4091 vehiculis
2483 4032 2799 4101 quibusdam
2826 4027 3103 4083 luminaria
3125 4027 3225 4080 ista
3249 4022 3488 4091 subjecta
3505 4031 3652 4087 sunt,

2090 4129 2214 4182 licet
2260 4124 2546 4195 Apostolus
2592 4119 2755 4192 (Phil,
2812 4135 2870 4182 ιι,
2922 4114 3009 4185 15)
3059 4114 3317 4184 quosdam
3371 4112 3651 4167 luminaria

2089 4215 2270 4270 mundi
2296 4215 2551 4269 nominat.
2582 4211 2690 4266 Sed
2716 4211 2819 4264 alia
2845 4217 2928 4263 est
2954 4222 3081 4262 vera
3108 4206 3197 4260 lux
3234 4202 3436 4267 mundi,
3464 4217 3533 4256 ex
3559 4218 3652 4257 cu-

2086 4307 2173 4377 jus
2201 4304 2554 4360 transfusione
2576 4301 2786 4357 lustrati
2809 4298 2996 4362 sancti,
3025 4294 3305 4349 luminaria
3327 4292 3526 4345 fiebant
3546 4291 3655 4344 ani-

2093 4395 2279 4451 mabus
2305 4394 2407 4459 his,
2436 4407 2567 4461 quas
2591 4390 2868 4443 veritatem
2896 4386 3171 4449 docentes,
3201 4381 3268 4436 de
3302 4378 3535 4461 tenebris
3562 4393 3656 4432 eas

429 4482 513 4537 sol
539 4482 821 4550 obnoxius,
852 4491 960 4537 tam
1002 4484 1174 4538 bonus
1214 4492 1267 4537 et
1310 4498 1531 4551 magnus
1561 4496 1664 4551 est,
1692 4458 1986 4542 mobilitate
2011 4485 2062 4545 ι)
2090 4486 2396 4555 ignorantia:
2440 4458 2753 4537 liberabant.
2798 4478 2890 4533 Sic
2932 4485 2988 4532 et
3032 4475 3115 4530 sol
3160 4476 3261 4529 iste
3302 4458 3523 4527 visibilis
3563 4469 3657 4527 illo

430 4574 606 4639 velox,
635 4573 960 4629 discursibus
996 4573 1295 4641 ordinatus,
1331 4574 1536 4628 habens
1563 4589 1849 4643 congruam
1876 4593 1992 4631 am-

430 4666 761 4736 plitudinem,
790 4682 894 4736 qua
920 4674 1172 4721 statutam
1201 4667 1358 4721 rebus
1384 4665 1626 4720 omnibus
1649 4667 1990 4724 mediocrita-

502 4803 529 4830 ι
560 4793 773 4863 Antiqui
808 4795 914 4850 duo
961 4795 1080 4850 libri
1125 4803 1180 4850 et
1222 4795 1367 4859 editi,
1400 4795 1787 4851 inexercitatos.
1827 4799 1991 4865 Alius,

430 4864 787 4919 inexercitato.
1128 4878 1135 4887 '

503 4930 531 4969 δ
565 4931 780 5004 Veteres
802 4933 919 5004 Aduo
946 4933 1068 4987 libri
1112 4944 1166 4990 et
1204 4934 1349 4996 editi,
1391 4934 1818 5004 pulchritudinem
1849 4936 1997 4989 desu-

430 5000 664 5074 spexisti.
698 5002 765 5054 At
781 5000 964 5074 AColb._
989 5005 1269 5066 secundus,
1312 5000 1526 5070 desuper
1563 5005 1828 5074 aspexisti.
1863 5005 1995 5058 Ver-

433 5070 907 5142 bumdesuspicere
946 5070 1186 5126 Latinum
1221 5089 1325 5126 non
1353 5088 1470 5126 esse
1499 5070 1880 5142 scio'quidem;
1904 5075 1996 5128 sed

436 5139 614 5209 nescio
642 5147 820 5194 tamen
847 5143 1114 5207 quomodo
1143 5142 1421 5209 legendum
1450 5143 1535 5195 sit.
1561 5139 1691 5196 Cum
1722 5144 1861 5195 enim
1890 5142 1995 5197 Eu-

432 5208 660 5281 stathius
696 5223 835 5281 smpc
871 5218 1059 5281 utatur
1076 5208 1250 5265 verbis
1280 5227 1384 5264 non
1412 5210 1636 5272 Latinis,
1667 5219 1719 5264 et
1749 5212 1834 5265 hic
1862 5228 1996 5281 quo-

434 5291 540 5362 que
568 5275 824 5362 ejusmodi
850 5280 1014 5362 verbo
1034 5279 1263 5362 fortasse
1289 5296 1414 5334 usus
1441 5290 1539 5334 est.
1576 5282 1738 5348 Leget
1773 5275 1996 5356 quisque

436 5348 705 5415 quomodo
733 5350 897 5415 magis
926 5350 1127 5403 libebit.
1792 5348 1801 5349 ’
1909 5348 1925 5351 “
1980 5351 1985 5356 ”

447 5481 479 5488 _
511 5414 701 5488 εξ-Εάίῇ
727 5424 794 5488 et
827 5419 978 5472 Colb.
1026 5420 1244 5488 primus,
1276 5418 1515 5472 diuturna
1553 5418 1816 5472 miracula.
1850 5419 1998 5472 Alter

437 5481 612 5547 Colb.,
635 5484 809 5538 divina
829 5481 1093 5541 miracula.
1123 5489 1287 5542 Vetus
1315 5498 1494 5541 noster
1517 5489 1670 5553 liber,
1694 5488 1878 5541 diurna
1901 5489 1996 5540 mi-

441 5553 741 5641 regelata,
764 5556 836 5610 ita
866 5557 964 5625 legi
1007 5566 1257 5625 oportere
1292 5566 1441 5627 patet
1468 5573 1533 5612 ex
1570 5555 1783 5621 Graecis,
1814 5560 1873 5612 τὰ
1908 5568 1997 5617 τῆς

443 5627 1098 5777 ημτίρέιῆῗτὲτέέειὶηαω
1127 5695 1429 5756 producunt.
1453 5695 1584 5750 idem
1613 5700 1669 5747 ut
1694 5711 1785 5749 nos
1808 5695 1876 5749 ad
1905 5709 1993 5749 oc-

2094 4574 2367 4648 principali
2397 4572 2601 4640 fulgore
2630 4570 2926 4623 ﬂammatus
2952 4567 3145 4620 elucet.

2166 4667 2217 4719 5.
2251 4663 2325 4717 Et
2350 4663 2479 4717 nulli
2496 4660 2742 4716 videatur
2761 4655 3086 4721 incredibile,
3103 4651 3246 4723 quod
3264 4652 3494 4707 diximus
3513 4647 3658 4704 aliud

2098 4800 2256 4853 culta.
2286 4795 2430 4850 Libri
2451 4802 2659 4848 veteres
2687 4799 2746 4845 ut
2773 4790 2824 4843 in
2854 4796 3126 4843 contextu.

2174 4850 2195 4905 ά
2225 4850 2377 4920 Colb.
2408 4862 2688 4923 secundus,
2725 4859 2989 4913 subsecuta
3030 4865 3125 4909 est.
3159 4853 3282 4907 Mox
3307 4852 3396 4923 ubi
3419 4852 3472 4905 in

2095 4938 2288 5006 legitur
2307 4932 2608 5006 valetudine,
2724 4928 2914 5006 et__aliis
2924 4926 3065 5006 locis
3084 4925 3337 5006 scripturn
3363 4921 3665 5006 invenimus

2096 4989 2401 5072 incautiquis
2423 5002 2570 5054 libris
2587 4989 2892 5072 politudine.
2924 4994 3158 5072 Subinde
3186 4989 3336 5055 editi,
3363 5004 3516 5052 quam
3534 5006 3667 5058 pro-

2080 5076 2260 5146 misit.
2282 5065 2479 5146 Foster
2504 5069 2703 5146 codex,
2721 5065 3128 5146 (ιιι-αεςλπωειὶιιὶιἶ

2173 5125 2381 5204 ἶΕιιὶιί,
2411 5142 2454 5193 si
2482 5125 2791 5207 corruptioni
2819 5125 3088 5207 obnoxius.
3119 5130 3269 5207 βου).
3290 5125 3589 5207 secundus,
3620 5127 3669 5180 si

2099 5195 2411 5279 corruptioni
2441 5208 2518 5261 sol
2557 5195 2827 5279 aibnoxius,
2858 5202 2939 5279 ita.
2960 5200 3259 5276 postulante
3285 5195 3474 5279 Graeco
3507 5197 3664 5254 ήὶως.

2105 5270 2388 5349 Aliquanto
2415 5286 2538 5349 post
2562 5275 2711 5349 Colb.
2731 5270 3026 5349 secundus,
3057 5271 3166 5349 ejus
3193 5273 3451 5349 aspectus.

2173 5329 2388 5413 sjl‘jditi‘,
2418 5329 2539 5417 quia
2564 5346 2701 5414 fecit.
2731 5340 2951 5394 Veteres
2977 5329 3324 5403 duo'libri,'et
3353 5333 3493 5405 fecit.
3522 5329 3670 5385 Gne-

2101 5437 2183 5481 ce,
2212 5423 2292 5471 γαὶ
2314 5420 2536 5473 ἐποίησε.

2175 5476 2196 5523 ξι
2226 5485 2384 5549 Editi,
2414 5479 2813 5553 proponendum.
2845 5477 2913 5529 At
2942 5476 3123 5553 nostri
3144 5481 3252 5553 tres
3279 5487 3429 5553 mss,
3463 5484 3668 5553 prgpo:

2102 5535 2533 5618 "animus
2572 5551 2669 5615 legi
2696 5548 2887 5618 debere
2919 5544 3152 5618 ostendit
3173 5535 3498 5618 nasilianm}.
3530 5535 3666 5618 illud

2100 5607 2475 5696 ὲτρότιμὸέερον.
2510 5607 2716 5675 Νθυνὶια
2751 5616 2920 5671 multo
2946 5621 3066 5684 post
3093 5611 3243 5667 Colb.
3273 5607 3557 5672 secundus.
3585 5607 3670 5658 cui

2098 5695 2431 5756 «perfertur.
