3824 6214
242 286 380 344 925

1046 294 1418 353 EUSTATHII
1459 292 1869 350 ΠΕΧΑΕΜΕΙΠ
1909 290 2399 349 ΜΕΤΑΡΠΒΑΒΙΒ
2436 288 2636 345 LIBER
2676 285 2766 346 Vl.

3434 284 3543 347 9S8

222 417 373 455 esse
394 398 606 454 luminis
622 397 980 466 splendorem,
1003 403 1145 454 aliud
1171 405 1464 470 subjectum
1494 404 1678 459 lumini
1698 418 1819 457 cor-
1847 412 1894 465 Α
1923 411 2035 457 tum
2062 402 2369 471 discrepare
2397 400 2608 456 videtur
2634 415 2664 453 a
2692 402 2847 467 luna;
2877 398 3021 469 quod
3046 399 3133 456 hic
3159 399 3374 470 quidem
3400 416 3493 457 su-

223 503 374 560 pus,
403 489 578 559 primo
608 489 733 558 quia
768 503 887 557 qua:
913 491 1205 559 composita
1230 501 1371 557 sunt,
1402 494 1454 547 in
1481 493 1613 547 duas
1638 499 1819 562 partes
1918 501 2157 562 sceptam
2203 492 2368 547 semel
2414 492 2732 562 insitamque
2776 492 2878 545 sibi
2925 491 3100 545 lucem
3137 492 3356 546 minime
3392 491 3489 546 de-

232 578 861 652 732dividnntur,id
877 591 982 647 est,
1014 583 1067 636 in
1088 581 1369 637 materiam
1387 582 1835 650 receptricem,et
1918 585 2091 655 ponit,
2129 584 2218 638 illa
2264 598 2392 638 vero
2439 584 2631 652 stepius
2676 591 2856 648 exuta,
2899 594 2922 620 °
2963 583 3263 653 iterumque
3305 583 3491 639 induta

224 672 299 729 in
329 689 458 728 eant
479 691 601 745 qua:
619 675 720 730 sibi
737 675 979 731 evenerit
1015 675 1354 742 qualitatem.
1381 675 1676 742 Sicutergo
1692 672 1835 728 aliud
1921 675 2121 738 lumen,
2152 672 2309 729 facile
2347 675 2548 745 poterit
2573 689 2640 729 ex
2664 689 2723 728 se
2749 674 2909 728 etiam
2945 687 3064 742 quae
3097 672 3165 727 de
3209 672 3324 728 sole
3349 673 3494 729 dicta

227 774 331 818 est
357 765 616 820 naturalis
642 766 865 835 candor,
890 774 945 821 et
970 767 1111 821 aliud
1134 767 1278 835 quod
1301 766 1571 821 candescit
1595 783 1607 818 :
1631 767 1709 820 sic
1733 766 1824 820 illa
1922 773 2047 821 sunt
2091 764 2429 821 conﬁrmare.
2480 764 2604 821 Hmc
2643 778 2771 833 ergo
2809 765 3091 819 luminaria
3127 771 3329 819 statuta
3372 770 3496 819 sunt

227 869 374 924 qua
401 855 544 910 dicta
577 864 701 910 sunt
727 856 924 911 distare
952 872 983 911 a
1010 872 1070 911 se
1101 857 1315 926 quidem
1344 865 1532 910 natura
1559 855 1822 919 videntur,

230 946 350 1002 sed
378 943 651 1002 Creatoris
688 946 886 1002 virtute
932 946 1214 1016 conjuncta
1258 955 1401 1001 sunt.
1438 946 1506 1000 Et
1544 962 1650 1001 non
1697 947 1825 1001 mihi

233 1033 408 1091 dicas
444 1036 773 1105 impossibile
808 1042 893 1092 est
930 1037 1044 1091 haec
1068 1046 1094 1075 α
1123 1038 1192 1092 ab
1219 1037 1531 1091 alterutrum
1559 1039 1824 1107 separari;

234 1139 435 1193 neque
461 1127 604 1180 enim
632 1139 733 1192 ego
759 1127 1153 1195 separationem
1197 1126 1410 1181 luminis
1436 1142 1466 1180 a
1492 1127 1679 1181 solano
1708 1143 1829 1182 cor-

234 1224 394 1285 pore
433 1214 966 1284 comprehensibilem
1001 1216 1132 1269 mihi
1175 1216 1375 1285 tibique
1418 1214 1695 1281 conﬁrmo,
1735 1216 1829 1271 sed

238 1307 389 1375 quia
408 1306 562 1362 nobis
586 1306 891 1375 opinatione
911 1307 1025 1363 sola
1045 1307 1320 1362 divisibilis
1338 1308 1645 1363 mstimatur.
1668 1308 1831 1362 Plane

243 1405 401 1451 nutu
439 1395 742 1453 Conditoris
770 1406 995 1467 possunt
1025 1398 1138 1452 haec
1165 1414 1195 1453 a
1223 1406 1408 1453 natura
1441 1414 1536 1454 sua
1562 1398 1716 1454 facile
1743 1414 1832 1455 se-

243 1487 429 1557 iungi.
457 1485 696 1556 Denique
716 1490 871 1544 nobis
897 1490 1222 1558 impossibile
1249 1490 1460 1559 penitus
1486 1497 1568 1545 est
1588 1490 1834 1546 ardorem

243 1578 396 1632 solis
432 1592 469 1631 a
507 1577 792 1647 splendore
818 1577 1142 1644 discernere,
1168 1581 1260 1635 sed
1289 1580 1429 1635 Deus
1454 1580 1637 1635 volens
1663 1581 1835 1635 famu-

248 1668 377 1722 lum
414 1682 569 1723 suum
615 1667 838 1724 miriﬁca
866 1669 1071 1725 visione
1099 1678 1433 1736 convertere,
1478 1673 1557 1727 sic
1590 1674 1837 1741 apposuit

1924 855 2161 912 dividere
2200 857 2339 911 inter
2382 855 2522 910 diem
2565 864 2621 910 et
2664 865 2903 922 noctem,
2939 855 2959 894 ί
2996 871 3222 926 quorum
3252 863 3493 910 naturam

1927 955 2056 1002 tunc
2082 948 2149 1001 ab
2179 946 2387 1000 alterna
2416 945 2792 1001 contrarietate
2819 946 3080 1010 destituit,
3109 954 3167 999 ut
3192 959 3317 1013 erga
3344 960 3403 999 se
3428 945 3486 997 ir-

1927 1038 2417 1107 reprebensibiliter
2460 1036 2804 1104 haberentur,
2848 1036 3098 1103 nullaque
3143 1034 3490 1091 communita:

1928 1125 2167 1180 tenebris
2196 1140 2314 1179 esse
2341 1125 2512 1194 possit
2538 1139 2659 1179 cum
2686 1124 2826 1179 luce.
2849 1124 3003 1190 Quod
3032 1133 3069 1187 ις⁴
3086 1124 3227 1178 enim
3269 1131 3350 1177 est
3378 1137 3494 1177 um-

1929 1216 2027 1270 bra
2051 1215 2300 1280 interdiu,
2326 1216 2432 1270 hoc
2451 1214 2743 1269 obscuritas
2767 1215 2993 1269 habetur
3021 1213 3074 1267 in
3098 1222 3274 1268 nocte.
3305 1211 3372 1265 Et
3394 1211 3481 1266 sic

1931 1314 1992 1361 ut
2017 1306 2190 1360 omnis
2216 1306 2402 1359 umbra
2429 1305 2497 1360 dc
2523 1305 2836 1374 corporibus
2865 1305 3051 1358 lumini
3075 1304 3326 1373 subjectis
3347 1302 3483 1357 emit

1934 1398 2081 1463 titur,
2122 1412 2281 1452 mane
2322 1397 2536 1467 quidem
2583 1397 2805 1451 tendens
2849 1397 2917 1450 ad
2964 1411 3232 1462 occasum,
3279 1410 3502 1465 vespere

1935 1503 2162 1557 vergens
2189 1487 2256 1542 ad
2281 1486 2573 1552 Orientem,
2604 1486 2910 1540 meridianis
2937 1501 2996 1540 se
3022 1486 3168 1540 horis
3201 1485 3267 1539 ad
3296 1493 3501 1554 partem

1936 1578 2328 1648 Septentrionis
2351 1578 2634 1645 inclinans,
2662 1592 2770 1632 nox
2807 1591 3021 1645 quoque
3049 1577 3182 1646 ipsa,
3210 1584 3505 1630 retrorsum

1937 1670 2072 1725 lucis
2114 1668 2277 1723 radiis
2313 1682 2626 1738 repercussa
2654 1666 2877 1722 secedit.
2906 1664 3070 1734 Cujus
3093 1665 3218 1735 quid
3252 1664 3397 1719 aliud
3421 1665 3504 1718 in-

249 1759 406 1813 rubo
435 1756 725 1825 ﬂammam,
757 1767 819 1815 ut
850 1760 1020 1815 solam
1063 1761 1171 1817 vim
1209 1762 1538 1817 claritudinis
1575 1762 1710 1831 ejus,
1741 1762 1836 1817 de-
1867 1766 1911 1824 Β
1939 1759 2223 1827 telligcuda
2250 1766 2438 1812 natura
2459 1765 2563 1824 est,
2582 1772 2741 1825 quam
2763 1755 2940 1810 mundi
2969 1754 3339 1810 obumbratio?
3358 1752 3506 1809 Sicut

262 1851 456 1921 posita
495 1850 815 1916 torriditate,
845 1859 1188 1907 monstraret.
1228 1852 1376 1907 Sicut
1410 1861 1465 1907 et
1498 1854 1732 1924 psalmus
1762 1861 1841 1908 te-

253 1949 444 1996 statur
481 1941 662 1996 dicens
705 1958 718 1994 :
773 1940 882 1995 νοω
929 1941 1141 1996 Domini
1186 1944 1534 1998 inlercidenlis
1579 1946 1841 2012 ﬂammam

257 2033 405 2104 .gnis
436 2030 607 2102 (Psal.
639 2047 816 2096 xxvm,
849 2032 924 2104 7).
956 2032 1106 2088 Unde
1132 2034 1293 2087 etiam
1322 2034 1377 2088 in
1403 2034 1843 2091 retributionibus

258 2121 583 2177 delictorum
611 2136 731 2190 quae
775 2122 828 2176 in
869 2123 980 2177 vita
1024 2124 1404 2189 contraximus,
1433 2125 1571 2180 ratio
1595 2127 1840 2196 qutedam

260 2226 374 2265 nos
399 2210 663 2265 secretior
687 2210 846 2266 docet
886 2211 1222 2281 partiendum
1250 2213 1384 2280 ignis
1410 2228 1527 2268 esse
1554 2222 1797 2269 naturam
1823 2231 1838 2268 :

262 2300 426 2368 cujus
452 2299 545 2354 lux
575 2299 644 2355 ad
682 2299 1057 2355 illuminandos
1092 2301 1433 2371 deputabitur
1462 2303 1653 2371 justos,
1685 2304 1847 2359 ardor

266 2400 458 2446 autem
481 2391 549 2446 ad
577 2391 998 2446 concremandos
1022 2391 1050 2430 δ
1072 2391 1314 2462 proﬁciet
1336 2400 1668 2462 peccatores.
1698 2392 1846 2448 Licet

265 2488 330 2537 et
354 2479 426 2535 de
451 2479 592 2534 luna:
615 2494 828 2549 quoque
856 2482 1193 2551 passionibus
1219 2481 1373 2538 facile
1399 2498 1656 2552 queamus
1684 2483 1845 2538 ﬁdem

266 2583 473 2639 capere
502 2570 866 2638 qumsitorum,
897 2571 1213 2629 decrescens
1252 2572 1415 2637 enim,
1446 2589 1552 2628 non
1580 2581 1693 2628 toto
1721 2589 1844 2629 cor-

266 2671 410 2732 pore
452 2675 672 2730 prorsus
716 2661 1061 2730 expenditur;
1109 2663 1203 2716 sed
1250 2663 1503 2717 insertam
1536 2664 1636 2719 sibi
1672 2664 1846 2720 lucem

269 2749 446 2805 modo
476 2750 774 2818 deponens,
807 2751 969 2805 modo
996 2752 1278 2822 recipiens,
1308 2754 1663 2808 concretionis
1690 2762 1745 2808 et
1768 2754 1849 2808 di-

268 2840 591 2895 minutionis
616 2841 845 2909 propria:
866 2840 1128 2910 quasdam
1155 2842 1310 2897 nobis
1332 2844 1551 2899 exhibet
1575 2843 1844 2899 fantasias.

271 2930 413 2990 Nam
442 2931 568 3001 quia
595 2940 908 2986 senescente
936 2946 1001 2987 ea
1027 2933 1246 2988 minime
1284 2941 1454 2988 totum
1499 2949 1693 3005 corpus
1734 2934 1850 3004 ejus

268 3021 623 3091 cxpenditur,
655 3021 961 3076 testimonio
980 3030 1103 3078 sunt
1121 3038 1239 3093 qua:
1257 3023 1504 3078 videntur
1526 3042 1538 3077 :
1563 3025 1686 3080 licet
1703 3026 1848 3081 enim

1940 1849 2081 1905 enim
2110 1848 2284 1902 lucido
2312 1847 2399 1902 die
2424 1854 2654 1902 stantem
2678 1845 2980 1914 quempiam
3018 1845 3118 1899 sub
3151 1858 3341 1897 aurora
3380 1842 3508 1898 solis

1938 1955 2064 1994 mox
2092 1939 2279 1993 umbra
2300 1937 2602 2000 comitatur,
2632 1935 2713 1990 sic
2739 1934 3055 1989 obumbrato
3084 1949 3208 1988 aere
3231 1933 3321 2001 qui
3350 1940 3509 1987 terra:

1939 2030 2211 2100 proximus
2240 2035 2343 2096 est,
2391 2043 2499 2082 nox
2538 2025 2786 2090 eﬂicitur,
2817 2032 2873 2078 et
2918 2024 3022 2079 hoc
3066 2032 3149 2078 est
3183 2022 3324 2091 quod
3356 2022 3506 2089 dicit,

1942 2118 2210 2189 Separavit
2230 2116 2368 2170 Deus
2395 2117 2526 2169 inter
2553 2114 2711 2168 lucem
2733 2122 2782 2168 el
2800 2113 3055 2167 tenebras.
3077 2112 3208 2166 Nam
3231 2111 3342 2167 fere
3361 2127 3506 2168 sem-

1940 2225 2038 2281 per
2064 2208 2361 2263 obscuritas
2386 2205 2579 2274 refugit
2607 2206 2739 2260 lucis
2766 2203 3072 2269 adventum,
3098 2204 3294 2274 quippe
3314 2203 3509 2274 quibus

1943 2316 2011 2355 ex
2036 2299 2209 2369 prima
2234 2297 2577 2366 generatione
2601 2294 2854 2350 alienatio
2888 2295 3028 2348 inter
3057 2291 3085 2330 ιι
3112 2308 3170 2348 se
3199 2293 3510 2347 naturaliter

1943 2400 2025 2448 est
2045 2399 2245 2461 aptata.
2268 2388 2419 2444 Nunc
2445 2396 2623 2443 autem
2652 2387 2819 2442 solem
2848 2385 3103 2456 prreccpit
3129 2385 3296 2456 spatia
3321 2384 3510 2439 diurna

1942 2500 2217 2557 peragere,
2241 2486 2419 2540 lunam
2441 2498 2569 2538 vero
2598 2498 2719 2538 cum
2747 2480 2931 2536 orbem
2958 2495 3113 2535 suum
3139 2477 3508 2549 compleverit,

1943 2575 2350 2630 moderatricem
2397 2574 2570 2628 noctis
2608 2573 2797 2628 statuit
2827 2590 2840 2625 :
2877 2586 2976 2641 pro
3019 2580 3272 2641 certaque
3308 2569 3513 2624 dimen-

1945 2666 2096 2721 sione
2121 2666 2344 2720 invicem
2364 2665 2466 2720 sibi
2491 2664 2769 2720 luminaria
2791 2664 2891 2718 ista
2910 2663 3222 2718 succedunt.
3248 2662 3377 2716 Nam
3401 2650 3516 2717 δοιὲ

1946 2756 2287 2827 procedente,
2318 2756 2442 2809 luna
2471 2756 2516 2809 si
2544 2755 2703 2825 plena
2736 2761 2838 2820 est,
2879 2754 3060 2808 statim
3091 2753 3302 2808 ducitur
3328 2750 3392 2805 ad
3418 2765 3514 2806 oc-

1947 2862 2150 2902 casum.
2183 2846 2386 2901 Rursus
2413 2854 2592 2901 autem
2621 2861 2741 2901 cum
2770 2845 2851 2901 sol
2881 2846 3058 2900 cursui
3087 2860 3184 2899 suo
3212 2853 3380 2900 metas
3413 2858 3515 2914 po-

1947 2939 2144 3005 suerit,
2182 2938 2297 2992 haec
2341 2937 2525 3006 incipit
2565 2937 2781 2992 exoriri.
2830 2935 2937 2991 Sed
2980 2937 3027 2991 si
3072 2936 3363 2991 secundum
3410 2936 3513 2991 alia

1949 3029 2220 3084 schemata
2247 3027 2465 3082 minime
2492 3028 2664 3097 spatio
2694 3027 2867 3081 noctis
2905 3027 3094 3081 lunare
3130 3026 3308 3080 lumen
3347 3026 3515 3094 tequi-

277 3114 381 3168 tibi
406 3128 533 3168 aere
559 3113 728 3168 libero
755 3113 1130 3183 nebulosisquc
1152 3123 1368 3171 carente
1396 3117 1702 3187 vaporibus,
1729 3133 1852 3187 spe-
1875 3113 1924 3178 C
1953 3129 2124 3191 parat,
2147 3136 2253 3176 non
2274 3121 2498 3175 interest
2515 3118 2800 3188 propositae
2821 3117 3145 3186 qurestionis,
3168 3116 3342 3171 solum
3362 3116 3516 3170 nobis

278 3214 435 3262 ctare
466 3206 649 3260 lunam
686 3205 1040 3272 deﬁcientem,
1066 3206 1277 3276 quando
1302 3209 1532 3263 rotunda
1558 3211 1851 3266 secundum

282 3308 311 3336 ε
336 3297 558 3351 schema
586 3303 691 3361 est,
719 3296 936 3364 quando
963 3296 1153 3364 globus
1180 3296 1312 3366 ejus,
1342 3310 1411 3353 ex
1436 3314 1503 3354 eo
1522 3298 1690 3366 latere
1709 3302 1854 3369 quod

280 3386 630 3441 tenebrosum
656 3393 757 3451 est,
790 3385 883 3439 tali
910 3386 1041 3440 orbe
1068 3387 1533 3453 circumscribitur,
1563 3389 1709 3458 quali
1730 3403 1853 3444 cum

282 3474 409 3530 luce
430 3475 590 3544 plena
611 3482 710 3528 est.
742 3473 912 3540 Quem
938 3474 1216 3530 evidenter
1240 3476 1503 3545 integrum
1530 3477 1852 3548 perfectum-

282 3580 397 3637 que
431 3566 786 3635 conspiciens,
816 3581 882 3620 ea
917 3566 1312 3623 manifestatum
1351 3578 1504 3639 parte
1533 3586 1637 3640 qua
1665 3570 1847 3640 fulget.

285 3655 358 3712 Et
385 3672 495 3712 non
524 3658 655 3712 mihi
676 3658 823 3713 dicas
849 3659 974 3727 quia
1010 3660 1099 3714 lux
1126 3659 1240 3728 ejus
1266 3660 1555 3717 adventitia
1582 3672 1683 3725 est.
1713 3680 1850 3734 quo-

285 3748 437 3803 niam
457 3747 713 3803 minuitur
735 3749 949 3819 quidem
974 3751 1188 3818 quando
1208 3759 1391 3806 contra
1418 3754 1584 3808 solem
1604 3757 1848 3822 vertitur,

286 3838 485 3893 crescit
517 3846 698 3893 autem
726 3854 845 3895 cum
876 3839 943 3894 ab
964 3855 1031 3895 eo
1057 3840 1378 3897 discesserit.
1409 3842 1541 3897 Nam
1571 3859 1671 3899 nec
1697 3846 1852 3903 nobis

281 3925 393 3982 hoc
431 3926 593 3983 modo
628 3928 893 3983 discutere
929 3930 1261 3998 propositum
1297 3938 1396 3997 est,
1439 3931 1532 3987 sed
1557 3934 1681 4003 quia
1709 3933 1854 3989 aliud

286 4026 375 4073 est
397 4017 513 4086 ejus
540 4033 751 4088 corpus,
782 4019 921 4073 aliud
950 4034 1110 4074 causa
1138 4020 1368 4076 luminis.
1401 4021 1528 4076 Tale
1549 4019 1578 4060 ’1
1600 4023 1852 4091 quiddam

288 4123 420 4178 ergo
440 4110 591 4172 mihi,
616 4118 671 4165 et
697 4109 762 4164 de
782 4119 970 4166 natura
998 4112 1124 4168 solis
1143 4112 1393 4184 intellige,
1419 4114 1509 4183 qui
1529 4114 1599 4170 ob
1619 4115 1720 4171 hoc
1736 4124 1856 4170 tan-

362 4270 389 4301 ι
415 4261 695 4339 Suspicarl
738 4261 968 4339 fortasse
1001 4266 1170 4339 possit
1204 4268 1463 4339 quispiam
1500 4270 1614 4323 vitii
1646 4270 1843 4339 aliquid

1953 3214 2082 3269 illud
2118 3212 2492 3273 asserentibus,
2534 3211 2658 3279 quia
2709 3207 2923 3278 quando
2967 3206 3203 3277 perfecta
3245 3214 3328 3260 est
3368 3206 3517 3270 luna,

1951 3305 2125 3360 noctis
2163 3303 2368 3359 obtinet
2402 3301 2775 3371 principatum,
2814 3298 3031 3368 proprio
3075 3311 3334 3367 superans
3374 3304 3515 3352 astra

1951 3395 2156 3463 fulgore
2177 3434 2192 3459 ,
2251 3401 2557 3459 terramque
2609 3389 2975 3459 perlustrans;
3031 3387 3288 3456 temporis
3339 3394 3515 3442 autem

1951 3498 2253 3541 mensuram
2280 3481 2554 3551 mqualiter
2574 3495 2696 3534 cum
2722 3478 2838 3532 sole
2865 3477 3110 3548 partitur.

2023 3575 2078 3630 4.
2114 3574 2185 3629 Et
2220 3574 2344 3641 sint,
2374 3572 2562 3640 inquit,
2588 3572 2645 3625 in
2670 3571 2851 3641 signis,
2875 3579 2923 3622 et
2946 3571 3000 3623 in
3029 3568 3356 3639 temporibus,
3375 3577 3426 3624 et
3446 3570 3506 3624 ii.

1956 3666 2150 3729 diebus,
2179 3674 2228 3719 et
2252 3666 2307 3718 in
2327 3664 2498 3717 annis.
2524 3660 2862 3716 Necessarias
2891 3659 3052 3727 igitur
3077 3659 3319 3713 humanae
3364 3659 3518 3726 vitaz,

1955 3756 2090 3811 sicut
2115 3754 2325 3823 longior
2346 3768 2472 3807 usus
2499 3752 2675 3813 docet,
2702 3750 2971 3817 signorum
3000 3748 3301 3803 notationes
3335 3756 3391 3802 et
3415 3747 3519 3803 ob-

1955 3844 2284 3901 servationes
2311 3842 2566 3904 invenies,
2597 3841 2639 3896 si
2662 3851 2838 3894 tamen
2861 3855 2968 3893 non
2994 3838 3218 3906 amplius
3240 3853 3333 3893 eas
3358 3853 3517 3908 quam

1957 3941 2173 4004 oportet
2215 3932 2470 4002 inquiras.
2509 3929 2672 3984 Multa
2699 3928 2840 3984 enim
2867 3944 3026 3998 super
3051 3926 3240 3983 futuris
3265 3928 3519 3984 imbribus

1964 4024 1983 4063 ι
2015 4039 2295 4094 possumus
2337 4023 2568 4087 discere;
2598 4021 2824 4091 plurima
2868 4033 3079 4089 quoque
3123 4020 3190 4074 de
3233 4021 3520 4091 vaporibus

1960 4123 2242 4180 terrarum,
2268 4114 2602 4181 motibusque
2624 4119 2927 4176 ventorum,
2956 4126 3049 4166 seu
3081 4126 3177 4181 per
3221 4120 3399 4182 partes
3426 4128 3520 4167 ve-

2021 4269 2043 4308 ί
2072 4270 2213 4325 Editi
2241 4278 2295 4325 et
2316 4269 2467 4325 Colb.
2492 4270 2710 4341 primus,
2738 4286 2953 4341 quorum
2979 4279 3165 4326 natura
3194 4282 3312 4328 tunc
3338 4274 3402 4329 ab
3430 4279 3514 4330 ul-

288 4333 395 4407 ho_c
415 4332 808 4407 loco_su_bessc;
836 4334 931 4407 sed
957 4332 1266 4407 in'antiquis
1289 4332 1435 4407 libris
1463 4340 1683 4407 perinde
1712 4332 1771 4393 tit
1797 4342 1850 4394 in
1879 4344 1930 4404 D
1957 4346 2102 4395 terna
2121 4341 2477 4394 contrarietate
2496 4332 2717 4393 destitit.
2740 4332 2890 4394 Alter
2907 4340 3057 4395 Colb.
3081 4350 3141 4395 ut
3167 4343 3219 4395 in
3240 4354 3514 4400 contextu.

289 4399 730 4480 vulgatislegitur
752 4400 943 4456 eodem
971 4404 1151 4480 modo,
1167 4399 1278 4460 lucc
1298 4406 1359 4459 ab
1385 4399 1684 4480 alterutrum
1705 4426 1854 4480 sepa-

289 4473 420 4549 rari.
444 4470 570 4549 ιγξὶμί
596 4471 750 4549 facile
774 4474 1084 4549 persuaderi
1107 4470 1287 4530 ~'iosset
1312 4477 1508 4531 malum
1535 4470 1852 4549 scriptorem

291 4537 627 4593 Eustathium
662 4540 734 4593 ita
773 4537 1007 4596 locutum
1042 4540 1218 4598 fuisse.

365 4608 391 4686 ξ’
420 4608 558 4686 Editi
586 4618 639 4662 et
662 4607 812 4664 Colb.
839 4612 1059 4686 primus,
1088 4613 1334 4686 perﬁciet.
1361 4614 1510 4668 Alter
1529 4614 1703 4680 Colb.,
1728 4633 1858 4686 prce-

293 4676 450 4752 ficiet.
494 4676 658 4752 Ritus
697 4676 877 4752 npste—r
916 4676 1342 4752 liber,‘proﬁciet
1368 4699 1385 4736 :
1414 4697 1636 4750 quarum
1668 4676 1852 4741 vocum

290 4745 439 4821 nulla
465 4749 684 4821 verbum
709 4745 950 4802 Crtecum
979 4745 1120 4804 bene
1140 4745 1360 4821 exprimi
1387 4745 1615 4807 constat.
1646 4753 1855 4809 Etenim

290 4817 912 4891 verbum_¢iz_1rordrrpum,
943 4834 1049 4885 quo
1088 4817 1254 4891 utitur
1285 4821 1530 4885 Basilius,
1556 4824 1711 4891 longe
1739 4840 1855 4880 mc-

293 4886 408 4963 lius
443 4883 706 4963 redditum
758 4883 1349 4963 fuisset‘destinabitur.
1400 4883 1683 4960 Aliquanto
1734 4902 1858 4963 post

291 4952 466 5026 Colb._
479 4955 759 5026 secundus,
790 4972 911 5010 nam
939 4959 1072 5026 quod
1094 4968 1380 5012 senescente
1398 4977 1477 5013 ea.

370 5033 393 5062 ε
425 5022 584 5094 Editi,
614 5026 817 5094 quando
856 5022 1106 5091 rotunda;
1137 5028 1225 5080 sed
1258 5029 1461 5082 schema
1486 5029 1677 5093 est._At
1700 5030 1853 5088 Colb.

291 5092 576 5154 secundus,
609 5092 828 5147 rotunda
853 5096 1126 5148 secundum
1153 5098 1356 5149 schema
1382 5107 1456 5150 est
1486 5116 1503 5152 :
1533 5092 1857 5156 convenien-

294 5173 380 5216 ter
392 5161 590 5235 Caeco
617 5167 747 5217 κατὰ
771 5168 827 5235 τὸ
853 5173 1055 5234 σχῆμα.
1086 5164 1280 5235 Ibidem
1310 5164 1460 5221 Colb.
1490 5171 1772 5235 secundus,
1792 5187 1857 5224 ea:

306 5231 541 5302 salutare
568 5247 677 5302 auo,
692 5231 981 5287 tenebrosus
1007 5244 1082 5287 est
1124 5234 1355 5289 Subinde
1383 5253 1507 5290 mss.
1535 5238 1661 5302 duo,
1683 5248 1732 5293 et
1755 5231 1856 5295 non

340 5300 427 5352 tibi
453 5301 614 5353 dicas.
642 5300 842 5356 Vocula
869 5311 917 5355 et
943 5306 995 5356 in
1018 5305 1173 5358 editis
1197 5305 1608 5361 desiderabatur.

318 5388 327 5403 ι
601 5370 703 5449 tale
719 5373 934 5442 quidem.
955 5372 1170 5449 Antiqui
1191 5376 1295 5427 dtio
1318 5374 1455 5449 libri,
1475 5377 1572 5449 tale
1592 5377 1853 5449 quiddam.

371 5446 396 5477 ο
424 5438 585 5513 liditi,
625 5438 905 5513 iterumque
931 5438 1123 5513 nudata
1151 5460 1168 5499 :
1198 5459 1302 5513 quo
1335 5447 1460 5513 quid
1497 5438 1721 5501 alienius
1752 5448 1854 5502 dici

297 5509 485 5577 possit,
502 5523 610 5587 non
628 5510 806 5587 video.
823 5509 1040 5582 Antiqui
1061 5521 1169 5568 tres
1188 5509 1323 5568 libri.
1348 5509 1625 5587 iterumque
1642 5517 1851 5571 induta:

296 5590 456 5653 gum
483 5577 805 5653 scripturam
824 5577 1004 5641 veram
1026 5597 1143 5638 esse
1170 5591 1223 5638 et
1252 5577 1531 5653 genuinam
1543 5577 1761 5644 'constat
1786 5603 1850 5643 cx

297 5645 410 5707 ειιο.
436 5652 521 5702 ui
548 5645 692 5706 est.»
715 5652 1131 5721 ῖπαῖῖῑᾶζῳένηι

1954 4409 2154 4464 lbidem
2199 4409 2288 4463 ubi
2328 4411 2380 4463 in
2422 4410 2578 4464 editis
2613 4409 2806 4476 legitur
2845 4411 3431 4477 incomprehensibiliter,
3462 4415 3519 4469 in

1953 4480 2351 4552 nostristribus
2379 4480 2647 4552 codicibus
2687 4478 2941 4552 scriptum
2976 4479 3271 4552 invenimus
3297 4484 3517 4552 irrcpre-

1955 4548 2268 4604 liensibiliter
2296 4564 2312 4600 :
2344 4565 2448 4618 qua
2483 4564 2549 4602 ex
2588 4547 3035 4618 interpretatione
3072 4550 3326 4617 suspicari
3371 4547 3518 4617 licet,

1954 4618 2133 4690 inepte
2173 4617 2375 4686 legisse
2398 4617 2745 4690 Eustathium
2777 4619 3071 4690 ἀμέμπτως,
3101 4633 3219 4671 cum
3248 4619 3521 4690 scripserit

1957 4685 2181 4742 Basilius
2208 4685 2450 4757 ἇμίκτως,
2475 4688 2585 4739 sine
2598 4685 2940 4757 admixtione.

2025 4767 2050 4801 κ
2088 4751 2267 4811 Codex
2290 4772 2447 4821 unus,
2476 4754 2607 4820 quod
2635 4755 2770 4806 enim
2796 4763 2871 4807 est
2897 4751 3075 4807 umbra
3102 4755 3155 4808 in
3184 4765 3347 4811 nocte.
3382 4756 3507 4813 Mox

1954 4821 2101 4897 editi.
2119 4842 2269 4897 mane
2300 4826 2527 4897 tendens.
2555 4822 3377 4897 Librihveteres,_ma12e__quidem
3406 4835 3521 4897 ten-

1956 4895 2100 4949 dens.
2124 4895 2355 4948 Subinde
2379 4894 2527 4958 editi,
2553 4891 2857 4946 meridianis
2876 4891 3035 4946 horis.
3059 4891 3212 4949 Colb’.
3235 4896 3518 4963 secundus,

1954 4965 2254 5017 meridianis
2282 4982 2334 5018 se
2354 4964 2512 5017 horis.

2029 5031 2052 5068 ιι
2093 5032 2230 5087 Editi
2253 5042 2312 5088 et
2331 5033 2484 5103 Colb.
2511 5030 2730 5100 primus,
2759 5037 2836 5084 est
2855 5032 3158 5103 naturaliter
3184 5040 3381 5103 aptata.
3412 5034 3518 5090 Alii

1955 5101 2059 5155 duo
2086 5117 2236 5168 mss,
2261 5098 2565 5178 naturaliter
2591 5108 2664 5153 est
2684 5107 2881 5170 aptata.
2912 5098 3115 5169 (innec,
3139 5098 3229 5164 τῆξ
3258 5106 3525 5178 ἀλλοτριώ-

1956 5192 2085 5230 σεως
2107 5176 2623 5229 κατασκευασοείσης.

2033 5237 2048 5277 ί
2092 5239 2252 5309 Editi,
2274 5257 2545 5310 possumus
2567 5240 2752 5294 dicere.
2775 5238 2988 5310 Antiqui
3018 5241 3123 5295 duo
3152 5241 3292 5309 libri,
3321 5241 3521 5297 discere

2033 5258 2048 5277 -
2092 5258 2252 5309 ωιιι,
2316 5258 2545 5294 assumus
2567 5258 2752 5294 arcere.
2775 5258 2988 5310 nnuqut
3018 5258 3123 5295 uno
3153 5258 3292 5309 non,
3321 5258 3519 5297 uiscera

1954 5326 2238 5381 possumus.
2271 5258 2325 5364 ﬁl
2347 5310 2554 5372 Graeco,
2584 5312 2710 5381 ἐστίῗ
2730 5314 2925 5381 μᾳθεῖγ.
2958 5309 3066 5365 Nec
3104 5312 3176 5364 ita
3204 5311 3370 5381 multo
3399 5319 3519 5381 post

1954 5378 2101 5441 editi,
2129 5379 2331 5448 placide
2371 5388 2489 5432 sunt
2516 5378 2739 5448 uenturi.
2762 5378 2830 5432 At
2868 5379 2975 5432 duo
3023 5394 3149 5433 mss.
3177 5380 3379 5447 placide
3402 5378 3520 5435 'st'nl

1953 5447 2167 5519 uenturi.
2185 5448 2339 5519 Colb.
2367 5447 3067 5519 secundus,ulrum_riolenli
3095 5465 3163 5502 an
3177 5449 3389 5519 placidi,
3410 5460 3517 5506 etc.

1955 5516 2186 5591 Subinde
2215 5516 2302 5591 ubi
2330 5518 2551 5591 legimus
2578 5526 2633 5571 et
2661 5517 2712 5569 in
2733 5515 3092 5591 duobusmss.
3115 5515 3248 5573 et'in
3272 5515 3521 5591 vulgatis,

1953 5586 2093 5650 salis,
2127 5585 2316 5655 legitur
2344 5580 2407 5642 in'
2424 5580 2576 5643 Colb.
2598 5585 2850 5650 secundo,
2880 5586 3066 5642 solum.
3107 5651 3109 5654 ,
3364 5580 3393 5624 ί
