3824 6214
353 287 457 356 9'27

1303 303 1644 361 APPENDIX
1685 307 1969 362 OPERU.“
2011 306 2068 361 S.
2111 302 2354 360 BASILII
2393 299 2633 358 MAGNI.

3513 303 3625 359 928

357 427 740 488 nientium,seu
763 424 1078 492 generaliter
1102 424 1295 492 ubique
1320 425 1651 493 spirantium,
1672 432 1726 475 et
1747 431 1921 474 utrum
1955 431 1999 482 Α
2027 423 2199 475 monis
2245 423 2540 477 inflectunt.
2587 423 2788 475 Ferunt
2836 424 2977 476 cnim
3027 423 3188 476 vitam
3239 431 3481 477 nostram
3535 427 3605 478 de

357 518 639 582 violenter,
668 532 734 570 an
762 517 973 586 placide
1002 517 1108 570 sint
1154 517 1380 570 venturi.
1414 515 1588 570 Unum
1636 515 1816 582 itaque
1860 527 1929 565 ex

357 606 896 662 demonstrationibus
917 605 1145 660 habetur
1172 605 1363 670 solum,
1395 603 1542 673 quod
1569 603 1804 658 ostendit
1831 614 1931 654 no-

352 697 438 749 bis
455 697 737 757 Dominus,
753 697 936 750 dicens
952 694 1189 748 futuram
1205 699 1574 760 tempestatem
1589 701 1710 740 cum
1727 681 1922 737 caelum

357 787 517 856 733
538 787 763 856 coeperit
792 788 948 854 igneo
979 783 1402 840 ruboretristari
1450 778 1669 847 (Matth.
1703 790 1813 838 xVI,
1843 771 1921 850 Β).

358 875 575 930 Nebulis
594 875 735 930 enim
764 873 1129 937 subeuntibus,
1159 870 1419 926 obfuscati
1456 870 1589 924 radii
1622 869 1781 922 rutilo
1809 882 1932 921 san-

357 965 658 1034 guineoque
680 964 862 1019 colore
877 970 1200 1027 cernuntur;
1233 961 1370 1014 aeris
1398 959 1646 1013 videlicet
1667 957 1931 1011 densitate

358 1056 521 1110 talem
550 1055 784 1124 speciem
811 1054 1006 1108 nostris
1033 1053 1305 1107 obtutibus
1350 1051 1656 1114 exhibente,
1687 1049 1776 1118 qui
1803 1061 1932 1101 nec-

357 1146 484 1200 dum
513 1145 566 1200 vi
611 1145 803 1200 caloris
833 1158 1135 1212 expressus,
1169 1151 1195 1179 λ
1223 1151 1444 1212 propter
1470 1140 1782 1195 exhalantes
1809 1139 1934 1192 sub—

357 1239 485 1292 inde
526 1252 769 1306 vapores,
808 1244 861 1290 et
883 1234 1180 1302 augmentis
1201 1246 1456 1300 aquarum
1476 1230 1642 1296 magis
1661 1229 1934 1296 magisque

359 1336 660 1394 crassatus;
712 1327 1063 1381 certissimam
1108 1329 1480 1393 tempestatem
1523 1319 1832 1387 regionibus
1879 1318 1933 1370 in

359 1420 550 1487 quibus
575 1419 734 1472 fuerit
770 1418 1096 1485 glomeratus
1125 1417 1370 1469 intentat.
1399 1412 1659 1466 Similiter
1680 1411 1840 1463 etiam
1876 1408 1935 1462 lit

358 1507 572 1577 quando
592 1507 820 1560 habetur
845 1507 972 1559 luna
999 1501 1330 1570 circumﬂua,
1371 1502 1455 1555 vel
1482 1516 1603 1555 cum
1631 1500 1800 1554 solem
1827 1499 1934 1553 cir-

359 1596 692 1652 cumdederit
707 1612 829 1650 area
850 1611 968 1665 qua:
985 1603 1221 1660 vocatur,
1251 1593 1499 1647 nimirum
1522 1604 1779 1659 aquarum
1799 1588 1936 1642 mul-

365 1687 668 1752 titudinem,
699 1695 791 1740 aut
811 1694 1091 1740 ventorum
1122 1684 1364 1739 fremitus
1388 1682 1598 1736 futuros
1636 1681 1930 1744 annuntiat,

2029 525 2178 566 motu
2197 513 2429 582 pendere
2458 514 2779 579 cmlestium;
2803 524 3086 584 propterea
3113 514 3344 568 Chaldzei
3367 516 3604 570 notatio-

2031 617 2127 658 nes
2155 611 2416 658 astrorum
2448 605 2516 658 ad
2539 621 2694 658 casus
2717 604 2983 660 humanos
3025 613 3268 659 asserunt
3305 606 3603 674 pertinere,

2029 693 2360 762 simplexque
2389 693 2586 748 dictum
2614 693 2900 764 Scriptura:
2924 695 3068 762 quod
3095 695 3170 748 ait
3196 695 3248 748 in
3277 696 3465 762 signis,
3495 709 3607 749 non

2030 784 2098 837 ad
2119 785 2465 839 mutationem
2491 785 2742 840 videlicet
2762 788 2902 841 aeris
2930 787 3010 840 vel
3032 795 3333 856 temporum
3365 787 3604 856 qualita-

2030 880 2157 936 tem,
2189 872 2282 927 sed
2310 874 2375 927 ad
2399 884 2596 929 sortem
2625 876 2742 929 vita:
2765 875 3140 930 transferentes
3162 877 3422 939 humanzc,
3443 882 3609 945 prout

2031 963 2130 1016 sibi
2158 963 2386 1028 videtur,
2417 973 2725 1033 exponunt;
2756 966 2995 1020 dicentes
3023 965 3375 1034 quorumdam
3404 967 3609 1020 discur-

2030 1051 2261 1104 rentium
2290 1052 2526 1106 siderum
2555 1053 3006 1122 complexionem,
3033 1070 3152 1109 cum
3181 1054 3247 1108 ad
3278 1056 3396 1109 illas
3425 1056 3610 1111 stellas

2030 1155 2148 1209 qua:
2173 1141 2227 1194 in
2256 1141 2473 1196 zodiaco
2496 1153 2774 1197 moventur
2801 1145 3019 1212 circulo,
3043 1146 3089 1199 si
3113 1155 3136 1182 θ
3165 1145 3463 1200 secundum
3494 1147 3610 1201 tale

2029 1231 2177 1284 verbi
2205 1232 2372 1298 gratia
2400 1233 2614 1286 schema
2642 1234 2887 1302 coierint,
2910 1243 3112 1290 certam
3150 1237 3370 1304 genesin
3420 1237 3605 1293 solere

2032 1319 2314 1390 perlicere;
2346 1336 2633 1390 rursusque
2659 1323 2705 1376 si
2751 1323 2887 1377 alter
2913 1323 3124 1378 habitus
3164 1326 3375 1379 illarum
3422 1325 3611 1393 fuerit,

2033 1409 2300 1461 contraria
2327 1408 2542 1463 decreta
2569 1413 2860 1480 componit.
2894 1412 2969 1467 De
3009 1414 3199 1482 quibus
3227 1431 3334 1468 non
3363 1416 3470 1470 erit
3496 1417 3612 1472 for-

2034 1499 2191 1551 tassis
2220 1499 2422 1562 inutile,
2464 1500 2509 1552 si
2532 1501 2832 1568 aperiendae
2873 1503 3184 1571 quaestionis
3222 1505 3414 1570 gratia,
3445 1508 3615 1576 paulo

2034 1589 2276 1656 superius
2302 1591 2529 1658 repetita
2557 1591 2694 1644 serie
2721 1593 3043 1646 narrationis
3065 1595 3332 1649 exordiar.
3356 1595 3489 1652 Dico
3519 1614 3616 1650 au-

2035 1687 2143 1732 tem
2168 1695 2274 1733 non
2295 1695 2469 1733 meum
2498 1680 2622 1749 quid
2653 1681 2943 1749 proprium,
2975 1682 3072 1737 sed
3094 1683 3471 1742 confutationis
3496 1688 3618 1741 illo-

361 1778 446 1831 vel
473 1793 594 1832 cum
625 1777 720 1830 visi
761 1777 903 1830 circa
946 1791 1067 1829 eum
1114 1775 1310 1828 fuerint
1351 1773 1740 1835 discurrentes,
1773 1773 1808 1826 ii
1853 1769 1944 1840 qui
1978 1769 2018 1827 Β
2046 1784 2163 1822 rum
2191 1784 2370 1835 causa,
2401 1771 2510 1824 suis
2537 1777 2655 1823 utar
2682 1771 2866 1838 elogiis
2891 1791 2903 1824 :
2935 1781 2994 1826 ut
3021 1781 3076 1827 et
3097 1774 3133 1827 ii
3159 1775 3248 1844 qui
3277 1791 3459 1830 errore
3481 1793 3617 1845 pnn-

361 1868 388 1906 δ
411 1869 552 1922 soles
579 1869 832 1931 contrarii
874 1868 1217 1922 nominantur
1241 1885 1252 1917 :
1281 1865 1522 1936 profecto
1551 1880 1704 1919 casus
1729 1865 1936 1933 aliquos

361 1959 580 2013 tetherei
601 1967 801 2014 tractus
824 1959 1103 2012 imminere
1143 1957 1489 2027 portendunt.
1520 1955 1668 2010 Sicut
1695 1963 1751 2010 et
1779 1957 1936 2024 virgm

368 2049 472 2103 illae
498 2063 617 2117 quac
647 2049 700 2102 in
730 2048 881 2102 iridis
905 2047 1088 2102 colore
1134 2046 1232 2101 sub
1270 2047 1543 2100 matutinis
1570 2046 1798 2100 nubibus
1843 2061 1934 2099 os-

367 2141 676 2206 tenduntur,
707 2141 1049 2194 vehementes
1077 2139 1283 2209 pluvias
1328 2145 1382 2192 et
1410 2138 1692 2207 procellas,
1717 2145 1807 2189 aut
1833 2137 1934 2189 ali-

365 2247 526 2300 quam
577 2231 890 2286 omnimodo
950 2231 1071 2285 εωιί
1118 2231 1573 2300 perturbationem
1615 2227 1932 2296 significant.

363 2321 596 2376 Plurima
624 2322 786 2376 etiam
817 2321 1005 2374 indicia
1035 2327 1312 2374 crescente
1332 2319 1417 2373 vel
1444 2327 1754 2372 senescente
1786 2317 1931 2380 luna,

362 2411 456 2479 qui
479 2410 601 2464 huic
630 2411 862 2464 scientia;
890 2410 1205 2463 studuerunt
1233 2416 1448 2462 notasse
1475 2407 1722 2461 dicuntur
1749 2424 1761 2458 :
1792 2421 1936 2459 asse-

364 2509 545 2555 rentes
572 2500 713 2568 quod
735 2514 828 2554 aer
853 2507 1007 2552 terra:
1027 2498 1321 2567 proximus,
1349 2498 1650 2552 necessario
1673 2513 1770 2567 pro
1799 2497 1935 2551 lunm

363 2591 722 2646 schematibus
768 2590 1213 2659 qualitatibusque
1257 2597 1515 2643 vertatur.
1546 2588 1678 2642 Nam
1735 2599 1757 2627 ε
1813 2604 1935 2643 cum

365 2682 526 2736 fuerit
549 2681 726 2745 tertia,
757 2681 802 2734 si
853 2680 1063 2748 gracilis
1115 2687 1170 2734 et
1207 2680 1426 2733 minime
1454 2679 1705 2733 cornibus
1734 2679 1936 2734 obtusis

365 2779 650 2841 appareat,
691 2771 1033 2824 serenitatem
1069 2768 1314 2823 stabilem
1343 2767 1652 2836 firmamque
1679 2768 1933 2822 declarat.

365 2861 458 2915 Sin
484 2868 660 2914 autem
685 2858 1002 2924 rubicunda,
1034 2858 1350 2928 pinguisque
1375 2857 1627 2912 cornibus
1656 2857 1932 2920 habeatur,

366 2952 564 3006 imbres
610 2950 822 3014 nimios,
878 2949 1271 3018 australemque
1316 2947 1626 3002 violentiam
1681 2947 1932 3000 minatur.

369 3039 572 3094 llorum
595 3039 754 3106 igitur
781 3037 1083 3092 observatio
1113 3045 1365 3106 quantum
1413 3035 1805 3090 commoditatis
1848 3035 1940 3088 im-

2037 1860 2180 1912 vcnti
2208 1868 2350 1923 sunt,
2383 1861 2618 1914 remedia
2647 1869 2921 1930 conceptm
2957 1863 3187 1918 ltesionis
3225 1865 3513 1933 accipiant,
3559 1877 3618 1922 et

2036 1953 2210 2006 ueteri
2242 1952 2510 2006 munimen
2539 1952 2770 2020 aliquod,
2805 1968 2872 2007 ne
2900 1954 3091 2007 similia
3140 1955 3426 2023 patiantur,
3461 1958 3617 2012 inve-

2035 2043 2203 2097 niant.
2229 2042 2552 2111 Repertores
2576 2044 2738 2111 igitur
2779 2045 3074 2114 genesiacae
3095 2046 3318 2101 rationis
3339 2048 3614 2103 diuturni-

2035 2140 2144 2186 tate
2159 2133 2411 2200 temporis
2440 2133 2667 2201 experti,
2691 2133 2835 2203 quod
2856 2149 2949 2189 eos
2967 2135 3034 2188 de
3054 2136 3416 2191 schematibus
3440 2141 3613 2194 multa

2035 2221 2328 2288 dill'ugiant,
2359 2222 2412 2276 in
2451 2231 2732 2290 angustum
2786 2225 3001 2292 penitus
3049 2227 3305 2294 temporis
3347 2228 3614 2296 redegere

2035 2327 2356 2376 mensuram,
2415 2319 2476 2365 ut
2517 2313 2677 2365 etiam
2725 2313 3080 2368 minutissimo
3120 2315 3421 2382 intervallo,
3473 2319 3613 2372 sicut

2035 2400 2165 2455 dicit
2217 2400 2504 2470 Apostolus
2537 2419 2549 2454 :
2584 2401 2649 2454 In
2678 2412 2952 2466 momento,
2985 2413 3033 2456 et
3066 2405 3120 2456 in
3159 2415 3346 2475 puncto
3391 2405 3455 2476 (1
3487 2407 3610 2464 Cor.

2036 2507 2123 2556 xv,
2149 2489 2258 2560 52),
2283 2505 2472 2558 magna
2495 2492 2564 2545 sit
2588 2489 2609 2529 ί
2635 2492 2775 2545 inter
2795 2493 3032 2560 genesim
3051 2496 3394 2563 genesimque
3413 2496 3614 2552 distan-

2035 2582 2127 2645 tia,
2157 2591 2460 2636 asserentes
2485 2582 2628 2649 quod
2659 2582 2747 2635 ille
2773 2582 2864 2650 qui
2891 2590 3048 2637 natus
3075 2592 3156 2638 est
3183 2585 3236 2638 in
3277 2585 3384 2640 hoc
3405 2597 3613 2656 puncto

2034 2691 2130 2729 rex
2158 2676 2260 2729 erit
2286 2675 2522 2743 gentium
2562 2677 2915 2745 princepsque
2951 2678 3288 2745 p0pulorum,
3318 2681 3612 2738 maximam

2034 2765 2328 2835 potentiam
2356 2765 2654 2833 multasque
2682 2765 2893 2819 divitias
2915 2767 3230 2832 sortiturus;
3269 2783 3393 2822 eum
3431 2778 3614 2824 autem

2035 2856 2127 2925 qui
2151 2856 2204 2908 in
2231 2854 2323 2908 illo
2350 2861 2623 2908 momento
2649 2863 2860 2909 creatus
2881 2863 2978 2921 est,
3003 2855 3320 2922 mendicum,
3345 2866 3612 2926 etvagum

2035 2946 2179 3011 fore,
2209 2944 2622 3014 quotidianique
2649 2945 2819 2999 victus
2847 2961 3026 3013 causa,
3056 2946 3384 3002 diversorum
3417 2946 3614 3017 januas

2038 3037 2327 3092 obiturum.
2357 3035 2482 3090 Ideo
2512 3051 2743 3105 namque
2765 3037 3021 3090 circulum
3061 3039 3149 3106 qui
3173 3039 3393 3106 signifer
3421 3041 3612 3109 appel-

367 3129 572 3201 pendat
596 3129 920 3194 hominibus,
944 3129 1064 3197 quis
1103 3129 1348 3195 ignorat?
1375 3125 1606 3182 Possunt
1630 3128 1772 3181 enim
1794 3127 1942 3180 navi—
1966 3116 2011 3178 C
2043 3128 2184 3182 latur
2204 3129 2257 3182 in
2298 3137 2323 3172 κ
2345 3127 2623 3182 duodecim
2667 3129 2905 3197 partibus
2933 3129 3198 3196 dividunt;
3247 3133 3502 3200 quoniam
3533 3135 3614 3189 sol

369 3220 544 3290 gaturi
570 3221 707 3274 intra
735 3227 949 3290 portum
975 3219 1207 3273 retinere
1234 3218 1477 3284 classem,
1507 3217 1680 3272 futura
1702 3217 1940 3288 pericula

368 3309 772 3380 prmvidentes;
823 3309 1000 3363 viator
1036 3309 1162 3362 item
1209 3316 1398 3363 cautus
1444 3307 1664 3363 effectus
1716 3324 1782 3362 ex
1822 3308 1941 3363 οωιί

367 3400 606 3464 tristitia,
636 3399 1032 3468 tranquillitatis
1071 3406 1280 3467 tempus
1307 3407 1619 3468 exspectat;
1651 3399 1940 3466 agriculto-

369 3506 458 3544 res
485 3504 700 3559 quoque
719 3489 1010 3543 seminibus
1031 3496 1085 3543 et
1099 3489 1290 3558 plantis
1315 3489 1594 3543 sollicitam
1615 3489 1940 3556 diligentiam

369 3579 789 3647 commodantes,
811 3595 877 3634 ex
897 3581 1204 3635 memoratis
1229 3581 1474 3635 instructi
1499 3581 1662 3649 signis
1674 3589 1934 3649 opportu-

371 3671 595 3726 nitatem
623 3685 912 3738 congruam
945 3670 1336 3740 praestolantur.
1385 3669 1540 3736 Quid,
1571 3671 1713 3739 quod
1740 3669 1766 3707 ά
1789 3671 1936 3725 solu-

371 3761 532 3815 tionis
559 3761 720 3816 etiam
749 3776 929 3814 rerum
950 3762 1184 3814 omnium
1214 3761 1266 3814 in
1294 3761 1428 3826 sole,
1458 3761 1686 3830 lunaque
1711 3769 1766 3816 et
1807 3762 1938 3816 stel-

371 3851 470 3914 lis,
499 3849 716 3904 visenda
765 3851 1008 3920 prodigia
1056 3850 1312 3906 Dominus
1357 3850 1667 3920 prtedicavit
1711 3851 1934 3906 dicens:

371 3943 466 3996 Sol
492 3950 712 3996 vertetur
737 3944 794 3996 in
841 3942 1158 4012 sanguinem,
1189 3950 1240 3996 et
1278 3944 1401 3997 luna
1439 3959 1544 3997 non
1589 3941 1731 3996 dabit
1780 3943 1941 3997 lucem

372 4049 519 4088 suam
567 4031 721 4103 (Joel.
754 4049 823 4098 ιι,
854 4032 916 4085 51
946 4050 960 4098 ;
990 4034 1104 4087 Act.
1135 4049 1192 4098 ιι,
1222 4031 1332 4104 90).
1362 4032 1560 4087 Verum
1608 4034 1722 4087 htec
1749 4033 1940 4088 indicia

371 4131 498 4179 sunt
525 4122 806 4176 mundanae
833 4123 1306 4178 consummationis
1323 4164 1338 4190 ,
1365 4131 1422 4177 ut
1442 4123 1689 4178 diximus.

444 4209 494 4266 5.
527 4211 634 4266 Sed
665 4213 740 4266 illi
767 4213 858 4282 qui
888 4213 1024 4267 ultra
1070 4211 1263 4268 fossam
1312 4215 1478 4269 saltus
1515 4230 1641 4269 suos
1680 4222 1942 4268 conantur

375 4303 682 4370 extendere,
709 4301 777 4356 ad
804 4303 1064 4357 rationem
1085 4303 1292 4370 genesis
1319 4319 1530 4358 cursum
1551 4303 1807 4373 propositi
1829 4319 1943 4358 ser-

2042 3235 2141 3290 per
2184 3219 2399 3286 triginta
2447 3216 2563 3271 dies
2605 3219 2874 3286 egreditur
2931 3218 3303 3275 duodecimum
3352 3219 3379 3258 ιι
3436 3223 3613 3280 locum

2041 3312 2292 3380 sphzeraz,
2340 3310 2456 3380 ejus
2495 3325 2614 3380 qua:
2649 3313 2891 3378 ἀπλανής,
2926 3311 2978 3365 id
3006 3321 3108 3380 est,
3141 3314 3441 3370 inerrabilis
3471 3318 3614 3370 voci-

2043 3407 2206 3454 tatur.
2239 3399 2306 3453 Et
2342 3415 2529 3455 rursus
2574 3401 2990 3470 unumquodque
3031 3403 3326 3457 membrum
3380 3407 3612 3474 partium

2044 3491 2366 3545 tricenarum
2405 3506 2506 3560 per
2543 3490 2713 3560 spatia
2752 3489 3000 3545 duodena
3039 3491 3308 3546 deducunt
3339 3511 3353 3546 :
3384 3509 3626 3562 quorum-

2041 3581 2276 3648 singulas
2291 3581 2480 3634 iterum
2503 3581 2776 3650 portiones
2786 3581 2840 3634 in
2858 3580 2959 3634 alia
2979 3581 3254 3648 sexaginta
3269 3581 3612 3648 distribuunt,

2043 3688 2334 3743 eorumque
2382 3675 2659 3742 sexaginta
2689 3675 2931 3741 sexagies
2955 3676 3233 3744 portiones
3273 3690 3612 3734 enumerant.

2041 3761 2355 3830 Hujusmodi
2402 3779 2530 3831 ergo
2580 3765 2916 3818 nascentium
2952 3766 3189 3832 genesim
3239 3765 3614 3834 disponentes,

2042 3851 2316 3906 videamus
2342 3851 2386 3905 si
2406 3861 2629 3921 possunt
2656 3853 2793 3906 hanc
2818 3854 3184 3917 subtilitatem,
3225 3855 3323 3910 sub
3354 3859 3613 3926 temporis

2042 3942 2376 3998 dimensione
2401 3959 2634 3998 servare.
2665 3944 2790 3999 Mo'x
2816 3945 2960 3999 enim
2989 3953 3046 3999 ut
3089 3944 3266 4000 infans
3292 3950 3613 4015 processerit

2043 4047 2108 4086 ex
2139 4041 2312 4097 utero,
2337 4034 2598 4102 speculari
2627 4049 2846 4088 necesse
2865 4043 2948 4088 est
2975 4035 3315 4090 obstetricem
3336 4051 3456 4105 qum
3477 4037 3613 4092 dicat

2040 4138 2174 4193 puer
2199 4123 2267 4176 sit
2295 4137 2361 4175 an
2389 4123 2564 4191 puella
2592 4123 2734 4192 quod
2781 4132 2964 4177 natum
2995 4131 3108 4188 cst,
3139 4131 3194 4178 et
3222 4133 3501 4194 exspectat
3529 4143 3612 4179 va-

2041 4212 2208 4280 gitum
2235 4225 2341 4279 quo
2370 4212 2547 4280 capiat
2573 4213 2779 4280 parvuli
2825 4213 3051 4267 viventis
3093 4213 3366 4268 indicium.
3407 4212 3614 4278 Quanta

2048 4302 2126 4357 vis
2166 4301 2292 4356 dum
2320 4303 2434 4356 htec
2461 4311 2706 4372 aguntur,
2735 4302 2978 4371 sexagies
3023 4303 3172 4360 dicas
3215 4305 3473 4360 transisse
3502 4320 3616 4359 mo-

446 4575 470 4604 ⁸
513 4566 652 4621 Editi
675 4575 730 4622 et
747 4567 852 4621 duo
872 4580 1026 4629 mss.,
1054 4565 1360 4634 exultantes,
1378 4572 1644 4633 corrupte.
1663 4565 1742 4634 At
1763 4579 1944 4619 emen-
1971 4568 2022 4626 D
2063 4632 2074 4634 _
2119 4575 2142 4602 °
2171 4563 2324 4630 Editi,
2357 4566 2402 4618 si
2424 4565 2541 4618 tale.
2567 4565 2781 4634 Antiqui
2808 4566 2912 4621 duo
2935 4565 3073 4627 libri,
3105 4567 3152 4620 si
3177 4565 3455 4619 secundum
3486 4574 3613 4621 tate.

375 4636 498 4707 date
542 4637 798 4707 scriptum
845 4637 1140 4690 invenimus
1195 4636 1249 4688 in
1294 4633 1448 4688 Colb.
1479 4633 1734 4698 secundo,
1782 4635 1945 4688 exha-

375 4706 560 4761 (antes.

448 4774 475 4812 ι)
513 4773 693 4829 Codex
719 4791 856 4829 unus
874 4789 994 4829 cum
1023 4773 1180 4827 editis
1219 4773 1343 4827 solis
1371 4773 1637 4828 contrarii.
1668 4771 1770 4826 Alii
1813 4772 1942 4838 duo,

373 4843 504 4899 soles
518 4845 775 4899 .rontrart'i
784 4884 796 4897 .

451 4923 473 4951 ο
504 4909 643 4966 Editi
669 4929 783 4966 cum
830 4913 981 4982 fuerit
1007 4921 1157 4964 tersa.
1188 4909 1330 4964 Libri
1365 4919 1604 4982 _veteres,
1635 4928 1746 4964 cum
1792 4913 1943 4982 fuerit

337 4983 546 5071 ίιτετςεα,
575 4984 645 5036 ita
692 4978 939 5049 exigente
984 4988 1038 5034 et
1066 4996 1244 5047 sensu,
1273 4989 1328 5034 et
1355 4978 1546 5035 Graeco
1599 4986 1715 5053 περὶ
1761 4978 1932 5056 τρίτην

379 5071 581 5110 omnem

409 5073 666 5184 Fefiiilli,
697 5119 992 5185 solutiones.
1023 5117 1423 5189 Codexinoster
1445 5129 1500 5174 et
1540 5120 1688 5174 Colb.
1716 5136 1938 5189 primus,

378 5189 666 5256 solutionis,
721 5190 878 5251 bene,
932 5204 1052 5241 cum
1095 5188 1234 5256 apud
1281 5187 1529 5242 Basiliunt
1561 5187 1815 5255 legamus,
1850 5199 1937 5249 τῆς

381 5260 715 5318 διαλύσεως...
745 5268 948 5326 σημεῖα,
977 5257 1242 5310 solutionis
1268 5258 1436 5327 signa.
1461 5259 1609 5312 Alter
1633 5275 1762 5312 vero
1783 5259 1934 5313 Colb.

381 5329 454 5382 ita
480 5327 656 5390 habet,
691 5328 1004 5396 diligentiam
1051 5327 1373 5379 commodant
1419 5345 1482 5380 ea:
1522 5331 1814 5381 memoratis
1853 5330 1936 5381 in-

378 5396 754 5467 strugtionibus.
787 5396 854 5450 Et
869 5399 1171 5467 jam_rerum
1193 5398 1418 5449 omnium
1439 5399 1489 5449 in
1520 5398 1646 5462 sole,
1664 5397 1932 5462 etc.Qund

381 5467 447 5520 ad
473 5465 713 5521 Grmcum
732 5465 942 5534 quidem
973 5465 1174 5520 facilius
1201 5467 1591 5519 accommodari
1616 5476 1808 5534 potest,
1841 5469 1934 5524 ἤδη

384 5537 436 5591 δὲ
464 5543 545 5590 καὶ
577 5555 588 5587 ;
621 5535 716 5589 sed
765 5551 831 5590 eo
879 5536 931 5588 in
959 5535 1093 5588 libro
1139 5550 1243 5588 vox
1289 5535 1554 5588 solutionis
1582 5536 1931 5588 desideratur.

430 5607 562 5662 θύει
586 5613 784 5671 noster,
815 5605 1191 5673 prtvstolantur,
1223 5604 1470 5671 siquidem
1497 5605 1762 5659 solutionis
1829 5616 1931 5658 ctr.

407 5675 575 5733 itatitu
601 5692 724 5729 \nss.
753 5674 878 5739 duo,
908 5674 1120 5728 videnda
1149 5673 1398 5744 prodigia.

2047 4632 2246 4706 Grmce,
2278 4639 2426 4706 nardo
2445 4635 2632 4706 τοιόνδε
2682 4632 2888 4706 mxima.
2944 4634 3394 4706 StatimAeditiﬁi
3437 4635 3611 4706 aliter.

2047 4703 2200 4782 Colb.
2229 4702 2513 4782 secundus,
2565 4705 2610 4758 si
2653 4702 2807 4758 alter.
2845 4703 3079 4760 Subinde
3118 4702 3273 4760 Colb.
3325 4702 3615 4771 secundus,

2045 4775 2310 4840 repet-itam
2337 4775 2536 4826 seriem.

2122 4843 2140 4881 ί
2179 4842 2334 4906 Editi,
2365 4844 2496 4894 inter
2525 4844 2680 4912 gesim
2704 4844 3021 4912 genesimque
3039 4842 3302 4912 distantia.
3333 4839 3499 4912 Vetus
3525 4841 3615 4893 hie.

2046 4920 2229 4966 noster
2256 4913 2406 4975 liber,
2428 4911 2562 4964 inter
2581 4913 2802 4981 genesim
2815 4911 3131 4981 genesimque
3149 4911 3415 4974 distantia,
3438 4917 3610 4964 recte.

2044 4981 2100 5034 ln
2130 4997 2322 5052 gneco,
2353 4985 2695 5052 ys'vtasrrrpri;
2729 4985 2936 5052 yéVEO'ttt.

2116 5062 2139 5097 ε
2173 5047 2385 5117 Antiqui
2415 5050 2520 5102 duo
2550 5047 2668 5102 libri
2695 5047 2815 5103 cum
2845 5049 3028 5109 editis,
3061 5049 3115 5102 in
3142 5047 3409 5117 duodecim
3436 5050 3597 5115 parti-

2040 5128 2148 5172 bus.
2176 5116 2428 5191 Alius,_gi_n
2457 5119 2720 5191 duodecim
2763 5128 2954 5191 partes,
2977 5117 3324 5191 Quodmagis
3352 5116 3606 5191 idonegtu

2040 5205 2156 5268 esse
2186 5203 2289 5240 non
2293 5186 2574 5268 'tliﬂiteor;
2617 5187 2712 5266 sed
2734 5202 2839 5268 non
2872 5187 2991 5267 inde
3012 5186 3150 5242 efﬁci
3177 5195 3328 5245 outo.
3352 5193 3411 5238 ut
3439 5186 3618 5239 malus

2039 5259 2266 5325 scriptor
2293 5257 2599 5310 Eustathius
2630 5257 2700 5308 ita
2722 5257 3009 5324 scripserit.

2057 5394 2064 5395 ί
2111 5325 2136 5362 ιι
2166 5325 2334 5389 Editi,
2387 5327 2553 5380 locum
2587 5328 2727 5395 terte.
2769 5325 2950 5378 Codex
2997 5332 3215 5395 noster,
3264 5323 3431 5378 locum
3478 5324 3611 5392 fere.

2038 5394 2188 5448 Colb.
2220 5396 2438 5468 primus,
2453 5393 2616 5468 locum
2645 5397 2771 5464 fore.
2799 5395 2945 5448 Alter
2989 5393 3167 5458 Colb.,
3209 5395 3376 5468 locum
3405 5407 3610 5468 spera;

2038 5481 2152 5532 quae
2177 5459 2437 5532 scriptura
2463 5465 2531 5516 ita
2558 5459 2806 5532 corrupta
2835 5472 2934 5523 est,
2961 5471 3018 5516 ut
3041 5462 3313 5516 emendari
3344 5459 3489 5532 nullo
3519 5476 3615 5512 nc-

2037 5531 2182 5600 gbtio
2211 5531 2391 5602 possit.
2423 5533 2584 5600 Igitur
2607 5547 2701 5600 pro
2721 5531 2886 5602 spera:
2915 5531 3194 5600 legendum
3222 5539 3306 5586 est
3344 5531 3567 5602 spltwm’
3595 5569 3609 5582 .

2040 5604 2184 5676 qth
2214 5601 2332 5656 cum
2379 5603 2704 5676 satis_per_se
2733 5601 3067 5676 perspicuum
3098 5603 3187 5666 sit,
3219 5601 3391 5668 magis
3435 5608 3626 5653 tamen

2042 5671 2384 5726 con'tirmatur
2411 5687 2476 5726 ex
2507 5671 2770 5725 Basiliano
2797 5673 2909 5740 illo,
2947 5676 3180 5743 σφαίρας.
