3824 6214
151 218 263 274 929

939 206 1318 267 EUSTATllll
1359 200 1761 260 llEXAEMERI
1803 196 2295 254 METAPllllASlS
2332 194 2539 252 LIBER
2580 193 2670 251 Vl.

3313 189 3426 244 950

191 340 393 392 menta.
426 341 455 370 ι
473 329 660 401 Itaque
703 329 831 384 dum
857 329 1226 384 manifestatur
1263 326 1436 380 editus
1475 337 1606 392 puer
1645 336 1760 374 ma-
1787 320 1835 377 A
1866 320 2039 386 portio
2061 329 2140 375 est
2168 323 2400 389 signiferi
2424 324 2628 379 circuli.
2659 321 2936 390 Quomodo
2965 336 3092 391 ergo
3115 323 3436 392 principales

190 424 508 492 thematico,
533 429 731 493 quanta
757 419 981 474 dicimus
1006 419 1188 488 elapsa
1232 431 1350 471 esse
1375 418 1574 484 puncta
1590 451 1604 476 ,
1634 409 1764 464 dum

189 517 370 572 media
399 528 653 583 responsa
684 511 996 567 redduntur.
1018 509 1170 577 Quod
1189 509 1289 564 etsi
1308 505 1593 572 contigerit
1613 510 1766 558 extra

190 609 339 664 fores
360 605 589 662 cubiculi
613 611 758 659 stare
784 618 907 658 eum
927 603 1018 670 qui
1047 601 1313 656 nascentis
1326 599 1515 652 horam
1543 595 1764 662 colligit,

192 703 412 766 oportet
438 693 639 748 visitari
657 690 992 755 laterculum,
1023 697 1076 744 ut
1111 689 1410 756 diligenter,
1439 694 1496 740 et
1521 686 1636 740 sine
1659 684 1764 738 ulla

191 783 596 840 intermissione
622 781 872 836 calculari
900 779 1071 850 possit
1107 793 1292 832 cursus
1325 777 1598 842 horarum,
1652 773 1769 828 sive

189 877 372 933 diurni
399 874 618 938 fuerint,
641 874 755 928 sive
783 871 1048 927 nocturni.
1080 868 1406 936 Quantorum
1429 867 1588 934 igitur
1608 879 1767 919 sexa-

192 966 525 1034 gesimorum
538 977 809 1027 numerus,
827 976 894 1015 eo
915 961 1030 1030 ipso
1045 967 1285 1028 tempore
1295 956 1610 1028 praeteriisse
1620 961 1772 1023 puta-

191 1058 379 1113 bitur?
406 1055 638 1111 Necesse
657 1061 739 1108 est
766 1053 911 1108 enim
939 1058 998 1106 ut
1023 1050 1322 1104 inveniatur
1340 1047 1511 1112 stella,
1526 1060 1643 1115 qum
1658 1060 1767 1099 non

193 1147 374 1201 solum
398 1145 454 1198 in
479 1150 644 1211 quota
668 1149 822 1210 parte
842 1139 1145 1194 duodecimi
1171 1137 1362 1207 spatii,
1402 1136 1496 1190 sed
1524 1134 1685 1188 etiam
1712 1133 1766 1185 in

193 1245 368 1305 quoto
395 1241 595 1304 puncto
615 1231 902 1286 duodecies
929 1229 1114 1284 divisa:
1141 1227 1404 1298 portionis
1439 1225 1654 1288 assistit,
1679 1224 1767 1278 vel

194 1327 380 1397 potius
409 1327 462 1379 in
489 1333 656 1393 quoto
685 1331 958 1377 momento
985 1321 1435 1388 sexagesimorum
1481 1318 1762 1387 reperitur,

197 1419 254 1471 in
283 1416 480 1485 quibus
499 1414 726 1468 diximus
745 1411 1082 1467 decretorum
1110 1418 1309 1465 sortem
1333 1409 1492 1462 fuisse
1520 1409 1762 1472 divisam,

197 1515 374 1561 autut
402 1503 620 1560 omnino
647 1503 844 1557 veritas
898 1502 1214 1570 inquiratur,
1256 1501 1310 1554 in
1357 1507 1524 1568 quoto
1578 1513 1766 1552 eorum

196 1596 657 1664 sexagesimorum
685 1599 915 1658 ostento,
939 1607 1056 1661 qua:
1083 1606 1113 1644 a
1133 1591 1320 1660 primis
1344 1597 1469 1644 sunt
1493 1587 1765 1654 sexagesi-

1872 421 1894 448 ο
1925 412 2046 466 inde
2073 428 2262 468 causas
2303 414 2589 468 asserendo
2615 415 2739 468 vitae
2764 409 3086 479 mortalium,
3109 414 3176 468 de
3205 415 3430 467 terrenis

1865 503 2158 573 pecudibus
2185 505 2514 558 nascentium
2539 505 2739 559 formas
2761 512 2988 568 mentes,
3016 511 3072 557 et
3099 503 3235 557 dicis
3256 505 3430 556 muni-

1867 595 2023 650 ficum
2071 595 2185 650 fore
2213 597 2498 650 arietinum
2535 596 2851 650 hominem:
2896 610 3004 648 non
3047 594 3172 662 quia
3223 609 3430 646 morum

1867 687 2126 756 ejusmodi
2152 703 2276 757 pars
2303 688 2392 741 illa
2411 688 2530 742 coeli
2556 686 2844 756 perfectrix
2860 693 2962 751 est,
2981 685 3074 740 sed
3095 684 3219 754 quia
3243 691 3436 737 natura

1868 779 1987 833 talis
2015 786 2098 832 est
2122 779 2293 833 'ovis?
2331 779 2576 834 Hortaris
2605 791 2732 844 ergo
2774 793 2874 831 nos
2913 775 3131 845 prazlata
3171 773 3432 841 dignitate

1865 869 2159 934 stellarum,
2201 875 2293 922 aut
2319 869 2501 938 potius
2553 867 2778 921 suadere
2805 865 3040 933 conaris,
3087 879 3187 933 per
3232 862 3436 916 bestias

1865 968 2042 1013 mutas
2070 959 2477 1013 accommodare
2502 957 2597 1012 tibi
2617 970 2957 1011 consensum.
2980 953 3133 1019 Quod
3159 952 3204 1006 si
3231 951 3299 1005 de
3326 949 3435 1003 ani-

1864 1049 2093 1104 malibus
2121 1058 2421 1118 assumptas
2443 1063 2652 1103 morum
2684 1046 3040 1116 proprietates
3067 1042 3230 1096 habet
3258 1041 3432 1111 polus,

1866 1139 1981 1207 ipse
2009 1153 2223 1206 quoque
2243 1138 2482 1206 subjacet
2513 1136 2918 1192 necessitatibus
2947 1133 3159 1199 alienis;
3183 1131 3209 1169 (ι
3238 1132 3438 1200 quippe

1865 1232 1989 1299 quia
2036 1240 2221 1285 nactus
2265 1240 2348 1285 est
2389 1247 2457 1284 ex
2497 1230 2925 1299 quadrupedibus
2962 1241 3240 1282 causarum
3276 1224 3434 1278 ducta

1867 1327 2147 1395 principia.
2181 1325 2236 1379 Si
2283 1333 2462 1379 autem
2501 1325 2606 1378 hoc
2646 1323 2780 1378 dicis
2809 1323 3046 1392 ineptum
3090 1334 3236 1383 esse,
3267 1317 3438 1371 multo

1866 1418 1994 1472 illud
2019 1417 2394 1488 pronuntiabis
2437 1417 2688 1485 ineptius,
2719 1422 2779 1469 ut
2812 1414 3036 1468 auderes
3063 1411 3130 1466 de
3158 1411 3240 1465 his
3280 1409 3438 1463 rebus

1866 1509 2192 1563 assertiones
2217 1506 2427 1571 all'errc,
2447 1521 2565 1575 qua:
2592 1506 2724 1558 nihil
2763 1505 3041 1558 nobiscum
3068 1503 3316 1556 videntur
3338 1498 3440 1551 han

1865 1599 1993 1653 bere
2018 1612 2318 1652 commune.
2355 1596 2547 1650 Verum
2572 1595 2688 1649 haac
2715 1594 2925 1648 illorum
2955 1598 3266 1660 argumenta
3295 1587 3446 1642 simi-

187 1687 296 1741 mis
313 1682 522 1755 7341³
543 1690 810 1751 reparata.
832 1677 1024 1733 Verum
1057 1678 1214 1732 istam
1235 1675 1312 1730 sic
1331 1671 1690 1733 enucleatam,
1715 1674 1770 1722 et

1899 1690 1947 1742 ia
1976 1697 2099 1743 sunt
2129 1697 2152 1724 ο
2177 1688 2414 1743 cassibus
2441 1699 2784 1747 aranearum,
2834 1683 2888 1736 in
2930 1683 3123 1752 quibus
3175 1680 3221 1734 si
3266 1678 3441 1740 culex,

190 1772 809 1845 iucomprebensibilem
833 1769 1094 1845 temporis
1111 1765 1498 1830 inventionem,
1518 1761 1572 1816 in
1586 1759 1771 1829 singu-

189 1870 257 1927 iis
285 1869 595 1938 quibusque
616 1863 851 1934 planetis
880 1861 1022 1925 fieri,
1046 1856 1418 1915 necessarium
1439 1867 1559 1910 esse
1575 1850 1773 1907 conﬁr-

201 1965 358 2011 mant
389 1975 402 2008 :
425 1964 484 2010 ut
503 1963 819 2024 agnoscatur
836 1955 1049 2024 qualem
1074 1955 1314 2009 habitum
1340 1953 1564 2020 gesserit
1592 1951 1777 2006 adver-

201 2063 298 2104 sus
320 2046 575 2101 erraticas
599 2045 802 2109 stellas,
825 2046 912 2100 vel
939 2045 1096 2114 quale
1116 2046 1255 2098 inter
1269 2058 1327 2098 se
1346 2044 1567 2098 schema
1597 2051 1779 2096 tenue-

203 2139 340 2206 rint,
362 2153 484 2193 cum
512 2144 820 2192 nasceretur
838 2137 1146 2191 infantulus.
1174 2135 1304 2189 Nam
1325 2137 1370 2190 si
1395 2137 1527 2190 hora
1541 2132 1779 2190 ’sollicite

199 2246 319 2284 non
349 2227 509 2283 fuerit
533 2228 815 2294 custodita,
839 2229 1227 2297 contigeritque
1253 2229 1339 2282 vel
1359 2227 1626 2282 modicum
1654 2226 1795 2297 quid'

204 2320 275 2374 de
306 2319 396 2372 illa
423 2318 765 2372 subtilissima
811 2319 1021 2373 ratione
1066 2318 1298 2373 mutari:
1327 2333 1546 2388 prorsus
1591 2317 1780 2370 obser-

201 2410 354 2464 vatio
383 2417 496 2464 tota
539 2408 899 2464 confunditur.
943 2408 1080 2463 Sunt
1131 2409 1346 2478 quidem
1375 2411 1484 2463 risu
1520 2408 1662 2476 digni
1691 2409 1781 2476 qui

207 2500 370 2568 hujus
398 2499 787 2568 inexplicabilis
832 2499 1122 2569 disciplina:
1174 2500 1364 2555 studiis
1407 2508 1734 2554 vacaverunt
1766 2517 1778 2551 :

207 2591 308 2646 sed
338 2591 508 2645 multo
537 2593 708 2659 magis
737 2592 813 2645 illi
853 2592 946 2660 qui
991 2592 1197 2647 avidius
1218 2593 1271 2646 in
1293 2607 1387 2648 eos
1410 2592 1634 2658 inhiant,
1663 2599 1778 2645 tan-

203 2696 373 2750 quam
400 2681 629 2736 scientes
657 2682 874 2752 aliquid.

284 2769 338 2824 6.
379 2770 566 2839 Itaque
594 2772 772 2827 solent
798 2782 1038 2838 eventus,
1071 2783 1125 2830 et
1145 2775 1345 2844 efﬁgies
1365 2791 1578 2846 quoque
1605 2776 1791 2846 praedi-

210 2872 341 2917 cere
364 2863 715 2931 singulorum,
745 2864 1079 2921 declarantes
1107 2868 1256 2922 illum
1286 2868 1462 2938 crispo
1487 2869 1677 2938 capillo
1704 2869 1788 2922 fu-

1872 1787 1964 1833 aut
1983 1794 2166 1833 musca
2188 1776 2508 1840 consederit,
2534 1782 2747 1829 tenetur
2773 1775 2997 1838 innexa;
3029 1786 3148 1826 cum
3171 1777 3347 1822 autent
3372 1766 3443 1820 de

1871 1869 2178 1924 fortioribus
2203 1867 2400 1938 aliquid
2430 1865 2694 1926 inciderit,
2727 1865 2898 1933 ipsum
2937 1861 3153 1932 quidem
3192 1875 3316 1913 mox
3345 1874 3442 1928 pe-

1873 1969 2068 2020 netrat,
2096 1969 2273 2015 textus
2301 1975 2430 2013 vero
2457 1959 2753 2028 perrumpit
2774 1955 3051 2011 invalidos.

1948 2057 1997 2109 7.
2031 2055 2226 2109 Tamen
2248 2055 2332 2108 his
2361 2071 2468 2108 non
2499 2067 2882 2122 usquequaque
2909 2050 3148 2106 contenti
3168 2054 3322 2111 sunt,
3347 2055 3441 2100 sed

1877 2147 2215 2215 longinquius
2238 2145 2653 2214 progrediuntur
2679 2151 2941 2199 errantes.
2966 2142 3098 2194 Nam
3135 2155 3222 2193 res
3249 2153 3366 2207 qua:
3392 2138 3445 2190 in

1879 2236 2082 2291 arbitrii
2113 2236 2282 2290 nostri
2321 2235 2567 2290 libertate
2607 2242 2732 2290 sunt
2775 2234 2979 2302 positae,
3013 2231 3065 2284 id
3095 2238 3195 2294 est,
3222 2230 3447 2282 virtutes

1881 2336 1972 2382 aut
1991 2328 2138 2392 vitia,
2163 2327 2462 2381 ccelestium
2491 2325 2896 2381 necessitatibus
2923 2323 3208 2393 applicant.
3248 2319 3449 2386 Quibus

1881 2419 2246 2476 contradicere
2274 2420 2513 2488 quamvis
2540 2418 2740 2473 risibile
2767 2418 2865 2482 sit,
2898 2425 3078 2470 tamen
3105 2413 3228 2482 quia
3270 2412 3452 2480 plures

1884 2515 1984 2567 hac
2015 2510 2035 2549 ί
2067 2511 2376 2566 seductione
2398 2509 2634 2578 prolapsi
2663 2514 2806 2574 sunt,
2829 2518 3124 2572 congruum
3145 2501 3274 2557 mihi
3301 2498 3450 2553 vide-

1888 2613 1975 2658 tur
2025 2619 2133 2658 non
2179 2603 2408 2657 transire
2449 2601 2684 2655 silentio.
2735 2599 2781 2653 Α
2821 2598 3014 2667 quibus
3059 2595 3184 2650 illud
3213 2592 3453 2664 principe

1888 2696 1940 2750 in
1984 2697 2104 2749 loco
2131 2694 2464 2763 postulamus
2511 2705 2801 2759 agnoscere
2832 2707 2844 2742 :
2891 2689 2936 2744 si
2965 2703 3072 2743 non
3113 2688 3302 2750 diebus
3340 2685 3453 2739 sin-

1889 2788 2025 2855 gulis
2065 2787 2256 2840 millies
2295 2785 2567 2840 schemata
2615 2789 2888 2836 mutantur
2915 2789 3197 2833 astrorum.
3235 2776 3455 2844 Semper

1889 2879 2032 2933 enim
2073 2887 2357 2931 moventur
2401 2882 2562 2942 atque
2602 2882 2628 2920 ε
2674 2872 2978 2926 discurrunt
3017 2883 3095 2923 ea:
3134 2866 3301 2921 stellae
3339 2879 3457 2934 quae

213 2962 396 3046 turum
425 2965 483 3046 et
498 2955 767 3046 alacrem;
800 2958 1052 3026 quoniam
1080 2959 1133 3013 in
1173 2961 1340 3015 ariete
1368 2962 1544 3030 posita
1570 2970 1650 3016 est
1677 2962 1792 3030 ejus
1822 3027 1861 3046 ﬁ
1892 2969 2116 3038 planen}:
2160 2974 2435 3028 vocamur,
2486 2977 2708 3032 quarum
2749 2961 2864 3015 alia;
2899 2958 3161 3013 celeribus
3205 2971 3265 3010 se
3299 2955 3459 3009 vesui-

213 3043 382 3108 1101⁵³,
415 3044 536 3098 talis
565 3046 708 3099 enim
749 3048 957 3116 SpeCieS
996 3056 1079 3104 εει
1125 3049 1242 3118 eius
1271 3051 1545 3116 animalis;
1585 3052 1792 3120 eritque
1821 3037 1863 3086 (λ
1894 3037 1992 3126 giis
2036 3062 2453 3123 consequuntur,
2510 3050 2779 3106 nonnullre
2824 3049 3026 3102 tardius
3077 3045 3456 3107 discurrentes,

213 3145 426 3198 magna:
451 3135 726 3202 potentiae,
750 3138 1001 3204 quoniam
1024 3139 1334 3208 principalis
1363 3147 1444 3193 est
1470 3141 1628 3194 aries.
1660 3138 1797 3194 Prae-

213 3223 444 3278 sidalem
471 3239 686 3292 quoque
711 3223 968 3291 futurum,
1009 3237 1064 3282 et
1112 3237 1494 3297 quaestuosum,
1541 3231 1793 3298 quoniam

215 3329 387 3385 pecus
415 3315 556 3369 istud
583 3317 698 3370 sine
725 3318 970 3372 molestia
998 3319 1295 3389 depositam
1323 3322 1501 3377 lanam
1532 3323 1685 3377 facile
1706 3339 1795 3378 re-

215 3404 389 3458 sumit
416 3403 752 3460 ministrante
778 3415 987 3461 natura.
1016 3407 1114 3474 Qui
1144 3418 1322 3465 autem
1351 3413 1449 3466 sub
1478 3419 1633 3467 tauro
1654 3429 1798 3467 crea-

220 3501 311 3547 tus
337 3501 422 3548 est
451 3496 758 3564 tyrannicus
778 3497 900 3565 erit,
925 3506 980 3551 et
1008 3499 1325 3566 laboriosus,
1356 3501 1603 3570 idemque
1631 3505 1798 3557 servi-

220 3587 312 3654 lis,
329 3594 517 3640 taurus
543 3588 683 3641 enim
705 3586 834 3657 jugo
863 3589 1175 3646 submittere
1202 3591 1340 3646 colla
1368 3595 1662 3647 consuevit.
1697 3594 1799 3660 Qui

221 3692 358 3731 vero
386 3677 537 3744 signo
564 3679 762 3747 scorpii
792 3680 1043 3745 nascitur,
1074 3681 1694 3748 vulnificuslhabebitur,
1741 3697 1800 3740 ut

222 3775 356 3837 pote
375 3768 563 3824 similis
586 3768 690 3834 illi;
720 3770 810 3838 qui
836 3779 1014 3826 autem
1040 3773 1139 3827 sub
1162 3773 1297 3827 hora
1326 3773 1473 3828 libra:
1501 3774 1657 3829 fuerit
1687 3777 1800 3830 edi-

223 3867 334 3922 tus,
359 3857 536 3926 justus
557 3860 816 3926 elbcitur;
849 3870 1071 3931 propter
1088 3865 1391 3932 mquitatem
1413 3880 1530 3933 quae
1557 3875 1800 3921 servatur

224 3950 282 4004 in
305 3951 527 4003 trutina.
559 3949 711 4016 Quod
734 3951 818 4007 his
846 3953 1100 4012 risibilius
1131 3954 1246 4008 ﬁcri
1267 3956 1499 4024 poterit?
1523 3956 1674 4010 Aries
1702 3958 1799 4026 igi-

225 4047 316 4093 tur
342 4056 413 4094 ex
432 4055 538 4108 quo
567 4043 802 4109 genesim
830 4045 1090 4099 mutuaris
1118 4046 1422 4102 hominibus
1441 4089 1456 4114 ,
1485 4048 1796 4103 duodecima

228 4147 358 4202 pars
379 4134 499 4188 caeli
530 4134 781 4200 habetur;
813 4138 867 4189 in
893 4153 999 4207 quo
1024 4139 1070 4192 si
1105 4139 1185 4194 sol
1214 4142 1533 4205 constiterit,
1565 4143 1797 4198 mtherea

229 4224 384 4293 signa
430 4227 721 4294 contingit;
763 4228 898 4283 libra
921 4245 1134 4299 quoque
1164 4232 1245 4287 vel
1273 4240 1458 4289 taurus
1485 4235 1798 4290 duodecima

1896 3150 1993 3204 sub
2021 3148 2206 3202 eadem
2249 3147 2380 3200 hora
2410 3145 2622 3213 sacpius,
2653 3151 2706 3196 et
2733 3140 2999 3210 aspiciunt
3025 3153 3103 3203 se,
3144 3145 3199 3191 et
3237 3137 3462 3191 abscOn-

1895 3239 2110 3293 duntur.
2143 3235 2372 3288 Maxima
2417 3247 2547 3287 sane
2576 3231 2656 3285 vis
2684 3230 2910 3284 habetur
2949 3228 3002 3280 in
3049 3225 3252 3294 genesi,
3291 3232 3349 3277 ut
3387 3223 3460 3276 illi

1895 3329 2096 3391 dicunt,
2145 3326 2191 3379 si
2236 3332 2328 3378 aut
2372 3326 2511 3377 bona
2557 3321 2709 3375 stella
2752 3317 3065 3388 respexerit,
3099 3322 3190 3374 aut
3234 3313 3462 3379 maligna

1895 3425 2221 3473 nascentem.
2253 3415 2336 3469 Fit
2363 3421 2540 3467 autem
2567 3412 2877 3482 plerumque
2905 3415 2962 3462 ut
2983 3423 3048 3462 eo
3068 3415 3328 3474 tempore,
3358 3419 3465 3472 quo

1899 3510 2041 3564 bona
2069 3507 2218 3562 stella
2255 3504 2544 3574 praefuerit,
2590 3499 2998 3555 mathematicus
3038 3512 3146 3550 non
3190 3496 3466 3563 invmiens

1902 3609 2110 3670 tempus
2137 3598 2346 3653 edicere
2373 3602 2591 3666 propter
2631 3593 3018 3664 ignorationem
3047 3589 3200 3643 unius
3226 3588 3468 3642 minutis-

1901 3693 2174 3754 simarum,
2205 3703 2338 3758 quas
2364 3701 2522 3755 supra
2543 3684 2819 3738 retulimus
2838 3681 3165 3750 portionum,
3191 3677 3288 3733 sub
3312 3691 3468 3731 caco-

1902 3781 2144 3835 dzcmone
2173 3779 2318 3832 illum
2344 3776 2525 3844 jacere
2547 3772 2831 3836 describat,
2856 3778 2914 3824 ut
2943 3771 3177 3839 ipsorum
3206 3767 3468 3822 sermoni-

1902 3872 2002 3926 bus
2021 3883 2183 3937 cogar
2205 3868 2299 3932 uti,
2332 3864 2598 3934 inquibus
2624 3861 2940 3930 estquidem
2968 3872 3159 3926 magna
3182 3857 3471 3920 dementia,

1901 3961 1997 4017 sed
2024 3959 2195 4028 major
2217 3957 2444 4011 habetur
2471 3954 2733 4024 impietas.
2765 3951 2899 4005 Nam
2926 3949 3268 4017 maligniores
3305 3946 3472 4002 stella:

1901 4066 2090 4107 causas
2116 4049 2362 4118 nequitias
2388 4047 2617 4116 proprim
2654 4045 2708 4098 in
2748 4058 2902 4098 suum
2933 4041 3259 4095 transferunt
3285 4037 3474 4093 condi-

1904 4154 2074 4199 torem
2102 4161 2113 4194 :
2137 4141 2327 4210 quibus
2347 4141 2390 4195 si
2412 4155 2478 4193 ex
2499 4146 2691 4192 natura
2719 4136 2962 4190 subesset
2988 4133 3318 4203 improbitas,
3345 4144 3476 4185 con-

1901 4235 2044 4290 ditor
2081 4233 2322 4303 profecto
2367 4227 2711 4298 malignitatis
2753 4224 2780 4262 δ
2824 4233 3010 4280 auctor
3051 4221 3332 4278 exstiterit.
3382 4219 3476 4276 Sin

307 4481 544 4556 {Codex
569 4500 724 4556 unus,
754 4486 874 4539 dum
899 4489 1278 4556 manifestatur.
1305 4489 1440 4543 Illud
1462 4491 1583 4543 dum
1612 4493 1664 4545 in
1693 4492 1806 4546 edi-
1837 4497 1884 4554 D
1909 4503 2043 4546 sunt.

235 4556 307 4636 tis
327 4554 530 4607 deerat.
562 4554 846 4636 Aliquanto
874 4561 1000 4636 post
1016 4554 1145 4611 editi
1176 4559 1353 4636 et_duo
1383 4575 1530 4623 mss.,
1563 4561 1682 4615 dum
1705 4579 1805 4614 mo-

234 4626 616 4696 diceresponsa
645 4626 1121 4680 redduntur.Vetus
1145 4629 1313 4681 codex
1342 4638 1546 4696 noster,
1576 4633 1808 4684 secunda

234 4693 458 4774 quidem
501 4708 701 4774 manu...
735 4696 1110 4774 scdhautiqua,
1169 4697 1290 4774 dam
1343 4693 1811 4769 media—responsa

236 4761 544 4881 εἰῗαέἷὲν.
575 4761 809 4818 Subinde
835 4763 986 4818 Colb.
1007 4761 1302 4831 secundus,
1332 4771 1548 4821 inveniet
1586 4761 1806 4833 stellam,

309 4847 375 4897 ω,
400 4845 506 4883 etc.

309 4849 353 4885 ω
400 4849 506 4883 διε.

237 4849 509 4974 qub’Editi
534 4907 589 4953 et
617 4899 723 4955 duo
750 4917 904 4967 mss.,
935 4913 1194 4974 reparata.
1227 4902 1380 4959 Colb.
1410 4906 1694 4973 secundus,
1724 4925 1809 4961 re-

243 4977 448 5042 putate,
472 4967 696 5042 fortasse
717 4967 1000 5042 amputata:

245 5039 597 5163 'djswg’ocem
648 5040 769 5094 inde
806 5039 882 5095 ex
932 5043 1129 5097 nostris
1153 5043 1422 5099 veteribus
1469 5043 1617 5099 libris
1668 5045 1816 5100 addi-

321 5175 350 5265 εξ
375 5177 555 5265 (itide!
581 5194 746 5265 unus,
761 5181 944 5265 quippe
971 5182 1115 5265 quia.
1141 5182 1513 5265 Edit_i,__quippe
1539 5185 1642 5265 qui.
1693 5184 1819 5265 ilex

248 5245 359 5326 (luo
389 5262 548 5326 mss.,
573 5250 631 5326 si
659 5245 828 5302 autem
849 5245 858 5251 ’
878 5245 993 5326 ho_c'
1014 5253 1160 5305 dicis.
1193 5245 1427 5326 Editi;_si
1451 5245 1634 5326 autem
1672 5255 1816 5307 dicit.

251 5313 514 5441 εἶξε
536 5317 589 5370 in
618 5319 736 5374 loco
765 5335 892 5374 mss.
924 5322 1049 5388 duo,
1074 5313 1450 5392 pronuntiabis.
1482 5323 1645 5388 Editi,
1695 5342 1819 5392 pro-

329 5455 612 5536 fﬂVerbum
633 5470 750 5536 sant
769 5459 1063 5514 addidimus
1075 5476 1141 5515 ex
1164 5461 1369 5518 duobus
1391 5463 1679 5536 codicibus.
1699 5461 1822 5536 Mox

254 5523 408 5605 editi,
431 5536 616 5605 tamen
656 5531 734 5605 liis
780 5547 892 5600 qua:
932 5547 1125 5605 quaque
1152 5549 1254 5585 non
1293 5535 1516 5586 contenti
1545 5543 1681 5584 sunt.
1710 5532 1819 5605 An-_

261 5596 394 5661 liqui
415 5596 520 5652 duo
567 5601 703 5663 libri,
735 5596 904 5654 tainen
944 5596 1174 5654 'his'non
1215 5618 1566 5664 usquequaque
1603 5601 1822 5654 contenti

1986 4562 2002 4600 ί
2037 4562 2220 4616 Codex
2266 4573 2419 4620 unus,
2451 4558 2547 4610 hac
2569 4557 2763 4610 seducti
2805 4566 3023 4616 ratione,
3072 4553 3301 4622 prolapsi
3339 4563 3477 4608 sunt.

1912 4631 2065 4685 l-laual
2093 4632 2248 4697 longe
2272 4629 2400 4683 editi
2423 4636 2479 4681 et
2505 4625 2657 4697 Golb.
2688 4625 2907 4697 primus,
2939 4623 3070 4697 illud
3088 4624 3326 4697 principii
3348 4623 3479 4697 loco.

1911 4700 2090 4753 Codex
2121 4691 2324 4763 noster,
2345 4696 2473 4749 illud
2495 4691 2722 4766 principe
2750 4693 2976 4766 inhtoco.
3011 4691 3162 4766 Golb.
3196 4691 3484 4766 alter_utud

1912 4773 2076 4839 primo
2107 4771 2236 4823 loco.
2268 4760 2721 4839 umquam».
2776 4761 2994 4839 Ultimas
3041 4760 3485 4839 duas_lectiones

1913 4830 1980 4893 ex
2020 4855 2174 4908 mque
2213 4837 2330 4890 voci
2357 4830 2555 4908 (ἔγωαᾴ
2579 4833 2862 4908 convenire
2889 4831 3094 4908 vident,
3120 4830 3331 4908 opinor,
3358 4847 3483 4908 om-

1915 4924 2008 4981 nes
2031 4926 2043 4981 _:
2078 4900 2206 4976 puto
2235 4916 2413 4981 tamen
2442 4905 2617 4981 potius
2640 4902 2740 4968 legi
2769 4901 2965 4981 debere
2980 4901 3217 4981 principe
3260 4900 3485 4981 inloco,

1921 4980 1996 5030 uti
2030 4968 2093 5029 in'
2110 4977 2278 5030 veteri
2305 4968 2488 5028 nostro
2518 4973 2653 5026 libro
2681 4971 2936 5039 scriptum
2979 4968 3293 5039 invenimus.
3325 4968 3490 5023 Videa

1922 5055 2010 5100 tur
2033 5047 2172 5100 enim
2213 5045 2478 5110 librarius,
2506 5037 2808 5112 quicunque
2851 5041 2950 5112 ille
2979 5037 3075 5092 fuit
3120 5039 3227 5112 qui
3259 5039 3488 5112 alterum

1925 5117 2072 5170 illum
2099 5115 2335 5169 codicem
2353 5107 2736 5168 Colbertinum
2757 5111 2986 5178 scripsit,
3012 5107 3264 5162 nonnulla
3294 5107 3362 5162 de
3393 5124 3488 5161 suo

1925 5195 1980 5239 et
2009 5195 2261 5247 mutasse,
2308 5191 2362 5236 et
2381 5181 2697 5244 correxisse,
2735 5181 2868 5244 sive,
2909 5193 3028 5233 cum
3071 5178 3349 5247 scriberet,
3403 5194 3483 5230 re-

1931 5256 2170 5323 spexerit
2195 5246 2260 5306 ad
2302 5252 2576 5320 exemplar
2603 5250 2841 5304 Graacum
2860 5289 2874 5315 ,
2904 5249 3016 5302 sive
3043 5247 3096 5302 id
3122 5246 3238 5300 solo
3267 5247 3476 5300 rati0ni-

1924 5325 2082 5377 ductu
2113 5323 2316 5377 fecerit.

1999 5394 2212 5514 ilElliti,
2261 5393 2555 5444 discurrunt
2601 5389 2764 5443 stellae
2813 5388 2882 5440 At.
2920 5385 3071 5441 Colb.
3104 5384 3386 5451 secundus,
3416 5399 3484 5436 ea.

2041 5480 2102 5514 αξ.

1922 5465 2102 5516 statim.

2002 5531 2025 5567 ιι
2059 5532 2225 5593 Editi,
2279 5541 2417 5584 actor
2460 5528 2730 5582 exstiterit.
2779 5525 2932 5582 Colb.
2980 5523 3263 5593 secundus,
3313 5530 3484 5578 auctor

1928 5603 2200 5655 exstiterit.
