3824 6214
361 289 459 344 951

380 507 503 562 dem
535 515 558 542 η
593 505 838 559 animalia
868 503 1103 572 quaedam
1134 501 1366 571 putanda
1401 508 1526 554 sunt
1570 498 1792 552 arbitrio
1839 511 1938 549 suo

380 597 708 659 famulantia,
758 595 1104 661 absolutoque
1152 601 1208 647 et
1254 593 1424 646 libero
1475 592 1696 660 impetu.
1743 587 1940 642 adhoc

384 689 526 756 quod
554 687 651 740 sibi
700 686 912 739 libuerit
957 686 1192 746 incitata,
1220 683 1495 753 ‘siquidem
1523 683 1685 737 totius
1727 680 1941 734 modum

384 775 576 829 furoris
625 775 835 829 excedit
882 774 1189 828 insimulare
1253 789 1339 828 res
1399 773 1687 826 exanimes.
1745 769 1944 823 Deinde

372 862 532 932 735
566 873 766 930 quanta
805 863 1252 916 it'ralionahilitas
1284 872 1389 926 est,
1421 863 1619 916 bonum
1654 859 1944 922 malnmve.

366 935 471 1009 iton
503 972 598 1017 pro
623 953 1636 1024 suacujusquedignitatedistinguere,
1656 953 1826 1008 sedex
1846 950 1948 1006 loci

383 1043 662 1110 qualitate,
692 1050 784 1095 aut
829 1051 1074 1110 respectu
1117 1043 1364 1106 alterius,
1414 1042 1498 1094 vel
1544 1042 1800 1110 optimum
1832 1039 1946 1094 fieri

385 1132 626 1196 delinire,
658 1133 742 1186 vel
770 1134 1094 1202 pessimum?
1124 1131 1187 1186 Et
1212 1148 1331 1186 cum
1361 1131 1629 1200 paulisper
1675 1131 1741 1184 de
1790 1131 1946 1184 sche-

385 1234 528 1278 mate
556 1224 709 1277 stella
736 1224 1012 1277 diverterit
1033 1265 1045 1288 ,
1078 1239 1188 1277 suze
1215 1224 1444 1292 propriae
1473 1222 1666 1276 dicitur
1708 1221 1949 1288 maligni-

386 1317 512 1370 tatis
538 1317 719 1369 oblita.
753 1315 857 1369 Sed
888 1316 999 1368 haec
1025 1316 1238 1382 quidem
1268 1313 1527 1367 hactenus
1555 1328 1683 1365 sane
1711 1327 1807 1381 per
1842 1312 1950 1364 sin—

386 1406 508 1477 gula
539 1415 807 1458 momenta
836 1406 1110 1472 temporis,
1160 1411 1217 1456 ut
1256 1403 1458 1466 dicunt,
1509 1403 1562 1455 in
1606 1401 1747 1454 aliud
1792 1409 1951 1466 atque

387 1495 530 1550 aliud
558 1497 770 1550 schema
799 1511 857 1548 se
894 1493 1237 1547 transferunt.
1268 1492 1324 1545 ln
1355 1493 1435 1545 his
1461 1492 1639 1560 itaque
1669 1498 1748 1544 tot
1775 1499 1951 1542 tanta-

391 1599 615 1651 rumque
643 1583 994 1636 mutationum
1025 1582 1272 1644 millibus,
1306 1588 1504 1649 quanta
1533 1579 1768 1647 quotidie
1798 1589 1952 1632 nata-

389 1669 519 1724 lium
567 1671 831 1737 regiorum
860 1670 1076 1724 decreta
1115 1669 1332 1723 formari
1377 1668 1610 1737 putanda
1657 1675 1798 1722 sunt.
1847 1667 1955 1720 Cur

1316 289 1656 346 APPENDIS
1700 291 1986 348 OPERUM
2025 289 2082 345 S.
2124 286 2371 344 BASILll
2405 280 2618 340 MAGN!

379 427 560 472 autem
588 422 859 484 proposrto
887 411 1112 465 faciente
1149 418 1270 464 sunt
1309 409 1578 478 pessimae,
1622 405 1796 474 primo
1822 402 1938 471 qui-
1965 407 2015 461 Α
2042 409 2090 452 et
2119 401 2170 452 in
2199 401 2370 452 annis.
2417 398 2656 452 Diximus
2679 397 2791 466 jam
2836 396 2903 451 de
2948 397 3113 463 signis
3157 414 3169 448 :

3525 273 3634 332 933

3213 407 3456 465 tempora
3483 411 3617 451 sane

2041 489 2383 557 intelligimus
2429 502 2546 542 esse
2590 494 2769 556 partes
2814 493 3044 555 quatuor
3083 485 3207 538 anni
3253 485 3532 547 vertentis,
3564 485 3617 542 id

2041 586 2141 641 est,
2157 584 2540 641 ver,:estatem,
2569 585 2900 638 autumnum,
2919 584 3078 643 atque
3105 576 3354 630 hiemem.
3387 575 3520 630 Haec
3541 576 3616 630 si-

2040 667 2205 722 bimet
2225 666 2558 721 succedendo
2571 667 2800 721 vicissim
2822 682 2917 735 pro
2929 665 3330 720 luminariorum
3345 665 3620 736 dispositis

2043 761 2286 813 cursibus
2317 766 2695 827 temperantur.
2741 757 2919 811 lliems
2959 759 3103 811 enim
3132 757 3189 811 fit
3217 758 3270 810 in
3298 757 3621 811 australibus

2046 851 2160 906 sole
2185 849 2489 916 regionibus
2517 858 2904 912 commorante,
2935 858 3358 918 nocturnamque
3388 849 3622 917 opacita-

2047 949 2177 1005 tem,
2203 941 2344 995 circa
2373 939 2551 1004 clima,
2590 950 2612 978 ο
2644 939 2785 1006 quod
2816 955 2914 992 nos
2939 939 3257 1002 habitamus,
3291 940 3470 1008 spatio
3498 938 3619 992 lon-

2047 1031 2196 1099 giore
2217 1030 2465 1085 ducente.
2485 1027 2634 1082 Unde
2657 1029 2713 1080 lit
2734 1036 2791 1081 ut
2815 1044 2908 1082 aer
2927 1036 3082 1082 terra:
3101 1030 3379 1098 proximus
3401 1027 3624 1095 frigidus

2049 1119 2328 1184 efficiatur,
2362 1134 2655 1187 omnesque
2683 1118 2925 1172 nebulosi
2956 1133 3184 1186 vapores
3211 1118 3623 1186 conglomerati.

2049 1213 2254 1283 pluvias
2285 1220 2339 1266 et
2366 1213 2532 1273 nives,
2565 1211 2867 1281 glaciesque
2913 1211 3212 1280 perficiant.
3258 1211 3392 1266 Cum
3440 1220 3626 1268 autem

2048 1301 2116 1356 de
2149 1301 2439 1355 meridiana
2463 1297 2622 1370 plaga
2648 1301 2857 1355 rediens
2881 1300 2992 1366 sol,
3023 1301 3258 1355 medium
3284 1303 3473 1356 orbem
3503 1302 3627 1357 coeli

2051 1393 2308 1456 tenuerit;
2358 1401 2483 1444 tunc
2529 1391 2716 1444 diebus
2761 1406 2825 1446 ac
2871 1391 3115 1446 noctibus
3161 1399 3371 1461 tempus
3417 1392 3630 1459 mquale

2051 1482 2336 1536 distribuit.
2371 1481 2687 1548 Quantoque
2717 1480 2872 1533 altius
2894 1496 2924 1532 a
2949 1488 3091 1535 terra
3118 1481 3450 1546 subvehitur,
3476 1490 3629 1536 tanto

2053 1571 2220 1638 magis
2250 1570 2503 1638 paulatim
2531 1571 2806 1640 componit
2845 1571 3178 1639 temperiem,
3209 1587 3306 1641 per
3343 1587 3507 1642 quam
3535 1587 3632 1626 ver

2054 1664 2312 1734 procedit,
2345 1662 2494 1730 cujus
2538 1659 2796 1717 beneﬁcio
2837 1661 3056 1717 frutices
3101 1663 3430 1733 arboresque
3475 1660 3632 1720 fron-

389 1774 519 1828 ergo
549 1775 653 1812 non
683 1759 900 1825 singulis
929 1759 1116 1813 diebus
1137 1759 1414 1827 {principes
1442 1759 1822 1828 procreantur?
1851 1756 1954 1809 Aut
1990 1747 2029 1802 Β
2056 1756 2298 1819 descunt,
2347 1763 2403 1809 et
2449 1755 2696 1808 animalia
2739 1763 2929 1808 cuncta
2975 1765 3206 1820 terrena,
3253 1756 3338 1809 vel
3385 1757 3630 1824 aquaria,

391 1861 556 1916 quare
585 1849 722 1916 apud
747 1848 865 1901 illos
893 1848 1160 1902 successio
1189 1863 1402 1916 semper
1429 1849 1635 1918 paterni
1660 1847 1956 1900 custoditur

393 1937 923 2006 imperii?Quoniam
967 1953 1126 1991 nemo
1172 1938 1421 1990 videlicet
1466 1947 1689 1991 eventus
1736 1953 1955 1991 suorum

391 2027 680 2082 liberorum
709 2028 870 2082 refert
891 2027 955 2081 ad
979 2029 1192 2082 schema
1219 2029 1517 2092 stellarum;
1548 2030 1745 2098 quippe
1765 2031 1956 2097 quibus

390 2133 615 2203 regnum
647 2135 752 2172 non
793 2119 1000 2186 genesis
1029 2117 1155 2182 fato,
1187 2118 1278 2171 sed
1321 2120 1530 2185 generis
1553 2118 1673 2186 jure
1701 2118 1952 2172 defertur.

392 2207 580 2263 Nonne
609 2209 766 2275 igitur
791 2208 1038 2262 Joatham
1058 2209 1331 2276 generavit
1351 2206 1526 2275 Ozias,
1550 2216 1606 2261 et
1627 2209 1691 2261 de
1712 2207 1957 2261 Joatham

398 2308 556 2356 natus
587 2299 785 2355 Acham
812 2301 930 2353 est?
958 2299 1024 2352 Et
1068 2309 1245 2352 tamen
1293 2300 1467 2352 nullus
1513 2300 1724 2354 illorum
1753 2301 1960 2354 servilis

395 2389 585 2444 horam
613 2388 935 2442 conditionis
957 2388 1193 2441 incurrit.
1220 2387 1418 2441 Deinde
1443 2388 1487 2441 si
1514 2389 1769 2441 virtutum
1798 2389 1957 2443 vitio-

395 2493 620 2546 rumque
665 2465 922 2546 principia
969 2493 1074 2530 nor.
1122 2493 1189 2530 ex
1235 2477 1456 2531 arbitrio
1502 2486 1704 2543 nostro,
1754 2479 1848 2532 sed
1893 2495 1960 2534 ex

394 2565 604 2632 genesis
630 2564 944 2618 necessitate
971 2565 1244 2629 sortimur,
1265 2565 1516 2634 super-[lui
1538 2573 1679 2628 sunt,
1705 2575 1762 2618 ut
1784 2567 1958 2632 video,

394 2653 593 2707 latores
619 2653 817 2720 legum,
845 2653 1112 2720 sequenda
1135 2654 1289 2707 nobis
1317 2654 1399 2708 vel
1429 2654 1678 2720 fugienda
1706 2655 1962 2710 mandan-

393 2753 475 2799 tes
500 2762 511 2796 :
543 2744 795 2813 superﬂui
824 2760 1036 2813 quoque
1060 2743 1270 2812 judices
1297 2745 1555 2800 honestos
1597 2747 1839 2802 laudibus
1867 2764 1962 2803 ex-

393 2843 688 2899 ornantes,
734 2834 1007 2903 improbos
1059 2835 1332 2903 suppliciis
1385 2837 1668 2904 punientes
1717 2855 1730 2889 :
1778 2838 1962 2892 insons

392 2925 554 2978 etiam
582 2925 848 2979 censenda
877 2933 957 2979 est
985 2925 1290 2991 homicidm,
1319 2928 1404 2980 vel
1433 2927 1562 2980 furis
1590 2928 1829 2992 audacia,
1869 2929 1962 2997 qui

392 3015 494 3068 etsi
521 3016 772 3070 cohibere
813 3031 1001 3069 manus
1030 3017 1269 3084 proprias
1298 3032 1327 3068 a
1366 3016 1602 3071 facinore
1628 3018 1959 3084 maluissent,

2055 1846 2274 1913 genitali
2319 1845 2499 1899 calore
2545 1845 2812 1898 stimulata
2841 1843 2866 1881 ά
2913 1847 3348 1914 propagationem
3391 1849 3631 1914 generis,

2056 1935 2391 1989 successione
2420 1935 2584 2004 prolis
2612 1935 2922 1988 extendunt.
2954 1933 3080 1989 Inde
3108 1935 3189 1989 sol
3213 1951 3337 1990 mox
3379 1937 3447 1990 ad
3487 1939 3634 1991 testi-

2056 2039 2176 2078 vam
2204 2024 2397 2078 lineam
2426 2022 2776 2086 deflectendo,
2817 2039 2912 2092 per
2939 2023 3170 2079 conﬁnia
3200 2025 3388 2078 transit
3421 2035 3633 2089 arctoa,

2056 2115 2169 2169 dies
2191 2116 2343 2169 nobis
2369 2115 2636 2182 longiores
2664 2114 2919 2182 eﬂiciens,
2943 2115 3245 2184 diutiusque
3271 2125 3638 2172 commoratus

2058 2206 2112 2259 in
2141 2220 2284 2270 aere,
2330 2205 2501 2274 ipsum
2530 2203 2744 2272 quidem
2793 2203 3104 2272 ﬂagrantem
3150 2205 3322 2259 reddit
3362 2221 3427 2260 ac
3470 2207 3635 2260 torri-

2058 2295 2204 2358 dum,
2237 2296 2479 2348 tellurem
2522 2309 2649 2348 vero
2679 2291 2889 2362 perlicit
2929 2294 3232 2355 sicciorem,
3279 2294 3420 2348 unde
3449 2305 3633 2350 matu-

2058 2386 2237 2440 randis
2265 2385 2573 2449 seminibus,
2612 2393 2772 2451 atque
2800 2384 2992 2452 pomis,
3029 2383 3256 2437 facultas
3280 2393 3465 2453 optata
3496 2400 3638 2453 prae-

2058 2484 2249 2530 statur.
2278 2474 2462 2543 quue
2492 2467 2731 2544 tempore
2760 2473 2986 2528 habetur
3019 2475 3311 2537 ardentior,
3337 2485 3393 2528 et
3419 2475 3639 2530 umbras

2061 2565 2380 2619 meridianas
2426 2564 2551 2619 facit
2603 2565 2908 2628 breviores,
2956 2565 3210 2632 quoniam
3239 2565 3305 2618 de
3333 2565 3446 2618 alto
3475 2567 3640 2620 nimis

2060 2655 2180 2711 loco
2222 2665 2459 2710 nostram
2514 2656 2728 2724 respicit
2773 2656 3081 2722 regionem,
3129 2655 3350 2724 diesque
3403 2657 3641 2725 majores

2061 2747 2342 2811 habentur,
2389 2754 2513 2800 tunc
2539 2745 2755 2814 quando
2782 2747 2971 2800 breves
3010 2751 3134 2799 sunt
3164 2746 3362 2798 umbra:
3390 2763 3402 2796 :
3435 2747 3582 2800 sicut
3607 2761 3641 2801 ο

2060 2847 2246 2894 contra
2273 2839 2387 2892 dies
2407 2837 2554 2907 parvi
2581 2845 2723 2903 sunt,
2745 2851 2866 2890 cum
2887 2834 3082 2888 fuerint
3105 2835 3302 2889 umbra:
3332 2835 3639 2904 longiores:

2061 2932 2202 3001 quod
2225 2931 2362 3001 apud
2385 2945 2481 2984 nos
2501 2931 2594 2998 qui
2619 2943 2641 2966 ε
2663 2930 2894 2982 eteroscii
2915 2928 3270 2990 nominamur,
3295 2929 3346 2981 id
3371 2938 3474 2992 est,
3498 2928 3640 2984 alias

2063 3022 2276 3076 umbras
2304 3021 2588 3085 habentes,
2640 3030 2696 3074 et
2741 3029 2920 3089 partes
2967 3017 3268 3072 habitamus
3296 3028 3531 3084 arctoas,
3564 3021 3640 3077 ita

393 3107 612 3162 minime
635 3107 952 3175 potuissent,
979 3117 1198 3177 propter
1225 3109 1650 3164 indeclinabilem
1681 3113 1964 3166 necessita-
1987 3099 2030 3159 Ο
2062 3112 2338 3180 contingit.
2369 3111 2499 3164 Nam
2520 3119 2644 3164 sunt
2663 3109 2876 3178 quidam
2897 3110 2989 3177 qui
3010 3124 3107 3178 per
3127 3109 3389 3176 integrum
3412 3108 3641 3166 b.duuln

394 3197 464 3252 tis
489 3197 792 3266 impulsum.
826 3197 958 3252 Vani
1003 3213 1189 3252 omnes
1217 3199 1448 3254 artifices
1492 3201 1783 3254 aestimandi
1815 3212 1958 3267 sunt,

393 3288 514 3342 vita:
539 3288 768 3342 subsidia
797 3304 1051 3342 manuum
1078 3289 1258 3342 labore
1279 3303 1595 3359 qumrentes.
1625 3291 1958 3360 Supervaca-

393 3391 527 3434 neus
547 3393 708 3447 porro
729 3378 893 3431 sudor
913 3379 1282 3444 agricolarum,
1299 3381 1489 3448 quibus
1509 3382 1674 3449 c0piae
1697 3381 1958 3436 fructuum

395 3468 598 3538 possint
626 3469 784 3520 etiam
815 3482 922 3520 non
969 3470 1313 3536 operantibus
1361 3469 1650 3524 abundare.
1697 3471 1962 3525 Mercator

396 3561 558 3614 etiam
587 3558 734 3613 dives
760 3559 1066 3615 eﬂiceretur
1094 3561 1146 3614 in
1176 3561 1307 3625 otio,
1341 3563 1426 3616 cui
1455 3563 1538 3616 vel
1567 3563 1769 3617 nolenti
1796 3580 1960 3632 pecu-

397 3649 540 3702 niam
565 3651 774 3716 genesis
803 3659 1159 3720 apportasset.
1209 3651 1631 3706 Christianorum
1661 3669 1788 3708 vero
1817 3670 1960 3724 spes,

393 3754 514 3808 quze
540 3754 730 3807 magna
760 3751 858 3806 est,
891 3743 1098 3796 sublata
1128 3745 1338 3812 penitus
1378 3745 1676 3807 interisset,
1708 3747 1961 3813 quoniam

396 3829 590 3885 frustra
611 3831 691 3884 vel
715 3831 921 3898 justitia
951 3834 1162 3899 colitur,
1187 3835 1271 3888 vel
1294 3833 1574 3889 damnatur
1603 3837 1884 3904 iniquitas;
1916 3839 1961 3892 si

397 3922 612 3975 omnino
635 3923 847 3976 nihilex
869 3911 1132 3977 sententia
1153 3923 1328 3978 facere
1350 3927 1723 3994 permittimur.
1751 3925 1961 3982 Etenim

394 4015 606 4080 quando
648 4014 922 4080 genesiaca
951 4015 1048 4076 vis,
1080 4023 1135 4069 et
1177 4015 1412 4070 decretio
1457 4016 1630 4072 fatalis
1676 4019 1959 4082 incumbit,

396 4101 598 4154 nullum
629 4102 804 4156 locum
841 4119 1060 4171 prorsus
1107 4105 1309 4157 invenit
1347 4107 1673 4162 examinatio
1720 4107 1847 4176 justi
1871 4108 1961 4175 ju—

395 4191 536 4244 dicii.
567 4191 690 4245 llaec
728 4194 942 4260 quidem
972 4195 1228 4248 adversus
1271 4197 1389 4250 illos
1418 4198 1727 4252 disseruisse
1755 4198 1780 4236 ι’
1812 4199 1961 4252 suffi-

394 4281 522 4337 ciat.
563 4281 743 4350 Neque
771 4284 912 4337 enim
953 4293 1045 4339 aut
1075 4302 1170 4339 vos
1200 4289 1580 4355 prolixioribus
1623 4292 1961 4347 sermonibus

395 4370 658 4438 indigetis,
692 4381 748 4426 ut
775 4381 900 4441 pote
927 4375 1120 4428 mentis
1145 4379 1375 4430 sanitate
1401 4379 1682 4446 pollentes,
1707 4390 1800 4434 aut
1825 4391 1961 4435 tem-

395 4478 495 4533 pus
515 4467 712 4534 patitur
739 4467 960 4520 ulterius
989 4467 1210 4522 limitem
1240 4470 1616 4536 disputationis
1643 4474 1882 4528 extendi.

465 4553 518 4608 8.
551 4554 657 4610 Sed
691 4571 990 4611 sermonem
1016 4559 1184 4624 magis
1207 4557 1272 4612 ad
1300 4560 1503 4627 reliqua
1531 4571 1953 4631 retorqueamus.

396 4643 547 4716 Sint,
577 4647 770 4716 inquit,
797 4648 853 4703 in
887 4647 1050 4721 signis
1077 4657 1127 4702 et
1161 4649 1217 4702 in
1244 4651 1570 4720 temporibus,
1600 4662 1650 4705 et
1675 4653 1730 4706 in
1761 4653 1956 4720 diebus,

467 4904 501 4970 '_
522 4893 680 4970 Editi,
707 4894 952 4970 animalia
979 4899 1214 4965 quaedam
1242 4895 1468 4970 putando
1508 4897 1730 4970 arbitrio
1747 4915 1838 4970 suo
1869 4901 1954 4970 fa-

395 4965 651 5020 mulatui:
681 4963 824 5034 quod
859 4963 1190 5034 cum'aperte
1216 4963 1462 5021 vitiosum
1483 4967 1570 5031 sit,
1597 4983 1664 5022 ex
1691 4968 1844 5024 Colb.
1869 4963 1958 5024 se-

395 5035 571 5090 eundo
599 5033 946 5086 correximus.

466 5106 492 5143 ιι
519 5104 738 5176 Antiqui
767 5103 877 5176 duo
897 5103 1033 5167 libri,
1059 5105 1286 5174 sufﬁciet.
1318 5103 1466 5158 Alius
1493 5105 1685 5176 codex,
1715 5107 1954 5176 sufﬁciat.

394 5172 584 5227 Statim
611 5173 736 5225 editi
766 5172 952 5244 et_duo
989 5172 1141 5236 mss.,
1184 5184 1522 5244 torqueamus.
1574 5175 1723 5228 Alius
1762 5172 1957 5241 codex,

395 5256 788 5312 retorqueqmus.
812 5239 1012 5307 Graace,
1039 5239 1394 5310 ἐπανέλθαὶμεν.

469 5323 490 5350 ο
522 5309 655 5364 lllud
696 5327 790 5365 nos
833 5327 901 5366 ex
944 5313 1152 5368 duob'ts
1191 5315 1339 5369 libris
1367 5316 1634 5370 veteribus
1659 5315 1958 5369 addendum

393 5379 763 5449 judicavitnus.

467 5451 740 5523 {Antiqui
764 5453 869 5507 duo
907 5453 1058 5513 libri.
1101 5455 1597 5523 propaginationem.
1630 5453 1796 5514 Alius,
1827 5469 1952 5522 pro-

391 5519 654 5592 paginem.
683 5520 964 5592 Aliquanto
985 5519 1108 5592 post
1134 5519 1281 5588 editi;
1304 5540 1364 5576 ac
1384 5525 1604 5578 aridum.
1638 5523 1780 5577 Libri
1809 5519 1955 5575 vete-

395 5589 498 5653 res,
533 5589 798 5646 torridam;

469 5670 492 5697 ι
520 5658 677 5717 Editi.
709 5663 1006 5719 cet/murti.
1029 5661 1210 5718 Codex
1230 5670 1430 5724 noster.
1452 5662 1702 5718 eteroscii.
1728 5658 1786 5715 ln
1807 5657 1954 5716 Gr)-

2059 3202 2279 3268 singulis
2305 3202 2456 3254 annis
2485 3201 2792 3255 omnimodo
2831 3200 2946 3253 sine
2988 3199 3174 3252 umbra
3216 3207 3341 3252 sunt
3383 3214 3509 3252 cum
3538 3202 3642 3255 sub

2059 3293 2352 3346 meridiano
2379 3292 2494 3346 sole
2540 3290 2895 3354 constiterint,
2938 3305 3092 3357 quos,
3142 3289 3265 3356 quia
3309 3289 3390 3342 sol
3441 3300 3638 3345 contra

2061 3385 2231 3453 ipsum
2279 3384 2533 3437 verticem
2576 3382 2781 3452 positus
2829 3382 3121 3449 aequalibus
3167 3380 3402 3449 undique
3449 3382 3644 3451 spatiis

2063 3479 2341 3543 illuminat,
2393 3477 2445 3530 in
2495 3468 2691 3529 nullam
2737 3475 2948 3543 penitus
2993 3483 3198 3541 partem
3247 3471 3465 3527 flectere
3511 3474 3643 3528 sinit

2062 3569 2295 3622 umbras.
2328 3567 2460 3620 Nam
2488 3574 2544 3619 et
2569 3565 2794 3634 putealis
2823 3563 2960 3632 apud
2995 3578 3089 3616 eos
3118 3577 3283 3631 aqua,
3314 3563 3401 3615 vix
3436 3562 3643 3620 tenuis-

2062 3665 2255 3717 simum
2283 3666 2461 3729 potest
2508 3655 2526 3694 τ
2575 3657 2628 3710 in
2656 3655 2864 3709 alveum
2892 3655 2958 3707 de
2998 3655 3111 3707 sole
3157 3654 3333 3706 lumen
3363 3654 3642 3721 excipere,

2061 3761 2283 3823 propter
2325 3749 2468 3818 quod
2499 3763 2592 3801 eos
2620 3746 2835 3816 quidam
2885 3745 3069 3808 uarios,
3115 3743 3167 3797 id
3214 3752 3317 3806 est,
3349 3745 3640 3802 exumbres

2060 3843 2346 3914 appellant.
2378 3840 2456 3894 llli
2483 3847 2663 3893 autem
2685 3837 2775 3905 qui
2799 3844 2949 3888 extra
2973 3843 3145 3887 terras
3165 3832 3463 3887 odoriferos
3485 3833 3640 3888 habi-

2062 3943 2194 4000 tant,
2227 3935 2281 3988 in
2321 3942 2600 3998 utramque
2635 3935 2839 3996 partem
2869 3932 3075 3978 mutant
3100 3923 3330 3976 umbras.
3362 3921 3495 3982 Nam
3535 3921 3640 3977 soli

2061 4027 2150 4096 qui
2201 4033 2436 4079 nostram
2480 4021 2729 4074 videntur
2767 4015 3000 4070 incolere
3046 4015 3350 4081 regionem,
3380 4013 3641 4066 adversus

2063 4125 2300 4169 austrum
2330 4128 2560 4181 semper,
2593 4108 2646 4163 itl
2672 4116 2780 4170 est,
2830 4105 2896 4159 ad
2943 4104 3220 4158 meridiem
3270 4103 3486 4156 umbras
3514 4117 3638 4156 cre-

2061 4208 2258 4262 duntur
2285 4205 2529 4258 emittere
2556 4219 2568 4253 :
2603 4199 2740 4253 unde
2769 4199 2927 4252 etiam
2949 4213 2976 4249 a
2999 4195 3310 4263 quibusdam
3341 4193 3635 4262 amphiscii.

2063 4307 2090 4344 ts
2120 4295 2171 4350 id
2195 4302 2276 4348 est
2299 4292 2568 4347 biumbres
2587 4289 2948 4343 nominantur.
2973 4285 3165 4338 Verum
3189 4284 3300 4337 haec
3321 4283 3502 4336 omnia
3522 4282 3641 4336 solo

2066 4386 2129 4440 ad
2160 4393 2340 4454 partes
2387 4381 2632 4436 boreales
2678 4385 3012 4432 commeante
3058 4373 3400 4444 proveniunt.
3448 4371 3528 4425 Ex
3559 4373 3642 4427 his

1984 4451 2035 4510 Β
2062 4451 2503 4534 considerandum
2533 4480 2646 4534 est,
2679 4480 2909 4541 quantus
2936 4467 3206 4522 radiorum
3237 4465 3414 4519 fervor
3441 4465 3640 4518 habea-

2065 4582 2169 4635 tur,
2201 4577 2256 4624 et
2281 4575 2510 4638 quantos
2538 4561 2838 4618 hominibus
2880 4573 3034 4614 casus
3085 4555 3298 4611 efﬁciat.
3345 4553 3476 4607 Post
3518 4553 3632 4606 habe

2064 4662 2224 4728 igitur
2253 4668 2461 4726 tempus
2490 4652 2796 4706 autumnale
2841 4647 3104 4710 succedit,
3155 4643 3302 4714 quod
3346 4643 3558 4712 frigoris
3585 4651 3640 4696 ot

2061 4916 2154 4973 co,
2177 4897 2425 4973 «ap'flm'y
2455 4904 2560 4973 :roi;
2589 4886 3231 4973 graeco-{iota.fretef'oscii:

2137 4951 2409 5034 i'A'i‘uiiiui
2439 4951 2551 5017 duo
2589 4951 2805 5034 libri__et
2835 4957 3104 5034 fditi,_i_n
3153 4957 3333 5034 αμυφ.
3381 4951 3637 5034 Atgolh.

2061 5022 2350 5097 secundus:
2377 5036 2430 5088 in
2459 5035 2674 5086 alveum.
2707 5029 2796 5083 Sic
2834 5027 3141 5080 Eustathius
3181 5023 3367 5097 Latine
3406 5022 3647 5097 reddidit,

2063 5109 2188 5160 illud
2221 5093 2427 5165 Basilii,
2461 5105 2541 5158 διὰ
2569 5106 2786 5166 στομίων
2815 5105 3016 5166 στι-ζῶν,
3047 5109 3166 5166 cum
3188 5093 3373 5166 potius
3397 5093 3644 5166 scribere

2062 5177 2353 5240 debuisset,
2379 5161 2472 5244 per
2496 5161 2718 5242 angusta
2741 5183 2864 5222 orw.
2910 5164 3052 5232 Lege
3079 5163 3354 5224 Basiliam,
3397 5161 3546 5216 hom.
3583 5163 3643 5228 6,

2064 5245 2360 5376 nullsnf‘lgiti,
2408 5311 2463 5364 id
2504 5317 2580 5364 est
2619 5306 2811 5376 umbra!
2856 5305 3203 5376 nominant?“
3235 5300 3404 5376 vp-‘us
3447 5309 3640 5376 ’Ψελοτ

2059 5368 2249 5443 colles,
2282 5368 2440 5435 id'est
2469 5380 2746 5432 biumbres.
2772 5374 2924 5430 Colb.
2955 5372 3240 5443 secundus,
3271 5371 3326 5443 id
3364 5377 3440 5422 est
3463 5368 3634 5443 trimu-

2058 5453 2187 5505 [γι-εδ.
2215 5437 2411 5505 Ibidem
2438 5450 2554 5502 Iihri
2575 5457 2803 5509 veteres,
2827 5453 2875 5496 et
2895 5451 3130 5512 quantos.
3153 5437 3352 5512 Vocula
3374 5447 3423 5491 et
3445 5439 3638 5491 deerat

2057 5524 2132 5661 ipf
2140 5521 2388 5602 vulgatis.
2431 5518 2627 5573 Ibidem
2658 5507 2805 5581 editi,
2836 5507 3005 5582 efﬁcit.
3039 5517 3105 5563 At
3133 5507 3301 5564 nostri
3332 5515 3445 5561 tres
3473 5519 3631 5568 ωει..

2057 5609 2082 5642 e
2116 5599 2260 5644 mut.

2055 5599 2260 5644 efﬁciat.
