3824 6214
143 252 259 310 933

939 259 1315 318 EUSTATHII
1354 262 1754 318 HEXAENIERI
1793 261 2286 319 METAPHRASIS
2319 261 2526 320 LIBER
2567 261 2656 320 Vl.

3310 261 3416 318 935

173 378 380 431 caloris
399 385 636 446 aequatas
660 377 910 433 obtinens
927 381 1221 448 portiones,
1249 381 1365 434 sine
1389 382 1628 436 molestia
1655 397 1751 438 nos
1779 385 1828 442 Α
1853 386 2169 450 venerimus,
2201 389 2612 456 magnitudinem
2641 405 2826 446 eorum
2855 401 3054 461 quanta
3095 395 3164 451 sit
3201 395 3405 452 facilius

159 469 337 542 736
359 473 519 526 tradit
535 473 788 528 adventui
807 485 832 514 ι
848 473 1125 543 sequentis
1145 472 1400 541 hibernii,
1420 475 1595 530 denuo
1612 475 1761 532 video
1851 477 2162 544 reperimus.
2186 476 2277 532 Sol
2298 485 2476 532 autem
2497 481 2625 532 nulli
2648 496 2895 549 unquam,
2919 483 3003 536 vel
3033 483 3237 553 longius
3261 502 3404 544 asse-

159 562 294 612 lir-et
311 563 432 614 sole
451 563 516 616 ad
537 563 831 616 australem
855 565 1127 632 regionem
1146 564 1212 618 de
1227 564 1496 633 aquilonis
1513 567 1758 637 partibus
1850 565 1984 618 ritur
2010 565 2035 600 ά
2059 579 2196 630 esse,
2228 565 2309 620 vel
2337 569 2570 636 propius,
2603 569 2675 622 ita
2701 586 2765 624 ex
2796 572 2939 624 omni
2967 581 3118 640 parte
3146 589 3264 643 quae
3285 575 3404 629 sub-

175 655 476 702 remeante.
537 645 631 700 liae
677 654 802 701 sunt
843 647 1233 702 vicissitudines
1276 657 1589 717 temporum,
1635 665 1753 716 qua:

177 739 316 794 solis
346 739 676 792 discursibus
704 737 1039 802 famulantes,
1081 739 1244 792 vitam
1274 748 1508 793 nostram
1539 739 1754 807 dispen-

174 843 300 881 sare
330 827 638 882 creduntur.
669 825 738 878 Et
758 828 879 891 sint,
905 827 1096 894 inquit,
1129 829 1180 879 in
1204 829 1363 897 signis
1385 836 1432 880 et
1454 830 1505 880 in
1530 827 1705 881 diebus
1729 846 1746 882 :

181 936 292 972 non
315 927 376 972 ut
395 918 536 972 diem
559 917 756 973 faceret
777 918 877 982 sol,
900 919 992 971 sed
1013 927 1070 971 ut
1090 918 1195 971 diei
1215 918 1596 972 moderaretur.
1622 919 1753 972 Nam

176 1008 312 1060 olim
345 1023 452 1061 nox
481 1015 536 1060 et
580 1006 719 1068 dies,
766 1014 1050 1073 antequam
1099 1005 1375 1058 luminaria
1422 1015 1750 1071 crearentur,

181 1097 395 1151 ell‘ecta:
423 1103 564 1158 sunt,
587 1096 728 1162 quod
755 1095 990 1148 declarat
1009 1103 1064 1148 et
1083 1095 1313 1163 psalmus
1333 1095 1514 1148 dicens
1538 1113 1549 1146 :
1574 1095 1753 1148 Posuit

175 1187 343 1239 solem
371 1186 426 1238 in
455 1193 751 1252 potestatem
781 1183 910 1247 diei,
950 1184 1145 1246 lunam,
1173 1191 1220 1235 et
1245 1183 1420 1236 stellas
1447 1184 1499 1236 in
1525 1193 1750 1252 potesta-

177 1285 282 1329 tem
324 1277 490 1328 noctis
521 1274 699 1344 (Psal.
737 1290 928 1336 cxxxv,
969 1272 1059 1342 8).
1108 1273 1387 1338 Quomodo
1416 1273 1443 1310 ι)
1477 1274 1634 1339 igitur
1673 1273 1753 1327 sol

181 1366 354 1420 habet
381 1365 486 1418 diei
512 1363 866 1432 potestatem?
891 1363 1013 1430 quia
1037 1363 1208 1416 lucem
1233 1365 1283 1416 in
1313 1379 1370 1416 se
1397 1363 1508 1431 ipsc
1530 1363 1753 1416 circum-

177 1453 385 1515 ferens,
420 1467 538 1505 cum
569 1451 633 1504 ad
663 1451 848 1504 orbem
875 1467 1029 1519 quem
1060 1467 1157 1504 nos
1185 1451 1482 1505 habitamus
1510 1466 1751 1505 accesse-

176 1544 274 1608 rit,
301 1542 496 1594 solutis
519 1541 770 1604 tenebris,
811 1539 951 1592 diem
981 1548 1214 1609 prmstat.
1246 1539 1361 1593 Non
1402 1555 1529 1608 ergo
1559 1540 1754 1594 fallitur

175 1633 423 1702 quisquis
450 1631 590 1685 diem
633 1631 943 1684 vocitaverit
986 1647 1164 1685 aerem
1194 1632 1381 1695 istum,
1427 1632 1554 1686 solis
1594 1632 1752 1685 radiis

1845 652 1988 720 jecta
2014 663 2165 717 sunt,
2197 670 2347 722 requa
2377 656 2527 710 lance
2566 667 2830 727 respectat
2863 677 2876 711 :
2907 676 3064 728 quem
3092 661 3205 716 Indi
3248 671 3408 732 atque

1851 741 2090 796 Britanni
2117 744 2362 797 similiter
2398 745 2689 799 intuentur.
2731 746 2912 816 Neque
2937 750 3078 803 enim
3104 766 3328 820 vergens
3355 753 3408 806 in

1850 848 2116 898 occasum,
2147 835 2506 890 habitantibus
2553 835 2841 904 Orientem,
2890 839 2958 893 de
3003 857 3097 894 sua
3136 842 3408 910 quippiam

1849 921 2210 988 magnitudine
2238 923 2464 976 sentitur
2484 925 2758 986 amittere;
2789 942 2890 981 nec
2915 929 2968 981 in
2997 928 3280 983 Occidente
3307 945 3409 1000 po-

1849 1007 1986 1068 sitis,
2019 1009 2194 1062 minor
2221 1017 2444 1078 apparet
2489 1012 2768 1080 exoriens,
2814 1029 2913 1068 nec
2940 1015 3149 1084 quando
3177 1017 3408 1074 medium

1849 1098 1970 1151 cmli
1993 1105 2136 1152 tenet
2156 1114 2331 1167 axem,
2354 1101 2628 1168 utriusque
2651 1102 2830 1157 lateris
2851 1105 3094 1158 immutat
3115 1116 3408 1175 aspectum.

1849 1185 1964 1240 Non
1995 1196 2046 1241 te
2073 1203 2199 1256 ergo
2242 1189 2473 1243 brevitas
2500 1190 2615 1258 ejus
2643 1193 3001 1261 contemplata
3031 1194 3280 1263 decipiat,
3311 1209 3409 1252 nec

1847 1276 1971 1343 quia
1998 1277 2239 1331 eubitalis
2266 1277 2554 1331 visentibus
2581 1279 2723 1333 orbis
2751 1295 2876 1334 suus
2901 1289 3117 1349 putatur
3144 1296 3280 1347 esse,
3312 1297 3403 1337 re-

1847 1382 1975 1420 vcra
1999 1368 2116 1421 talis
2139 1369 2318 1422 haberi
2339 1369 2602 1438 putandus
2622 1378 2720 1424 est.
2738 1370 2960 1440 Semper
2981 1373 3120 1426 enim
3142 1373 3409 1429 cohmrere

1849 1458 1985 1511 solet
2010 1457 2404 1512 intervallorum
2427 1461 2617 1514 tractui
2643 1476 2817 1514 rerum
2839 1462 3114 1530 prolixitas
3142 1472 3408 1531 spectata-

1850 1563 1986 1613 rum;
2010 1550 2253 1618 aciesque
2274 1550 2546 1603 oculorum
2569 1551 2830 1616 interjecti
2851 1554 3007 1620 spatii
3029 1553 3408 1620 longitudinem

1850 1655 1955 1693 non
1985 1641 2282 1708 assequitur
2309 1641 2560 1694 intuendo
2579 1683 2592 1705 ,
2626 1641 2718 1694 sed
2745 1650 2996 1710 tanquam
3024 1643 3280 1697 deficiens
3311 1659 3409 1698 ex-

174 1725 526 1787 illustratum,
554 1729 610 1775 et
635 1722 771 1774 hanc
798 1721 972 1774 diurni
1008 1722 1266 1789 temporis
1288 1737 1402 1774 esse
1425 1736 1745 1785 mensuram,
1778 1719 1826 1777 B
1853 1729 2116 1798 penditur,
2147 1737 2202 1783 et
2240 1732 2407 1797 magis
2445 1732 2801 1785 mstimatione
2830 1747 2989 1799 quam
3019 1734 3135 1786 visu
3153 1774 3166 1797 ,
3199 1749 3262 1788 ea
3290 1748 3410 1802 qua:

179 1813 333 1881 quod
363 1814 419 1865 in
447 1811 837 1880 hemisphaerio,
869 1816 928 1862 ut
965 1810 1269 1878 opinantur,
1293 1809 1436 1878 quod
1458 1825 1614 1878 supra
1645 1818 1754 1862 ter-

179 1921 300 1960 ram
331 1913 437 1970 est,
475 1908 850 1957 commoratur.
883 1899 986 1954 Sed
1014 1908 1066 1952 et
1097 1901 1149 1952 in
1177 1902 1350 1965 annis,
1381 1899 1573 1968 inquit,
1602 1899 1750 1968 signa

179 1995 284 2048 ista
317 1992 576 2060 disposita
604 1999 744 2044 sunt.
777 1989 910 2043 Cum
952 1989 1234 2043 duodecies
1264 1989 1422 2056 igitur
1463 1990 1630 2057 spatia
1670 1989 1751 2042 sui

173 2098 369 2138 cursus
399 2082 522 2134 luna
548 2080 835 2149 peregerit,
865 2094 1060 2132 annum
1089 2076 1246 2131 facit:
1281 2094 1440 2130 unum
1469 2085 1644 2131 tamen
1673 2077 1752 2129 in-

173 2175 285 2227 seri
317 2173 416 2226 sibi
441 2171 638 2239 llagitat
659 2187 916 2234 mensem,
946 2179 1004 2223 ut
1031 2171 1329 2238 diligentius
1359 2171 1606 2225 horarum
1626 2187 1753 2240 pos-

175 2264 246 2315 sit
275 2262 456 2328 colligi
484 2258 720 2329 pcrfecta
751 2261 1030 2314 concursio
1075 2278 1087 2312 :
1133 2261 1269 2315 sicut
1298 2259 1503 2313 llebrzei
1552 2276 1748 2314 annum

172 2351 472 2418 antiquitus
518 2349 889 2416 observabant,
934 2357 988 2402 et
1032 2347 1340 2403 Gratcorum
1385 2349 1746 2403 vetustissimi.

178 2443 369 2497 Annus
415 2450 597 2496 autem
644 2443 858 2497 solanus
901 2450 1124 2496 vocatur
1166 2442 1428 2496 ordinatio
1475 2443 1635 2508 solis,
1683 2442 1750 2498 de

174 2544 338 2589 certo
364 2534 514 2602 signo
536 2533 589 2587 in
611 2533 799 2588 eodem
825 2548 1007 2588 rursus
1027 2547 1123 2602 per
1142 2548 1235 2587 sua
1263 2547 1321 2586 se
1338 2532 1559 2601 vestigia
1582 2531 1750 2586 revol-

182 2625 381 2678 ventis.

248 2714 306 2768 9.
337 2713 410 2767 Et
439 2714 560 2783 fecit
585 2711 724 2766 Deus
749 2713 849 2766 duo
877 2712 1154 2766 luminaria
1179 2728 1388 2782 magna.
1417 2710 1748 2779 Nuncupatto

175 2804 342 2872 igitur
364 2817 678 2870 magnorum
705 2803 900 2872 duplex
921 2810 1018 2867 est,
1043 2817 1269 2870 quorum
1299 2816 1398 2854 una
1422 2801 1746 2854 intellectum

176 2893 344 2948 habet
369 2892 688 2957 absolutum,
717 2891 820 2945 alia
852 2907 979 2945 vero
1007 2897 1089 2945 est
1115 2904 1232 2958 qua:
1255 2897 1502 2958 respectu
1527 2889 1747 2943 minoris

177 2983 311 3038 illud
331 2981 473 3050 quod
494 2989 577 3036 est
597 2982 764 3050 majus
787 2981 1022 3051 assignat
1045 2998 1058 3033 :
1083 2988 1139 3034 ut
1159 2988 1287 3048 puta
1311 2993 1530 3046 magnus
1555 2994 1742 3048 equus,

1852 1827 2143 1872 cernuntur
2183 1821 2394 1886 attingit
2435 1838 2447 1872 :
2494 1828 2548 1874 et
2593 1820 2713 1874 ideo
2757 1836 2856 1888 pro
2897 1836 2991 1875 sua
3038 1823 3294 1875 tenuitate
3323 1837 3410 1875 res

1851 1925 2042 1978 parvas
2069 1910 2336 1964 existimat
2363 1926 2480 1964 esse
2507 1927 2625 1980 qua:
2652 1925 2855 1978 magna:
2883 1919 3036 1976 sunt,
3079 1912 3408 1966 imbecillita-

1851 2007 1958 2051 tem
2001 1999 2247 2053 videlicet
2292 2015 2438 2052 suam
2482 2000 2565 2054 his
2605 2015 2722 2068 qua:
2770 2002 3027 2070 conspicit.
3073 2002 3407 2056 ascribendo.

1851 2086 2095 2142 Profecto
2124 2101 2250 2155 ergo
2279 2087 2529 2142 falluntur
2566 2089 2816 2154 obtutus,
2864 2099 2919 2144 et
2955 2089 3212 2157 judicium
3255 2090 3408 2144 fidele

1850 2193 1957 2230 non
1985 2178 2199 2231 habent.
2251 2177 2554 2232 Recordare
2600 2193 2829 2247 namque
2876 2179 3237 2232 infirmitatem
3282 2193 3406 2247 pro-

1849 2269 2037 2337 priam,
2068 2277 2122 2322 et
2157 2284 2223 2323 ex
2253 2276 2304 2322 te
2333 2269 2447 2337 ipso
2503 2269 2681 2337 capies
2719 2284 2905 2322 eorum
2953 2283 3069 2336 qua:
3097 2268 3237 2321 dicta
3283 2275 3406 2322 sunt

1850 2367 2239 2424 argumentum.
2262 2357 2444 2426 Itaque
2465 2359 2508 2412 si
2529 2359 2739 2426 quando
2760 2375 2827 2412 ex
2849 2360 2956 2412 alto
2985 2360 3181 2412 montis
3209 2359 3406 2413 vertice

1850 2448 2144 2515 subjectam
2189 2462 2497 2516 camporum
2544 2448 2816 2516 planitiem
2868 2446 3180 2517 respexisti,
3230 2459 3406 2501 nonne

1841 2539 1966 2605 juga
1995 2538 2154 2591 boum
2187 2546 2291 2590 tam
2315 2537 2553 2604 grandia,
2579 2537 2661 2591 vel
2682 2543 2922 2590 aratores
2944 2551 3145 2599 eorum,
3173 2535 3407 2589 formicis

1846 2629 2046 2682 similes
2069 2627 2355 2695 judicasti?
2381 2626 2730 2680 Nihilominus
2759 2627 2919 2680 etiam
2959 2627 3084 2680 dum
3113 2626 3163 2678 in
3193 2625 3402 2680 excelsa

1845 2718 2060 2786 specula
2089 2718 2312 2783 Iocatus,
2335 2716 2517 2770 oculos
2547 2715 2598 2768 in
2626 2716 2842 2784 pelagus
2871 2715 3197 2776 convertisti,
3223 2714 3406 2781 quales

1848 2808 1940 2860 tibi
1967 2807 2282 2860 videbantur
2308 2806 2528 2859 insulae?
2556 2804 2740 2858 Nonne
2761 2805 3122 2859 columbarum
3152 2803 3404 2872 parvissi-

1846 2911 2048 2949 marum
2079 2895 2170 2949 tibi
2199 2895 2524 2963 phantasiam
2553 2893 2832 2962 quamdam
2874 2892 3266 2962 perhibebant?
3305 2899 3401 2945 aut

1848 2999 2008 3037 naves
2034 2983 2292 3050 ingentes,
2321 2983 2452 3036 velis
2482 2993 2504 3020 ο
2536 2984 2949 3036 tumescentibus
2991 2980 3232 3035 candidis
3276 2995 3400 3050 pro-

176 3081 272 3138 aut
303 3084 526 3140 magnus
553 3071 670 3125 bos.
716 3069 833 3127 Non
879 3071 1020 3124 enim
1070 3085 1137 3124 ex
1183 3070 1345 3124 nimia
1391 3070 1748 3126 immensitate
1775 3058 1818 3120 C
1849 3083 2043 3146 ερρριω
2083 3074 2265 3144 procul
2309 3073 2470 3140 nigrm
2499 3074 2851 3142 putabamur?
2887 3071 2965 3127 0b
2993 3072 3095 3126 hoc
3132 3071 3399 3136 videlicet,

179 3176 405 3217 suorum
456 3175 758 3230 corporum,
809 3160 903 3214 sed
949 3174 1018 3214 ex
1065 3159 1464 3228 comparatione
1508 3159 1746 3224 alterius,

178 3251 551 3307 testimonium
604 3250 897 3304 sortiuntur
950 3249 1231 3318 ejusmodi.
1290 3247 1568 3314 Quomodo
1621 3262 1748 3316 ergo

179 3357 326 3397 nunc
353 3357 566 3396 sensum
607 3357 764 3410 super
791 3355 1104 3410 magnorum
1147 3341 1557 3409 appellationem
1583 3339 1748 3392 duca-

178 3433 340 3485 mus?
369 3431 476 3486 Sed
503 3432 733 3500 priorem
761 3431 875 3485 sine
913 3431 1073 3484 dubio
1099 3445 1340 3494 sensum,
1371 3437 1621 3498 tanquam
1645 3430 1746 3482 mi-

180 3535 317 3575 nora
371 3520 662 3588 majoribus
707 3519 1061 3584 conferentes,
1119 3520 1264 3573 velut
1313 3518 1607 3583 formicam,
1658 3526 1750 3570 aut

178 3611 325 3665 aliud
355 3609 624 3678 quoddam
670 3609 868 3662 animai
911 3617 1100 3662 natura
1147 3623 1370 3677 parvum
1398 3607 1746 3660 maximorum

179 3701 473 3756 collatione
501 3700 885 3769 postpositum;
933 3714 998 3752 an
1029 3699 1203 3766 potius
1230 3698 1354 3765 quia
1401 3712 1499 3765 pro
1547 3695 1746 3762 ingenti

179 3791 354 3845 forma
382 3805 477 3844 sua
505 3791 696 3843 merito
722 3789 1000 3842 luminaria
1027 3801 1216 3855 magna
1243 3786 1521 3841 dicuntur?
1550 3785 1616 3838 Et
1642 3801 1748 3837 ma-

179 3881 264 3947 gis
289 3880 486 3949 opinor
512 3879 586 3932 ita
614 3877 808 3932 debere
836 3877 1074 3944 intelligi.
1097 3876 1212 3929 Non
1233 3877 1372 3930 enim
1395 3875 1517 3943 quia
1544 3873 1745 3942 majora

179 3978 311 4024 sunt
353 3969 471 4022 aliis
499 3968 665 4022 stellis
691 3981 881 4035 magna
907 3975 1298 4036 nuncupantur,
1327 3966 1420 4020 sed
1447 3965 1571 4034 quia
1600 3973 1745 4016 tanta

179 4059 477 4129 amplitudo
525 4066 606 4114 est
650 4058 793 4113 orbis
842 4057 1071 4122 illorum,
1112 4063 1169 4110 ut
1197 4055 1369 4124 fulgor
1397 4056 1488 4124 qui
1516 4070 1582 4108 ex
1613 4055 1740 4123 ipsis

179 4149 410 4210 eradiat,
438 4161 614 4200 aerem
639 4154 809 4200 totum
836 4144 1156 4200 sufﬁcienter
1180 4147 1458 4211 illuminet,
1490 4154 1544 4200 et
1575 4157 1596 4183 ο
1629 4145 1748 4197 ubi-

178 4254 287 4307 que
309 4244 605 4306 porrectus,
632 4244 800 4289 terras
820 4251 1004 4290 omnes
1031 4237 1301 4306 mariaque
1328 4237 1616 4302 contingat.
1644 4235 1744 4300 Qui

178 4343 303 4382 cum
333 4329 386 4381 in
409 4327 641 4396 qualibet
663 4326 770 4394 poli
801 4334 968 4394 parte,
989 4326 1073 4380 vel
1111 4326 1330 4379 oriendo
1349 4325 1434 4378 vel
1455 4324 1743 4378 occidendo

1846 3168 1970 3235 quia
1998 3181 2180 3222 sensus
2211 3173 2268 3220 ut
2296 3163 2526 3218 diximus
2554 3165 2855 3224 oculorum,
2899 3165 3038 3218 aeris
3077 3163 3402 3223 distentione

1847 3265 2088 3310 tenuatus
2146 3272 2252 3310 non
2295 3254 2490 3309 sufficit
2541 3253 2988 3322 comprehendere
3028 3252 3237 3320 plenius
3279 3264 3398 3319 qum

1843 3347 2101 3402 visuntur.
2124 3346 2254 3398 Nam
2283 3352 2336 3398 et
2363 3344 2571 3413 rupium
2597 3343 2944 3396 maximarum
2968 3342 3018 3394 in
3046 3341 3209 3394 altum
3238 3355 3398 3394 cava-

1845 3444 2019 3490 tarum
2052 3435 2280 3489 rotunda
2309 3435 2568 3504 plenaque
2584 3441 2797 3501 putatur
2822 3431 3085 3500 aspectio;
3115 3430 3240 3483 dum
3266 3430 3397 3484 emi-

1844 3526 2090 3579 nentibus
2117 3523 2346 3592 undique
2375 3522 2697 3590 marginibus
2723 3527 2999 3588 occupata,
3031 3517 3266 3572 medium
3301 3531 3392 3571 ca-

1844 3614 2072 3667 vationis
2098 3613 2293 3675 locum,
2316 3625 2421 3665 non
2449 3609 2593 3664 valet
2613 3609 2749 3663 visio
2775 3606 3086 3662 defectionis
3112 3606 3389 3672 attingere.

1844 3703 1920 3758 Ita
1946 3719 2046 3758 nec
2075 3717 2356 3772 corporum
2385 3701 2680 3762 schemata,
2711 3698 2882 3768 qualia
2926 3697 3032 3751 sint
3069 3696 3292 3750 advertit
3313 3697 3395 3750 in-
3477 3761 3482 3766 .

1847 3794 2026 3854 tuitus,
2072 3792 2165 3846 sed
2211 3799 2406 3844 teretes
2451 3803 2569 3844 cSSe
2611 3797 2782 3842 turres
2819 3801 2934 3855 qua:
2978 3785 3244 3854 quadrata:
3271 3791 3394 3838 sunt

1844 3885 2145 3953 opinantur.
2174 3881 2388 3935 Certum
2411 3888 2492 3935 est
2531 3893 2679 3948 ergo,
2718 3879 2841 3946 quia
2869 3879 2922 3931 in
2960 3882 2981 3915 τ
3016 3876 3394 3947 prolixioribus

1844 3973 2133 4026 intervallis
2161 3986 2267 4025 non
2310 3968 2600 4033 definitam,
2651 3967 2746 4022 sed
2792 3967 3064 4022 confusam
3108 3979 3392 4034 corporum

1844 4065 2080 4133 capimus
2107 4063 2383 4116 visionem.
2432 4060 2522 4113 Sic
2549 4071 2602 4113 et
2629 4073 2818 4126 magna
2848 4057 3121 4111 luminaria
3141 4095 3158 4121 ,
3201 4070 3392 4110 secun-

1845 4155 1971 4207 dum
1995 4152 2278 4221 Scriptura:
2301 4150 2680 4214 testimonium,
2703 4148 3075 4218 multipliciora
3095 4151 3218 4201 sunt
3235 4159 3392 4214 quam

1842 4250 2147 4298 cernuntur.

1914 4333 1999 4386 10.
2030 4331 2178 4386 Licet
2197 4329 2322 4384 illud
2341 4344 2552 4398 quoque
2571 4327 2945 4395 magnitudinis
2964 4343 3147 4382 eorum
3176 4328 3244 4382 sit
3270 4344 3391 4397 pro-

179 4417 501 4482 constiterit,
532 4425 844 4470 cunctorum
890 4415 1190 4469 mortalium
1238 4416 1436 4468 visibus
1472 4415 1744 4482 aequaliter
1773 4398 1821 4454 Ῑ)
1846 4422 2020 4477 habile
2053 4421 2444 4482 documentum,
2473 4419 2595 4486 quia
2623 4433 2742 4471 cum
2779 4418 2885 4470 sint
2923 4417 3138 4471 infinita:
3175 4431 3394 4470 numero

178 4509 502 4578 appareseit.
525 4507 687 4575 Cujus
707 4505 1018 4574 magnitudo
1039 4507 1389 4560 certissimum
1412 4506 1570 4559 habet
1588 4507 1746 4559 docu-

177 4613 424 4655 mentum
450 4617 462 4650 :
495 4599 618 4666 quia
648 4614 746 4651 nec
775 4599 1010 4666 ipsorum
1039 4597 1437 4650 luminariorum
1461 4597 1745 4651 collatione

177 4688 404 4742 latitudo
433 4697 592 4742 terrm
611 4728 624 4750 ,
657 4695 852 4755 quanta
881 4687 951 4739 sit
977 4687 1301 4752 assignatur;
1333 4695 1392 4739 ut
1419 4701 1514 4754 per
1538 4687 1639 4741 hoc
1661 4688 1742 4742 sol

176 4788 235 4832 et
265 4778 392 4830 luna
421 4776 505 4830 vel
534 4777 769 4829 minores
804 4790 922 4829 esse
965 4777 1342 4844 comprehendi
1371 4776 1612 4838 valeant,
1659 4779 1742 4830 vel

177 4867 436 4934 majores.
480 4866 611 4919 Nam
660 4879 870 4933 semper
897 4879 962 4918 ea
1001 4880 1118 4940 quae
1161 4865 1366 4920 eminus
1391 4867 1563 4934 posita
1589 4879 1731 4929 sunt,

176 4958 374 5023 exigua
418 4955 612 5010 nostris
639 4962 890 5024 putantur
917 4954 1184 5008 obtutibus
1214 4971 1226 5006 :
1257 4968 1380 5008 cum
1425 4970 1550 5010 vero
1585 4955 1736 5024 juxta

250 5127 275 5151 "
304 5116 441 5172 Editi
485 5127 540 5172 et
575 5117 726 5172 Colb.
777 5119 997 5186 primus,
1043 5117 1294 5186 sequentis
1333 5115 1544 5170 hiberni.
1596 5121 1744 5174 Alter

175 5187 329 5259 Colb.
342 5229 371 5259 ,γ
385 5189 635 5259 sequentis
673 5187 909 5259 hibernij.

250 5257 274 5294 δ
306 5255 462 5317 Editi,
495 5257 626 5329 quod
655 5257 828 5326 igitur.
863 5255 1004 5308 Libri
1034 5263 1254 5319 veteres,
1279 5257 1527 5325 quomodo
1554 5259 1728 5329 igitur.

173 5327 378 5390 (armce,
409 5324 517 5386 πῶέ
545 5324 649 5380 οὖν.

249 5407 273 5434 ι
305 5395 612 5448 Addidimus
635 5393 876 5448 voculam
905 5401 950 5445 et
975 5408 1038 5446 ex
1068 5393 1272 5445 duobus
1299 5395 1582 5447 codicibus.
1618 5395 1730 5448 Ali-

175 5475 378 5532 quanto
401 5473 518 5532 post
537 5464 666 5517 editi
688 5472 743 5516 et
761 5465 866 5515 duo
888 5478 1034 5524 mss.,
1057 5463 1347 5516 mortalium
1367 5465 1557 5517 usibus.
1573 5463 1723 5518 Colb.

176 5535 460 5596 secundus,
492 5533 783 5585 mortalium
811 5535 1014 5583 visibus.

244 5603 272 5640 ἀ
303 5602 457 5656 Colb.
488 5603 749 5656 secundus
779 5602 935 5654 habet
963 5601 1013 5653 in
1041 5602 1295 5651 contextu
1317 5602 1589 5661 aspicitur;
1630 5600 1723 5655 sed

1842 4512 2024 4576 stella},
2055 4510 2227 4578 fulgor
2252 4516 2428 4562 tamen
2456 4508 2545 4574 qui
2575 4506 2813 4575 procedit
2854 4520 2919 4558 ex
2945 4507 3044 4570 eis,
3073 4521 3178 4560 non
3217 4515 3389 4573 potest

1842 4609 2156 4656 nocturnam
2184 4596 2424 4652 scindere
2459 4596 2792 4650 densitatem.
2829 4594 2920 4649 Sol
2945 4604 3120 4648 autem
3157 4593 3270 4647 fusa
3300 4611 3388 4662 per

1841 4690 2094 4745 mundum
2122 4689 2258 4752 luce,
2284 4702 2390 4739 non
2418 4685 2575 4738 modo
2593 4699 2712 4738 cum
2739 4684 2878 4736 visus
2905 4681 3081 4745 fuerit,
3111 4681 3204 4737 sed
3233 4683 3388 4736 etiam

1843 4795 1962 4834 cum
2005 4778 2186 4832 venire
2226 4784 2466 4846 speratur
2492 4781 2546 4827 et
2585 4781 2867 4842 antequam
2907 4780 3075 4826 terras
3114 4772 3388 4840 illuminet,

1841 4870 2215 4924 obscuritatem
2242 4865 2413 4920 noctis
2440 4862 2691 4930 infringit,
2721 4870 2776 4916 et
2799 4873 3013 4932 superat
3039 4870 3179 4917 astra
3206 4872 3232 4910 ε
3261 4878 3386 4918 can-

1841 4963 1990 5027 dore,
2019 4971 2300 5025 aeremque
2337 4963 2492 5010 terra:
2515 4954 2832 5024 proximum,
2862 4953 3057 5021 frigore
3084 4952 3386 5020 nebulisque

1849 5120 1903 5174 in
1933 5134 2028 5173 ora
2055 5115 2174 5169 libri
2203 5109 2781 5182 scriptumiinvenimus
2809 5109 3067 5182 asseritur.

1914 5172 2186 5240 °VVeteres
2225 5172 2329 5236 duo
2367 5181 2517 5241 libri,
2561 5179 2684 5232 velis
2727 5187 2992 5231 tumentes.
3023 5175 3170 5228 Alius
3196 5172 3383 5234 codex.

1837 5258 1957 5312 velis
1979 5251 2297 5308 tumentibus.
2323 5249 2557 5304 Subinde
2575 5246 2724 5302 Colb.
2747 5247 3028 5309 secundus,
3053 5243 3256 5298 rotundi
3274 5243 3384 5312 pla-

1837 5330 1986 5395 nique
2011 5332 2252 5394 putantur
2278 5330 2524 5388 aspectus.
3260 5381 3272 5392 .

1912 5396 1930 5433 ι
1961 5394 2116 5451 Editi,
2148 5392 2266 5460 quia
2307 5384 2685 5459 prolixioribus.
2733 5384 2802 5438 At
2847 5386 2952 5438 duo
2997 5397 3147 5443 mss.,
3186 5397 3304 5452 quia
3331 5383 3382 5435 in

1831 5461 2126 5585 “21,333?
2130 5477 2413 5584 ggerimus,
2450 5534 2701 5578 astrorum
2729 5521 3019 5574 candorem.
3052 5518 3204 5572 Haud
3231 5519 3381 5587 longe

1831 5602 1975 5663 editi.
2009 5606 2351 5662 ueneraretur.
2385 5595 2525 5649 Libri
2554 5593 2775 5656 antiqui,
2813 5599 3102 5660 generatur.
