3824 6214
415 277 521 334 955

1373 275 1717 330 APPENDIX
1757 274 2042 330 OPERUM
2079 276 2136 332 S.
2181 276 2427 332 BASILII
2461 273 2700 333 MAGNI.

3587 273 3698 330 956

431 414 730 464 concretum
758 403 1030 467 dissolvit,
1058 416 1123 455 ac
1148 400 1358 454 discutit
1393 418 1405 451 :
1443 415 1511 453 ex
1548 415 1654 467 quo
1691 399 1986 452 matutinus
2017 415 2058 465 Α
2087 400 2411 454 dormientes
2448 400 2658 454 lucente
2689 401 2834 466 luna,
2874 407 3154 469 postquam
3181 403 3536 468 surrexerint,
3565 404 3656 457 ln-

433 510 636 564 ventus,
665 508 718 552 et
748 499 934 550 humor
976 492 1233 560 roscidus,
1261 491 1471 560 quando
1499 507 1743 546 serenum
1790 496 1870 543 est
1896 502 1989 556 ge-

433 598 666 645 neratur.
695 587 871 640 Tellus
897 591 1072 638 autem
1100 598 1220 637 cum
1259 583 1327 635 sit
1371 581 1546 650 ampla
1587 581 1825 647 nimium,
1853 593 1991 647 quo-

399 682 405 700 '
434 679 591 734 .nodo
611 683 820 746 poterat
839 674 936 728 sub
967 688 1070 728 uno
1093 672 1344 741 temporis
1372 681 1663 738 momento,
1685 670 1845 724 radiis
1877 677 1990 723 tota

434 766 667 827 lustrari,
699 764 798 818 nisi
828 762 896 816 de
923 762 1153 816 maximo
1179 761 1306 815 solis
1333 759 1460 814 orbe
1489 759 1578 812 lux
1606 760 1656 812 ei
1696 758 1991 826 largissima

433 854 796 924 prmberetur?
818 852 914 906 llic
939 866 1080 904 nunc
1105 849 1416 918 sapientiam
1436 847 1735 902 Conditoris
1755 847 1988 912 adverte,

433 944 704 1012 quomodo
743 940 1079 995 immensitati
1106 938 1218 1008 ejus
1260 938 1581 992 mediocrem
1625 937 1731 990 vim
1772 933 1995 989 fervoris

439 1033 677 1087 adhibuit
708 1048 722 1084 :
753 1037 812 1084 ut
837 1044 937 1083 nec
980 1027 1137 1082 ardor
1172 1026 1551 1081 immoderatus
1584 1034 1779 1079 terram
1827 1025 1995 1093 possit

441 1137 687 1187 exurere,
735 1136 834 1173 nec
881 1117 1264 1172 infructuosam
1311 1132 1428 1170 eam
1458 1117 1739 1183 denegatio
1782 1117 1996 1184 penitus

441 1213 634 1269 caloris
661 1210 911 1264 efficeret.
942 1207 1035 1261 His
1062 1222 1189 1260 vero
1217 1213 1571 1260 consentanea
1599 1205 1664 1260 de
1691 1205 1814 1258 luna
1858 1220 1994 1273 quo—

423 1314 528 1362 que
549 1295 708 1364 737
735 1296 1042 1362 intclligito,
1068 1295 1223 1364 cujus
1260 1309 1458 1361 corpus
1488 1309 1610 1345 cum
1651 1294 1720 1345 sit
1743 1291 2001 1355 lucidum,

424 1403 531 1441 non
555 1397 734 1437 tamen
758 1401 972 1452 semper
989 1385 1300 1453 magnitudo
1316 1383 1606 1453 conspicua
1624 1392 1725 1446 est,
1745 1382 1839 1437 sed
1861 1397 2002 1437 nunc

445 1488 469 1515 ἰ
492 1478 702 1547 quidem
729 1473 961 1543 perfecta
1001 1473 1210 1526 videtur
1237 1472 1290 1525 in
1319 1472 1498 1540 globo,
1528 1487 1666 1525 nunc
1700 1473 1994 1541 semiplena

442 1567 662 1629 scilicet,
685 1563 780 1617 sed
804 1564 1036 1616 minuata
1064 1569 1404 1623 monstratur,
1451 1559 1816 1627 delectumque
1843 1576 1994 1614 suum

442 1655 650 1720 gemina
677 1661 828 1722 parte
854 1652 1110 1718 designat.
1139 1651 1256 1704 Alio
1283 1650 1424 1704 enim
1453 1649 1618 1703 latere
1645 1649 1996 1718 deprehendi-

2090 490 2305 543 veniunt
2329 490 2501 558 capita
2528 505 2623 544 sua
2663 490 2958 556 largissimo
2983 505 3103 544 rore
3125 491 3414 546 madentia.
3446 491 3557 546 Sed
3600 501 3658 546 et

2088 588 2332 634 recentes
2379 595 2591 646 carnes,
2621 581 2665 632 si
2705 579 2803 633 sub
2849 579 2971 632 luna
2994 578 3289 647 jacuerint,
3316 579 3481 634 fluida
3528 598 3658 634 mox

2090 669 2367 737 putredine
2407 675 2838 737 corrumpuntur.
2869 667 3119 737 Idemque
3145 669 3408 735 significat
3436 671 3657 740 pecori-

2091 774 2216 810 num
2235 759 2534 824 cerebrum,
2559 758 2645 812 vel
2673 759 2830 812 etiam
2854 759 3055 812 viscera
3084 760 3410 814 marinorum
3449 761 3660 814 anima-

2091 845 2238 907 lium,
2261 861 2378 914 quae
2397 856 2518 900 sunt
2545 846 2890 911 humectiora,
2919 862 3017 902 nec
3037 863 3143 902 non
3165 851 3418 910 arborum
3441 849 3658 904 medul-

2093 935 2174 1002 lae,
2202 951 2319 1004 qua:
2346 938 2524 990 omnia
2566 938 2746 1005 utique
2773 939 3074 1012 nullatenus
3100 940 3368 995 sufficeret
3395 943 3461 995 ad
3502 957 3658 995 suam

2093 1024 2218 1077 luna
2255 1025 2492 1093 redigere
2540 1027 2868 1094 qualitatem,
2900 1028 3001 1082 nisi
3049 1030 3395 1098 amplitudine
3439 1030 3658 1083 virtutis

2093 1115 2400 1182 excelleret,
2428 1116 2715 1170 secundum
2744 1117 3029 1186 Scriptum:
3057 1119 3435 1173 testimonium.

2163 1202 2248 1256 ll.
2280 1201 2386 1257 Sed
2412 1212 2467 1257 et
2494 1206 2631 1257 aeris
2658 1213 2851 1269 motus,
2882 1206 3084 1260 hisdem
3123 1208 3249 1276 ipsis
3275 1209 3656 1261 commutatio-

2095 1291 2250 1345 nibus
2275 1293 2598 1359 continetur,
2625 1294 2765 1347 sicut
2802 1294 2940 1348 lunm
2969 1295 3175 1349 novitas
3202 1304 3506 1361 attestatur,
3536 1312 3656 1364 qua:

2094 1393 2160 1433 ex
2188 1380 2344 1448 longa
2371 1382 2680 1450 plerumque
2701 1385 2986 1438 serenitate
3004 1387 3179 1440 subito
3201 1387 3416 1440 nubium
3445 1388 3654 1453 glome-

2093 1468 2346 1533 rationes,
2397 1479 2454 1522 et
2496 1471 2926 1538 perturbationes
2975 1475 3280 1528 exsuscitat.
3329 1474 3654 1544 Euriporum

2103 1573 2314 1627 quoque
2342 1569 2546 1614 meatus
2565 1561 2762 1615 refluus
2786 1562 2890 1617 hoc
2916 1563 3132 1629 indicat,
3161 1563 3190 1601 ἀ
3218 1566 3299 1619 vel
3322 1567 3483 1620 etiam
3513 1569 3655 1621 reci-

2096 1655 2332 1720 procatio
2351 1652 2605 1721 Syrtium,
2633 1669 2749 1722 qua:
2775 1657 2959 1710 vicina:
2985 1657 3242 1712 habentur
3265 1657 3498 1722 Oceano,
3524 1675 3659 1729 quas

444 1752 528 1797 tur
555 1758 672 1797 esse
701 1743 997 1805 tenebrosa,
1022 1757 1140 1795 cum
1160 1741 1369 1806 crescit,
1394 1749 1448 1793 et
1473 1741 1577 1793 alio
1603 1755 1722 1794 cum
1743 1741 1991 1797 senescit.
2025 1755 2067 1812 Β
2095 1756 2190 1809 pro
2212 1742 2346 1794 luna:
2370 1743 2722 1797 schematibus
2750 1745 3006 1798 concitari
3035 1746 3272 1800 locorum
3299 1748 3497 1802 accolae
3524 1764 3654 1817 pro—

444 1835 603 1890 Ratio
627 1849 756 1890 sane
799 1836 1052 1889 secretior
1090 1839 1187 1896 est,
1235 1831 1678 1899 dispensationem
1725 1831 2001 1889 declarans

444 1924 658 1978 artificis
692 1921 1010 1980 Conditoris,
1053 1935 1147 1989 per
1172 1934 1330 1986 quam
1360 1919 1497 1972 luna:
1523 1919 1774 1986 varietas,
1802 1929 2002 1976 naturae

451 2021 645 2066 nostrae
674 2010 825 2065 nobis
853 2009 1148 2076 exemplum
1179 2007 1407 2075 subjicit,
1439 2022 1503 2061 eo
1529 2007 1670 2077 quod
1696 2009 1822 2061 nihil
1844 2011 1896 2063 in
1917 2026 2002 2064 re-

445 2105 541 2158 bus
572 2102 816 2158 humanis
841 2101 1243 2170 perseverabile,
1276 2099 1300 2137 ι)
1331 2101 1696 2168 diutinumque
1722 2103 1999 2168 consistat,

445 2194 540 2249 sed
583 2209 645 2247 ea
671 2207 788 2260 qua:
814 2191 879 2244 de
925 2190 1089 2243 nihilo
1116 2191 1496 2257 producuntur,
1528 2190 1595 2243 ad
1640 2190 1838 2258 aliquid
1881 2205 1999 2243 cum

445 2282 789 2343 adoleverint,
820 2279 886 2332 ad
923 2293 1284 2345 summamque
1313 2293 1614 2332 mensuram
1656 2294 1764 2332 suae
1809 2278 2002 2332 fuerint

445 2372 615 2426 aetatis
643 2378 842 2434 erecta,
871 2367 1123 2436 paulatim
1151 2367 1476 2421 tabescentia
1519 2367 1893 2419 dissolvuntur.
1911 2366 2002 2420 -Ex

446 2461 584 2514 luna:
638 2473 764 2526 ergo
815 2456 1238 2510 consideratione
1282 2455 1538 2508 docemur
1587 2456 1864 2509 advertere
1916 2471 2001 2510 res

446 2547 714 2608 mortales,
746 2554 800 2598 et
821 2545 1194 2598 mutabilitates
1215 2543 1420 2596 illarum
1448 2543 1765 2610 cogitatione
1787 2545 2001 2612 capien-

447 2645 545 2699 tes,
571 2649 758 2689 cavcre
781 2633 1036 2686 debemus
1062 2646 1130 2685 ne
1158 2632 1316 2685 rebus
1343 2632 1468 2685 elati
1495 2633 1754 2696 secundis,
1787 2633 1996 2687 affecte-

447 2741 564 2780 mus
586 2723 884 2792 superbiam
906 2722 988 2775 vel
1012 2721 1364 2785 insolentiam,
1397 2736 1494 2774 nec
1522 2721 2002 2783 confidamus.tem-

447 2814 614 2883 [orali
659 2813 931 2882 potentiae,
956 2825 1056 2865 nec
1098 2811 1303 2879 opibus,
1332 2817 1422 2862 aut
1449 2810 1662 2877 divitiis,
1693 2826 1809 2879 qua:
1849 2811 2001 2865 nimis

447 2892 662 2958 incertae
709 2909 849 2966 sunt,
878 2901 1207 2954 exaltemur:
1244 2898 1336 2952 setl
1380 2899 1720 2967 cupiditatem
1763 2901 2002 2969 corporis

447 2994 782 3061 castigemus,
818 3004 935 3059 quae
981 2990 1209 3042 maxime
1257 2988 1480 3042 habetur
1508 2989 1782 3053 instabilis,
1812 2998 1865 3042 et
1891 2990 2004 3042 dili-

2100 1830 2361 1884 diderunt.
2395 1831 2576 1901 Euripi
2626 1835 2783 1887 etiam
2834 1835 2885 1888 in
2929 1844 3209 1904 utramque
3263 1847 3470 1906 partem
3512 1841 3657 1894 soliti

2099 1931 2220 1977 sunt
2247 1927 2460 1993 propria
2482 1926 2674 1980 leniter
2693 1925 2888 1981 fluenta
2917 1937 3246 1994 convertere,
3273 1931 3480 1998 reliquo
3510 1933 3658 1986 omni

2101 2023 2337 2083 tempore
2381 2033 2394 2066 :
2435 2031 2557 2069 cum
2585 2032 2712 2070 vero
2740 2017 2864 2070 luna
2906 2019 3158 2084 nascitur,
3188 2019 3502 2072 nullomodo
3533 2036 3658 2088 pos-

2099 2112 2223 2157 sunt
2247 2105 2538 2172 quiescere,
2585 2106 2678 2159 sed
2704 2103 3001 2161 vehementi
3031 2107 3237 2161 fervore
3263 2123 3472 2176 semper
3511 2125 3627 2162 exm
3644 2142 3657 2150 -

2099 2203 2296 2260 stuant,
2351 2195 2519 2249 donec
2571 2196 2696 2249 luna
2748 2211 2932 2251 rursus
2989 2206 3274 2266 appareat,
3323 2198 3655 2252 sedationem

2099 2286 2377 2338 commotis
2423 2285 2718 2338 turbinibus
2770 2285 3010 2338 allatura.
3060 2284 3312 2340 Similiter
3364 2287 3651 2340 occiduum

2101 2389 2247 2426 mare
2274 2373 2489 2428 crebros
2524 2390 2768 2428 accessus
2794 2376 2992 2444 patitur
3014 2383 3066 2430 et
3105 2391 3363 2438 recessus,
3393 2376 3558 2430 modo
3580 2375 3656 2427 al-

2099 2463 2250 2517 luens
2308 2464 2483 2518 littora
2530 2463 2794 2529 iluctibus,
2848 2465 3008 2519 modo
3047 2465 3359 2520 destituens.
3391 2465 3467 2518 Ita
3511 2465 3657 2519 velut

2099 2555 2410 2622 quibusdam
2464 2555 2598 2608 lunae
2627 2556 2997 2624 spiraminibus
3038 2567 3186 2612 retro
3229 2557 3562 2622 subducitur,
3594 2569 3650 2610 et

2101 2644 2290 2696 iterum
2317 2643 2430 2710 ejus
2458 2645 2690 2698 exundat
2715 2647 3040 2715 impulsibus.
3065 2647 3187 2701 llaec
3229 2647 3388 2717 igitur
3425 2647 3652 2702 disserui

2099 2735 2165 2787 ad
2217 2735 2612 2804 exprimendam
2665 2737 3072 2804 magnitudinem
3128 2738 3653 2803 luminariorum,ct

2099 2826 2218 2894 quia
2240 2841 2338 2880 nec
2365 2841 2532 2894 usque
2556 2826 2623 2881 ad
2651 2842 2807 2880 unam
2835 2817 3091 2897 syllabam
3120 2829 3347 2882 otiosum
3375 2827 3503 2896 quid
3535 2841 3656 2882 esse

2099 2924 2274 2984 potest
2313 2915 2626 2984 spiritalium
2659 2925 3060 2984 praeceptorum,
3091 2932 3208 2969 cum
3235 2925 3380 2969 certe
3424 2915 3557 2968 nihil
3585 2916 3656 2968 de

2099 3006 2469 3058 secretioribus
2501 3020 2677 3060 sermo
2700 3007 3104 3075 deprompserit.
3129 3005 3290 3059 Multa
3323 3005 3465 3058 enim
3493 3019 3656 3072 super

447 3082 677 3150 gentiam
716 3081 889 3149 potius
916 3079 1102 3131 anima:
1130 3078 1439 3142 tribuamus,
1463 3079 1611 3145 cujus
1638 3080 1834 3133 bonum
1860 3096 1998 3134 sem-

2103 3094 2461 3163 amplitudinc,
2492 3095 2576 3148 vel
2625 3095 2913 3149 intervallis
2956 3097 3082 3149 solis
3125 3103 3179 3148 et
3220 3096 3383 3155 lunas,
3416 3095 3657 3162 reperire

447 3185 542 3240 per
567 3176 746 3222 manet
789 3167 1077 3222 immobile.
1108 3167 1258 3232 Quod
1299 3169 1426 3220 site
1467 3167 1684 3221 forsitan
1710 3169 1831 3222 luna
1876 3185 2003 3222 con-

446 3259 638 3320 tristat,
670 3258 865 3311 sensim
891 3257 1129 3325 deposita
1159 3257 1272 3310 luce
1294 3257 1578 3322 deficiens;
1609 3259 1725 3325 plus
1752 3265 1804 3311 te
1831 3259 2004 3311 anima

446 3346 661 3400 debebit
700 3344 933 3412 allicere,
972 3359 1088 3412 quae
1125 3345 1384 3399 honorem
1412 3360 1568 3413 quem
1595 3361 1662 3400 ex
1688 3347 1862 3400 divina
1888 3348 1998 3400 vir-

448 3445 558 3490 tute
585 3436 840 3505 percepit,
870 3435 1062 3488 amittit
1103 3435 1517 3504 intemperantiae
1548 3435 1691 3500 vitio,
1735 3449 2004 3505 nunquam

447 3527 652 3579 firmum
680 3526 1011 3594 propositqu
1051 3537 1287 3595 servans,
1314 3526 1405 3578 sed
1434 3523 1639 3578 assidue
1683 3539 1740 3578 se
1767 3534 2000 3589 vertens,

447 3623 505 3670 ut
531 3623 658 3686 pote
705 3616 863 3670 nullis
889 3617 1200 3670 constantia:
1228 3617 1357 3670 fulta
1383 3617 1662 3684 repagulis.
1699 3626 1720 3654 ο
1749 3615 1826 3669 Re
1865 3617 2005 3670 enim

445 3716 571 3759 vera
598 3704 883 3760 secundum
911 3705 1250 3772 proverbium
1282 3723 1294 3756 :
1337 3705 1462 3758 Siue
1485 3720 1602 3758 voce
1640 3705 1761 3757 luna
1785 3715 2006 3757 mutatur

448 3794 656 3864 (Eccli.,
688 3811 848 3860 xxvu,
875 3793 982 3863 12).
1015 3792 1216 3863 Opinor
1242 3802 1421 3848 autem
1448 3794 1589 3862 quod
1614 3802 1668 3848 et
1695 3795 2006 3849 animalibus

446 3885 707 3950 creandis,
759 3885 1070 3954 exterisque
1117 3885 1359 3940 omnibus
1383 3901 1500 3953 qua:
1549 3895 1691 3940 terra
1743 3887 2004 3955 producit,

447 3992 554 4031 non
598 3992 758 4046 parva
804 3976 1074 4032 confertur
1101 3993 1164 4030 ex
1213 3978 1349 4030 luna:
1394 3978 1686 4032 mutatione
1733 3978 2000 4032 formatio.

449 4065 616 4119 Aliter
641 4081 866 4135 namque
893 4082 1011 4121 cum
1059 4066 1293 4134 perfecta
1320 4075 1435 4132 est,
1485 4075 1540 4120 et
1567 4067 1722 4120 aliter
1749 4082 1868 4120 cum
1916 4067 2008 4120 de-

449 4157 660 4220 crescit,
711 4172 898 4210 corum
945 4171 1171 4224 corpora
1224 4156 1592 4224 disponuntur.
1651 4155 1805 4210 Modo
1857 4157 2000 4210 enim

450 4247 651 4299 laxiora
680 4247 925 4300 videntur
950 4253 1005 4300 et
1032 4261 1195 4300 vacua
1221 4262 1341 4300 cum
1391 4249 1645 4312 senescit,
1675 4248 1836 4301 modo
1864 4249 2002 4301 intc-

449 4349 539 4401 gra
562 4343 616 4389 et
638 4335 838 4403 repleta
857 4351 978 4389 cum
1007 4335 1199 4390 crescit
1222 4353 1233 4386 :
1258 4336 1506 4402 quoniam
1530 4337 1802 4390 humorem
1824 4353 2007 4405 quem-

2102 3185 2297 3254 poterit
2320 3185 2620 3251 cogitando,
2649 3186 2740 3252 qui
2788 3200 2892 3238 non
2922 3185 3182 3238 desidiose
3223 3183 3532 3238 affectiones
3559 3199 3656 3237 eo-

2103 3291 2217 3329 rum
2247 3275 2571 3343 virtutesque
2598 3275 2857 3344 disquirit.
2885 3275 3239 3341 Quamobrem
3257 3283 3473 3344 oportet
3492 3289 3654 3328 accu-

2101 3379 2221 3418 sare
2257 3380 2406 3417 suam
2449 3378 2713 3432 quemque
2748 3364 2924 3432 potius
2953 3363 3366 3417 imbecillitatem
3397 3380 3411 3414 :
3443 3371 3503 3414 ut
3547 3378 3654 3416 non

2103 3451 2542 3520 magnificentiam
2568 3461 2821 3506 creatura:
2846 3452 3023 3505 verbis
3050 3451 3294 3505 humanis
3322 3451 3500 3504 metiri
3526 3467 3653 3519 pos-

2102 3556 2160 3594 se
2184 3541 2447 3594 credatur.
2471 3539 2575 3594 Sed
2595 3556 2661 3593 cx
2681 3542 2860 3609 paucis
2887 3555 3001 3609 quae
3028 3541 3165 3594 dicta
3187 3549 3326 3603 sunt,
3351 3540 3657 3595 considera-

2104 3648 2163 3686 re
2199 3631 2467 3697 convenit,
2503 3641 2700 3700 quanta
2728 3637 2783 3684 et
2825 3632 2999 3700 qualia
3027 3632 3131 3684 sint
3157 3631 3245 3683 illa
3270 3640 3293 3666 ο
3321 3645 3438 3697 qua:
3459 3639 3652 3698 praete-

2105 3723 2340 3774 rivimus.
2373 3719 2484 3774 Non
2535 3735 2662 3787 ergo
2708 3721 2838 3773 velis
2867 3720 3032 3774 oculis
3079 3719 3288 3782 lunam,
3321 3719 3414 3772 sed
3439 3719 3657 3773 ratione

2103 3811 2277 3879 potius
2300 3810 2583 3876 aestimare,
2605 3824 2721 3877 quae
2757 3809 2980 3862 validius
2998 3823 3158 3876 quam
3187 3816 3450 3875 aspectus,
3478 3809 3546 3859 ad
3574 3807 3656 3860 in-

2101 3900 2409 3954 ventionem
2451 3898 2594 3950 valet
2642 3897 2876 3952 veritatis
2921 3898 3197 3952 accedere.
3229 3897 3440 3950 Fabula
3497 3897 3658 3965 igitur

2104 3988 2290 4048 aniles,
2323 3995 2480 4056 atque
2529 3987 2754 4041 risibiles
2788 3988 2985 4054 ubique
3036 3986 3452 4055 percrebuerunt
3485 4004 3496 4036 :
3530 3986 3656 4053 quia

2107 4079 2321 4145 magicis
2349 4078 2670 4132 carminibus
2697 4077 2820 4131 luna
2846 4078 3060 4132 sedibus
3088 4085 3306 4131 evocata
3330 4077 3396 4130 de
3424 4078 3657 4145 pr0priis

2107 4167 2392 4222 deducatur
2417 4167 2480 4220 ad
2507 4175 2719 4220 terram.
2752 4165 2928 4221 Primo
2953 4166 3161 4234 quidem
3189 4165 3458 4233 quomodo
3481 4173 3658 4233 potest

2105 4256 2156 4307 vi
2193 4263 2439 4308 cantuum
2478 4256 2810 4322 submoveri,
2836 4264 2996 4335 quam
3026 4256 3138 4324 ipse
3185 4254 3412 4307 ﬁrmavit
3458 4255 3653 4307 altissi-

2107 4346 2256 4397 mus?
2283 4345 2480 4399 Deinde
2507 4345 2625 4413 quis
2664 4361 2781 4399 eam
2817 4345 2966 4399 locus
3005 4345 3300 4413 susciperet
3325 4343 3651 4398 descenden—

451 4427 571 4476 ἀτη]
603 4439 722 4478 cum
749 4425 924 4478 calore
951 4425 1288 4493 permixtum,
1321 4425 1538 4479 interius
1567 4427 1648 4480 his
1676 4427 1900 4481 latenter
1928 4430 2000 4482 in-
2034 4447 2082 4504 ι)
2110 4435 2245 4487 tem?
2274 4433 2363 4488 Vis
2392 4441 2567 4486 tamen
2595 4449 2661 4487 ex
2687 4435 2864 4502 parvis
2891 4433 3094 4487 indiciis
3128 4433 3502 4500 magnitudinis
3530 4431 3645 4498 ejus

451 4517 638 4568 fundit.
686 4515 837 4581 Quod
882 4517 954 4570 ita
983 4531 1098 4569 esse
1143 4515 1508 4600 demonstrant
1535 4517 1571 4569 ii
1621 4517 1709 4583 qui
1755 4518 1852 4570 sub
1876 4519 1996 4574 divo

519 4721 543 4748 ι
573 4710 791 4788 Antiqui
815 4711 920 4766 duo
939 4709 1058 4764 libri
1085 4715 1144 4788 et
1165 4708 1312 4788 editi,
1343 4724 1432 4761 nec
1451 4707 1649 4788 quidem
1674 4712 1997 4788 perﬂeclaht'if

448 4783 592 4834 detur
614 4783 668 4832 in
690 4777 854 4848 globo,
885 4796 976 4833 nec
1020 4778 1342 4848 semiplena;
1370 4777 1510 4848 quod
1539 4793 1568 4829 a
1600 4777 1823 4848 librariis
1855 4781 1992 4832 aliud

448 4847 800 4917 cogitantibus
844 4849 1095 4917 scriptum
1121 4847 1390 4917 oportuit;
1447 4847 1694 4917 alioquin
1719 4849 1859 4900 enim
1889 4865 1994 4902 non

448 4915 556 4972 tam
602 4917 824 4971 absurda
852 4916 1201 4984 scripsissent.
1233 4915 1300 4967 At
1325 4927 1468 4969 recte
1506 4915 1557 4968 in
1585 4915 1734 4968 Colb.
1765 4918 1994 4970 secundo

450 4990 519 5040 ita
553 4986 762 5053 legitur,
788 5003 919 5039 nunc
941 4985 1204 5056 quidem...
1225 5000 1357 5037 nunc
1382 4985 1674 5052 semiplena.
1706 4984 1762 5038 ln
1791 4985 1991 5051 Gmco,

447 5077 820 5177 vi):
844 5056 956 5177 €161.10
1008 5137 1160 5192 mss.,
1205 5122 1553 5192 diurnumque,
1606 5131 1895 5192 corrupte:
1928 5123 1996 5177 At

448 5192 726 5276 emendate
745 5192 932 5259 legitur
949 5192 1003 5245 in
1029 5191 1178 5245 Colb.
1204 5191 1459 5256 secundo,
1478 5191 1838 5263 diutinumque.
1861 5191 1999 5246 Gne-

454 5277 536 5322 ce,
570 5283 786 5322 μονιμον.

524 5341 544 5367 ε
569 5329 659 5384 Illa
681 5329 956 5392 Eustathii,
982 5329 1056 5382 Re
1076 5331 1210 5382 enim
1235 5346 1350 5383 uera
1369 5329 1640 5382 secundum
1659 5330 1996 5397 proverbium,

451 5397 578 5468 Sine
620 5415 736 5453 voce
781 5399 901 5452 luna
929 5407 1168 5462 mutatur,
1219 5398 1542 5468 respondent
1569 5398 1669 5451 illis
1692 5399 1886 5462 Basilii,
1917 5408 1998 5468 Τῷ

453 5465 556 5541 ᾇντι
599 5469 715 5540 γὰρ,
746 5472 874 5541 itaret
899 5472 954 5523 τὸ
985 5465 1363 5541 ⁸εἰιωπλμιὲνονρ-ῖο
1392 5466 1559 5539 ἄφρων
1589 5473 1663 5541 ὡς
1704 5469 1877 5541 σελήνη
1905 5465 1996 5541 ἀλβ-

450 5536 706 5602 ὶοιοῦἑαίί
756 5537 880 5592 Vere
915 5536 1193 5599 enint','ut
1242 5536 1572 5598 dictumi'est,
1625 5536 1823 5590 Stultus
1873 5540 2001 5589 sicut

453 5608 572 5660 luna
624 5616 844 5660 mutatur
887 5605 1113 5666 lEccli.,
1169 5620 1328 5664 xxv".
1361 5604 1426 5656 12
1455 5606 1490 5666 ).
1543 5607 1882 5660 Rcvez'tamur
1935 5607 2000 5661 ad

2101 4523 2338 4592 accipere
2361 4521 2756 4577 documentum.
2786 4521 3040 4577 Civitates
3085 4524 3242 4591 igitur
3265 4537 3396 4591 qua:
3432 4522 3490 4576 in
3517 4522 3645 4576 orbe

2097 4714 2451 4786 proverbium
2483 4713 2742 4786 Eustathii
2773 4755 2790 4780 ,
2834 4718 2986 4786 quod
3041 4719 3085 4771 si
3146 4720 3514 4784 cognovissent
3562 4719 3658 4786 qui

2095 4784 2219 4855 olim
2249 4784 2530 4855 proverbia
2556 4785 2711 4855 simul
2761 4785 3054 4853 colligenda
3100 4787 3198 4839 sibi
3243 4784 3656 4855 proposuerant,

2098 4851 2149 4904 id
2196 4866 2406 4919 quoque
2447 4853 2564 4905 aliis
2601 4853 2795 4906 addere
2835 4851 2941 4908 non
2989 4851 3306 4909 omisissent.
3345 4851 3499 4909 'Puto
3553 4871 3656 4909 au-

2099 4929 2232 4990 tem,
2261 4936 2462 4990 novum,
2496 4921 2634 4990 illud
2677 4925 3014 4990 proverbium
3069 4924 3190 4977 inde
3249 4923 3442 4978 factum
3493 4939 3613 4978 esse
3640 4967 3658 4983 .

2098 4989 2237 5064 quod
2270 4988 2572 5064 Eustathius
2602 4988 2881 5064 prompt,»
2917 4993 3101 5059 legerit
3129 4991 3364 5064 ἆφωγρίέ
3396 5007 3498 5064 qua
3521 4992 3659 5046 falsa

2098 5059 2360 5130 scriptura
2408 5060 2496 5130 ubi
2548 5060 2712 5112 semel
2757 5059 3012 5130 deceptus
3065 5059 3181 5126 est,
3205 5061 3334 5114 nihil
3382 5061 3574 5114 mirum
3614 5065 3659 5115 si

2098 5127 2304 5198 quidvis
2331 5128 2506 5198 potius
2535 5131 2873 5198 expresserit,
2892 5127 3062 5196 quam
3091 5130 3231 5197 quod
3260 5131 3513 5198 oportuit.

2175 5194 2415 5267 QTotum
2446 5196 2697 5267 illudque!
2728 5200 2877 5252 etiam
2898 5194 3230 5267 reciprocatio
3271 5194 3517 5267 Syrtium,
3550 5215 3668 5267 φατ’

2100 5266 2276 5317 vicina:
2305 5265 2551 5336 habentur
2581 5261 2800 5336 0cea_no,
2842 5261 3012 5336 quam'
3031 5267 3208 5336 inepte
3234 5261 3540 5336 expressum
3563 5261 3666 5331 'sit,

2101 5347 2421 5399 cognoscere
2461 5335 2583 5387 licet
2605 5348 2673 5387 ex
2700 5333 2894 5389 Basilio
2922 5333 3136 5390 homilia
3161 5334 3215 5400 6,
3244 5333 3388 5389 num.
3420 5335 3479 5386 ll
3502 5375 3517 5400 ,
3551 5351 3665 5390 non

2103 5402 2258 5468 longe
2287 5404 2351 5455 ab
2374 5403 2544 5456 initio.

2177 5481 2200 5551 ἦ
2229 5470 2383 5551 βὰἰιὶ,
2408 5474 2878 5555 (ἔειφηρνωεςηξῃυιε.
2896 5472 3052 5553 .Colb.
3085 5472 3366 5555 secundus,
3396 5488 3666 5555 (μιτρηφ-

2105 5541 2377 5612 terivimus.
2427 5541 2613 5612 Statim
2645 5543 2788 5612 editi,
2828 5544 2987 5606 primo
3033 5542 3165 5610 quod
3203 5541 3472 5612 quomodo.
3503 5541 3642 5597 C'olb

2103 5609 2378 5672 secundus,
2408 5611 2568 5674 prima
2603 5611 2798 5677 quidem
2827 5609 3092 5678 quomodo.
