3824 6214
374 260 481 323 959

1327 260 1671 317 APPENDIX
1711 261 1996 319 OPERUM
2039 264 2096 319 S.
2138 262 2385 319 BASILII
2423 260 2662 319 MAGNI.

3539 279 3647 337 940

396 405 516 459 qua:
542 390 748 444 catulos'
783 389 1011 458 pariunt,
1045 385 1096 440 id
1126 394 1223 451 est,
1255 386 1447 440 vitulos
1474 387 1726 452 marinos,
1757 392 1812 438 et
1834 391 1945 438 tor-
1974 387 2020 445 Α
2047 389 2331 458 sunt,‘quae
2359 387 2544 440 solatia
2575 384 2742 438 (ἔκηε)
2771 385 3064 439 nominant.
3095 382 3198 438 Sed
3227 392 3280 438 et
3311 385 3615 442 belluarum

393 477 634 548 pedincs,
666 488 720 532 ct
741 478 1036 544 delphinos,
1067 484 1120 530 et
1141 477 1224 528 his
1253 475 1463 539 similia,
1489 477 1599 529 sive
1636 473 1824 528 oviﬁca
1852 489 1949 527 no-

391 567 696 630 minaveris,
725 567 902 634 qualia
935 575 1059 619 sunt
1085 565 1260 619 omnia
1289 579 1428 632 pene
1471 579 1664 632 genera
1699 565 1944 634 piscium.

392 653 460 708 Et
481 671 582 708 vox
602 653 812 722 quidem
834 655 1203 722 praeceptionis
1226 654 1415 718 exigua
1445 661 1547 718 est,
1571 653 1676 706 imo
1698 667 1802 706 non
1820 668 1946 718 vox,

387 738 482 792 sed
502 737 683 807 potius
700 746 1032 792 momentum
1051 737 1222 792 solum
1237 746 1292 792 et
1309 737 1544 808 impetus
1556 736 1867 792 voluntatis:
1888 737 1968 790 in-

393 830 638 886 tellectus
657 829 822 900 739
835 845 963 885 vero
981 831 1095 898 ejus
1112 840 1216 883 tam
1237 830 1512 899 multiplex
1535 830 1786 893 habetur,
1805 844 1968 896 quam

389 922 502 992 ipsa
529 923 753 991 piscium
782 922 920 975 inter
945 935 1003 976 se
1028 930 1202 990 potest
1219 937 1338 976 esse
1357 922 1626 976 discretio.
1651 920 1800 986 Quos
1826 937 1947 976 om-

389 1026 486 1067 nes
512 1012 686 1066 verbis
711 1011 920 1080 assequi
949 1027 1054 1066 non
1084 1013 1257 1064 minus
1283 1027 1564 1081 Operosum
1589 1021 1686 1075 est,
1719 1027 1878 1079 quam
1903 1013 1949 1066 si

389 1100 648 1155 undarum
668 1115 946 1154 numerum
974 1100 1251 1168 designare
1271 1101 1480 1154 coneris
1499 1118 1510 1152 :
1529 1101 1609 1154 vel
1628 1110 1652 1136 α
1679 1108 1809 1168 quot
1831 1115 1949 1154 am-

389 1192 585 1260 phoras
612 1190 808 1244 habeat
833 1191 1052 1259 pelagus
1071 1190 1355 1258 explicare.
1379 1189 1608 1259 Ejiciant
1631 1207 1775 1260 aqum
1802 1193 1952 1260 repti-

391 1279 454 1332 le.
475 1279 534 1333 In
562 1279 645 1332 his
674 1286 797 1332 sunt
819 1280 1070 1347 :equorei,
1103 1280 1320 1342 littorei,
1353 1281 1586 1346 altivagi,
1613 1282 1804 1349 petrei,
1832 1295 1952 1348 gre-

390 1368 555 1433 gales,
588 1368 825 1429 belluini,
859 1368 1116 1421 immanes
1162 1368 1454 1436 minutique
1507 1372 1698 1438 pisces,
1729 1371 1826 1424 sub
1862 1386 1952 1424 ea-

395 1457 622 1526 demque
648 1459 845 1511 virtute
871 1459 1140 1526 pnecepti,
1164 1466 1272 1510 tam
1299 1459 1536 1522 maximi,
1564 1475 1721 1528 quam
1750 1460 1952 1514 minimi

391 1547 747 1600 continentur.
777 1546 960 1616 Itaque
987 1561 1108 1600 cum
1135 1546 1352 1610 diceret,
1393 1546 1623 1618 Ejiciant
1648 1565 1794 1619 aqua:
1820 1565 1837 1601 :
1862 1550 1955 1604 de-

392 1636 706 1688 monstravit
727 1643 924 1704 quanta
954 1636 1024 1689 sit
1050 1634 1075 1671 b
1106 1635 1404 1688 natantium
1443 1651 1563 1689 cum
1592 1651 1728 1705 aqua
1753 1650 1952 1703 cogna-

2049 490 2172 543 pars
2199 477 2452 540 maxima,
2484 482 2540 528 et
2572 475 2828 542 delphini,
2855 483 2910 527 et
2933 475 3118 543 phocae
3145 475 3349 529 catulos
3375 484 3615 544 pariunt,

2049 580 2165 633 quae
2188 565 2329 618 fetus
2356 579 2482 619 suos
2509 572 2751 618 recenter
2777 563 2969 628 editos,
3006 579 3126 618 cum
3154 579 3219 618 ex
3248 565 3424 632 aliqua
3454 580 3614 621 causa

2048 653 2219 706 territi
2247 654 2462 721 fuerint,
2487 653 2661 707 denuo
2688 653 2964 720 sublapsos
2991 654 3042 706 in
3072 661 3301 720 uterum,
3332 663 3616 722 protegere

2050 756 2112 796 ac
2141 740 2318 795 fovere
2346 752 2648 795 narrantur.
2682 740 2912 812 Ejiciant
2938 759 3084 812 aqua:
3107 743 3311 810 reptilia
3338 744 3615 796 secundum

2051 847 2226 900 genus.
2258 831 2413 884 Aliud
2440 843 2605 896 genus
2640 839 2721 884 est
2749 831 3076 896 immanium,
3113 840 3168 884 et
3203 831 3345 884 aliud
3383 833 3616 886 minuto-

2049 935 2164 971 rum
2194 920 2436 986 piscium.
2466 918 2595 971 ltem
2619 919 2671 970 in
2700 919 2782 972 his
2809 919 2938 986 ipsis
2964 919 3143 972 multa:
3167 919 3493 982 dillercntize,
3519 936 3616 988 pro

2049 1009 2257 1073 generis
2283 1008 2535 1074 qualitate
2563 1007 2743 1061 divisa:
2762 1017 2904 1074 sunt,
2927 1009 3116 1076 quibus
3135 1017 3189 1062 et
3207 1010 3472 1062 vocabula
3496 1027 3615 1077 pr0~

2049 1098 2161 1166 pria
2190 1105 2332 1161 sunt,
2363 1107 2420 1152 et
2464 1098 2717 1152 alimenta
2757 1099 3004 1164 discreta,
3029 1108 3086 1154 et
3108 1101 3421 1166 magnitudo
3451 1115 3617 1153 mem-

2048 1188 2264 1240 brorum
2293 1187 2489 1256 dispar,
2511 1195 2566 1241 et
2590 1187 2801 1242 diversa
2824 1190 2963 1242 inter
2987 1204 3046 1244 se
3071 1192 3249 1258 specie
3275 1198 3616 1259 separantur.

2050 1273 2177 1340 Quis
2203 1276 2362 1342 igitur
2387 1283 2667 1345 tynnorum
2693 1278 2994 1346 speculator
3020 1286 3308 1343 tantorum,
3337 1281 3493 1334 nobis
3517 1297 3618 1350 po:

2052 1365 2175 1418 terit
2201 1365 2466 1433 explicare
2493 1366 2817 1429 distantiam,
2851 1382 3170 1435 quamquam
3197 1383 3291 1422 eos
3316 1367 3341 1405 ἀ
3374 1378 3616 1427 asserum

2051 1456 2350 1524 conspectis
2377 1458 2600 1525 piscium
2639 1458 2881 1510 maximis
2906 1459 3151 1525 gregibus
3181 1475 3288 1513 non
3316 1461 3494 1514 solum
3525 1474 3618 1527 ge-

2053 1558 2168 1607 nus,
2196 1543 2290 1596 sed
2332 1546 2492 1597 etiam
2522 1560 2799 1598 numerum
2829 1561 2984 1614 posse
3010 1548 3253 1614 signare?
3279 1549 3410 1613 Quis
3439 1559 3617 1605 autem

2055 1634 2207 1687 nobis
2231 1649 2415 1688 eorum
2445 1635 2728 1702 artiﬁcum,
2759 1637 2851 1703 qui
2892 1638 2949 1690 in
2985 1637 3250 1692 littoribus
3292 1640 3616 1709 habitantes,

395 1723 491 1776 tio.
522 1723 759 1791 Denique
795 1725 840 1777 si
892 1723 1162 1792 paulisper
1195 1723 1262 1777 ad
1303 1731 1498 1778 terram
1539 1724 1734 1778 fuerint
1777 1726 1952 1779 educti
1989 1727 2028 1784 Β
2055 1731 2110 1775 et
2137 1723 2187 1775 in
2216 1723 2432 1777 marinis
2459 1723 2764 1778 diversoriis
2793 1734 3152 1793 senescentes,
3185 1729 3427 1781 notitiam
3458 1728 3617 1798 subti-

393 1812 684 1867 deliciunt:
729 1827 902 1881 neque
929 1813 1067 1868 enim
1097 1813 1331 1882 suppetit
1376 1813 1478 1868 illis
1520 1814 1805 1882 spiramen,
1847 1828 1953 1882 quo

395 1906 598 1974 possint
625 1919 782 1958 auras
807 1904 995 1959 vitales
1021 1919 1228 1973 capere.
1256 1904 1388 1957 Nam
1425 1905 1562 1959 sicut
1583 1906 1806 1959 terrenis
1833 1907 1950 1959 ani-

395 1993 661 2048 mantibus
705 1994 860 2047 datus
887 2007 979 2048 aer
1005 2001 1088 2048 est
1106 2035 1122 2061 ,
1151 1995 1229 2048 sic
1253 1993 1484 2063 piscibus
1512 2007 1667 2061 aqua.
1711 1992 1775 2046 Et
1819 1995 1955 2047 ratio

396 2082 677 2136 manifesta
721 2091 824 2148 est,
866 2083 991 2150 quia
1021 2084 1174 2137 nobis
1199 2083 1446 2137 videlicet
1471 2082 1680 2151 adjacet
1722 2097 1874 2136 rarus
1902 2092 1956 2136 et

396 2173 606 2242 patulus
629 2173 828 2242 pulmo,
853 2174 944 2243 qui
971 2188 1068 2242 per
1093 2173 1486 2228 distinctionem
1515 2173 1747 2242 pectoris
1775 2188 1954 2227 aerem

398 2262 636 2326 trahens,
654 2262 960 2316 interiorem
979 2262 1211 2317 calorem
1229 2261 1533 2316 ventilando
1555 2270 1952 2330 contemperat:

397 2351 503 2406 illis
530 2359 706 2405 autem
749 2351 981 2406 faucium
1024 2352 1334 2421 interseptio
1361 2353 1766 2420 complicabilis,
1799 2353 1958 2407 modo

398 2441 711 2510 suscipiens,
743 2441 904 2496 modo
946 2439 1243 2495 diffundens
1289 2455 1498 2508 aquam,
1527 2442 1819 2510 respirandi
1855 2456 1952 2495 ex-

397 2531 511 2600 plet
530 2529 778 2585 oflicium.
801 2529 898 2584 Est
921 2530 1078 2584 etiam
1099 2530 1315 2600 propria
1335 2545 1451 2585 sors
1473 2531 1703 2600 piscibus
1721 2532 1958 2600 propria-

398 2633 504 2686 quc
531 2626 742 2684 natura,
767 2627 821 2674 et
846 2618 996 2674 cibus
1017 2619 1279 2683 dill'erens,
1311 2629 1563 2690 certaque
1591 2622 1796 2677 viv‘endi
1827 2637 1930 2678 con

400 2704 554 2766 ditio.
600 2708 888 2780 Propterea
916 2711 1045 2764 nihil
1094 2711 1161 2766 de
1206 2713 1436 2780 aquariis
1463 2715 1816 2779 mansuescit,
1859 2729 1958 2770 nec

396 2801 598 2873 patitur
623 2801 892 2855 hominum
921 2815 980 2856 se
1008 2801 1248 2856 manibus
1270 2805 1610 2858 contrectari.

466 2889 518 2943 2.
551 2887 778 2962 Ejiciant
798 2907 941 2962 aqua:
963 2892 1163 2960 reptilia
1181 2892 1468 2945 animarum
1487 2894 1730 2948 vivarum.
1763 2893 1960 2950 Unius-

395 2979 652 3049 cujusque
677 2981 888 3047 generis
916 2981 1191 3049 originem,
1224 2997 1364 3037 nunc
1391 2983 1535 3037 velut
1566 2985 1833 3052 quoddam
1867 3001 1955 3040 se-

2055 1811 2174 1864 liter
2197 1812 2390 1865 valebit
2411 1813 2711 1880 patefacere
2732 1815 3097 1882 singulorum?
3118 1817 3263 1871 Alios
3283 1819 3425 1872 enim
3449 1820 3619 1888 pisces

2056 1909 2319 1954 noverunt
2363 1903 2415 1955 hi
2461 1905 2551 1970 qui
2600 1904 2652 1956 in
2698 1919 2845 1957 mare
2887 1907 3519 1973 piscanturelndiacum,
3569 1919 3622 1962 et

2054 1990 2188 2044 alios
2214 1991 2306 2058 qui
2345 1992 2562 2060 pelagus
2598 1994 2857 2047 rimantur
2900 1993 3227 2065 Egyptium.
3267 1997 3414 2052 Alios
3460 1999 3624 2055 etiam

2053 2079 2227 2132 sciunt
2266 2079 2552 2134 insularum
2592 2083 2814 2136 incolae:
2846 2091 2900 2137 et
2929 2085 3061 2138 alios
3096 2085 3346 2139 Maurusii
3383 2088 3625 2156 piscato-

2055 2183 2158 2222 res.
2189 2167 2293 2222 Sed
2317 2185 2522 2224 omnes
2563 2179 2669 2224 tam
2699 2179 2905 2240 tenues,
2934 2189 3092 2244 quam
3121 2175 3351 2242 majores
3378 2177 3624 2232 similiter

2054 2261 2224 2327 prima
2260 2263 2561 2328 praiceptio,
2603 2269 2662 2316 et
2702 2262 2976 2318 ineﬂ‘abilis
3017 2266 3182 2320 virtus
3218 2267 3305 2319 illa
3347 2269 3622 2336 produxit.

2057 2345 2244 2414 Magna
2272 2356 2352 2402 est
2374 2349 2476 2404 illis
2503 2351 2708 2405 vivendi
2734 2352 3031 2420 diversitas,
3065 2356 3224 2409 nimia
3250 2357 3408 2410 etiam
3439 2358 3493 2411 in
3530 2374 3623 2412 cu-

2049 2436 2242 2506 jusque
2266 2441 2473 2505 generis
2511 2441 2848 2496 successione
2892 2441 3162 2498 discretio.
3209 2444 3355 2498 Multi
3395 2447 3622 2515 piscium

2055 2541 2161 2581 non
2191 2527 2443 2582 incubant
2481 2529 2591 2583 suis
2627 2531 2759 2596 ovis,
2801 2532 2940 2587 sicut
2978 2548 3125 2601 aves,
3156 2549 3255 2588 nec
3281 2535 3434 2589 nidos
3457 2535 3622 2589 πάὶῶ

2055 2626 2198 2683 cant,
2231 2633 2331 2673 nec
2358 2635 2479 2674 cum
2510 2620 2690 2674 labore
2718 2623 2964 2690 proprios
2992 2632 3147 2677 natos
3181 2624 3458 2678 enutriunt
3484 2642 3497 2675 :
3529 2625 3624 2680 sed

2055 2723 2193 2778 aqua
2238 2710 2533 2779 suscipiens
2577 2726 2754 2776 ovum,
2805 2709 2930 2767 facit
2974 2713 3192 2780 animal,
3239 2722 3527 2782 manetque
3571 2715 3624 2770 in

2053 2799 2272 2867 singulis
2298 2800 2577 2868 generibus
2600 2801 2940 2856 immutabilis
2966 2802 3032 2856 ad
3060 2803 3216 2856 aliam
3248 2812 3512 2871 naturam,
3537 2805 3625 2857 in-

2053 2889 2379 2958 confusaque
2423 2891 2730 2958 progenies,
2771 2906 2834 2946 ac
2871 2907 2978 2947 non
3018 2894 3155 2948 sicut
3193 2893 3463 2947 mulorum
3511 2904 3625 2948 ter-

2053 2981 2318 3048 restrium,
2347 2981 2432 3034 vel
2459 2981 2644 3034 alitum
2671 2979 2689 3017 ί
2712 2981 3109 3036 manifestarum
3143 2983 3380 3052 stirpem,
3414 2983 3625 3037 adulte-

395 3085 538 3135 men,
571 3070 820 3140 praecepit
845 3070 1016 3134 educi.
1047 3086 1170 3124 nam
1197 3073 1588 3129 multitudinem
1618 3077 1956 3144 postmodum
1983 3068 2028 3131 C
2057 3072 2172 3126 rina
2216 3073 2507 3141 corrumpit
2549 3071 2822 3127 admixtio.
2873 3072 3056 3128 Nullus
3093 3073 3336 3142 piscium,
3369 3088 3439 3126 ex
3467 3083 3630 3142 parte

395 3161 628 3216 servavit
654 3161 706 3215 in
728 3161 930 3227 sobole,
959 3162 1170 3231 quando
1199 3178 1292 3218 eos
1326 3179 1565 3220 crescere
1592 3167 1957 3236 multiplicari-

395 3267 499 3320 que
545 3265 760 3306 necesse
806 3259 906 3306 est.
953 3251 1139 3322 Itaque
1181 3254 1399 3309 alterius
1444 3257 1656 3322 generis
1698 3268 1843 3326 sunt,
1868 3262 1958 3330 qui

393 3341 667 3396 testicutes
713 3342 1078 3407 nominantur,
1126 3343 1262 3404 sicut
1303 3346 1552 3410 concha},
1597 3349 1864 3416 pectines,
1906 3358 1961 3405 et

393 3431 628 3485 cochleae
654 3432 886 3494 marium,
919 3447 982 3485 ac
1007 3432 1335 3486 diversorum
1364 3442 1661 3488 ostreorum
1690 3437 1876 3504 millia,
1906 3447 1960 3492 et

393 3521 613 3574 alterius
635 3535 697 3575 ea
723 3536 840 3589 qua:
867 3522 1166 3577 mollitestia
1193 3523 1549 3588 nominantur,
1581 3524 1636 3578 id
1665 3534 1748 3580 est
1771 3528 1957 3593 astaci,

391 3611 609 3677 cercini,
640 3619 693 3665 et
725 3613 806 3665 his
834 3613 1092 3680 proxima.
1125 3613 1276 3667 Aliud
1305 3629 1516 3683 quoque
1544 3629 1710 3682 genus
1737 3626 1818 3671 est
1844 3619 1960 3672 illo-

390 3712 510 3754 rum
547 3714 662 3769 qua:
701 3699 883 3754 Grtece
922 3702 1142 3755 malacia
1183 3703 1503 3767 vocitantur,
1534 3705 1587 3757 id
1623 3712 1705 3760 est
1733 3721 1956 3773 quorum

391 3804 518 3844 caro
546 3791 777 3845 tenerior
806 3791 1031 3845 habetur
1058 3799 1111 3846 et
1140 3791 1327 3857 laxior,
1373 3794 1513 3847 sicut
1551 3803 1674 3848 sunt
1717 3796 1877 3864 sepia:
1904 3804 1959 3849 et

393 3879 704 3949 polypodes,
736 3887 790 3932 et
815 3878 898 3933 his
926 3880 1135 3932 similia.
1168 3880 1224 3933 in
1254 3881 1336 3934 his
1363 3882 1553 3936 iterum
1583 3897 1771 3952 magna
1808 3883 1958 3938 diffe-

392 3969 562 4021 rentia
591 3976 691 4022 est.
721 3969 988 4022 Dracones
1016 3971 1156 4022 enim
1199 3977 1253 4023 et
1292 3986 1568 4038 murteum,
1599 3980 1654 4026 et
1690 3974 1950 4041 anguillae,

390 4073 508 4127 qua:
533 4060 585 4112 in
605 4061 832 4114 coenosis
857 4059 1028 4114 ﬂuviis
1055 4060 1439 4130 paludibusque
1462 4072 1766 4127 nascuntur,
1791 4079 1954 4119 vene-

389 4150 536 4203 nosis
559 4151 735 4219 potius
761 4152 1115 4220 serpentibus,
1147 4166 1306 4219 quam
1345 4154 1577 4220 piscibus
1618 4170 1716 4223 pro
1753 4164 1955 4211 natura:

389 4241 732 4296 similitudine
755 4243 1088 4310 copulantur.
1113 4242 1266 4295 Aliud
1297 4243 1457 4297 etiam
1483 4259 1650 4314 genus
1675 4254 1773 4312 est,
1804 4249 1954 4302 ovili-

390 4344 572 4383 corum
598 4349 610 4382 :
641 4338 696 4384 et
723 4331 864 4383 aliud
893 4341 913 4368 ο
946 4330 1382 4396 catuligcnoruin.
1427 4331 1575 4387 Facit
1600 4343 1775 4388 autem
1803 4346 1952 4390 catu-

2055 3163 2288 3229 dimidia,
2322 3162 2570 3218 dentibus
2609 3172 2692 3218 est
2737 3172 2990 3229 armatus,
3032 3163 3169 3218 sicut
3213 3179 3339 3217 oves
3378 3163 3629 3218 videmus

2056 3266 2174 3306 esse
2195 3259 2248 3305 et
2273 3252 2454 3316 boves,
2479 3267 2578 3307 nec
2605 3253 2835 3306 ruminat
2861 3253 3137 3320 quisquam
3171 3252 3395 3322 piscium
3425 3262 3630 3322 praeter

2055 3355 2286 3409 scarum,
2314 3349 2372 3395 ut
2397 3341 2612 3410 quidam
2640 3340 2990 3395 tradiderunt.
3039 3341 3226 3396 Cuncti
3272 3355 3399 3395 vero
3446 3342 3630 3410 pisces

2056 3431 2358 3487 acutissima
2386 3431 2622 3485 dentium
2651 3431 2767 3486 acie
2793 3431 3186 3485 condensantur
3210 3449 3223 3483 :
3256 3439 3316 3484 ut
3343 3446 3454 3484 non
3497 3445 3626 3484 esca

2056 3520 2252 3574 diutius
2278 3535 2372 3575 ore
2399 3521 2616 3575 subacta
2643 3520 2925 3584 dilllueret,
2954 3535 3072 3588 qua:
3105 3521 3207 3573 nisi
3242 3519 3509 3588 discerpta
3539 3535 3627 3573 ce-

2055 3608 2238 3663 leriter
2263 3617 2414 3664 utero
2437 3611 2752 3675 traderetur,
2775 3609 2927 3666 facile
2954 3611 3248 3674 immutata,
3278 3619 3628 3678 spargeretur

2057 3714 2086 3752 a
2117 3698 2382 3754 ﬂuctibus.

2127 3789 2180 3843 5.
2222 3789 2403 3845 Victus
2427 3805 2555 3844 vero
2583 3790 2716 3844 alius
2747 3790 2862 3844 aliis
2887 3789 3174 3844 secundum
3211 3803 3375 3857 genus
3404 3797 3624 3858 aptatus

2057 3888 2156 3935 est.
2206 3879 2336 3933 Nam
2383 3881 2516 3934 certi
2559 3880 2686 3934 limo
2726 3881 2972 3934 aluntur:
3005 3881 3242 3934 nonnulli
3283 3880 3463 3934 herbis
3499 3895 3623 3948 qua

2057 3981 2345 4026 nascuntur
2372 3972 2426 4026 in
2456 3987 2610 4040 aqua,
2641 3972 2876 4026 contenti
2904 3980 3047 4038 sunt,
3076 3971 3288 4040 plurimi
3317 3980 3497 4025 autem
3527 3972 3623 4026 de-

2056 4061 2333 4114 voratioue
2359 4061 2617 4113 satiantur
2636 4059 2856 4125 alterna,
2884 4075 3195 4130 semperque
3223 4061 3310 4128 qui
3332 4061 3510 4113 minor
3537 4068 3620 4114 est

2057 4151 2197 4220 apud
2225 4166 2340 4217 eos,
2371 4151 2558 4219 majori
2589 4149 2646 4203 fit
2673 4151 2840 4204 cibus.
2883 4150 2949 4204 Et
2988 4153 3034 4206 si
3077 4151 3288 4219 quando
3333 4152 3617 4217 contigerit

2056 4258 2177 4298 eum
2200 4243 2289 4309 qui
2317 4243 2573 4294 minorem
2601 4251 2834 4309 ceperat,
2866 4257 3045 4295 morsu
3073 4240 3342 4294 validioris
3369 4239 3576 4293 absumi
3604 4257 3617 4292 :

2058 4334 2110 4387 in
2133 4347 2294 4387 unum
2322 4340 2542 4397 uterque
2581 4329 2758 4383 alvum
2805 4330 3114 4399 posterioris
3157 4329 3407 4396 injicitur.
3453 4327 3618 4391 Quasi

390 4418 470 4475 los
497 4419 763 4477 mustella,
796 4428 850 4472 et
877 4419 1087 4478 asellus,
1119 4428 1172 4472 et
1201 4420 1378 4473 omnia
1407 4435 1523 4488 quae
1567 4422 1681 4476 sine
1719 4426 1954 4492 squamis
1983 4418 2032 4476 D
2056 4438 2184 4479 vero
2205 4437 2302 4480 nos
2330 4420 2572 4474 homines
2601 4419 2741 4474 aliud
2769 4419 2894 4474 auid
2918 4432 3135 4480 agamus
3185 4419 3308 4473 dum
3338 4416 3617 4470 inferiores

389 4657 587 4712 librarii
613 4659 853 4712 voculam
882 4661 956 4713 vel
986 4667 1111 4712 tunc
1141 4658 1332 4710 addere
1360 4657 1564 4723 solent,
1595 4658 1840 4710 creatoris
1869 4660 1943 4710 vel

387 4738 634 4780 creatura:
669 4745 687 4780 :
712 4729 846 4781 unde
873 4728 1132 4795 suspicari
1156 4727 1295 4789 licet,
1321 4727 1565 4779 voculam
1596 4727 1669 4778 vel
1703 4727 1803 4780 hoc
1827 4728 1942 4780 loco

387 4813 416 4846 ει
449 4797 789 4865 typographis
815 4799 1062 4865 omissam
1103 4795 1645 4865 fuisse.AColbertinus
1693 4805 1936 4862 uterque,

389 4863 636 4932 praecepto
675 4863 943 4918 creatoris.
997 4864 1158 4918 Vetus
1207 4863 1377 4919 codex
1433 4873 1632 4933 noster.
1685 4874 1936 4933 praecepto

390 4931 655 4986 creatartc.
688 4933 753 4985 Et
797 4936 869 4986 ita
910 4933 1242 4986 Eustathium
1272 4941 1515 5001 putamus
1546 4931 1728 4986 Latine
1757 4934 1932 4986 reddi-

388 5003 540 5076 disse
722 5003 918 5064 Basilii,
950 5012 1020 5069 τῷ
1059 5006 1415 5076 προστάγμςςτι
1437 5012 1530 5076 fni;
1559 5004 1882 5076 δημιουργίας
1915 5018 1926 5053 :

389 5071 543 5139 quasi
572 5071 823 5134 dixisset,
844 5071 1409 5140 prwcepto'creationis,
1435 5071 1536 5125 hoc
1566 5080 1647 5125 est
1685 5071 1934 5140 praecepto

389 5155 496 5208 quo
513 5155 648 5208 usus
677 5151 758 5194 est
789 5142 924 5194 Deus
953 5143 1018 5192 ad
1047 5156 1131 5193 res
1159 5141 1433 5193 creandas.

462 5215 487 5241 α
511 5207 668 5269 Editi,
694 5211 768 5262 vel
796 5227 891 5278 quo
936 5209 1226 5278 amphoras.
1257 5209 1324 5261 At
1350 5209 1514 5261 nostri
1541 5217 1647 5262 tres
1681 5223 1832 5272 mss.,
1862 5209 1938 5261 vel

390 5287 507 5347 quot
535 5279 822 5347 amphoras.
856 5277 1139 5344 Aliquanto
1167 5287 1284 5344 post
1310 5292 1431 5329 mss.
1464 5278 1588 5342 duo,
1612 5279 1700 5330 sub
1728 5278 1934 5330 eadem-

389 5346 503 5417 φφ.
685 5365 777 5417 que
807 5349 855 5402 in
879 5347 1099 5413 vulgatis
1119 5347 1317 5399 deerat.

462 5415 486 5452 δ
515 5414 654 5468 Editi
692 5414 744 5469 et
765 5417 914 5469 Coll).
941 5417 1154 5484 primus,
1185 5416 1468 5467 natantium
1507 5415 1758 5484 cognatio.
1791 5414 1940 5484 Alter

389 5484 563 5545 Colb.,
603 5487 913 5537 nascentium
941 5472 1070 5536 lcum
1112 5472 1241 5553 aqua
1287 5487 1536 5553 cognatio.
1567 5472 1730 5553 Vetus
1771 5483 1940 5553 codex

391 5561 588 5617 noster,
615 5557 897 5606 natantium
932 5571 1043 5605 cum
1082 5552 1211 5621 aqua
1239 5555 1472 5619 cognitio.
1505 5552 1631 5617 Qua:
1681 5552 1937 5605 lectiones

377 5624 534 5681 ‘lalsa:
559 5625 764 5692 quidem
795 5634 916 5679 sunt
945 5639 1128 5678 omnes
1155 5640 1164 5672 :
1198 5623 1289 5676 sed
1311 5638 1377 5675 ex
1405 5623 1481 5677 eis
1511 5630 1686 5674 tamen
1705 5621 1758 5675 id
1781 5621 1935 5689 capi-

2054 4673 2174 4714 mus
2218 4656 2579 4719 emolumenti,
2629 4662 2688 4708 ut
2727 4655 2879 4709 facile
2925 4655 3280 4720 intelligamus
3326 4653 3618 4720 legendum

2049 4743 2188 4794 esse,
2219 4727 2504 4779 natantium
2529 4742 2641 4778 cum
2669 4741 2800 4795 aqua
2830 4727 3082 4795 cognatio.
3122 4722 3326 4788 Graece,
3361 4731 3459 4776 τῶν
3491 4746 3620 4780 νηκ-

2046 4806 2145 4852 τῶν
2174 4801 2299 4869 ’τςρὸς
2329 4799 2385 4850 τὸ
2405 4796 2548 4869 ,ἧδῳρ
2575 4801 2881 4869 συγγένειαν.

2117 4876 2140 4904 ο
2171 4861 2330 4929 Editi,
2362 4864 2504 4916 aliud
2520 4861 2950 4934 "cataligenorum.
2980 4861 3125 4916 Libri
3161 4869 3387 4923 veteres,
3417 4863 3623 4915 catuli-

2079 4950 2309 4987 enorum.

2045 4951 2313 5055 9εὲοίῗέτῖ
2339 5010 2571 5068 veteres,
2600 5019 2685 5055 eos
2717 5009 2967 5054 asserunt.
3000 5000 3282 5066 Aliquanto
3309 5004 3431 5067 post
3455 4997 3623 5067 editi,

2043 5073 2226 5124 notitia
2254 5071 2525 5123 subtiliter.
2558 5071 2774 5137 Antiqui
2803 5070 2940 5131 libri,
2977 5071 3230 5122 notitiam.

2116 5152 2138 5177 ε
2168 5139 2319 5193 Colb.
2353 5141 2634 5207 secundus,
2670 5139 2922 5191 Indicum.

2119 5209 2137 5246 ί
2171 5209 2320 5261 Colb.
2351 5205 2632 5268 secundus;
2657 5210 3045 5276 manifestqrum
3066 5208 3300 5275 speciem.
3324 5205 3626 5271 AliQUanto

2042 5287 2166 5346 post
2193 5278 2342 5341 editi,
2373 5277 2594 5346 videmus
2623 5288 2671 5329 et
2701 5275 2860 5330 bores.
2905 5275 3044 5329 Libri
3073 5284 3282 5346 veteres
3307 5285 3367 5346 ut
3395 5276 3446 5326 in
3475 5288 3626 5346 con-

2045 5343 2214 5399 textu.
2263 5345 2494 5402 Si'e'nnde
2538 5346 2682 5412 editi,
2725 5355 2907 5414 praeter
2936 5361 3191 5397 scaurum.
3225 5345 3374 5399 Colb.
3407 5343 3625 5411 primus

2045 5416 2211 5483 prima
2246 5430 2422 5477 manu,
2451 5423 2635 5483 prater
2653 5431 2855 5468 scarum
2878 5431 2894 5466 :
2919 5430 3036 5482 qua:
3057 5415 3337 5480 scriptura,
3359 5428 3481 5465 cum
3509 5427 3622 5481 op-

2044 5482 2173 5536 tima
2201 5485 2289 5547 sit,
2319 5498 2425 5535 non
2445 5482 2701 5536 debuerat
2725 5484 2994 5551 corrumpi
3013 5483 3078 5536 ab
3100 5483 3345 5550 imperito
3369 5483 3620 5544 librario.

2041 5554 2133 5619 qui
2163 5553 2338 5620 inepte
2379 5552 2608 5618 scripsit,
2638 5569 2919 5605 escaarum.
2956 5551 3158 5614 Grmce,
3189 5555 3230 5604 si
3260 5556 3327 5619 μή
3360 5554 3447 5604 τὸν
3485 5572 3620 5603 σιω.-

2045 5642 2147 5676 nos.
2172 5620 2283 5676 Hoc
2312 5621 2428 5689 ipso
2457 5620 2509 5674 in
2538 5620 2656 5676 loco
2681 5637 2805 5677 mss.
2831 5621 2954 5688 duo,
2985 5621 3189 5691 quidam
3214 5621 3578 5691 prodiderunt.
