3824 6214
256 306 377 367 9H

1015 295 1383 364 EUSTATHII
1418 293 1827 358 HEXAEMERI
1866 290 2356 367 METAPHRASIS
2394 292 2595 354 LIBER
2641 289 2757 359 Vll.

3419 290 3524 347 9.ίὲ

269 443 304 472 ι
329 431 571 505 potentia
596 431 901 501 premimus.
927 428 1031 483 Aut
1057 431 1181 499 quid
1207 430 1369 485 distat
1393 444 1423 483 a
1445 428 1589 498 pisce
1614 425 1706 479 illo
1732 437 1825 477 no-
1862 426 1906 480 A
1937 417 2114 483 fuerit,
2141 418 2212 472 ita
2239 419 2483 489 proprios
2504 426 2748 488 aptantes
2773 431 2966 471 mores.
2990 415 3135 481 Quos
3155 414 3312 469 etiam
3335 415 3504 471 vitare

264 522 513 587 vissimo,
542 520 625 574 vir
650 521 741 590 qui
767 519 1071 573 divitiarum
1096 528 1281 573 amore
1306 516 1627 580 flammatus,
1657 520 1845 581 captos

263 609 466 680 inopes
499 608 781 678 inexpletis
807 606 1036 661 hiatibus
1058 607 1287 677 proprize
1313 605 1619 676 rapacitatis
1654 601 1844 656 absora-

266 698 423 753 buit?
451 697 600 750 Alter
620 695 968 749 substantiam
993 694 1241 763 pauperis
1267 694 1320 747 vi
1354 693 1621 747 sublatam
1660 696 1843 743 reten-

264 789 441 841 tabat.
463 785 616 839 Hunc
638 792 695 838 tu
721 784 899 850 minis,
923 798 986 838 ac
1013 783 1303 838 terroribus
1327 783 1747 836 circumventum
1766 775 1846 830 tui

262 876 447 931 fecisti
474 873 779 943 patrimonii
800 872 1117 941 portionem,
1149 880 1309 940 atque
1348 872 1423 925 ita
1458 869 1657 938 injusto
1700 865 1842 934 inju-

260 964 408 1018 stior
427 960 699 1025 exstitisti,
726 966 783 1014 et
810 968 1031 1029 raptore
1055 960 1316 1030 rapacior.
1343 959 1488 1015 Cave
1512 957 1672 1028 igitur
1696 970 1766 1011 ne
1791 963 1845 1010 te

257 1042 437 1114 πω
452 1044 595 1098 idem
611 1043 703 1111 qui
718 1044 896 1112 pisces
909 1053 1135 1099 eventus
1151 1044 1405 1112 excipiat,
1420 1042 1449 1081 δ
1469 1043 1520 1096 id
1533 1048 1615 1095 est
1634 1041 1848 1105 hamus,

257 1144 364 1191 aut
384 1144 524 1198 rete,
557 1134 645 1190 vel
675 1136 964 1204 cophinus.
993 1134 1124 1190 Nam
1143 1149 1243 1190 nos
1270 1150 1486 1205 quoque
1511 1146 1733 1190 necesse
1745 1142 1850 1200 est,

264 1228 530 1283 nefandis
579 1227 913 1283 facinoribus
953 1228 1267 1297 inquinatos
1297 1242 1546 1296 suprema
1589 1225 1854 1298 supplicia

258 1330 377 1374 n‘on
402 1320 603 1373 vitare.
637 1317 909 1374 Praeterea
945 1319 1308 1375 imbecillibus
1333 1317 1496 1373 etiam
1529 1317 1854 1373 animalibus

250 1411 500 1465 subesse
519 1408 671 1464 dolos
689 1418 745 1465 et
762 1410 986 1465 insidias
1004 1417 1281 1477 expertus,
1302 1393 1446 1464 malo
1463 1418 1513 1463 te
1529 1407 1846 1464 callidorum

257 1497 486 1554 ﬁandes
514 1496 765 1564 etl‘ugere.
812 1493 1012 1556 Ferunt
1039 1505 1062 1533 ιτ
1092 1508 1320 1562 namque
1357 1495 1624 1549 cercinum
1652 1503 1842 1549 ostrea:

259 1601 488 1643 carnem
515 1584 892 1653 concupiscere
919 1600 933 1635 :
965 1582 1115 1650 cujus
1148 1583 1327 1651 captio
1366 1582 1595 1637 diflicilis
1634 1591 1717 1638 est
1743 1583 1837 1648 illi,

254 1684 492 1749 propter
535 1676 863 1745 operimenta
898 1679 1177 1736 testarum,
1220 1672 1413 1742 quibus
1454 1672 1841 1727 mollitudinem

259 1771 446 1824 carnis
489 1768 604 1837 ejus
646 1775 835 1821 natura
876 1765 1144 1836 consepsit
1187 1764 1331 1819 unde
1372 1765 1534 1820 etiam
1580 1765 1837 1818 testicoria
1870 1763 1913 1821 Β

258 1857 595 1912 nominatur.
646 1856 784 1925 Ergo
822 1856 945 1925 quia
986 1862 1110 1910 sunt
1152 1868 1407 1922 concava,
1454 1854 1607 1909 facile
1649 1863 1839 1909 ostreae

254 1945 551 2002 interiores
593 1953 774 2015 partes
814 1943 1128 2013 complicata
1173 1943 1478 2008 defendunt,
1522 1951 1578 1998 et
1620 1943 1691 1998 ob
1734 1944 1838 1998 hoc

250 2034 422 2089 irrita
449 2032 509 2088 tit
550 2032 907 2102 impugnantis
934 2032 1219 2101 aggressio.
1274 2032 1411 2099 Quid
1449 2034 1668 2087 molitur
1709 2049 1838 2102 ergo

261 2124 639 2179 adversarius?
667 2121 887 2187 Quando
911 2121 1104 2176 viderit
1139 2121 1193 2175 in
1228 2121 1420 2190 apricis
1446 2121 1576 2176 locis
1603 2129 1833 2176 ostream

256 2231 330 2272 se
372 2216 596 2269 libenter
632 2213 731 2267 sub
777 2212 891 2268 sole
918 2209 943 2248 (³
973 2211 1313 2281 pandentem,
1353 2212 1612 2266 minutum
1651 2221 1838 2268 tenens

251 2304 531 2361 calculum
546 2303 596 2358 ei
611 2303 835 2356 latenter
848 2302 1085 2371 apponit,
1107 2300 1254 2371 cujus
1268 2302 1480 2371 objecta
1500 2313 1729 2372 nequeat
1742 2316 1835 2359 sua

262 2397 561 2463 tegimenta
588 2393 925 2460 concludere,
947 2392 1205 2460 atque-ita
1233 2393 1375 2461 quod
1403 2391 1614 2448 efﬁcere
1641 2393 1837 2449 virtute

264 2502 379 2541 non
409 2484 666 2549 valuerat,
692 2491 813 2538 astu
847 2481 1022 2552 potuit
1059 2482 1362 2551 impetrare.
1402 2480 1531 2536 Hmc
1567 2483 1727 2550 igitur
1753 2490 1836 2537 est

255 2576 478 2633 malitia
505 2591 691 2631 eorum
716 2573 906 2643 quibus
935 2587 1034 2628 nec
1060 2573 1218 2639 ratio,
1250 2588 1349 2628 nec
1375 2588 1479 2629 vox
1498 2574 1611 2627 ulla
1638 2589 1837 2644 suppe-

259 2668 420 2722 ditat.
447 2664 551 2720 Sed
580 2676 679 2732 ego
708 2673 760 2719 te
787 2664 943 2733 cupio
984 2663 1240 2718 lucrativa
1264 2664 1688 2719 machinamenta
1717 2678 1837 2720 cer-

250 2757 374 2813 cini
404 2755 846 2825 coutemplatum,
879 2753 1144 2808 abstinere
1173 2768 1204 2806 a
1235 2752 1538 2808 lmsionibus
1564 2754 1840 2823 proximo-

259 2858 405 2905 rum.
446 2844 591 2902 Talis
635 2853 718 2901 est
754 2846 897 2900 enim
936 2845 1029 2912 qui
1074 2842 1300 2899 subdolo
1342 2844 1522 2906 animo
1559 2845 1732 2913 pergit
1768 2843 1836 2899 ad

264 2948 296 2977 α
322 2939 542 2992 fratrem
572 2954 586 2990 :
617 2937 704 2991 vel
731 2935 1151 3005 propinquorum
1176 2934 1317 2987 bona
1345 2934 1604 2997 devastat,
1633 2935 1717 2989 vel
1744 2935 1835 3002 qui

259 3030 455 3085 alienis
491 3026 880 3083 calamitatibus
915 3024 1228 3079 oblectatur.
1268 3022 1605 3094 Quapropter
1650 3024 1834 3079 desine

1942 507 2153 564 difficile
2184 516 2285 575 est,
2312 519 2534 579 propter
2565 509 2857 580 nequitiam
2889 522 3007 578 qua:
3038 506 3059 545 ί
3087 506 3143 560 ἱιι
3169 506 3505 561 simulatione

1941 600 2073 654 latet
2104 599 2286 654 ollicii.
2317 599 2631 667 Huiusmodi
2658 598 2901 652 homines
2937 597 3091 665 lupos
3128 603 3372 664 raptores
3400 594 3506 650 Do-

1938 692 2115 747 minus
2140 693 2444 760 appellavit,
2474 693 2669 746 vestitu
2708 705 2767 745 se
2812 690 3077 759 simplices
3102 704 3232 744 oves
3259 702 3377 743 esse
3403 686 3506 741 ﬁn-

1939 792 2123 853 gentes
2151 785 2361 857 (Matth.
2389 800 2480 851 vn,
2513 785 2625 855 15).
2652 785 2793 851 Euge
2823 783 2981 850 igitur
3007 780 3265 850 ejusmodi
3292 795 3505 836 morum

1938 876 2273 941 varietatem,
2299 886 2355 931 et
2373 887 2578 932 sectare
2596 876 2774 946 potius
2798 875 3093 939 veritatem,
3117 872 3503 939 sinceritatem,

1939 969 2325 1034 innocentiam,
2353 969 2604 1038 quoniam
2632 976 2687 1023 et
2724 967 2908 1037 vipera
2947 967 3095 1019 varia
3140 974 3246 1030 est;
3283 973 3506 1035 propter

1938 1058 2079 1125 quod
2107 1073 2224 1112 eam
2252 1059 2504 1112 Dominus
2535 1066 2721 1113 ventre
2749 1070 2965 1126 serpere
2989 1054 3377 1110 condemnavit.
3412 1053 3505 1107 Ju-

1939 1156 2052 1202 stus
2080 1143 2207 1202 nihil
2234 1149 2392 1202 habet
2421 1148 2597 1202 iictum
2625 1147 2763 1201 sicut
2788 1145 2888 1200 Job
2912 1163 2924 1197 :
2948 1150 3231 1215 propterea
3252 1142 3507 1196 Dominus

1937 1232 2229 1290 inhabitare
2258 1246 2282 1283 Β
2319 1239 2472 1307 faciet
2508 1238 2658 1289 unius
2689 1235 2847 1288 moris
2873 1236 2928 1286 in
2958 1229 3107 1287 domo
3131 1231 3300 1302 (Psal.
3343 1247 3503 1293 LXV".

1944 1326 2018 1393 7),
2061 1327 2175 1381 Hoc
2219 1344 2363 1382 mare
2406 1338 2646 1399 maguum
2679 1336 2730 1380 et
2765 1327 3043 1395 spatiosum
3071 1340 3089 1377 :
3114 1324 3220 1378 illic
3249 1334 3506 1393 serpentes

1940 1430 2152 1487 quorum
2182 1434 2283 1472 non
2313 1427 2389 1471 est
2421 1432 2679 1481 numerus,
2718 1416 2966 1469 animalia
3004 1415 3192 1484 pusilla
3228 1421 3277 1467 et
3316 1429 3507 1483 magna

1943 1504 2114 1575 (Psal.
2146 1515 2254 1573 cui,
2281 1506 2391 1576 25).
2416 1506 2522 1562 Sed
2550 1515 2726 1561 tamen
2746 1510 2828 1562 est
2855 1505 2908 1561 in
2929 1504 3013 1560 ltis
3036 1503 3246 1574 sapiens
3265 1503 3506 1574 quaedam

1941 1606 1996 1652 et
2021 1597 2296 1652 moderata
2332 1597 2626 1665 dispositio.
2659 1597 2776 1651 Non
2808 1610 2935 1665 ergo
2975 1602 3121 1650 totos
3147 1595 3320 1664 pisces
3343 1593 3504 1648 debe-

1941 1701 2058 1740 mus
2084 1699 2326 1754 arguere,
2347 1689 2443 1741 sed
2464 1687 2624 1741 etiam
2647 1691 2821 1741 certos
2839 1700 3080 1756 quosque
3103 1684 3317 1739 laudare
3344 1693 3505 1751 atquc

1940 1777 2153 1831 imitari.
2185 1775 2316 1830 Nam
2350 1776 2464 1832 vide
2491 1778 2758 1846 quomodo
2796 1778 3001 1846 singula
3029 1792 3223 1845 genera
3261 1776 3504 1845 regiones

1939 1867 2039 1921 sibi
2065 1867 2304 1921 detinent
2331 1867 2635 1936 deputatas;
2672 1869 2955 1936 nullusque
2993 1868 3210 1922 alterius
3248 1866 3379 1920 lines
3414 1880 3503 1920 oc-

1938 1963 2125 2025 cupat,
2170 1955 2264 2010 sed
2300 1957 2410 2010 suis
2454 1957 2678 2026 Quisque
2724 1957 2936 2011 sedibus
2980 1964 3064 2011 est
3102 1962 3402 2010 contentus.
3440 1952 3502 2010 Et

1939 2054 2082 2099 certe
2105 2045 2279 2100 nullus
2307 2046 2387 2100 eis
2415 2042 2525 2113 agri
2555 2056 2770 2102 mensor
2795 2046 3095 2101 habitacula
3121 2044 3147 2083 ιι
3175 2044 3500 2102 defendenda

1936 2134 2223 2198 distribuit,
2266 2149 2365 2190 nec
2399 2150 2670 2189 murorum
2717 2136 3205 2205 circumscriptione
3251 2134 3500 2213 signavit,

1937 2235 2037 2278 nec
2065 2225 2318 2279 terminos
2352 2226 2535 2295 posuit
2566 2226 2924 2280 observandos
2958 2244 2971 2278 :
3001 2226 3097 2281 sed
3125 2226 3371 2281 omnibus
3396 2227 3500 2280 uti-

1939 2312 2060 2369 litas
2087 2314 2141 2368 in
2166 2329 2447 2369 commune
2476 2314 2496 2352 ί
2528 2315 2720 2370 collata
2750 2324 2849 2370 est.
2881 2315 2978 2371 llic
3004 2316 3199 2370 etenim
3219 2315 3367 2371 sinus
3384 2330 3500 2371 cer~

1937 2412 2050 2459 tum
2076 2404 2297 2473 piscium
2326 2416 2493 2472 genus
2519 2405 2703 2468 nutrit,
2737 2406 2873 2459 alter
2899 2406 3061 2460 aliud.
3104 2403 3171 2459 Et
3195 2407 3286 2474 qui
3317 2405 3368 2459 in
3396 2406 3500 2461 hoc

1937 2492 2208 2547 abundant
2240 2489 2382 2558 loco,
2424 2493 2598 2547 minus
2635 2493 2901 2549 littoribus
2945 2494 3208 2549 habentur
3242 2494 3294 2548 in
3337 2494 3497 2549 aliis:

1936 2595 2046 2639 non
2074 2584 2225 2655 quod
2265 2585 2527 2655 aliquibus
2558 2586 2817 2640 montium
2847 2586 2988 2655 jugis
3015 2587 3320 2657 asperrimis
3345 2602 3500 2657 sepa-

1935 2683 2139 2740 rentur,
2166 2683 2256 2729 aut
2284 2671 2562 2729 ﬂuviorum
2590 2676 2915 2746 interpositis
2951 2676 3190 2734 obicibus
3219 2687 3501 2733 arceantur

1936 2779 1968 2820 a
1996 2766 2248 2827 transitu;
2279 2764 2374 2820 sed
2406 2766 2491 2820 lex
2520 2775 2722 2820 naturae
2748 2767 2964 2836 singulis
2988 2767 3318 2836 aequabiliter
3339 2776 3499 2838 prout

1935 2862 2061 2908 usus
2083 2853 2339 2922 “cujusque
2365 2853 2617 2922 postulat,
2641 2856 2782 2922 quod
2807 2855 3163 2910 necessarium
3183 2865 3265 2911 est
3293 2857 3498 2927 impen-

1933 2942 2126 3009 de‘ndo,
2154 2951 2373 2998 cunctos
2392 2944 2764 2999 observatione
2790 2960 2896 3000 sate
2918 2946 3206 3001 sanctiouis
3228 2948 3496 3004 astrinxit.

2003 3032 2054 3086 4.
2105 3033 2210 3088 Sed
2256 3049 2354 3089 nos
2400 3035 2534 3090 tales
2580 3050 2689 3091 non
2725 3050 2905 3090 sumus
2933 3053 2946 3090 :
2978 3051 3103 3090 nam
3139 3044 3194 3092 et
3233 3038 3497 3107 majorum

257 3122 594 3191 vituperalOS
631 3116 886 3182 simulari,
928 3123 1214 3185 paupertas
1262 3116 1404 3170 enim
1447 3130 1570 3170 cum
1610 3117 1839 3172 veritate
1858 3114 1904 3177 C
1935 3133 2234 3178 nostrorum
2258 3123 2389 3179 fines
2408 3125 2659 3180 audacter
2677 3124 2999 3191 exceditnus,
3022 3123 3114 3179 eti
3147 3126 3311 3182 saltus
3335 3137 3497 3183 trans-

260 3211 513 3268 maximis
559 3210 747 3278 opibus
793 3223 823 3261 a
863 3208 1102 3275 sapiente
1150 3206 1446 3276 praefertur.
1497 3206 1678 3277 Itaque
1723 3218 1831 3262 non

258 3300 551 3373 praeteribo
574 3298 918 3353 calliditatem
946 3295 1262 3351 fraudulenti
1291 3296 1588 3366 furacisque
1609 3299 1833 3369 polypo-

252 3392 365 3456 ὥς,
400 3391 491 3461 qui
522 3405 644 3445 cum
675 3387 889 3456 aliquod
927 3402 1113 3441 saxum
1143 3388 1409 3457 porrectis
1447 3389 1680 3444 crinibus
1718 3405 1833 3444 am-

248 3482 529 3553 plexatur,
552 3472 691 3534 illius
711 3478 932 3532 assumit
946 3477 1208 3542 colorem,
1232 3477 1483 3547 multique
1508 3478 1682 3548 pisces
1704 3480 1829 3536 illuc

259 3572 626 3642 imprudentes
660 3569 869 3638 allapsi,
900 3569 1046 3622 velut
1087 3567 1151 3622 ad
1190 3577 1396 3637 petram
1434 3569 1742 3639 simpliciter
1767 3587 1826 3627 se

253 3662 536 3717 trahentes
562 3660 915 3728 decipiuntur,
939 3657 1146 3712 facilem
1168 3657 1249 3712 sui
1269 3658 1569 3728 captionem
1596 3662 1826 3729 maligno

254 3751 507 3822 protinus
533 3750 863 3804 exhibentes.
886 3742 1048 3802 Tales
1075 3754 1199 3802 sunt
1226 3749 1323 3816 qui
1359 3750 1703 3806 summatibus
1730 3752 1828 3806 ob-

261 3848 550 3909 sequentes
577 3839 803 3903 assidue,
827 3839 1018 3893 mentis
1040 3838 1293 3892 varietate
1322 3845 1618 3908 mutantur;
1649 3858 1748 3898 nec
1771 3845 1823 3900 in

260 3944 370 3986 uno
396 3930 672 4000 proposito
710 3929 1077 3998 perdurantes,
1112 3930 1244 3984 alios
1273 3938 1433 4000 atque
1473 3934 1606 3988 alios
1647 3950 1703 3990 se
1730 3938 1825 3992 de-

262 4027 592 4085 monstrant,
640 4018 947 4089 pudicitiatn
991 4033 1111 4073 cum
1152 4021 1347 4085 castis,
1399 4022 1659 4094 luxuriam
1706 4042 1825 4083 cum

256 4106 557 4165 libidinosis
595 4114 927 4174 exercentes,
956 4114 1010 4162 et
1039 4109 1257 4163 omnino
1290 4117 1353 4164 ut
1387 4111 1643 4182 cujusque
1676 4132 1826 4174 mens

329 4295 357 4365 μ
385 4283 538 4365 Colit,
563 4281 854 4365 sect-ludus!
881 4298 971 4365 per
1498 4289 1655 4365 longe
1673 4293 1823 4365 editi,

257 4356 413 4414 diter
436 4352 789 4408 substantiam.
826 4352 1042 4420 Antiqui
1069 4352 1207 4414 libri,
1238 4353 1366 4406 alter
1391 4352 1747 4417 substantiam.

327 4424 355 4463 ι’
385 4423 547 4485 Editi,
566 4423 701 4475 idem
724 4422 917 4474 hamus.
938 4421 1155 4477 Veteres
1170 4421 1276 4476 duo
1298 4425 1433 4488 libri,
1452 4428 1506 4479 id
1526 4438 1600 4481 est
1620 4429 1816 4487 hamus.

330 4504 357 4533 ο
385 4491 556 4562 Editi,
582 4493 764 4562 ferunt
777 4505 993 4561 namque
1013 4505 1252 4562 cancrum
1278 4495 1572 4562 cercinum:
1601 4500 1695 4553 sed
1719 4518 1820 4557 vox

256 4577 501 4616 cancrum
544 4557 598 4613 in
643 4558 850 4615 duobus
893 4557 1022 4614 mss.
1066 4557 1232 4612 deest.
1263 4560 1396 4614 Cum
1425 4573 1602 4623 autem
1630 4565 1816 4625 Eusta-

258 4632 401 4702 titius
429 4640 486 4702 et
516 4627 613 4683 hie'
627 4638 681 4682 et
708 4629 978 4702 aliquanto
1005 4630 1245 4702 superius
1271 4638 1327 4702 et
1353 4633 1510 4698 paulo
1540 4644 1660 4702 post
1686 4653 1819 4695 voce

1931 3215 2201 3283 gredimur
2250 3216 2563 3281 vicinorum,
2611 3222 2665 3269 et
2705 3215 2892 3269 domos
2936 3213 3202 3281 domibus,
3244 3227 3299 3272 et
3340 3233 3497 3286 agros

1931 3306 2071 3373 agris
2104 3303 2454 3372 adjungimus,
2491 3312 2546 3359 et
2587 3305 2757 3358 aliena
2789 3302 2910 3374 jura
2954 3307 3258 3363 mutilamus
3303 3307 3491 3380 (Prov.

1931 3413 2061 3462 xxtt,
2112 3394 2225 3465 26).
2272 3395 2458 3450 Sciunt
2484 3395 2511 3434 κ
2540 3394 2731 3451 marini
2773 3408 2923 3452 cetus
2969 3412 3280 3455 concessum
3326 3401 3426 3457 sibi
3462 3419 3494 3458 a

1928 3495 2115 3541 natura
2144 3486 2513 3552 diversorium,
2551 3484 2693 3556 quod
2737 3487 2790 3540 in
2838 3488 3090 3542 extremis
3126 3490 3303 3559 pelagi
3331 3493 3491 3547 situm

1928 3582 2009 3632 est
2053 3576 2313 3646 partibus,
2359 3575 2446 3630 cui
2495 3575 2638 3630 nulla
2681 3574 2893 3646 penitus
2939 3575 2992 3632 in
3032 3589 3319 3650 conspectu
3349 3591 3493 3639 terra

1927 3676 2268 3729 monstratur,
2317 3667 2565 3737 quodque
2610 3666 2962 3735 innavigabile
2997 3669 3208 3738 penitus
3243 3671 3487 3729 habetur.

1927 3759 2059 3813 Nam
2089 3773 2188 3813 nec
2213 3758 2368 3828 quale
2394 3755 2482 3823 sit,
2515 3756 2598 3812 vel
2626 3758 2845 3812 historia
2874 3756 3138 3814 referente
3158 3770 3491 3830 compertum

1928 3856 2028 3914 est,
2061 3855 2116 3903 ut
2138 3856 2266 3918 pote
2294 3847 2505 3903 nemine
2544 3847 2665 3901 inde
2698 3847 2997 3915 conﬁdente
3033 3851 3277 3906 transire.
3310 3853 3366 3907 lu
3388 3855 3491 3910 hoc

1929 3940 2087 4007 igitur
2114 3940 2232 3994 loco
2264 3946 2570 3992 memoratae
2597 3937 2783 3992 bellum
2817 3953 2936 4007 quas
2976 3948 3100 3994 sunt
3134 3941 3303 3997 instar
3336 3959 3491 3998 mon—

1927 4029 2058 4084 tium
2095 4035 2514 4091 commorantur,
2543 4042 2713 4096 neque
2748 4027 2965 4083 urbibus
3003 4030 3284 4100 aliquibus,
3315 4050 3489 4103 neque

1926 4122 2110 4177 insulis
2147 4118 2478 4175 infestantes.
2510 4116 2588 4171 Ita
2615 4118 2818 4187 singula
2848 4132 3044 4188 genera
3084 4121 3137 4176 in
3173 4124 3487 4180 stationibus

1925 4298 2015 4379 ita.
2028 4292 2630 4379 εἰξίἓψιῐὲηιξρθτπρὲς
2656 4298 2740 4379 res
2768 4293 2987 4379 ᾆδε).φρν.

1996 4367 2015 4438 f
2048 4364 2186 4438 Editi
2210 4361 2442 4438 etgolb.
2473 4361 2676 4438 primus
2704 4378 2811 4438 quo
2848 4361 2929 4418 usi
2971 4364 3484 4438 videutttrtypngra-

1996 4378 2011 4403 ι
2048 4378 2186 4419 mnu
2214 4378 2267 4417 et
2291 4378 2442 4416 uom.
2473 4378 2676 4432 primus
2704 4378 2811 4485 (ἔιυο
2848 4380 2929 4418 usr
2971 4378 3212 4419 Videntur
3233 4378 3479 4438 typogra-

1956 4434 2031 4499 hi,
2077 4436 2131 4503 in
2177 4433 2525 4503 similitudine.
2570 4433 2672 4486 Alii
2749 4448 2817 4485 uo
2862 4448 3010 4495 mss.,
3045 4436 3099 4486 in
3138 4436 3479 4503 simulatione,

1956 4519 2071 4558 ene.
2098 4502 2319 4577 _Legitur
2340 4501 2397 4577 _in
2419 4499 2622 4577 Graeco.
2648 4503 2697 4577 ἐγ
2721 4508 3167 4577 ’τῷ-προσχήματι.
3185 4504 3306 4558 Mox
3326 4499 3477 4558 Colb.

1918 4572 2196 4636 secundus,
2227 4571 2535 4625 vestimentis
2562 4587 2615 4624 se
2642 4570 2911 4640 simplices.

1989 4651 2014 4709 β
2043 4640 2192 4709 Colb.
2224 4640 2505 4709 secundus,
2536 4641 2659 4709 facit
2685 4639 2952 4709 unanimes
2979 4640 3032 4692 in
3062 4639 3231 4694 domo.

254 4699 446 4781 eet-cini
474 4706 669 4781 utatur,
709 4697 1094 4781 putandusest
1131 4697 1375 4781 habuisse
1412 4697 1602 4757 librum
1627 4720 1814 4762 corru-
1848 4704 1894 4764 D
1944 4779 1950 4781 Α
1988 4708 2013 4747 δ
2044 4708 2201 4781 Editi,
2234 4697 2603 4781 descendentia.
2638 4708 2705 4760 At
2747 4708 2911 4781 nostri
2950 4715 3060 4781 tres
3103 4720 3252 4781 mss.,
3295 4709 3476 4781 defen-

256 4778 426 4847 ptum,
472 4767 527 4847 in
566 4780 673 4834 quo
709 4765 896 4847 legerit
936 4765 1213 4847 tribusnhis
1239 4766 1370 4847 locis
1402 4786 1515 4847 non
1556 4789 1813 4847 καρζῖξνος,

254 4832 348 4891 sed
371 4832 629 4914 xepztvoc}
654 4835 793 4902 quod
815 4849 881 4887 ex
909 4849 974 4887 eo
1004 4832 1302 4914 cpniirmari
1319 4846 1516 4914 potest,
1538 4832 1679 4914 quod
1704 4832 1818 4914 ipse

254 4901 697 4995 νξκξθιῂκοξθξῑξοξ
717 4917 847 4982 voce
869 4903 1045 4983 cancri
1070 4901 1371 4969 reddiderit,
1391 4901 1514 4995 cum;
1531 4901 1635 4995 ripn
1661 4901 1816 4995 longe

255 4974 322 5027 ab
345 4973 498 5026 initio
519 4971 637 5025 libri
664 4972 744 5024 sui
765 4971 971 5039 septimi
998 4972 1437 5040 interpretaretur
1462 4978 1588 5031 illud
1614 4971 1789 5036 Basilii

254 5025 359 5097 xuii
369 5042 631 5116 βάτραχοι
655 5045 738 5094 καὶ
766 5025 1006 5114 nat-putator.
1046 5025 1252 5094 Ete'nitn
1281 5025 1599 5101 Si:

254 5111 331 5165 eis
368 5112 559 5164 eodem
586 5110 746 5163 modo
780 5109 1010 5176 legisset,
1039 5123 1160 5163 eum
1187 5110 1374 5165 eodem
1401 5128 1611 5176 quoque
1650 5123 1812 5175 modo

994 5146 1010 5172 ,
1039 5130 1160 5163 eum
1187 5130 1374 5165 eadem
1401 5130 1611 5173 quoque
1650 5134 1738 5173 mo

254 5128 331 5165 us
368 5128 559 5164 eouem
586 5128 746 5163 ωοαο
780 5128 1010 5176 legisset,
1039 5128 1160 5163 eum
1187 5128 1374 5165 endem
1401 5128 1611 5184 quoque
1650 5128 1812 5175 modo

251 5178 724 5248 interpretaturum
764 5178 923 5232 fuisse
968 5178 1240 5247 probabile
1266 5179 1421 5235 duco.
1468 5182 1536 5236 Et
1573 5185 1625 5239 in
1653 5186 1804 5243 Colb.

289 5246 428 5318 rimo
470 5246 655 5318 deerat
695 5261 907 5318 quoque
943 5246 1168 5318 primum
1197 5263 1297 5318 vox
1325 5266 1596 5318 cancrum;
1625 5256 1717 5309 sed
1744 5272 1807 5311 ea

251 5261 428 5371 gtmo
470 5261 655 5301 deerat
695 5261 907 5316 quoque
943 5261 1168 5316 primum
1197 5263 1297 5301 vox
1325 5266 1596 5318 cancrum;
1625 5261 1717 5309 sed
1744 5272 1807 5311 ea

289 5384 302 5390 _
321 5316 504 5390 inceps
531 5316 707 5390 addita
735 5324 816 5369 est
851 5316 918 5369 ab
952 5316 1128 5385 aliquo
1155 5317 1244 5384 qui
1271 5321 1541 5390 exemplar
1568 5322 1807 5381 Graecum

249 5384 322 5440 ob
348 5385 534 5438 oculos
555 5384 802 5437 habebat.

319 5450 348 5490 ἀ
376 5452 535 5517 Editi,
565 5453 880 5524 pendentem.
913 5452 1054 5508 Libri
1081 5462 1306 5523 veteres,
1330 5458 1653 5524 pandentem.
1683 5461 1807 5517 Mox

250 5522 400 5592 editi,
432 5539 534 5577 non
555 5522 739 5576 ualeat.
770 5522 950 5577 Codex
975 5538 1128 5589 unus,
1158 5542 1257 5579 non
1294 5522 1510 5582 ualebat.
1543 5528 1645 5584 Alii
1673 5531 1801 5597 duo,

249 5607 352 5646 non
377 5601 623 5646 ruluerat.

326 5671 348 5698 ⁸
380 5660 536 5725 Edtti,
567 5661 636 5714 ad
663 5661 911 5731 fraudem.
944 5659 1085 5716 Libri
1115 5673 1337 5731 veteres,
1367 5665 1436 5718 ad
1459 5666 1677 5735 fratrem
1702 5685 1721 5723 :
1750 5675 1805 5725 et

1917 4779 2103 4832 denda.
2128 4776 2318 4831 Statim
2340 4776 2484 4839 editi,
2510 4776 2992 4845 circumscriptione.
3024 4778 3090 4831 At
3112 4778 3265 4833 Colb.
3288 4776 3475 4833 secun-

1918 4848 2035 4910 dus,
2066 4846 2500 4914 circumseptione.

1992 4914 2009 4953 ί
2056 4915 2217 4980 Editi,
2265 4911 2512 4967 collocata
2556 4921 2650 4967 est.
2694 4911 2835 4965 Libri
2874 4922 3099 4979 veteres,
3143 4916 3331 4969 collata
3377 4924 3472 4970 est.

1919 4984 2080 5039 Paulo
2111 4991 2229 5050 post
2255 4981 2407 5036 Colb.
2436 4982 2713 5052 secundus,
2741 4981 2958 5052 singulis
2980 4984 3260 5051 aequaliter.

1990 5056 2003 5103 i
2054 5052 2196 5105 Libri
2244 5050 2511 5119 impressi,
2560 5050 2723 5119 saltus
2770 5050 3168 5119 transgredinutr
3217 5054 3470 5107 vittarum.

1914 5122 2077 5177 Vetus
2105 5121 2272 5174 codex
2303 5117 2482 5174 noster
2514 5127 2568 5172 et
2595 5117 2747 5172 Colb.
2785 5117 3067 5186 secundus,
3098 5122 3259 5175 saltus
3300 5134 3470 5175 trans-

1914 5192 2171 5263 gredimur
2198 5189 2496 5263 ricinorum.

1986 5259 2010 5296 ιι
2038 5258 2204 5312 Vetus
2227 5257 2394 5311 codex
2419 5265 2618 5320 noster,
2661 5256 2826 5308 sciunt
2856 5257 3044 5309 marini
3070 5266 3226 5312 cetus.
3256 5256 3394 5313 Editi
3417 5267 3469 5315 et

1909 5327 2060 5383 Colb.
2101 5327 2319 5395 primus,
2358 5326 2524 5395 sciunt
2560 5325 2749 5395 marini
2793 5333 2946 5395 cetus.
2991 5324 3189 5395 Credas
3231 5327 3469 5381 librarios

1909 5392 2185 5463 insigniter
2212 5403 2455 5463 utroque,
2476 5394 2592 5448 loco
2641 5393 2817 5463 lapsos
2849 5392 3008 5463 fuisse
3040 5412 3053 5447 :
3083 5394 3176 5463 sed
3215 5403 3390 5449 tamen
3418 5396 3469 5451 id

1905 5461 2061 5520 secus
2088 5471 2186 5519 est.
2217 5461 2363 5517 Cum
2377 5462 2517 5515 enim
2544 5461 2780 5529 legamus
2800 5462 2852 5515 in
2872 5461 3084 5528 ϐπ·κείε,
3109 5462 3209 5520 οἵδε
3231 5471 3293 5519 τὰ
3321 5470 3464 5529 κήτη,

1906 5533 2135 5588 dubitari
2175 5547 2279 5585 non
2316 5539 2489 5600 potest
2517 5533 2641 5600 quin
2671 5529 2977 5600 Eustathius
3002 5539 3125 5590 κήτη
3154 5534 3372 5587 verterit
3401 5533 3467 5586 ad

1905 5602 2142 5661 verbum.
2165 5599 2331 5655 cetus.
2349 5599 2547 5654 Statim
2565 5614 2661 5669 pro
2690 5599 2840 5654 situm
2870 5600 2923 5654 in
2949 5599 3099 5656 Colb.
3130 5603 3362 5658 secundo
3393 5603 3467 5656 ιρ-

1903 5672 2046 5735 gitur
2071 5672 2310 5733 positum.
