3824 6214
281 345 389 397 913

1233 344 1572 400 APPENDIX
1611 343 1894 399 OPERUM
1938 344 1994 395 S.
2035 341 2278 414 BASlLlj
2321 341 2556 397 MAGNI.

3442 346 3477 401 9
3494 346 3555 400 Η

302 469 400 523 sibi
430 467 565 522 datis
592 483 624 521 a
651 476 854 529 natura,
887 469 1027 521 velut
1061 468 1114 520 in
1151 469 1453 536 regionibus
1486 476 1746 521 terrarum
1775 467 1853 520 la-
1879 473 1926 529 Α
1953 463 2283 518 succedentis
2325 462 2532 518 hiberni
2572 462 2828 530 deterriti,
2863 464 2916 518 in
2951 463 3140 519 altiora
3177 466 3338 519 maris
3377 467 3523 536 loca,

303 573 414 610 rem
442 553 710 625 proprium
744 558 974 612 incolere
1010 566 1290 624 coguntur.
1327 556 1471 610 Certi
1506 572 1633 610 sane
1662 557 1853 624 pisces,

302 642 450 714 qi‘iasi
479 647 742 699 communi
771 646 1000 715 quodam
1022 646 1237 700 decreto
1263 647 1473 704 civium.
1498 646 1564 698 ad
1593 647 1859 700 exteriora

302 736 506 799 directi,
539 735 774 789 laborem
819 736 1258 804 peregrinationis
1293 736 1572 802 arripiunt,
1603 735 1861 802 simulque

303 839 488 877 omnes
529 833 776 892 tanquam
818 825 968 891 signo
1004 824 1129 878 dato
1158 824 1224 877 ad
1252 825 1534 890 longinqua
1562 824 1858 878 discedunt.

303 911 434 965 Nam
464 928 584 966 cum
613 912 810 966 fetandi
839 915 1056 982 cmperit
1086 923 1293 982 tempus
1322 916 1516 980 vigere,
1546 914 1634 966 alii
1664 929 1727 967 ex
1756 913 1862 966 alio

302 1004 439 1066 sinu,
479 1013 680 1056 natura:
719 1003 922 1070 legibus
967 1005 1204 1070 excitati,
1233 1003 1613 1072 profectionem
1641 1018 1766 1054 mox
1798 1001 1863 1054 ad

303 1102 481 1164 partes
507 1094 680 1162 pelagi
709 1093 946 1148 Borealis
967 1094 1264 1147 intendunt.
1295 1092 1439 1157 Quos
1468 1091 1520 1144 in
1549 1091 1863 1145 revertendo

295 1195 419 1234 cum
439 1177 642 1233 videris
659 1177 978 1232 densissima
998 1180 1384 1249 glomeratione
1399 1191 1676 1235 consertes
1690 1188 1899 1233 torren-

299 1282 405 1326 tem
426 1271 872 1326 violentissimum
893 1273 1110 1341 putabis
1122 1272 1358 1340 elllnere,
1379 1285 1512 1342 per!|
1531 1270 1875 1342 Propontidis

298 1365 458 1436 741
501 1367 672 1428 littus,
707 1365 772 1417 ad
809 1380 955 1418 mare
991 1376 1362 1421 commeantes
1405 1365 1697 1419 Euxinum.
1743 1361 1876 1428 Quis

306 1454 465 1519 igitur
489 1466 582 1505 eos
609 1452 876 1518 exagitat?
903 1465 1019 1518 quae
1055 1450 1364 1518 imperantis
1405 1450 1722 1502 auctoritas?
1749 1464 1867 1517 qua:

306 1543 480 1596 edicta
524 1541 799 1610 proposita
845 1548 1101 1594 statutum
1144 1539 1246 1591 illis
1284 1547 1492 1606 tempus
1521 1537 1867 1590 annuntiant?

305 1635 400 1701 qui
442 1639 568 1686 sunt
600 1630 765 1684 duces
803 1630 1025 1684 eorum?
1070 1629 1256 1682 Nonne
1297 1627 1440 1680 vides
1481 1627 1866 1682 ordinationem

306 1723 539 1775 divinam
566 1728 756 1774 cuncta
784 1719 1138 1786 complentem
1169 1728 1222 1772 et
1248 1733 1343 1787 per
1371 1717 1485 1771 hanc
1512 1719 1670 1770 etiam
1704 1733 1864 1786 parva

1959 570 2076 624 quae
2103 561 2225 607 sunt
2253 555 2640 622 tranquilliora,
2662 569 2720 608 se
2747 554 3046 609 conferunt.

2030 646 2084 700 5.
2123 645 2368 715 Spectavi
2398 647 2509 700 haec
2530 659 2628 713 ego
2651 655 2704 700 et
2723 646 3011 699 admiratus
3036 660 3150 700 sum
3178 644 3272 698 Dei
3299 645 3513 713 sapien-

1962 736 2110 800 tiam,
2136 736 2260 804 quia
2300 735 2688 789 irrationabiles
2716 736 3034 802 animantes,
3076 735 3306 803 providae
3332 743 3518 789 custo-

1963 827 2164 895 desque
2191 826 2374 880 salutis
2420 825 2682 879 habentur
2709 825 2954 894 propriae,
2985 835 3041 880 et
3079 826 3373 892 intelligunt
3391 825 3520 894 quid

1961 917 2060 970 sibi
2088 917 2156 970 sit
2182 916 2522 980 conveniens,
2551 915 2676 983 quid
2705 915 3002 968 adversum.
3031 914 3136 970 Nos
3164 915 3322 981 igitur
3344 925 3367 952 ε
3387 914 3520 983 quid

1962 1006 2216 1066 dicemus,
2245 1006 2335 1073 qui
2364 1006 2567 1057 ratione
2595 1020 2777 1058 sumus
2821 1005 3110 1066 honestati.
3153 1005 3522 1073 promissioni‘

1963 1094 2062 1148 bus
2089 1093 2316 1156 invitati,
2348 1093 2654 1162 spiritaliter
2673 1093 2893 1158 eruditi,
2925 1094 3152 1162 piscibus
3180 1093 3524 1153 irrationabi-

1964 1183 2066 1238 lius
2084 1191 2265 1237 nostra
2289 1183 2498 1249 negotia
2525 1183 2895 1250 disponentes?
2923 1182 3069 1238 Licet
3089 1183 3190 1238 illis
3213 1184 3371 1236 etiam
3401 1193 3522 1238 stu-

1965 1272 2109 1326 dium
2143 1272 2211 1325 sit
2237 1271 2468 1324 scientia:
2514 1270 2830 1324 futurorum.
2860 1271 2967 1326 Nos
3005 1281 3181 1326 autem
3207 1272 3524 1328 inﬁdelitate

1963 1360 2126 1414 futuri
2151 1360 2326 1413 saeculi
2349 1359 2641 1427 depravati,
2671 1367 2904 1413 nostram
2934 1362 3092 1414 vitam
3119 1377 3215 1430 per
3239 1371 3391 1416 actus
3418 1363 3522 1417 fae-

1967 1451 2232 1514 dissimos,
2263 1459 2318 1503 et
2362 1448 2569 1503 illicitas
2613 1450 2911 1518 voluptates
2949 1450 3309 1518 expendimus.
3341 1450 3526 1519 Pisces

1968 1539 2127 1605 igitur
2155 1545 2234 1591 tot
2276 1538 2438 1591 maris
2484 1537 2754 1591 intervalla
2805 1547 3199 1605 transcurrunt,
3231 1549 3290 1593 ut
3315 1543 3527 1610 possint

1968 1629 2207 1682 invenire
2228 1628 2370 1696 quod
2391 1627 2517 1680 utile
2547 1635 2646 1681 est.
2677 1627 2812 1694 Quid
2841 1630 3054 1684 tandem
3096 1639 3152 1686 tu
3176 1632 3412 1688 dicturus
3440 1650 3524 1702 es,

1967 1717 2170 1770 habens
2189 1716 2543 1769 cohaerentem
2569 1716 2665 1768 tibi
2692 1717 2964 1782 desidiam,
2982 1733 3098 1786 quae
3119 1721 3364 1787 nequitiac
3383 1723 3528 1790 prin-

307 1813 333 1850 ῒδ
362 1812 638 1866 diﬂusam?
681 1809 861 1864 Pisces
887 1809 1044 1878 igitur
1071 1809 1165 1862 Dei
1189 1809 1390 1877 legibus
1417 1824 1522 1861 non
1551 1817 1862 1875 repugnant,
1899 1818 1942 1876 Β
1969 1820 2098 1874 ceps
2125 1805 2241 1858 est?
2269 1804 2452 1857 Nullus
2482 1805 2639 1871 igitur
2666 1805 2733 1859 de
2761 1805 3090 1874 ignoratione
3109 1819 3354 1863 causetur
3381 1828 3394 1862 :
3428 1827 3529 1880 na-

305 1914 360 1958 et
399 1904 643 1958 homines
672 1901 887 1954 minime
927 1900 1218 1954 doctrinam
1262 1899 1522 1967 recipiunt
1558 1899 1862 1952 salutarem.

307 1994 420 2046 Non
447 2006 666 2062 spernas
692 1991 887 2058 pisces,
915 1991 1038 2057 quia
1068 1990 1197 2041 muti
1228 1998 1349 2042 sunt
1375 1997 1429 2041 et
1460 1988 1864 2053 irrationabiles,

305 2081 399 2137 sed
426 2095 611 2134 verere
635 2079 812 2148 potius
835 2093 900 2132 ne
915 2086 969 2132 et
985 2077 1086 2131 illis
1105 2089 1125 2116 ε
1144 2077 1551 2132 irrationabilior
1573 2077 1864 2139 aestimeris,

305 2171 746 2242 praeceptionibus
775 2168 1044 2223 Creatoris
1081 2169 1362 2224 obsistens.
1397 2167 1646 2223 Ausculta
1675 2169 1866 2237 pisces,

305 2265 392 2332 qui
439 2271 644 2316 tantum
682 2261 827 2330 quod
873 2275 1059 2316 vocem
1099 2275 1204 2313 non
1241 2259 1507 2323 emittunt,
1553 2274 1672 2312 nam
1712 2259 1870 2312 certis

305 2353 776 2421 signiﬁcationibus
816 2351 912 2404 fari
957 2350 1220 2415 videntur,
1248 2351 1370 2418 quia
1408 2360 1627 2418 propter
1655 2350 1872 2402 immor-

309 2446 564 2498 talitatem
586 2443 796 2512 generis
823 2440 1224 2496 desiderabilem
1252 2440 1729 2508 peregrinationem
1749 2438 1872 2493 sub-

309 2535 385 2587 ire
414 2540 691 2598 coguntur.
741 2528 807 2583 lli
849 2545 957 2584 non
994 2536 1213 2582 utuntur
1258 2528 1366 2582 suis
1400 2528 1752 2591 sermonibus,
1777 2528 1871 2582 sed

309 2623 505 2676 habent
545 2621 714 2687 legem
745 2627 946 2672 natura:
974 2616 1181 2672 fortiter
1209 2618 1310 2671 illis
1337 2618 1644 2679 haerentem,
1671 2625 1728 2670 et
1755 2632 1872 2686 quae

309 2719 432 2764 sunt
457 2709 657 2777 agenda
686 2707 1154 2762 demonstrantem.
1189 2705 1497 2774 Pergamus,
1520 2707 1779 2774 inquiunt,
1807 2707 1873 2760 ad

309 2799 559 2853 Borinum
581 2797 820 2866 pelagus,
847 2796 1050 2851 dulcior
1069 2797 1209 2849 enim
1241 2797 1445 2850 caeteris
1475 2797 1774 2865 aequoribus
1793 2806 1876 2852 est

309 2888 427 2956 ejus
456 2903 615 2957 aqua,
650 2887 903 2954 quoniam
931 2885 1081 2939 brevi
1111 2894 1352 2954 tempore
1387 2885 1467 2940 sol
1503 2885 1695 2940 ibidem
1723 2902 1873 2940 com-

311 2985 567 3042 moratus,
599 2994 703 3030 non
733 2985 874 3030 totas
903 2975 1112 3045 penitus
1140 2975 1304 3030 radiis
1341 2977 1602 3046 potabiles
1629 2976 1874 3030 exhaurit

313 3082 496 3137 aquas.
527 3066 656 3119 Nam
689 3065 1010 3120 dulcioribus
1039 3065 1188 3134 aquis
1217 3065 1375 3118 etiam
1406 3067 1606 3118 marina
1628 3067 1898 3120 animalia-

1966 1895 2150 1949 turalis
2171 1895 2310 1948 enim
2335 1895 2486 1948 nobis
2514 1895 2667 1950 insita
2691 1903 2773 1950 est
2795 1898 2948 1963 ratio,
2978 1899 3063 1953 vel
3087 1899 3138 1952 in
3167 1903 3525 1969 appetendam

1964 1985 2224 2039 bonorum
2250 1985 2680 2049 familiaritatem,
2696 1985 2778 2038 vel
2793 1986 2845 2038 in
2861 1985 3221 2042 declinandam
3242 1992 3525 2045 noxiorum

1965 2075 2234 2130 laesionem
2249 2076 2432 2144 Itaque
2452 2091 2556 2128 non
2577 2076 2821 2129 recedam
2844 2076 2910 2130 ab
2923 2079 3178 2146 exemplis
3191 2080 3499 2134 animalium

1966 2167 2318 2230 marinorum;
2349 2165 2598 2234 quoniam
2636 2166 2748 2220 haec
2773 2166 2926 2220 nobis
2963 2170 3202 2236 exempla
3244 2172 3508 2238 proposui

1967 2273 2086 2310 mus
2110 2256 2482 2310 examinanda.
2532 2255 2718 2310 Audivi
2747 2271 2846 2324 ego
2873 2258 3157 2325 quemdam
3199 2259 3264 2312 de
3300 2260 3530 2314 littoreis

1967 2347 2354 2401 habitatoribus
2400 2345 2718 2400 referentem
2760 2348 2882 2415 quia
2928 2349 3223 2404 maritimus
3269 2351 3526 2413 echinus,

1967 2452 2087 2491 cum
2119 2437 2188 2490 sit
2210 2436 2488 2490 vilissimus
2517 2450 2579 2489 ac
2606 2436 2880 2504 sprebilis,
2925 2437 2984 2490 ﬁt
3021 2439 3178 2492 index
3207 2455 3346 2508 saepe
3375 2442 3531 2495 navi-

1968 2528 2213 2594 gantibus
2233 2526 2419 2580 futurae
2439 2527 2736 2580 serenitatis
2750 2537 2838 2580 aut
2867 2528 3075 2583 hiemis.
3096 2529 3224 2583 Nam
3249 2547 3369 2585 cuin
3391 2547 3534 2600 pm—

1968 2617 2197 2671 senserit
2226 2614 2379 2669 flatus
2401 2616 2674 2670 imminere
2696 2625 2975 2672 ventorum
2991 2660 3007 2686 ,
3028 2619 3124 2673 sub
3153 2621 3325 2689 lapide
3351 2637 3409 2676 se
3429 2623 3535 2677 col-

1969 2705 2130 2773 locat,
2157 2721 2263 2775 quo
2285 2707 2429 2761 velut
2477 2705 2496 2744 ί
2541 2707 2787 2762 anchorae
2815 2708 2975 2762 dente
3005 2711 3278 2774 subnixus,
3310 2727 3536 2780 quassa-

1970 2800 2171 2853 tionem
2213 2799 2542 2868 tempestatis
2590 2800 2772 2852 evitet.
2826 2797 3137 2869 Patiturque
3187 2817 3246 2856 se
3275 2804 3539 2872 tantisper

1971 2887 2196 2956 deprimi
2219 2887 2453 2956 pondere
2481 2888 2816 2956 superposito
2832 2929 2846 2953 ,
2876 2888 3163 2944 dummodo
3185 2907 3288 2945 non
3306 2891 3540 2959 jactetur

1973 2993 2004 3031 a
2031 2976 2292 3031 fluctibus.
2321 2975 2435 3031 lloc
2455 2992 2574 3030 cum
2603 2977 2833 3031 viderint
2871 2979 3078 3046 signum
3111 2981 3338 3049 nautici,
3365 2983 3540 3037 sciunt

1975 3083 2101 3121 mox
2131 3075 2410 3120 ventorum
2439 3065 2705 3119 fremitum
2735 3068 3128 3122 concitandum.
3159 3067 3225 3122 Et
3244 3079 3389 3125 certe
3419 3072 3541 3124 nul-

316 3157 678 3221 delectantur;
707 3154 844 3208 unde
874 3154 1057 3224 procul
1104 3170 1133 3208 a
1172 3154 1360 3223 pelago
1390 3155 1663 3207 venientes
1708 3155 1878 3223 pisces
1908 3158 1952 3221 C
1981 3155 2064 3211 lus
2109 3155 2423 3224 astrologus,
2453 3163 2543 3209 aut
2570 3152 2848 3210 Chaldaeus
2869 3164 2992 3212 ortu
3026 3157 3255 3212 siderum
3284 3161 3543 3229 colligens

316 3260 412 3316 per
451 3244 641 3298 fluvios
694 3259 834 3314 saepe
881 3252 1169 3298 cernuntur
1223 3243 1530 3299 ascendere.
1586 3242 1876 3314 Propterea

315 3344 536 3407 pontum
582 3336 828 3390 libentius
871 3343 1125 3406 expetunt
1172 3351 1330 3404 quam
1373 3338 1520 3391 sinus
1567 3337 1718 3400 alios,
1755 3339 1877 3406 quia

317 3428 485 3495 magis
513 3435 844 3496 opportunus
877 3433 957 3479 est
986 3425 1065 3480 eis
1096 3425 1161 3479 ad
1192 3425 1448 3480 edendam
1495 3425 1880 3497 fovendamque

315 3519 646 3590 progeniem.
671 3516 770 3583 Qui
792 3533 911 3572 cum
932 3515 1255 3572 sufﬁcienter
1277 3515 1539 3571 destinata
1560 3519 1880 3597 peroegerint,

319 3611 627 3665 catervatim
659 3611 834 3663 cuncti
863 3609 1019 3663 simul
1041 3617 1378 3663 revertuntur
1402 3607 1466 3662 ad
1495 3611 1726 3678 propria.
1755 3608 1882 3675 Quae

319 3709 494 3754 autem
545 3700 682 3753 ratio
727 3699 814 3764 sit,
845 3713 875 3752 a
903 3695 928 3736 ά
961 3697 1135 3752 tacitis
1171 3698 1460 3752 audiamus.
1507 3698 1640 3764 Quia
1684 3697 1881 3757 humile

320 3793 568 3847 videlicet
589 3799 669 3845 est
695 3790 949 3844 Arctoum
979 3790 1196 3860 pelagus
1225 3799 1278 3842 et
1307 3789 1584 3853 devexum,
1609 3796 1662 3843 et
1687 3789 1754 3843 ob
1783 3789 1883 3844 hoc

321 3882 619 3950 expositum
646 3879 910 3933 violentiae
938 3879 1386 3948 commotionique
1407 3888 1681 3934 ventorum
1708 3897 1719 3932 :
1743 3879 1884 3948 quod

322 3971 725 4040 tempestatibus
753 3970 971 4033 exertis,
999 3969 1064 4023 ab
1086 3969 1190 4024 imo
1217 3969 1380 4023 fundo
1409 3971 1726 4036 concutitur,
1751 3970 1884 4024 adeo

323 4075 382 4119 ut
407 4079 568 4119 arena
596 4062 814 4117 inferior
852 4077 1229 4132 nonnunquam
1269 4062 1486 4116 summis
1514 4061 1755 4116 fluctibus
1784 4063 1882 4114 mi—

322 4163 554 4211 sceatur.
585 4152 686 4208 Sed
717 4160 770 4206 et
806 4150 1052 4220 frigidum
1093 4151 1249 4206 nimis
1277 4159 1359 4206 est
1383 4151 1596 4204 hiemali
1622 4160 1879 4220 tempore,

323 4258 382 4303 ut
402 4256 530 4318 pote
572 4246 752 4301 multis
790 4260 852 4298 ac
894 4244 1138 4298 maximis
1166 4245 1407 4298 amnibus
1450 4244 1726 4312 repletum.
1768 4241 1883 4308 Quo

321 4355 443 4395 cum
469 4339 665 4393 fuerint
692 4337 888 4390 aestivis
907 4335 1061 4403 potiti
1083 4334 1368 4399 mensibus,
1399 4350 1580 4389 rursus
1599 4335 1885 4404 asperitate

1977 3249 2116 3302 aeris
2143 3249 2474 3316 qualitatem,
2509 3247 2690 3301 docuit
2716 3249 2966 3302 echinum
2991 3267 3003 3300 :
3035 3250 3127 3304 sed
3147 3252 3307 3305 maris
3336 3260 3544 3321 tempe-

1977 3349 2278 3408 statumque
2302 3338 2554 3394 Dominus
2575 3339 2698 3393 huic
2725 3353 2935 3408 quoque
2958 3340 3171 3394 animali
3199 3342 3409 3408 exiguo,
3435 3359 3544 3396 ma~

1978 3430 2180 3498 gniﬁcat?
2202 3430 2475 3499 sapientia:
2500 3445 2608 3483 suae
2644 3428 2921 3483 manifesta
2949 3431 3167 3498 vestigia
3187 3433 3430 3498 signavit.
3462 3431 3542 3488 Ita

1980 3521 2110 3575 nihil
2136 3519 2507 3589 improvidum,
2523 3519 2651 3572 nihil
2666 3519 3072 3588 praetermiSSum
3089 3528 3170 3574 est
3189 3520 3328 3588 apud
3349 3521 3538 3575 Deum-

1981 3618 2170 3665 cuncta
2199 3609 2338 3664 enim
2361 3609 2662 3678 speculatur
2690 3609 2874 3663 oculus
2907 3609 2994 3662 ille
3023 3609 3297 3677 insopitus,
3329 3619 3385 3664 et
3421 3626 3545 3664 om-

1981 3701 2136 3755 nibus
2180 3708 2374 3769 praesto
2419 3707 2529 3762 est,
2587 3699 2819 3753 remedia
2847 3699 3031 3752 salutis
3067 3708 3304 3767 portans.
3355 3700 3457 3766 Qui
3495 3703 3541 3754 si

1981 3791 2228 3844 echinum
2269 3803 2378 3843 suae
2401 3788 2717 3842 visitationis
2745 3803 2850 3841 non
2878 3788 3092 3855 reliquit
3119 3797 3384 3842 exsortem
3418 3807 3430 3842 :
3465 3798 3539 3853 te,

1984 3891 2177 3951 tuaque
2215 3896 2249 3934 o
2282 3880 2446 3949 homo
2493 3895 2599 3933 non
2644 3879 2925 3946 respiciet?
2966 3877 3075 3932 Viri
3114 3879 3310 3949 diligite
3349 3888 3542 3934 vestras

1984 3974 2222 4042 conjuges
2247 3968 2468 4039 (Ep/tes.
2491 3985 2542 4030 v,
2560 3966 2677 4038 25).
2693 3967 2842 4032 Quod
2862 3967 2961 4021 etsi
2984 3974 3243 4020 terrarum
3265 3967 3542 4036 interjecta

1985 4060 2260 4131 prolixitas
2287 4058 2584 4125 disjung'ere
2617 4072 2712 4110 vos
2739 4055 2804 4109 ad
2831 4064 3038 4124 tempus
3075 4054 3212 4110 forte
3256 4056 3540 4121 videbitur,

1988 4161 2188 4204 naturae
2217 4158 2391 4201 tamen
2421 4147 2608 4211 fmdus,
2636 4155 2689 4200 et
2717 4145 3097 4200 benedictionis
3125 4145 3308 4214 jugum
3348 4148 3418 4201 sit
3444 4164 3541 4203 vo-

1986 4243 2069 4295 bis
2096 4241 2380 4294 indiscreta
2425 4238 2746 4306 conjunctio.
2779 4237 2970 4306 Vipera
2999 4253 3120 4292 cum
3164 4239 3234 4292 sit
3257 4241 3542 4294 saevissima

1986 4330 2328 4400 serpentium,
2353 4330 2524 4397 pergit
2551 4327 2615 4382 ad
2645 4328 2965 4383 conn'ubium
2985 4343 3249 4394 muraenae,
3272 4330 3544 4399 sibilisque

395 4483 421 4510 ι
453 4469 666 4539 Antiqui
694 4469 797 4522 duo
826 4468 995 4539 libri,_
1011 4482 1102 4539 per
1145 4464 1478 4539 Propontida:
1517 4464 1878 4539 ιίημεηΑιὶιιβ2
1910 4465 1956 4522 1)
1981 4463 2140 4517 bebat
2177 4459 2510 4539 exemplaria
2534 4467 2792 4539 secutum.
2817 4474 2927 4539 Inon
2975 4475 3119 4539 esse,
3166 4461 3258 4515 sed
3299 4465 3540 4539 nonnihil

323 4533 746 4620 per_P_rop6nﬁde
774 4539 932 4617 littus.
1123 4533 1726 4620 utilicontextukSatis
1755 4534 1878 4620 mihi

325 4600 610 4666 verisimile
649 4608 706 4661 ﬁt
744 4607 1018 4675 scripsisse
1057 4602 1383 4656 FAistathium
1425 4619 1513 4675 per
1552 4600 1882 4675 Propontida:

324 4683 464 4734 littus
491 4696 508 4733 :
532 4678 623 4733 sed
653 4685 742 4731 aut
775 4670 1016 4729 librarios
1055 4681 1144 4724 aut
1193 4671 1550 4740 typographos
1589 4670 1658 4723 ita
1695 4687 1880 4740 corre-

327 4752 484 4810 xisse,
511 4749 586 4800 uti
616 4748 671 4800 in
698 4745 922 4812 vulgatis
959 4741 1197 4812 legimus.
1219 4739 1331 4812 ’Ubi
1361 4739 1518 4812 paulo
1541 4747 1664 4812 ante
1694 4739 1883 4812 legitur

323 4808 692 4875 alomeratione
712 4808 987 4874 consertae,
1017 4809 1269 4877 scriptum
1294 4809 1585 4862 invenimus
1605 4808 1657 4861 in
1677 4809 1882 4862 duobus

325 4877 596 4954 codicibus
623 4883 985 4954 glomeratione
1012 4880 1282 4954 confertos.

320 4952 330 4960 ’
396 4957 423 4996 ι’
454 4945 850 5020 ΕόίιίξάὶΙῙιιεα.
883 4951 950 5002 At
971 4945 1136 5020 nostri
1160 4955 1264 5000 tres
1291 4962 1441 5011 mss.,
1465 4945 1884 5015 diffusam.er

326 5043 409 5089 ce,
440 5031 521 5079 καὶ
547 5015 630 5080 διᾶ
657 5015 756 5076 rei)»
782 5021 1087 5093 μικροτὸςςῳγ
1113 5015 1399 5093 διήκρυσαν.

401 5083 422 5132 ἒ
452 5093 631 5147 Codex
659 5083 842 5145 noster
869 5083 932 5141 'et
971 5086 1120 5140 Colb.
1158 5086 1360 5153 primus
1405 5083 1624 5154 perinde
1650 5092 1706 5138 ut
1733 5083 1879 5146 editi,

328 5161 730 5217 irrationabilior
767 5156 1053 5212 mstimeris.
1097 5155 1242 5208 Alter
1277 5155 1448 5216 Colb.,
1479 5154 1884 5206 irrationabilior

327 5234 580 5286 exstiteris
607 5247 623 5283 :
653 5228 793 5296 quod
814 5240 1129 5296 expressum
1155 5231 1243 5296 est
1272 5225 1335 5296 ad
1366 5225 1581 5296 verbum
1606 5238 1639 5296 _e
1666 5221 1879 5296 Graecis,

336 5292 754 5374 λὶογώτερος-ᾖς.
803 5292 995 5374 Sta—tim
1041 5294 1465 5374 e.liti,_entittant.
1499 5292 1878 5374 Antiqtuilibtzi,

331 5359 580 5424 (mittuni.
615 5359 818 5422 ibidem
847 5365 952 5418 duo
989 5378 1136 5432 mss.,
1177 5363 1329 5432 fateri
1369 5363 1615 5432 videntur.
1642 5359 1882 5414 "Subinde

331 5440 476 5502 editi,
506 5436 1004 5492 demonstrationem.
1035 5431 1102 5484 At
1131 5431 1740 5502 mss.,_monstrationeni.

399 5508 424 5545 ά
455 5497 608 5574 illud,
634 5510 773 5581 παρᾴ
801 5513 894 5581 raw
924 5507 1244 5581 σιῳπὼνεων,
1276 5499 1574 5581 Eustathiiis
1603 5501 1672 5551 ita
1701 5497 1885 5581 Latine

333 5567 639 5644 r-tdilidit,'a
675 5567 839 5629 tiieitis
869 5590 885 5626 :
912 5571 1007 5644 sed
1035 5571 1232 5632 malint,
1266 5587 1296 5621 α
1327 5568 1619 5644 tacentibus,
1652 5585 1682 5620 a
1711 5567 1879 5644 mutis.

333 5646 408 5700 lta
437 5637 592 5701 habet
615 5646 765 5701 Colb.
789 5641 1066 5704 secuxrdus,
1090 5655 1200 5710 quae
1219 5648 1385 5710 autem
1412 5640 1542 5710 ratio
1561 5639 1626 5690 sit
1646 5637 1884 5710 atteniius

334 5716 620 5771 aztdittmtts.
653 5714 757 5774 Sed
785 5713 999 5770 credere
1027 5704 1122 5777 par
1150 5717 1228 5764 est
1257 5707 1527 5761 librarium
1557 5721 1616 5760 ea
1646 5721 1760 5774 quae
1788 5704 1880 5757 ha-

1985 4540 2220 4584 mutasse
2249 4528 2316 4582 de
2341 4545 2464 4582 suo:
2498 4529 2546 4581 id
2575 4530 2716 4598 quod
2744 4529 2967 4598 videtur,
2997 4537 3054 4582 ut
3076 4531 3186 4598 jam
3218 4535 3416 4594 notavi,
3445 4537 3545 4587 ali-

1983 4601 2172 4668 quibus
2202 4599 2330 4652 locis
2357 4598 2560 4668 fecisse.
2594 4597 2758 4668 Paulo
2781 4607 2898 4665 post
2918 4597 3068 4652 Colb.
3099 4601 3363 4653 secundus
3383 4603 3545 4658 habet

1984 4666 2035 4723 in
2064 4677 2315 4724 contextu
2342 4666 2403 4739 ab
2436 4668 2538 4739 into
2567 4667 2724 4739 fundo
2753 4668 3062 4739 concitatur;
3093 4668 3185 4739 sed
3224 4672 3301 4723 sic
3341 4678 3543 4739 tamen,

1982 4749 2038 4792 ut
2068 4739 2328 4803 vulgatam
2355 4737 2632 4788 lectionem
2656 4737 2706 4787 in
2733 4735 2968 4799 margine
2996 4735 3256 4803 praeferat.

2056 4819 2078 4845 ο
2118 4800 2275 4866 Editi,
2307 4805 2426 4873 quid
2453 4805 2698 4856 dicimus?
2727 4804 2937 4869 Antiqui
2959 4800 3062 4857 duo
3093 4800 3375 4873 libri,un
3399 4808 3513 4861 dice

1982 4877 2128 4929 mus?
2155 4875 2344 4927 Statim
2367 4873 2514 4935 editi,
2541 4873 2756 4942 piscibus
2779 4873 3230 4942 irrationabilibus.
3264 4873 3428 4930 Vetus
3455 4893 3547 4930 co-

1985 4946 2086 4998 dex
2127 4953 2309 4998 noster
2352 4957 2470 4994 cum
2496 4941 2644 4994 Colb.
2677 4941 2926 5002 secundo,
2957 4943 3175 5008 piscibus
3205 4945 3542 4999 irrationabi-

1985 5016 2082 5067 lius
2107 5031 2122 5066 :
2143 5011 2287 5081 quod
2314 5011 2490 5063 verius
2518 5010 2806 5076 meliusque
2837 5011 3176 5081 arbitramur,
3201 5013 3270 5064 ob
3295 5013 3420 5066 illud
3449 5015 3548 5068 Ba-

1983 5085 2106 5146 silii,
2137 5077 2231 5136 {an
2253 5082 2447 5152 ἰχθύων
2476 5081 2795 5152 διλογὼτερον.
2836 5077 2941 5132 Nec
2969 5079 3040 5132 ita
3068 5081 3234 5134 multo
3263 5091 3382 5150 post
3409 5100 3546 5138 mss.

1983 5153 2109 5216 duo,
2138 5151 2329 5202 renturi
2349 5148 2540 5200 saeculi.

2060 5221 2077 5257 ί
2098 5215 2102 5216 ⁷
2121 5219 2255 5271 Editi
2281 5227 2335 5269 et
2363 5217 2513 5269 Colb.
2538 5216 2754 5282 primus,
2781 5215 2912 5268 velut
2936 5216 3173 5270 anchora:
3200 5217 3368 5271 dente.
3395 5220 3547 5273 Alter

1986 5288 2163 5353 Colb.,
2192 5287 2323 5340 velut
2346 5286 2596 5339 anc/torco
2625 5285 2790 5338 dente.
2822 5285 2997 5338 Codex
3047 5295 3259 5352 noster,
3291 5288 3420 5340 velut
3449 5307 3550 5342 an-

1984 5359 2138 5411 chora
2160 5358 2352 5408 edente.
2386 5353 2616 5418 Quarum
2662 5355 2944 5407 lectionum
2982 5369 3099 5422 qua:
3127 5357 3301 5422 aptior
3327 5358 3398 5409 sit
3426 5374 3546 5410 ma-

1983 5428 2165 5494 gisque
2203 5425 2388 5478 idonea
2411 5424 2585 5495 dicere
2616 5438 2719 5476 non
2742 5438 2910 5495 queo:
2935 5439 3052 5475 cum
3079 5438 3268 5495 omnes
3283 5440 3361 5495 ex
3388 5441 3546 5495 aequo

1986 5491 2246 5570 corruptae
2275 5507 2395 5570 esse
2418 5492 2698 5570 videantur
2729 5510 2741 5544 :
2776 5491 2902 5570 illud
2925 5501 3097 5544 tamen
3122 5491 3334 5570 .Basilii,
3360 5491 3545 5570 viciario

1987 5567 2065 5617 ἐπ’
2109 5561 2330 5631 ἀγκύρας
2369 5563 2597 5630 βεϐσίρις,
2630 5561 2752 5614 dum
2793 5563 2940 5626 lego,
2990 5561 3228 5631 suspicor
3269 5561 3549 5629 scripsisse

1987 5630 2318 5685 Eustatliiuin
2359 5632 2500 5681 velut.
2520 5631 2742 5684 unt-liora
2772 5638 2956 5696 stante,
2979 5630 3053 5684 sic
3074 5637 3128 5682 ut
3153 5641 3297 5683 stans
3327 5632 3469 5687 idem
3497 5635 3549 5688 ei

1987 5702 2143 5756 fuerit
2171 5700 2311 5753 ouod
2338 5698 2552 5752 stabilis.
