3824 6214
274 309 355 369 94
366 308 401 360 ‘3

1026 317 1400 376 EUSTATHH
1443 319 1841 376 llEXAEMERl
1882 317 2368 375 METAPHRASIS
2405 320 2604 375 LIBER
2647 323 2755 379 ΥΠ.

3424 328 3545 387 {liii

281 418 595 481 signiﬁcans
612 437 669 476 se
697 427 922 491 venisse,
947 437 1202 497 provocat
1220 445 1336 485 eam
1356 430 1422 484 de
1445 428 1706 499 profundo
1726 443 1839 482 ma-
1870 430 1909 485 Δ
1941 429 2084 485 circo
2103 444 2350 497 magnum
2369 430 2578 495 dicitur,
2603 431 2697 485 sed
2724 431 2849 498 quia
2878 437 3208 485 immanitate
3233 434 3495 488 membro-

282 507 385 571 κίε,
407 507 473 561 ad
491 514 815 570 consortium
844 519 1079 586 nuptiale
1105 521 1410 589 procedere,
1428 534 1544 589 quie
1567 535 1690 574 mox
1716 519 1846 573 obe-

279 598 444 662 δίεπε
471 604 751 672 copulatur
777 608 847 662 ei.
879 609 1015 676 Quid
1044 611 1201 680 igitur
1229 612 1329 667 iste
1359 622 1536 667 sermo
1556 610 1846 667 desiderat?

272 699 410 767 quia
430 698 622 752 Iicetet
639 695 883 765 aspersit
901 698 983 749 vir
998 706 1052 750 et
1072 699 1309 751 moribus
1327 697 1591 753 habeatur
1612 700 1861 766 immitis,

272 789 448 863 75.2
474 791 619 846 hunc
634 799 814 845 tamen
834 803 974 845 uxor
1009 788 1154 843 ferre
1172 789 1481 846 necessario
1498 790 1676 857 debet,
1700 793 1863 850 nullis

280 886 661 940 occasionibus
680 895 1004 940 contractam
1034 886 1195 939 semel
1221 884 1471 938 dirimens
1489 882 1840 937 aiiectionem.

279 973 359 1031 At
376 990 506 1030 vero
525 975 657 1030 dicis
684 976 831 1030 illum
851 976 1156 1030 iracundum
1186 990 1302 1030 esse
1328 974 1410 1028 vel
1438 972 1721 1037 crudelem,
1752 972 1845 1026 sed

280 1066 513 1120 maritus
532 1072 644 1133 est;
667 1066 991 1120 vinolentum
1008 1104 1022 1128 ,
1055 1064 1146 1120 sed
1169 1063 1483 1134 conjunctus
1520 1063 1616 1118 tibi
1643 1071 1725 1117 est
1752 1080 1847 1133 per

279 1158 565 1218 naturam;
596 1151 783 1207 durum
812 1160 866 1206 et
895 1152 1311 1223 implacabilem,
1356 1150 1449 1205 sed
1495 1151 1730 1221 corporis
1769 1148 1845 1204 tui

281 1253 414 1311 pars
434 1240 660 1295 habetur
686 1241 989 1310 pretiosior.

358 1331 411 1385 6.
442 1333 633 1386 Audiat
659 1340 712 1386 et
738 1333 958 1387 maritus
978 1345 1262 1399 congruam
1289 1330 1388 1388 sibi
1409 1330 1844 1386 admonitionem.

283 1416 485 1490 Vipera
507 1421 814 1489 pestiferum
842 1420 987 1475 virus
1015 1420 1213 1474 evomit
1242 1419 1487 1489 nuptialis
1514 1433 1670 1474 causa
1698 1433 1849 1473 reve-

282 1510 508 1574 rentiae;
541 1518 596 1563 tu
614 1510 878 1563 feritatem
904 1509 1087 1573 animi,
1118 1516 1172 1562 et
1196 1509 1599 1562 amaritudinem
1625 1522 1731 1561 non
1753 1507 1848 1560 de—

282 1599 467 1668 ponis,
496 1605 713 1653 coactus
741 1597 944 1666 pudore
969 1596 1236 1664 conjugii?
1268 1596 1425 1649 Forte
1453 1603 1630 1649 autem
1656 1595 1850 1663 vipera:

283 1686 446 1741 nobis
473 1685 773 1755 exemplum
803 1684 933 1739 alias
961 1685 1121 1739 etiam
1157 1685 1482 1754 reperiemus
1506 1697 1625 1738 esse
1649 1697 1848 1738 conve-

1944 535 2084 584 rum,
2106 521 2374 575 montibus
2400 529 2707 589 coaequatur
2725 520 2967 586 excelsis,
2997 519 3141 589 quod
3168 519 3328 574 etiam
3356 534 3496 591 sape

1944 618 2163 679 putatur
2181 625 2298 665 esse
2341 611 2531 675 insula,
2577 625 2697 665 cum
2724 625 2784 665 se
2828 609 2893 664 ad
2921 624 3156 666 summas
3197 609 3367 667 undas
3392 610 3495 668 leni

1943 708 2129 754 natatu
2155 701 2447 755 sustulerit.
2474 700 2588 756 Hoc
2614 710 2791 754 tamen
2830 716 2939 755 non
2966 701 3018 754 in
3042 701 3308 756 littoribus
3336 701 3496 756 usita-

1945 791 2030 854 tis,
2063 792 2229 845 autin
2256 791 2389 846 locis
2428 792 2800 847 habitabilibus
2826 791 3136 856 diversatur,
3181 790 3325 847 sedd
3362 794 3499 848 anti-

1943 895 2104 949 quum
2131 889 2352 951 pontum
2396 881 2564 935 fertur
2607 881 2858 936 incolere.
2895 880 3049 936 Tales
3072 882 3231 950 igitur
3257 882 3324 936 ad
3352 883 3499 938 incu-

1944 972 2178 1026 tiendum
2212 971 2367 1027 nobis
2392 972 2639 1026 timorem
2677 980 2838 1040 atque
2864 979 3124 1027 terrorem
3159 971 3349 1027 bellua:
3375 982 3502 1035 sunt

1943 1062 2202 1118 formatae.
2245 1064 2380 1119 Cum
2418 1078 2548 1119 vero
2585 1063 2835 1131 audieris,
2862 1063 2986 1131 quia
3038 1078 3203 1117 naves
3238 1064 3500 1132 ingentes,

1944 1151 2063 1205 sinu
2090 1158 2354 1205 tumentes
2380 1152 2639 1215 velorum,
2659 1159 2929 1221 ventoque
2947 1148 3202 1221 prospero
3217 1153 3501 1208 volitantes

1946 1240 1998 1294 in
2031 1239 2219 1308 pelago
2247 1240 2406 1309 piscis
2433 1240 2771 1295 tenuissimus
2798 1240 2871 1295 ita
2909 1242 3145 1296 retardat
3190 1256 3253 1296 ac
3285 1242 3500 1308 retinet,

1944 1338 2004 1382 ut
2030 1329 2228 1383 diutius
2248 1327 2544 1384 efﬁciantur
2562 1330 2881 1394 immobiles,
2896 1331 3041 1385 velut
3059 1330 3372 1401 quibusdam
3394 1331 3503 1385 fun-

1946 1417 2082 1472 data:
2105 1417 2369 1472 radicibus
2393 1404 2444 1471 in
2460 1416 2723 1487 profundo
2752 1434 2767 1472 :
2808 1434 2984 1473 nonne
3023 1427 3078 1474 et
3105 1434 3200 1489 per
3228 1429 3253 1457 ε
3282 1420 3387 1475 hoc
3405 1421 3500 1473 mi.

1949 1508 2149 1561 nimum
2175 1507 2371 1561 animal
2407 1507 2597 1561 divinae
2622 1508 2832 1562 virtutis
2852 1509 3080 1579 accipies
3105 1508 3501 1565 documentum?

1948 1598 2130 1666 Neque
2149 1597 2289 1651 enim
2310 1597 2455 1652 solus
2478 1598 2623 1652 canis
2650 1606 2742 1652 aut
2763 1596 2939 1665 xiflus,
2965 1607 3058 1652 aut
3093 1599 3297 1653 balaena
3317 1598 3499 1654 forati.

1949 1690 2134 1743 dolosa
2158 1696 2271 1754 est;
2294 1688 2387 1743 sed
2415 1688 2574 1743 etiam
2601 1689 2887 1757 pastinacae
2932 1690 3167 1755 aculeus,
3216 1688 3235 1727 ί
3275 1698 3332 1745 et
3362 1696 3504 1749 certi

285 1775 462 1839 niens,
492 1775 615 1842 quia
640 1775 808 1842 magis
835 1773 1151 1827 adulterium
1196 1781 1397 1827 natura:
1425 1772 1551 1827 facit
1577 1772 1737 1826 coitio
1761 1770 1844 1825 Vi—
1875 1764 1920 1822 Β
1949 1778 2229 1847 defuncta},
2272 1779 2528 1849 lepusque
2555 1780 2810 1843 marinus,
2852 1780 2967 1848 pari
2996 1779 3188 1834 timore
3216 1787 3502 1845 caventur;

285 1881 435 1935 pera:
463 1881 581 1919 cum
610 1880 862 1918 munena.
893 1864 1300 1934 Recognoscant
1326 1864 1505 1932 igitur,
1546 1864 1637 1933 qui
1665 1863 1853 1917 alienis

286 1955 641 2009 matrimoniis
664 1954 877 2009 insidias
903 1962 1110 2024 parant,
1140 1954 1281 2022 quali
1328 1953 1509 2007 bestire
1537 1968 1854 2022 comparan-

286 2053 395 2100 tur.
427 2045 608 2113 Itaque
636 2061 801 2099 unum
830 2052 911 2098 est
930 2059 1140 2113 semper
1156 2043 1510 2113 propositum,
1539 2056 1644 2110 quo
1686 2040 1855 2111 possit

287 2133 529 2189 Ecclesia
560 2134 805 2188 fabricari
830 2152 842 2186 :
875 2141 930 2188 et
955 2134 1023 2188 ob
1048 2135 1150 2189 hoc
1175 2135 1379 2197 hortor,
1408 2140 1468 2187 ut
1492 2139 1703 2187 cessent
1730 2132 1851 2186 libi-

286 2223 440 2276 dines
465 2221 844 2289 flagitiosorum
882 2222 1101 2276 marinis
1128 2222 1383 2289 exemplis
1422 2229 1477 2275 et
1515 2219 1854 2275 terrestribus

286 2313 629 2381 castigandae.
658 2302 756 2368 llic
775 2327 862 2367 me
890 2328 1190 2367 sermonem
1213 2321 1469 2378 statuere,
1500 2319 1607 2366 tam
1636 2326 1851 2381 vesper-

287 2405 459 2457 tinum
487 2412 717 2473 tempus,
758 2418 920 2473 quam
952 2403 1196 2473 corporis
1223 2404 1365 2472 cogit
1394 2401 1691 2457 inﬁrmitas.
1720 2401 1852 2456 Nam

288 2493 442 2563 plura
471 2491 642 2547 forent
665 2507 780 2561 qum
796 2501 821 2529 α
847 2493 1096 2547 tractatui
1114 2493 1427 2547 deberemus
1449 2492 1696 2562 adjicere,
1718 2507 1854 2563 prae-

288 2582 475 2636 sertim
505 2598 623 2636 cum
666 2582 887 2636 studiosi
915 2582 1021 2635 sint
1048 2581 1335 2646 auditores,
1367 2590 1422 2635 et
1449 2596 1610 2651 super
1636 2582 1716 2635 his
1736 2594 1853 2649 qua:

289 2674 345 2727 in
383 2674 515 2727 mari
542 2681 850 2738 nascuntur,
904 2673 1253 2727 admiratione
1293 2672 1634 2742 dignissimis,
1664 2673 1748 2727 vel
1786 2673 1853 2728 de

292 2765 413 2835 ipso
440 2766 606 2830 mari,
635 2766 903 2833 quomodo
933 2781 1067 2833 aqua
1098 2763 1211 2833 ejus
1234 2765 1440 2833 gelatur
1472 2765 1527 2818 in
1554 2765 1735 2828 salem,
1767 2764 1851 2818 vel

288 2856 557 2926 quomodo
577 2855 712 2923 lapis
735 2855 822 2908 ille
845 2855 1130 2923 pretiosus,
1153 2853 1242 2922 qui
1263 2853 1510 2907 corallius
1529 2853 1853 2917 nominatur,

289 2944 453 3000 herba
481 2953 564 3000 est
591 2946 715 2999 dum
744 2946 968 2999 habetur
996 2945 1049 2997 in
1078 2944 1295 3013 pelago,
1335 2952 1619 3013 postquam
1642 2957 1771 2998 vero
1798 2944 1851 2998 in

288 3051 466 3089 aerem
498 3035 656 3089 fuerit
684 3035 805 3089 inde
839 3035 1057 3100 educta,
1088 3050 1213 3087 mox
1242 3042 1477 3089 mutatur
1512 3036 1565 3089 in
1593 3035 1843 3105 lapidem.

1952 1868 2371 1923 indeclinabilem
2400 1867 2734 1937 celeremque
2759 1866 3023 1936 portando
3047 1869 3351 1937 perniciem.
3381 1868 3504 1934 Qui!

1950 1971 2072 2011 cum
2095 1956 2169 2010 ita
2191 1957 2316 2021 sint,
2334 1956 2519 2010 maluit
2538 1963 2591 2010 te
2612 1956 2946 2025 providentia
2976 1955 3278 2011 Conditoris
3298 1972 3503 2027 semper

1950 2062 2068 2102 esse
2092 2048 2403 2118 pervigilem
2443 2056 2473 2100 :‘
2499 2055 2761 2116 quatenus
2805 2048 2858 2101 in
2889 2062 3010 2101 eum
3038 2046 3240 2111 ﬁdens,
3288 2056 3504 2105 cunctas

1949 2137 2171 2192 subinde
2197 2136 2385 2191 noxias
2405 2144 2583 2207 pestes
2620 2135 2855 2203 effugias.
2888 2136 2994 2191 Sed
3031 2136 3143 2205 jam
3187 2137 3254 2191 de
3299 2138 3504 2204 gurgite

1948 2228 2121 2299 pelagi
2163 2234 2460 2282 remeantes
2496 2234 2829 2281 revertamur
2871 2223 2939 2280 ad
2983 2234 3198 2280 terram.
3229 2226 3361 2280 Nam
3402 2226 3503 2281 alia

1950 2319 2103 2373 nobis
2122 2333 2191 2373 ex
2219 2318 2335 2371 aliis
2381 2315 2710 2371 occurrentia
2739 2323 2998 2370 creaturae
3042 2316 3319 2381 miracula,
3361 2316 3504 2372 velut

1950 2408 2164 2477 quidam
2193 2405 2383 2461 fluctus
2402 2405 2603 2461 crebris
2648 2406 2975 2473 alternisque
2998 2405 3377 2474 jactationibus
3405 2421 3505 2460 no-

1950 2509 2118 2554 strum
2147 2499 2481 2553 submersere
2517 2511 2839 2552 sermonem.
2870 2496 2939 2550 Et
2967 2506 2993 2545 8
3019 2512 3150 2552 sane
3177 2498 3429 2561 mirabor,
3459 2500 3505 2553 si

1952 2604 2060 2643 non
2089 2603 2277 2643 sensus
2296 2595 2479 2642 noster
2506 2588 2678 2642 causis
2717 2587 3103 2654 ingentioribus
3127 2596 3420 2657 occupatus
3452 2589 3506 2645 in

1952 2687 2146 2734 terram
2169 2678 2366 2743 denuo,
2390 2680 2527 2734 sicut
2544 2676 2705 2732 Jonas
2724 2679 2779 2732 in
2800 2692 2945 2732 mare
2967 2678 3212 2745 refugiat.
3241 2677 3508 2744 Quamob-

1951 2788 2063 2827 rem
2092 2771 2301 2827 videtur
2326 2771 2456 2825 mihi
2483 2770 2857 2839 disputationis
2884 2770 3052 2826 series
3086 2776 3301 2834 nostrae,
3327 2767 3508 2822 multis

1952 2864 2181 2933 implexa
2207 2862 2584 2917 miraculorum
2611 2861 2870 2927 millibus,
2907 2876 2969 2916 ac
2993 2877 3100 2915 suae
3128 2860 3513 2915 mediocritatis

1951 2952 2136 3019 oblita,
2168 2952 2354 3005 similis
2382 2965 2501 3005 esse
2529 2951 2897 3018 navigantibus
2924 2950 2977 3003 in
2998 2949 3136 3015 alto,
3166 2948 3257 3017 qui
3285 2948 3352 3002 ad
3392 2962 3508 3003 cer-

1952 3052 2065 3099 tum
2087 3042 2259 3097 locum
2288 3056 2499 3096 cursum
2514 3040 2732 3095 minime
2751 3039 3053 3108 dirigentes,
3072 3039 3315 3106 ignorant
3340 3052 3507 3107 quan-

290 3123 386 3179 Vel
413 3124 555 3177 unde
585 3125 851 3177 vilissimis
878 3124 1222 3177 animantium
1262 3125 1480 3189 ostreis,
1506 3125 1846 3193 margaritam
1873 3105 1917 3166 C
1947 3143 2057 3187 tum
2084 3132 2241 3200 spatii
2260 3128 2570 3185 veliﬁcando
2590 3105 2908 3198 peregerint.
2939 3128 3090 3195 Quod
3102 3105 3295 3196 utique
3322 3105 3508 3183 nostro

286 3216 459 3285 pretio
486 3228 699 3283 gravem
729 3223 916 3267 natura
946 3214 1187 3283 subjicit,
1228 3222 1287 3269 ut
1327 3229 1447 3269 eam
1492 3230 1650 3284 quam
1693 3229 1846 3284 reges

286 3319 614 3375 magnOpere
642 3307 963 3372 desiderant,
996 3322 1092 3377 per
1118 3307 1266 3361 littus
1308 3316 1362 3361 et
1406 3323 1620 3376 asperas
1665 3317 1846 3363 cautes

286 3402 421 3452 testa
478 3398 734 3451 inclusam
787 3398 1022 3462 conchae,
1070 3413 1274 3467 pauper
1310 3399 1545 3467 piscator
1588 3400 1843 3454 inveniat.

284 3483 438 3540 Unde
466 3501 709 3539 aurosam
732 3486 909 3539 lanam
937 3487 1213 3539 maritima:
1240 3488 1480 3541 nutriunt
1521 3488 1724 3556 pinna);
1761 3489 1847 3543 vel

284 3577 426 3630 unde
454 3591 740 3645 purpuram
770 3576 1031 3630 conchilia
1071 3577 1372 3632 ministrant
1420 3579 1843 3648 imperatoribus,

285 3682 403 3736 quae
433 3667 622 3721 ﬂorum
651 3668 888 3722 omnium
918 3667 1384 3737 pulchritudinem,
1414 3678 1691 3725 venustate
1717 3686 1846 3740 pro-

284 3756 386 3825 prii
415 3757 612 3810 coloris
640 3765 945 3826 exsuperat.
973 3757 999 3795 ιι
1026 3757 1257 3827 Ejiciant
1286 3775 1449 3830 aquae.
1475 3758 1610 3825 Quid
1634 3776 1737 3814 non
1764 3775 1851 3815 ne-

286 3846 573 3900 cessarium
603 3845 798 3900 factum
839 3848 957 3901 est?
984 3856 1077 3900 aut
1098 3848 1222 3917 quid
1268 3866 1372 3903 non
1419 3852 1695 3919 optimum,
1728 3852 1849 3906 vitro

285 3945 482 3989 nostra:
503 3935 757 3989 collatum
785 3937 902 3990 est?
930 3952 1158 4006 quorum
1180 3952 1304 4006 pars
1339 3940 1646 3995 ministeriis
1673 3942 1848 3996 homi-

284 4040 414 4078 num
456 4023 685 4094 prolicit,
717 4025 820 4078 alia
848 4026 949 4079 sibi
976 4028 1353 4097 contemplatio
1384 4029 1641 4084 mirabilis
1679 4032 1850 4088 vindi-

283 4120 374 4167 cat
399 4122 673 4168 creaturae.
708 4114 970 4168 Nonnulla
996 4116 1276 4179 terribilia,
1303 4132 1420 4185 quin
1439 4128 1675 4173 nostram
1705 4122 1851 4175 scili-‘

285 4213 373 4259 cet
394 4205 649 4258 desidiam
695 4214 1025 4260 coercerent.
1057 4205 1202 4260 Fecit
1232 4207 1369 4261 Deus
1400 4218 1536 4263 cetos
1568 4223 1587 4247 ε
1618 4228 1849 4282 magnos,

284 4309 394 4351 non
414 4310 543 4349 vero
571 4295 693 4363 quia
713 4295 779 4348 ab
802 4295 918 4349 aliis
939 4296 1170 4365 piscibus
1198 4299 1401 4367 exiguis
1443 4301 1613 4371 majus
1640 4311 1739 4364 est,
1775 4304 1854 4357 id-

357 4550 382 4576 ι
421 4537 580 4601 Editi,
608 4537 810 4589 triremi.
834 4535 975 4590 Libri
998 4546 1227 4595 veteres,
1260 4540 1518 4591 tractatui.

354 4610 383 4648 δ
421 4608 580 4678 l‘iditi,
600 4607 806 4675 ejiciunt
834 4621 995 4675 aqua}.
1028 4607 1097 4659 At
1123 4608 1227 4660 duo
1244 4623 1404 4678 iussu,
1433 4608 1641 4678 ejiciqnt
1673 4625 1835 4678 aqum.

359 4690 381 4717 ο
420 4677 583 4740 ﬁniti,
612 4685 746 4728 cetos
770 4690 978 4744 magnos
999 4690 1102 4727 non
1128 4677 1300 4735 variis,
1331 4676 1696 4744 quia'ambaris
1719 4676 1841 4731 aliis

284 4747 527 4819 piscibus,
549 4760 655 4811 quo
677 4743 805 4819 niliil
817 4743 1048 4819 ineptius
1068 4758 1299 4819 unquam
1323 4743 1642 4819 vidi.“Nil_nilo
1658 4762 1833 4806 emen-

283 4811 519 4873 datiores
544 4820 669 4867 sunt
713 4812 831 4865 libri
870 4820 1079 4866 veteres
1106 4811 1415 4866 Colbertini.
1443 4813 1625 4868 Codex
1657 4824 1840 4868 noster

285 4884 516 4940 secunda
533 4882 744 4949 quidem
764 4896 941 4949 manu,
966 4880 1060 4934 sed
1085 4885 1298 4948 antiqua
1322 4890 1526 4945 tamen,
1554 4883 1631 4936 sic
1657 4883 1834 4947 habet,

284 4971 389 5006 non
424 4948 684 5021 vero’quia
722 4948 785 5003 ab
813 4950 937 5021 aliis
952 4950 1177 5021 piscibus
1220 4952 1433 5021 exiguis,
1473 4960 1580 5006 etc.
1619 4950 1687 5005 Et
1722 4952 1839 5008 lucc

284 5023 446 5076 lectio
467 5019 629 5075 videri
658 5027 837 5086 potest
855 5020 1169 5088 quibusdam
1197 5019 1451 5088 mendosa
1473 5035 1682 5088 quoque
1703 5037 1838 5075 esse:

288 5107 386 5157 ego
416 5100 592 5143 tamen
619 5089 773 5141 aliter
800 5086 881 5141 de
905 5104 969 5141 ea
1002 5087 1205 5155 judico.
1238 5086 1373 5142 Puto
1418 5086 1574 5157 igitur
1598 5086 1841 5143 voculam

288 5108 317 5144 e
352 5108 386 5146 ο
416 5107 592 5143 tamen
619 5107 773 5141 auter
800 5107 866 5141 ue
905 5107 969 5141 ea
1002 5107 1205 5155 judico.
1238 5107 1373 5142 ruto
1418 5107 1574 5157 igitur
1601 5107 1839 5143 vocmam

286 5107 350 5212 αἱ
378 5160 481 5213 hoc
502 5159 619 5212 loco
648 5157 786 5227 idem
813 5157 989 5227 valere
1016 5157 1156 5225 quod
1178 5158 1422 5211 voculam
1450 5175 1577 5227 prce,
1605 5160 1701 5213 hac
1722 5176 1839 5213 sen-

286 5230 452 5282 tentia
477 5246 488 5279 :
523 5226 697 5293 Magni
725 5228 897 5295 pisces
915 5226 1161 5279 dicuntur
1179 5227 1356 5293 magni
1376 5226 1483 5280 non
1508 5243 1614 5295 prae
1643 5229 1846 5295 exiguis

325 5299 536 5360 iscibus,
564 5297 656 5351 sed
683 5294 823 5364 quod
844 5294 1042 5349 similes
1068 5302 1193 5349 sunt
1207 5297 1463 5350 montium
1491 5294 1842 5351 excelsorum.

330 5367 607 5421 articulam
636 5374 810 5418 autem
838 5364 901 5417 ab
952 5365 1237 5431 aliquando
1276 5364 1412 5417 sumi
1462 5382 1555 5432 pro
1583 5366 1843 5433 particula

282 5451 395 5505 prce
431 5435 758 5505 notissimum
782 5442 864 5505 est
891 5434 973 5487 vel
999 5449 1068 5505 ex
1087 5433 1253 5505 Luca,
1272 5433 1423 5505 cujus
1443 5435 1568 5488 illul
1597 5444 1679 5505 cst
1698 5451 1840 5497 xvtu,

289 5501 357 5556 Η
384 5522 397 5555 :
429 5503 559 5557 Dico
586 5501 742 5567 vobis,
790 5502 1046 5555 descendit
1077 5502 1156 5555 hic
1190 5503 1504 5572 justiﬁcalus
1540 5505 1593 5557 in
1639 5504 1840 5557 domum

285 5588 434 5630 suam
454 5572 517 5624 ab
545 5573 654 5635 illo,
671 5572 772 5625 hoc
792 5580 874 5625 est
900 5588 1006 5639 prae
1032 5571 1141 5625 illo.

358 5641 385 5679 ά
414 5641 548 5695 Editi
571 5651 624 5695 et
651 5657 804 5708 mss.,
845 5641 1101 5710 antiquum
1130 5649 1371 5711 pontum;
1405 5642 1496 5697 sed
1520 5658 1625 5697 non
1655 5642 1839 5697 dubito

1944 3223 2175 3283 sermoni
2205 3220 2515 3291 provenisse
2542 3219 2883 3289 probavimus
2900 3259 2915 3284 ,
2945 3218 3037 3287 qui
3079 3218 3205 3272 dum
3227 3233 3324 3288 per
3349 3233 3501 3273 crea-

1944 3322 2075 3368 turae
2102 3312 2343 3366 tramites
2370 3309 2527 3363 latius
2553 3317 2836 3376 evagatur,
2865 3307 3253 3362 multitudinem
3300 3308 3503 3363 relato-

1945 3417 2063 3457 rum
2086 3415 2244 3455 sensu
2272 3416 2378 3453 non
2406 3398 2648 3468 percipit.
2676 3397 2782 3451 Sed
2825 3410 3127 3465 quanquam
3170 3397 3240 3451 sit
3285 3396 3506 3466 cupidus

1946 3490 2192 3546 audiendi
2219 3497 2387 3545 ccetus
2414 3487 2718 3553 astantium,
2736 3485 3224 3556 jucundissimaque
3258 3486 3506 3541 cordibus

1946 3596 2131 3635 eorum
2157 3579 2399 3633 videatur
2435 3576 2821 3631 dominicam
2872 3574 3107 3630 narratio
3151 3574 3503 3641 mirabilium;

1948 3682 2127 3727 tamen
2155 3671 2245 3725 hic
2264 3668 2422 3724 linem
2448 3667 2672 3723 facimus
2698 3665 3013 3729 disserendi,
3036 3666 3280 3735 sequenti
3315 3665 3402 3720 die
3419 3661 3507 3721 ré-

1949 3763 2098 3817 sidua
2125 3760 2323 3815 fenoris
2349 3758 2593 3814 soluturi.
2622 3756 2773 3811 Nunc
2792 3770 2919 3810 vero
2937 3755 3092 3811 simul
3114 3770 3301 3810 omnes
3312 3756 3509 3823 gratias

1948 3869 2110 3923 super
2126 3852 2208 3907 his
2226 3865 2345 3920 qum
2364 3849 2504 3904 dicta
2524 3854 2648 3902 sunt
2664 3846 2985 3901 referamus:
3010 3852 3064 3899 et
3082 3844 3505 3915 supplementum

1951 3958 2134 3999 eorum
2157 3956 2274 4010 quae
2292 3940 2467 3994 minus
2485 3937 2851 4007 explicuimus,
2873 3935 3223 4006 postulemus,
3245 3935 3508 4004 faciatque

1953 4050 2051 4090 nos
2078 4034 2216 4087 inter
2243 4032 2385 4101 ipsas
2407 4029 2594 4100 epulas
2621 4027 2920 4090 reminisci,
2949 4040 3069 4095 qua:
3095 4025 3182 4079 vel
3208 4040 3393 4092 mane,
3421 4025 3508 4079 vel

1953 4124 2017 4177 ad
2044 4135 2319 4191 vesperam
2366 4126 2550 4174 noster
2594 4115 2783 4171 affatus
2828 4115 3177 4186 exprompsit,
3218 4129 3509 4184 eorumque

1952 4212 2261 4266 memoriam
2300 4208 2568 4262 coharrere
2596 4207 2766 4270 vobis,
2796 4206 2956 4259 etiam
2982 4218 3102 4259 cum
3129 4220 3317 4259 somno
3354 4203 3510 4271 quie-

1958 4303 2120 4368 scitis,
2135 4308 2188 4355 et
2204 4300 2518 4355 suavitatem
2542 4311 2700 4367 quam
2729 4294 2959 4350 interdiu
2983 4295 3315 4366 percepistis,
3335 4294 3509 4347 noctis

1868 4542 1915 4600 D
1943 4542 2068 4610 quin
2115 4540 2367 4595 mendum
2421 4539 2493 4592 sit
2530 4538 2903 4610 librariorum,
2927 4533 3157 4610 qui_pro
3196 4528 3507 4610 Atlanticum

1941 4600 2267 4680 scripserunt
2305 4611 2570 4680 antiquum
2610 4607 2913 4680 Grmce,__;6
2939 4600 3509 4680 :Atlarrtxou.‘SL1l.i‘lll

1939 4670 2092 4734 Colb.
2123 4670 2440 4741 secundus,'
2466 4686 2728 4729 tumentes.
2770 4672 2872 4725 Alii
2923 4670 3029 4725 duo
3082 4682 3210 4721 mss.
3252 4674 3306 4720 et
3360 4670 3509 4731 editi,

1941 4757 2178 4802 tumente.

2015 4828 2037 4855 ο
2069 4817 2212 4870 Libri
2238 4819 2496 4884 impressi,
2522 4822 2573 4884 et
2589 4813 2693 4884 _hoc
2720 4810 3122 4884 permittimum:
3141 4806 3205 4884 {at
3230 4818 3360 4884 mss.
3383 4802 3508 4866 duo,

1938 4894 2100 4955 etper
2123 4887 2215 4939 IiOC
2246 4873 2526 4938 minimum.
2559 4882 2681 4937 Mox
2707 4873 2855 4943 editi,
2884 4878 3077 4946 xipius.
3101 4873 3244 4929 Libri
3274 4882 3505 4935 veteres,

1936 4956 2113 5025 tri/ius;
2140 4955 2199 5025 ln
2220 4955 2432 5025 Gratgo,
2454 4955 2634 5025 ξιφίσςς.

2025 5005 2738 5093 t"li—liliivet77(3'ol'bVIprimus,
2764 5026 2814 5093 et
2851 5013 3329 5093 gertwndefunctw;
3361 5005 3509 5093 Alter

1949 5090 2124 5154 Colb.,
2155 5104 2203 5164 et
2228 5109 2367 5145 ceres
2395 5078 2666 5159 defunctw.
2692 5078 3079 5164 _S_ed_librarii,
3117 5078 3211 5164 Qui
3240 5079 3391 5164 falso
3403 5078 3508 5164 sibi

1947 5152 2337 5229 persuasissent
2364 5152 2677 5229 seriuonem
2692 5158 2778 5211 hic
2804 5156 2871 5229 de
2909 5168 3051 5208 novo
3082 5152 3260 5229 aliquo
3284 5152 3509 5229 piscium

1948 5214 2619 5296 generein—stitutnodum
2666 5228 2719 5279 in
2766 5226 2943 5296 scirpo
2978 5214 3508 5296 qumsierunt._Vetus

1948 5286 2134 5370 noster
2159 5300 2344 5370 codex,
2373 5286 2421 5351 et
2448 5286 2891 5370 certedefunctw;
2909 5286 3013 5370 hoc
3050 5297 3131 5370 est
3159 5299 3208 5343 et
3252 5286 3509 5370 defuncta

1948 5369 2137 5438 utique.
2168 5368 2383 5435 Legitur
2402 5367 2541 5436 apud
2565 5364 2816 5438 Basiliam
2833 5406 2847 5428 ,
2878 5367 2959 5417 καὶ
2986 5364 3174 5418 ταύτης
3196 5364 3391 5438 νεκρᾶς.

2020 5427 2048 5482 σί
2072 5427 2379 5505 Εᾱίῐί,ἦιιὶιι
2399 5427 2540 5490 sane.
2573 5435 2714 5488 Libri
2733 5427 2959 5505 veteres,
2985 5440 3033 5484 et
3053 5444 3195 5505 sane.
3222 5427 3506 5505 Aliquanto

1948 5514 2070 5573 post
2096 5498 2295 5559 editi-et
2316 5506 2467 5559 Colb.
2508 5505 2727 5572 primus,
2759 5504 2825 5555 ad
2862 5511 3051 5555 cerlum
3093 5498 3258 5551 locum
3298 5498 3507 5574 minime

1948 5575 2242 5643 dirigentes.
2274 5575 2439 5643 Alxer
2476 5574 2651 5635 Colb.,
2702 5574 2769 5624 ad
2810 5582 2998 5643 certum
3053 5583 3251 5620 cursum
3296 5577 3505 5616 nuntmc

1946 5641 2236 5713 dirigentes.
2271 5642 2426 5696 Liber
2455 5651 2633 5697 noster
2656 5651 2801 5696 vetus
2829 5641 2905 5694 uti
2926 5641 2976 5692 in
2998 5646 3271 5692 contextu.
