3824 6214
294 346 400 406 947

1253 354 1596 412 ΑΡΡΕΝΟΙΧ
1631 357 1920 417 OPERUM
1956 356 2019 413 Β.
2060 356 2304 413 BASILII
2342 354 2579 413 MAGNl.

3449 359 3553 419 942

324 493 536 549 quoque
555 480 818 535 ruminare
841 488 1106 549 tempore;
1137 488 1198 533 ut
1220 480 1297 534 ita
1314 480 1480 535 liceat
1506 479 1657 534 vobis
1673 479 1868 542 dicere,
1905 485 1950 542 Α
1976 490 2091 540 nor,
2142 492 2283 534 nunc
2336 484 2392 532 et
2435 490 2647 548 semper
2667 515 2682 541 ,
2736 484 2790 531 et
2845 492 2899 535 tn
2944 474 3135 533 saecula
3191 467 3514 533 anciliorum

323 567 438 641 Ege
463 569 659 625 dormio
685 578 735 624 et
759 585 847 622 cor
863 585 1029 623 meum
1050 569 1228 638 vigilat
1269 567 1453 639 (Cant.
1476 585 1541 630 v,
1571 567 1635 638 2)
1652 608 1669 633 ,
1697 566 1871 622 medi-

323 659 488 715 tando
513 658 599 714 die
618 665 885 729 noctuque
910 659 1081 727 legem
1108 659 1337 724 Domini,
1363 660 1450 714 cui
1486 660 1654 726 gloria
1692 666 1749 712 et
1774 659 1873 712 bo-

1968 565 2174 625 Amen.

327 759 3491 794 ,____________________._________________________

1271 838 1740 945 LIBER
1821 839 2226 943 ΟΟΤΑ
2254 840 2340 944 ν
2371 841 2568 947 US.

301 1017 311 1053 ε
376 1010 539 1084 743
570 1008 624 1065 l.
644 1007 712 1061 Et
727 1005 859 1060 dixit
878 1003 1048 1058 Deus:
1073 998 1264 1070 Ejiciat
1284 1007 1426 1051 terra
1439 995 1670 1084 animam
1687 1007 1875 1047 secun-

303 1083 428 1158 dum
444 1117 604 1172 genus
620 1116 640 1153 :
655 1094 1045 1166 quadrupedes,
1062 1102 1111 1146 et
1126 1095 1407 1157 serpentes,
1424 1094 1473 1140 et
1496 1083 1683 1138 bestias
1698 1097 1877 1138 secun-

303 1200 428 1251 dum
448 1208 630 1266 genus.
647 1189 713 1244 Et
731 1189 932 1259 factum
966 1183 1153 1238 estsic.
1178 1179 1332 1236 Venit
1358 1174 1645 1249 praeceptio
1671 1173 1875 1266 passim

304 1264 586 1360 gradiens,
600 1293 655 1338 et
670 1280 875 1348 recepit
888 1289 1030 1333 terra
1046 1273 1323 1345 proprium
1337 1283 1363 1312 ι
1381 1264 1876 1360 cursum.lbi_jussit

312 1358 471 1438 aquas
491 1367 675 1438 ejicere
698 1366 899 1434 reptilia
924 1365 1213 1418 animarum
1242 1362 1466 1417 vivarum
1498 1377 1515 1414 :
1544 1360 1649 1425 hic,
1677 1358 1872 1429 Ejiciat

313 1470 449 1515 terra
472 1459 698 1512 animam
727 1458 909 1511 vivam.
935 1454 1168 1510 Putasne
1195 1468 1322 1522 ergo
1352 1438 1433 1508 est
1460 1454 1691 1508 animata
1717 1451 1875 1506 tellus

312 1557 367 1603 et
392 1549 540 1604 locus
567 1548 887 1618 praebebitur
930 1545 1227 1613 vaniloquis
1271 1543 1593 1607 Manichaeis,
1645 1544 1874 1598 animam

314 1647 470 1693 terra:
498 1637 694 1692 dandi?
722 1637 840 1692 Non
885 1634 1219 1699 omnimodis,
1275 1635 1398 1701 quia
1442 1634 1607 1699 dixit,
1654 1633 1868 1703 Ejiciat,

312 1729 456 1797 quod
478 1730 532 1784 in
556 1729 672 1798 ipsa
696 1736 829 1793 erat,
848 1726 1050 1792 eduxit,
1072 1724 1163 1780 sed
1183 1726 1324 1780 Deus
1344 1726 1434 1794 qui
1461 1726 1869 1795 prmceptionetn

1978 999 2050 1052 lia
2077 999 2218 1053 enim
2247 999 2539 1054 animarum
2578 1001 2812 1055 vivarum
2850 1002 3116 1071 produxit,
3156 1008 3215 1055 ut
3256 999 3533 1071 Scriptura

1977 1087 2258 1157 signiﬁcat,
2280 1088 2333 1143 in
2349 1091 2685 1144 terrestribus
2710 1099 2886 1146 autem
2908 1092 3081 1145 anima
3107 1105 3302 1161 corpus
3321 1106 3533 1160 regens,

1975 1179 2216 1246 generari
2244 1188 2509 1249 pmcepta
2537 1188 2638 1246 est,
2667 1188 2868 1251 utpote
2890 1197 3007 1251 quae
3033 1183 3152 1252 plus
3180 1182 3401 1238 viviﬁcaa
3432 1184 3534 1237 vir-

1976 1268 2103 1322 tutis
2129 1271 2533 1338 assumpserint,
2560 1285 2861 1340 quanquam
2890 1273 3002 1341 ipsa
3029 1287 3239 1341 quoque
3262 1273 3533 1331 terrestria

1972 1358 2077 1412 sint
2096 1358 2494 1424 irrationabilia,
2515 1368 2691 1414 tamen
2721 1362 3132 1430 unumquodque
3160 1377 3345 1416 eorum
3365 1362 3533 1417 multa

1974 1464 2070 1517 per
2096 1450 2392 1503 naturalem
2411 1465 2596 1504 vocem
2616 1466 2776 1520 super
2802 1452 2961 1506 animi
2980 1452 3228 1520 passione
3248 1451 3532 1521 signiﬁcat.

1973 1539 2102 1593 Nam
2130 1548 2184 1594 et
2216 1539 2452 1595 lartitiam
2471 1549 2525 1595 et
2552 1557 2854 1606 maerorem,
2879 1553 2931 1596 et
2954 1542 3202 1607 inediam,
3232 1551 3287 1597 et
3313 1557 3533 1612 separa-

1971 1630 2169 1684 tionem
2197 1646 2434 1697 suorum,
2465 1632 2743 1701 variasque
2778 1633 3051 1688 molestias
3076 1649 3210 1688 voce
3237 1634 3533 1697 declarant,

1971 1734 2093 1774 cum
2130 1721 2349 1789 aquaria
2379 1736 2485 1776 non
2513 1721 2531 1759 ί
2562 1723 2734 1778 solum
2777 1731 2945 1788 muta,
2974 1722 3066 1779 sed
3094 1725 3255 1777 etiam
3308 1722 3535 1778 immitia

313 1819 479 1884 dedit,
508 1820 671 1873 etiam
704 1819 954 1873 virtutem
982 1824 1137 1870 terrm
1165 1815 1350 1869 tribuit
1379 1815 1654 1870 educendi.
1689 1812 1870 1880 Neque
1902 1821 1943 1877 Β
1971 1812 2074 1865 sint
2093 1819 2150 1865 et
2175 1811 2408 1879 indocta,
2431 1820 2486 1866 et
2512 1812 2579 1866 ad
2603 1828 2811 1866 omnem
2836 1814 2959 1867 vita:
2984 1813 3293 1868 societatem
3312 1828 3534 1882 prorsus

314 1908 341 1945 ι’
372 1908 515 1962 enim
542 1923 663 1963 cum
694 1906 951 1974 audisset,
978 1914 1037 1960 ut
1062 1905 1282 1959 herbam
1322 1906 1645 1973 germinaret
1670 1902 1797 1968 feni,
1823 1911 1878 1957 et

313 1996 512 2063 lignum
531 1996 877 2059 fructuosum,
909 1994 1080 2050 latens
1119 1995 1257 2049 intra
1276 2010 1336 2050 se
1354 1995 1620 2059 videlicet,
1652 1994 1875 2048 herbam

315 2084 422 2142 feni
470 2094 673 2141 tantum
702 2084 942 2156 protulit,
982 2099 1081 2139 nec
1104 2085 1330 2154 palmas,
1360 2092 1454 2138 aut
1496 2084 1738 2150 esculos,
1785 2089 1879 2137 aut

315 2192 611 2248 cypressos,
643 2177 696 2230 in
721 2176 831 2231 suis
857 2175 1101 2229 abstrusa
1129 2173 1348 2239 sinibus,
1382 2173 1449 2227 ad
1493 2188 1721 2243 superna
1747 2186 1878 2241 pro-

313 2268 497 2335 duxit;
524 2267 616 2321 sed
645 2281 821 2321 sermo
834 2264 1042 2318 divinus
1063 2263 1393 2318 nascentium
1411 2261 1650 2331 profecto
1670 2268 1881 2316 creator

313 2365 418 2413 est.
448 2355 711 2410 Cerminet
732 2364 887 2419 terra,
917 2369 1025 2408 non
1050 2360 1111 2406 ut
1137 2352 1280 2422 quod
1315 2351 1566 2413 habebat,
1596 2350 1876 2415 educeret;

316 2445 410 2501 sed
431 2454 489 2500 ut
514 2445 658 2513 quod
681 2459 790 2500 non
819 2444 1040 2498 haberet
1064 2450 1375 2506 assumeret,
1407 2441 1516 2497 Deo
1535 2441 1737 2496 scilicet
1757 2452 1885 2507 ope-

318 2535 541 2593 rationis
569 2534 620 2588 ci
644 2533 915 2603 praebente
943 2531 1211 2587 virtutem.
1237 2530 1325 2584 Sic
1367 2538 1423 2584 et
1448 2528 1609 2584 modo
1643 2546 1655 2581 :
1686 2526 1880 2598 Ejiciat

317 2628 548 2682 animum
586 2641 605 2679 :
639 2640 745 2679 non
775 2638 892 2679 eam
919 2637 1037 2691 qua:
1064 2621 1339 2678 recondita
1367 2630 1484 2676 erat
1511 2622 1563 2674 in
1592 2627 1754 2683 terra,
1785 2618 1879 2673 sed

316 2730 438 2785 quae
465 2715 542 2769 illi
583 2728 614 2767 a
643 2714 755 2769 Deo
780 2713 974 2768 collata
1001 2720 1084 2767 est
1107 2727 1204 2781 per
1229 2711 1554 2765 mandatum.
1588 2710 1781 2764 Deinde
1824 2709 1878 2762 in

319 2805 644 2863 contrarium
670 2803 970 2857 Manichteis
990 2817 1167 2857 sermo
1202 2799 1485 2856 vertendus
1511 2808 1613 2854 est.
1642 2799 1698 2854 Si
1735 2799 1879 2854 enim

319 2896 550 2953 animam
579 2908 738 2962 quam
775 2892 1006 2946 habebat
1048 2891 1205 2945 tellus
1231 2891 1433 2956 eduxit,
1464 2889 1725 2944 exanimis
1763 2889 1877 2958 ipsa

320 2986 460 3042 facta
480 2991 581 3038 est.
613 2981 721 3036 Sed
744 2996 926 3035 eorum
948 2979 1159 3047 quidem
1182 2979 1564 3035 detestabilitas
1602 2986 1729 3033 nota
1754 2978 1879 3032 sub-

322 3076 447 3136 inde
474 3085 576 3133 est.
614 3075 746 3131 Illud
780 3089 908 3131 sane
935 3074 1228 3139 videamus,
1256 3088 1353 3128 cur
1378 3087 1529 3141 aquae
1548 3073 1709 3141 jussu:
1753 3078 1880 3126 sunt

1974 1902 2276 1957 hominibus
2312 1903 2684 1957 intractabilia.
2719 1903 3025 1974 Recoynovit
3064 1905 3152 1958 bos
3188 1919 3536 1974 possessorem

1975 2009 2141 2059 suum,
2169 2002 2219 2046 et
2245 1995 2418 2048 asinus
2445 2011 2669 2063 prtescpe
2688 1996 2879 2049 domini
2917 1997 2995 2049 sui
3024 1993 3174 2064 (Isai.
3200 2012 3237 2059 ι,
3266 1994 3345 2062 5),
3373 1995 3534 2064 piscis

1976 2088 2104 2138 vero
2144 2099 2414 2153 nunquam
2459 2085 2633 2153 potuit
2677 2098 2998 2153 cognoscere
3040 2085 3360 2138 nutrimenta
3396 2099 3537 2153 ρης

1976 2182 2225 2231 stantem.
2271 2174 2521 2244 intelligit
2548 2177 2724 2231 asinus
2750 2183 2804 2230 et
2842 2176 3070 2230 hominis
3097 2184 3403 2229 consuetam
3433 2191 3534 2230 vo-

1977 2278 2113 2325 cem,
2138 2263 2287 2319 novit
2312 2264 2415 2317 iter
2434 2265 2575 2332 quod
2602 2265 2796 2334 saepius
2835 2265 3143 2331 ambulavit,
3166 2263 3538 2332 interdumque

1975 2351 2081 2407 dux
2126 2351 2185 2404 iit
2231 2352 2480 2419 agitatori
2508 2368 2624 2415 suo,
2653 2368 2774 2408 cum
2799 2353 3087 2418 erraverit,
3119 2352 3183 2406 ad
3211 2352 3537 2406 audiendum

1975 2441 2049 2495 ita
2074 2442 2419 2498 vehementer
2442 2452 2644 2507 acutus,
2674 2453 2733 2498 ut
2773 2445 2976 2498 nullum
3006 2445 3056 2498 ei
3083 2445 3251 2514 possit
3270 2444 3337 2498 de
3363 2451 3539 2498 terre-

1976 2533 2171 2587 stribus
2193 2535 2509 2602 comparari.
2552 2533 2797 2587 Camelus
2842 2534 3004 2588 habet
3044 2548 3257 2602 semper
3290 2541 3540 2587 tenacem

1975 2622 2284 2677 memoriam
2331 2623 2630 2690 malorum;
2670 2631 2724 2678 et
2775 2624 2841 2677 ad
2889 2624 3213 2679 iracundiam
3257 2624 3451 2690 gravis,
3482 2631 3540 2680 et

1976 2726 2322 2781 perseverans
2341 2721 2439 2767 est.
2466 2713 2705 2782 Denique
2723 2713 2769 2767 si
2795 2713 2954 2768 fuerit
2980 2730 3281 2784 percussus,
3308 2715 3401 2769 diu
3427 2714 3541 2768 dis-

1975 2802 2222 2858 simulato
2258 2803 2462 2869 dolore,
2516 2819 2637 2860 cum
2688 2806 2885 2874 reperit
2912 2815 3268 2875 opportunum
3296 2816 3539 2875 tempus,

1978 2894 2177 2948 illatam
2198 2897 2442 2965 protinus
2469 2895 2680 2965 reponit
2706 2884 2971 2964 inju'riam.
3001 2897 3107 2952 Sed
3132 2898 3275 2952 hunc
3302 2897 3447 2952 nulla
3472 2895 3541 2951 de

1977 2984 2194 3041 marinis
2214 2985 2403 3041 belluis
2423 2986 2676 3041 imitatur.
2700 2985 2891 3041 Audite
2906 2987 3084 3054 igitur,
3107 2986 3345 3042 iracundi
3364 2985 3542 3040 homi-

1978 3090 2091 3141 nes,
2129 3075 2218 3143 qui
2245 3075 2665 3132 recordationem
2693 3075 2892 3130 dudum
2922 3076 3151 3132 laesionis
3177 3084 3406 3145 acceptae
3437 3090 3543 3144 pro

322 3168 535 3235 reptilia
554 3167 794 3221 vivarum
836 3166 1129 3221 animarum
1166 3162 1494 3234 producere,
1518 3162 1675 3216 tellus
1698 3170 1876 3215 autem
1903 3163 1949 3226 C
1976 3165 2172 3221 virtute
2223 3166 2453 3221 maxima
2498 3164 2773 3229 aﬁectatis,
2805 3167 2889 3222 cui
2924 3167 3110 3223 bellua:
3150 3168 3349 3223 similes
3375 3168 3542 3221 habe-

323 3258 556 3315 animam
607 3256 803 3311 vivam.
836 3254 1166 3309 Arbitramur
1201 3254 1360 3322 igitur
1403 3268 1470 3307 eo
1506 3250 1649 3321 quod
1695 3260 1883 3307 natura

325 3345 623 3403 natantium
666 3355 687 3383 ο
736 3342 1099 3413 imperfectam
1127 3341 1515 3413 quodammodo
1534 3349 1752 3411 putatur
1788 3341 1884 3396 ha-

325 3435 452 3492 bere
474 3436 638 3490 vitam
662 3452 675 3486 :
707 3434 778 3489 ob
799 3435 903 3489 hoc
928 3433 1053 3503 quia
1089 3432 1375 3488 crassiores
1402 3438 1526 3486 sunt
1553 3444 1719 3498 aquae.
1750 3429 1882 3483 Nam

327 3527 556 3595 denique
583 3524 785 3579 tardior
812 3523 1021 3578 auditus
1049 3530 1131 3575 est
1157 3521 1512 3576 animantibus
1549 3521 1603 3574 in
1630 3533 1764 3587 aqua
1790 3519 1885 3573 de-

322 3617 585 3685 gentibus,
625 3624 681 3670 et
706 3616 850 3670 visus
873 3614 1114 3670 hebetior
1131 3655 1147 3682 ,
1175 3620 1233 3667 ut
1271 3620 1397 3683 pote
1423 3627 1521 3683 per
1547 3626 1738 3691 aquam
1763 3625 1883 3666 cer—

327 3706 521 3772 nendo,
551 3722 654 3762 nec
692 3705 799 3761 ulla
849 3704 988 3775 apud
1016 3720 1110 3761 eos
1134 3703 1161 3741 ά
1183 3704 1456 3770 memoria,
1490 3703 1573 3757 vel
1623 3702 1881 3772 opinatio,

324 3796 411 3851 vel
448 3797 647 3865 agnitio
694 3804 776 3851 est
801 3796 1183 3865 proximorum.
1231 3794 1478 3848 Declarat
1531 3807 1659 3861 ergo
1710 3807 1884 3846 sermo

323 3885 554 3949 divinus,
594 3885 717 3955 quia
766 3886 875 3939 vita
929 3885 1158 3940 carnalis
1204 3885 1543 3953 aquariorum
1579 3882 1887 3938 moderatur

327 3976 491 4031 animi
517 3976 861 4032 motionibus.
892 3975 1022 4029 Nam
1052 3975 1105 4028 in
1135 3975 1410 4042 terrigenis
1432 3973 1634 4037 bestiis,
1663 3987 1779 4041 qua:
1805 3973 1888 4025 vi-

326 4074 438 4123 tam
462 4065 831 4136 perfectiorem
857 4067 1057 4121 sortita:
1083 4073 1224 4131 sunt,
1249 4067 1454 4120 animus
1479 4064 1717 4134 corporis
1743 4064 1883 4118 obti—

327 4165 423 4211 net
446 4157 819 4227 principatum.
845 4156 1054 4211 Etenim
1084 4171 1270 4211 sensus
1297 4171 1480 4210 earum
1518 4155 1756 4224 vegetior
1782 4162 1882 4218 est,

326 4244 715 4315 manifestaque
766 4246 1013 4300 animalia
1041 4260 1163 4300 cum
1208 4246 1549 4315 praesentium
1600 4244 1886 4298 maximam

328 4349 513 4388 curam
540 4343 747 4401 gerant,
780 4341 910 4389 tunc
941 4333 1222 4401 diligenter
1248 4332 1558 4386 memoriam
1584 4331 1889 4386 custodiunt

328 4429 737 4479 transactorum.
788 4422 934 4478 Unde
978 4422 1417 4478 considerandum
1454 4430 1536 4476 est
1571 4421 1761 4490 "quod
1807 4422 1887 4490 pi-

1979 3254 2128 3317 mini,
2153 3254 2366 3322 quando
2389 3256 2662 3324 proprium
2712 3256 2903 3321 bilem,
2946 3266 2971 3304 ε
3014 3264 3263 3313 tanquam
3305 3258 3542 3325 aliquam

1981 3344 2260 3401 scintillam
2289 3345 2467 3401 cinere
2495 3347 2745 3415 sopitam,
2765 3361 2932 3416 usque
2971 3362 3037 3402 eo
3058 3348 3296 3403 retinetis
3318 3348 3370 3402 in
3413 3363 3543 3403 cor—

1980 3435 2151 3501 dibus,
2180 3451 2453 3504 quousque
2481 3437 2623 3491 nacti
2652 3436 3003 3501 occasionem,
3048 3437 3289 3494 stimulos
3315 3436 3541 3502 doloris,

1978 3526 2125 3582 velut
2153 3527 2439 3594 igniculum
2480 3541 2725 3597 parvum,
2748 3526 2930 3581 fomite
2968 3527 3226 3584 nutritum
3272 3527 3542 3582 suscitatis

1981 3616 2035 3670 in
2063 3615 2347 3671 ﬂammam.

2049 3706 2102 3760 2.
2135 3706 2327 3778 Ejiciat
2357 3716 2492 3762 terra
2519 3708 2747 3762 animum
2773 3709 2952 3762 vivam.
2982 3705 3091 3761 Cur
3127 3715 3267 3760 terra
3287 3706 3542 3777 producit

1983 3798 2210 3853 animam
2233 3797 2447 3851 vivam?
2472 3804 2530 3850 ιιι
2547 3795 2896 3851 diderentiam
2924 3795 3096 3850 discas
3117 3796 3305 3851 anima:
3330 3796 3543 3865 pecoris

1982 3887 2339 3956 hominisque.
2394 3884 2463 3939 Et
2505 3885 2666 3954 paulo
2716 3883 2930 3953 quidem
2979 3885 3196 3939 inferius
3246 3898 3543 3951 cognosces

1982 3974 2253 4047 quomodo
2298 3974 2472 4030 anima
2515 3976 2585 4029 sit
2610 3974 2840 4028 hominis
2868 3975 3153 4030 constituta
3186 3992 3197 4027 :
3230 3988 3373 4028 nunc
3409 3989 3542 4028 vero

1983 4064 2105 4118 audi
2131 4064 2198 4118 de
2226 4064 2400 4118 anima
2420 4072 2704 4129 mutorum,
2727 4066 2850 4132 quia
2875 4064 3162 4119 secundmn
3184 4063 3537 4133 Scripturam,

1983 4163 2292 4210 cunctorum
2346 4154 2650 4208 animalium
2696 4154 2873 4208 anima
2916 4155 3129 4221 sanguis
3155 4162 3237 4209 est
3272 4156 3539 4224 proprius.

1986 4245 2210 4315 Sanguis
2234 4254 2411 4301 autem
2432 4246 2638 4314 gelatus
2664 4246 2901 4301 converti
2925 4246 3062 4300 solet
3077 4247 3127 4301 in
3147 4262 3384 4314 carnem,
3414 4262 3543 4301 caro

1986 4346 2162 4391 autem
2184 4345 2435 4406 corrupta
2464 4337 2601 4391 redit
2630 4336 2681 4390 in
2707 4345 2921 4392 terram.
2970 4336 3159 4392 Merito
3208 4352 3335 4405 ergo
3365 4337 3543 4392 tabida

1985 4436 2067 4480 est
2097 4426 2271 4480 anima
2296 4427 2676 4495 jumentorum.
2717 4425 2913 4496 Ejiciat
2936 4437 3069 4481 terra
3106 4430 3331 4481 animam
3360 4430 3545 4482 vivam.

325 4514 497 4569 scium
519 4516 730 4584 quidem
760 4529 985 4584 corpora
1009 4514 1240 4567 animata
1261 4513 1512 4582 produxit
1536 4527 1673 4581 aqua
1692 4514 1885 4581 :repti-
1914 4506 1960 4564 D
1991 4516 2118 4570 Vide
2139 4506 2577 4584 consequentiam
2606 4514 2630 4552 ιι
2655 4515 2844 4570 anima:
2883 4518 2948 4571 ad
2971 4518 3302 4586 sanguinem,
3333 4518 3546 4585 sangui-

398 4634 422 4662 ι
444 4624 581 4682 Editi
609 4636 664 4679 et
704 4641 855 4691 mss.,
889 4626 1171 4695 proprium_
1192 4639 1412 4695 cursum.
1435 4622 1542 4695 sed
1583 4639 1688 4695 non
1732 4624 1883 4695 facile

327 4696 515 4751 adduci
535 4704 745 4764 potero,
783 4703 842 4748 ut
880 4691 1096 4764 credam,
1119 4691 1463 4764 .Eustathium
1486 4693 1556 4746 ita
1586 4693 1879 4764 scripsisse.

329 4764 458 4820 Mihi
472 4759 652 4818 nescio
665 4763 933 4832 quomodo
944 4759 1351 4832 verisimiliusrﬁt
1365 4777 1512 4832 eum,
1538 4777 1602 4815 ex
1624 4759 1886 4818 Basiliano

329 4834 440 4898 illo,
472 4836 554 4888 τὸν
582 4830 781 4902 κόσριρν,
831 4830 1071 4885 eil‘ecisse
1112 4839 1168 4902 et
1192 4831 1464 4902 scripsisse
1511 4847 1754 4902 casinum,
1786 4832 1889 4885 hoc

328 4911 414 4956 est
439 4900 679 4956 ornatum
692 4901 970 4971 ;_librarios
990 4915 1117 4954 vero
1142 4900 1422 4954 insolentia
1449 4901 1596 4955 vocis
1614 4900 1886 4971 deceptos,

328 4988 396 5026 cx
423 4987 649 5026 casinum
674 4968 911 5025 effecisse
936 4985 1157 5022 cursum.

401 5039 428 5079 1)
450 5040 566 5095 Vox
585 5044 720 5094 enim
747 5055 813 5094 ex
840 5039 985 5093 libris
1010 5037 1276 5092 veteribus
1306 5036 1479 5091 addita
1509 5046 1607 5092 est.

405 5121 428 5147 '-
451 5109 590 5164 Editi
612 5119 667 5163 et
684 5108 843 5178 Colb.
854 5107 1071 5178 primus,
1089 5109 1382 5178 perfectam,
1396 5107 1687 5178 reluctante
1706 5105 1891 5178 (irreco

329 5187 490 5247 atque
506 5179 787 5232 renitente.
812 5176 991 5230 Codex
1012 5176 1212 5241 noster,
1224 5177 1536 5245 imperfecta.
1551 5177 1698 5231 Alter
1713 5176 1863 5232 Colb.
1875 5219 1887 5240 ,

328 5250 696 5319 imperfectam.
720 5247 922 5319 Graece,
947 5248 1294 5319 auitae-risz

403 5315 427 5353 δ
453 5315 616 5382 Editi,
640 5315 948 5386 memorialis
968 5315 1192 5386 opinatio
1212 5315 1287 5368 vel
1303 5315 1496 5386 agnitio
1516 5316 1885 5386 proximorum.

330 5384 498 5461 Vetus
516 5394 705 5461 noster
724 5385 895 5461 codex
938 5394 993 5438 et
1029 5384 1179 5461 Colb.
1208 5384 1497 5461 secundus,
1518 5384 1769 5461 ‘ntemoria
1811 5384 1888 5437 vel

331 5457 561 5524 Opinatia
587 5455 662 5508 vel
682 5455 877 5524 agnitio
900 5463 976 5507 est
995 5453 1381 5523 proximorum}
1406 5453 1548 5522 quod
1575 5469 1883 5523 expressum

333 5531 419 5580 est
443 5540 511 5595 ex
535 5523 733 5595 Graecis
754 5525 877 5595 illis,
898 5525 1466 5595 pvnyn..._eavra_aia...
1500 5527 1787 5595 iri-ivvencis.

409 5606 432 5633 ο
462 5594 675 5663 Antiqui
703 5594 807 5649 duo
831 5592 945 5648 libri
974 5592 1403 5663 considerandum
1442 5601 1519 5645 est
1544 5595 1679 5663 qu_ia,
1711 5593 1887 5663 minus

334 5664 546 5734 quidem
574 5660 738 5728 recte,
755 5664 848 5719 sed
867 5664 936 5718 ob
961 5663 1011 5716 id
1035 5663 1210 5731 potius
1223 5660 1563 5786 credie‘polest
1585 5661 1888 5715 Eustathius

334 5732 414 5786 ita
437 5733 642 5786 locutus
668 5733 846 5786 fuisse.
871 5732 1154 5786 Aliquanto
1198 5738 1321 5786 post
1417 5730 1492 5786 ili.
1522 5731 1632 5786 iam
1660 5747 1883 5786 αυινητιρ.

331 5730 414 5794 ita
437 5733 642 5794 locutus
668 5733 846 5795 fuisse.
870 5730 1154 5809 Aliquanto
1198 5738 1321 5789 nost
1350 5730 1492 5797 editi,
1522 5731 1632 5805 ipsa
1660 5747 1883 5805 (νη-ητις.

1985 4626 2329 4700 AntitLuiduo
2357 4627 2494 4692 libri,
2516 4629 2636 4700 ipsa
2660 4645 2872 4700 quoque.

2066 4694 2085 4734 ί
2128 4694 2284 4761 Editi,
2317 4713 2417 4749 non
2445 4694 2607 4749 solum
2635 4694 2813 4751 multa.
2857 4696 2998 4750 Libri
3025 4705 3250 4762 veteres,
3283 4707 3453 4760 muta;
3493 4704 3548 4752 et

1992 4764 2064 4852 inte
2111 4765 2501 4852 leginoportere‘
2526 4774 2710 4833 aperte
2752 4765 3000 4852 ostendit]
3029 4765 3350 4852 Basiliaan
3396 4766 3543 4830 illud,

1991 4832 2183 4905 ἄφωναξ
2207 4832 2370 4886 Paulo
2387 4843 2506 4900 post
2527 4832 2681 4888 vetus
2698 4843 2878 4887 noster
2903 4835 3069 4888 codex
3096 4845 3151 4888 et
3177 4835 3327 4889 Colb.
3352 4850 3547 4890 secun-

1992 4904 2109 4972 dus,
2134 4902 2499 4967 intractabilia,
2524 4904 2678 4957 bene.
2706 4902 2843 4956 Editi
2867 4911 2921 4958 et
2941 4902 3093 4972 Colb.
3118 4905 3336 4972 primus,
3362 4912 3547 4958 tracta.

1992 4971 2131 5035 bilia,
2159 4973 2322 5047 invito
2337 4972 2543 5037 Graeco,
2562 4976 2983 5047 ἀμεταχείριστα.
3010 4971 3243 5028 Subinde
3261 4973 3367 5027 duo
3391 4988 3548 5039 mss.,

1991 5049 2153 5111 potest
2166 5042 2478 5111 dignoscere.

2065 5120 2091 5157 ε
2130 5108 2320 5180 Addita
2350 5118 2431 5164 est
2457 5125 2562 5180 vox
2610 5108 2835 5180 aliquant
2879 5125 2945 5165 ex
2977 5110 3124 5164 libris
3152 5111 3399 5179 antiquis.
3432 5110 3550 5164 Ali-

1989 5188 2193 5300 ?qanto
2240 5178 2374 5233 infra
2416 5178 2567 5233 Colb.
2617 5178 2898 5245 secundus,
2930 5182 3141 5251 sanguis
3167 5178 3335 5234 autem
3359 5196 3552 5251 conge.

2010 5265 2141 5300 aus.

2010 5256 2141 5301 atus.

2059 5315 2087 5354 ιι
2116 5317 2172 5371 ln
2194 5316 2349 5371 editis
2371 5324 2425 5370 et
2450 5316 2502 5370 in
2522 5314 2671 5371 Colb.
2694 5317 2866 5387 primo
2891 5325 3137 5387 corrupte
3157 5318 3349 5385 legitur
3373 5321 3553 5373 anima

1989 5386 2059 5440 ad
2083 5387 2402 5457 sanguinem,
2449 5388 2657 5457 sanguis
2685 5386 2753 5457 ad
2798 5403 3022 5457 carnem,
3052 5386 3174 5441 caro
3219 5388 3288 5440 ad
3324 5395 3554 5457 terram;

1992 5464 2047 5526 at
2075 5455 2415 5509 emendatein
2438 5455 2561 5509 aliis
2580 5456 2785 5510 duobus
2812 5455 3082 5511 codicibus
3119 5457 3372 5526 scriptum
3402 5455 3557 5510 inve-

1992 5525 2185 5589 nimus,
2221 5527 2408 5578 anima:
2443 5526 2510 5577 ad
2548 5527 2880 5594 sanguinem,
2912 5534 3038 5587 etc.,
3079 5534 3137 5580 ut
3177 5525 3240 5579 iu
3275 5534 3551 5580 contextu.

1993 5594 2217 5669 Basilius
2243 5595 2471 5669 scripsit,
2489 5596 2666 5669 κιρχῆς
2688 5597 2811 5669 1:166;
2828 5595 2970 5665 αἷμα,
2993 5598 3336 5669 αῖματρς-ξπρρς
3361 5598 3555 5669 σάρκα,

1995 5663 2255 5787 etc.;dho§
2286 5665 2403 5720 ipso
2446 5665 2497 5720 in
2522 5663 2641 5720 loco
2663 5663 3118 5727 editLrenetendo.
3318 5663 3556 5732 veteres,

1996 5748 2113 5787 reae
2151 5749 2214 5786 an
2255 5750 2306 5787 ο.

1996 5748 2306 5807 repedando.
