3824 6214
193 301 307 355 N9

944 281 1314 343 EUSTATHII
1354 279 1760 337 HEXAEMERI
1800 273 2288 332 METAPIIRASIS
2322 270 2522 327 LIBER
2569 269 2701 328 VIII.

3340 283 3451 340 959

203 407 292 461 nis
313 402 386 457 ad
405 417 638 468 carnem,
656 401 830 458 carnis
851 400 918 455 ad
941 406 1160 454 terram.
1181 397 1481 465 Iterumque
1501 398 1776 451 resolvens
1810 401 1849 456 Α
1880 399 2172 455 differentia
2196 413 2294 465 est,
2328 403 2452 469 quia
2481 403 2656 456 nullus
2701 403 2884 456 alitum
2913 401 3030 456 sine
3073 400 3296 472 pedibus
3321 415 3446 458 esse.

203 495 347 558 haec,
381 493 496 547 redi
531 493 834 562 repedando
861 506 955 561 per
981 490 1191 554 eadem,
1233 489 1292 542 id
1323 495 1406 542 est
1433 488 1500 542 de
1529 497 1668 541 terra
1706 487 1774 540 ad

202 599 451 649 carnem,
469 598 500 636 a
521 598 680 638 carne
696 583 747 636 in
768 583 1099 648 sanguinem,
1124 597 1154 635 a
1175 581 1495 648 sanguinein
1518 581 1774 643 animam,

203 686 267 732 et
294 677 539 730 invenies
563 675 684 743 quia
712 689 966 743 pecorum
995 674 1203 726 animus
1233 682 1375 727 terra
1406 681 1504 728 est.
1535 673 1642 728 Nec
1661 688 1775 726 eam

208 767 458 838 opineris
485 767 839 834 antiquiorem
869 779 988 820 esse
1007 765 1314 820 substantia:
1341 767 1632 822 corporalis
1663 767 1779 816 illo-

186 872 318 910 rum
346 873 358 907 :
386 851 552 923 744
568 869 665 904 nec
683 863 709 890 ⁸
728 860 1062 920 exspectare,
1082 856 1142 902 ut
1156 861 1274 900 cum
1290 843 1782 914 corporeoissolva-

193 959 308 1000 tur.
333 945 484 1013 Fuge
502 942 846 1014 garrulitates
859 939 1046 994 anxias
1059 937 1516 1009 philosophorum,
1533 935 1620 1004 qui
1637 945 1782 990 asse-

206 1046 336 1085 rere
366 1047 472 1085 non
494 1031 814 1086 erubescunt
840 1048 964 1086 suas
992 1046 1284 1098 caaumque
1319 1034 1520 1084 animas
1557 1030 1780 1083 similem

209 1131 405 1176 tenere
425 1122 678 1191 speciem.
708 1120 983 1191 Siquidem
1011 1121 1326 1190 profitentur
1346 1121 1504 1174 etiam
1534 1120 1785 1174 mulieres

208 1226 274 1267 se
300 1213 604 1281 quondam,
644 1213 847 1282 pisces,
893 1212 1214 1280 fruticesque
1255 1212 1434 1266 fuisse.
1468 1211 1577 1280 Ego
1605 1222 1782 1266 autem

210 1303 263 1357 si
284 1301 504 1357 fuerunt
525 1302 806 1371 aliquando
827 1302 1014 1371 pisces.
1039 1301 1186 1370 quod
1210 1317 1318 1355 non
1346 1301 1585 1366 credam;
1606 1310 1784 1355 tamen

215 1393 348 1448 dum
378 1395 481 1448 ista
510 1393 838 1456 scriberent,
871 1392 1341 1447 irrationabiliores
1367 1392 1598 1460 piscibus
1623 1392 1786 1444 habe-

212 1484 434 1539 bantur.
465 1483 661 1553 Ejiciat
689 1492 825 1536 terra
846 1484 1072 1535 animam
1099 1484 1280 1536 vivam.
1297 1480 1469 1546 Quare
1485 1482 1644 1548 igitur
1665 1497 1788 1550 pas-

216 1577 322 1628 sim
350 1583 599 1630 currente
619 1589 885 1639 sermone,
909 1574 1084 1628 subito
1106 1589 1211 1627 non
1231 1573 1380 1627 brevi
1402 1582 1644 1641 tempore
1667 1587 1789 1626 con-

215 1667 488 1731 ticuerim,
536 1665 694 1720 credo
739 1665 921 1718 mirari
950 1664 1232 1718 nonnullos
1277 1663 1582 1727 astantium,
1613 1677 1786 1730 quan-

217 1773 387 1828 quam
440 1757 858 1812 studiosissimos
908 1757 1176 1811 auditores
1205 1772 1310 1810 non
1339 1755 1570 1810 arbitror
1604 1769 1790 1809 causas
1821 1739 1866 1798 Β

219 1848 478 1915 ignorare
507 1847 732 1912 silentii;
763 1847 959 1916 quippe
987 1846 1076 1915 qui
1098 1852 1342 1915 respectu
1387 1852 1626 1912 nutuque
1654 1843 1794 1896 inter

220 1953 283 1992 se
312 1938 572 2002 vicissim,
597 1937 664 1990 ad
693 1936 1005 1991 memoriam
1029 1952 1128 1991 nos
1155 1951 1357 2001 eorum,
1389 1949 1508 2004 qua:
1549 1933 1792 1988 intermi-

218 2030 392 2084 simus
413 2028 758 2083 reduxerunt.
773 2027 986 2082 Certum
1008 2029 1149 2082 enim
1173 2035 1377 2097 partem
1402 2033 1660 2082 creatum
1686 2039 1793 2078 non

219 2114 534 2174 vilissimam
563 2134 698 2187 pene
728 2117 753 2156 δ
775 2118 1538 2187 prmterivimusindiscussam.
1563 2115 1795 2186 Ejiciaut

220 2225 376 2280 aqua:
421 2209 624 2279 reptilia
669 2210 962 2262 animarum
1013 2209 1262 2272 vivarum,
1311 2207 1586 2261 secundum
1613 2222 1792 2276 genus,

221 2309 275 2354 et
299 2298 534 2354 volatilia
560 2297 788 2352 volantia
813 2297 904 2351 sub
924 2299 1250 2368 ﬁrmamento
1274 2296 1406 2351 coeli.
1439 2307 1460 2335 ε
1482 2295 1796 2350 Dixeramus

221 2389 471 2460 superius
503 2389 570 2443 de
605 2388 931 2454 natantibus,
958 2394 1213 2456 quantum
1248 2395 1456 2458 tempus
1482 2387 1798 2457 permiserat

221 2479 622 2548 vespertinum;
672 2476 832 2531 hodie
892 2477 1179 2532 transimus
1231 2477 1297 2531 ad
1350 2477 1797 2532 examinationem

221 2570 582 2624 terrestrium.
615 2568 721 2624 Sed
750 2570 955 2623 interea
983 2583 1082 2624 nos
1103 2569 1157 2623 in
1178 2568 1484 2622 narratione
1510 2567 1684 2622 media
1703 2583 1799 2622 vo-

222 2660 402 2715 lucres
440 2658 755 2727 effugerunt.
809 2658 1146 2728 Quapropter
1191 2657 1433 2712 imitandi
1478 2669 1602 2712 sunt
1646 2659 1799 2713 nobis

227 2751 486 2808 obliviosi
513 2751 766 2813 viatores,
791 2749 881 2820 qui
911 2765 1032 2804 cum
1067 2748 1265 2818 aliquid
1296 2749 1347 2803 in
1375 2750 1651 2803 mansione
1678 2749 1801 2803 reli-

222 2841 447 2912 querint
492 2839 812 2908 pretiosum,
844 2838 1086 2908 quamvis
1131 2839 1418 2892 maximam
1459 2845 1663 2907 partem
1702 2839 1800 2892 via:

223 2931 622 3003 progrediendo
651 2929 1013 2996 confecerint,
1056 2938 1400 2984 revertuntur
1432 2948 1445 2983 :
1478 2929 1694 2998 dignum
1723 2929 1801 2983 la-

224 3023 416 3078 borem
441 3036 550 3075 sua:
578 3020 916 3090 negligentiae
944 3019 1276 3089 perferentes
1306 3037 1318 3072 :
1363 3018 1390 3056 ἀ
1441 3021 1520 3075 sic
1555 3029 1612 3074 et
1648 3019 1799 3074 nobis

227 3130 328 3186 per
376 3113 625 3169 eumdem
653 3127 813 3184 quem
841 3113 1084 3168 venimus
1124 3114 1314 3169 callem
1340 3112 1668 3168 redeundum
1699 3121 1799 3168 est.
1829 3095 1872 3156 (ἶ

224 3205 414 3275 Neque
427 3205 569 3260 enim
591 3203 994 3273 contemptibile
1015 3202 1254 3272 estquod
1277 3203 1582 3258 omisimus:
1603 3211 1660 3256 ut
1681 3211 1804 3272 pote

226 3309 351 3366 qua:
379 3295 535 3350 tertia
563 3295 742 3365 portio
770 3294 842 3349 sit
868 3294 1176 3348 animalium
1205 3301 1478 3358 creaturae.
1520 3294 1651 3347 Nam
1707 3295 1802 3348 tria

226 3399 430 3464 genera
471 3393 595 3439 sunt
648 3384 1016 3448 animantium,
1067 3383 1419 3446 terrestrium,
1487 3384 1801 3448 volatilium,

225 3477 578 3531 marinorum.
615 3475 865 3546 Ejiciant,
891 3476 1076 3547 inquit,
1111 3493 1255 3546 aquae
1283 3477 1487 3546 reptilia
1513 3479 1805 3530 animarum

225 3569 458 3620 vivarum
477 3566 753 3620 secundum
785 3583 966 3637 genus,
1004 3575 1053 3620 et
1083 3566 1310 3620 volatilia
1338 3567 1564 3620 volantia
1592 3567 1682 3620 sub
1711 3567 1807 3636 [ir-

226 3665 490 3709 mamento
528 3655 638 3709 caeli
691 3656 968 3710 secundum
1017 3673 1192 3726 genus.
1224 3653 1332 3710 Cur
1378 3658 1537 3726 igitur
1582 3673 1646 3711 ex
1693 3658 1804 3712 ele-

227 3753 418 3800 mento
464 3747 659 3810 maris,
709 3746 894 3801 avibus
937 3761 1154 3815 quoque
1208 3748 1537 3802 nativitatem
1591 3748 1806 3802 tribuit?

231 3838 372 3904 Quia
401 3837 548 3892 velut
589 3837 818 3894 affinitas
868 3837 1110 3907 quaedam
1138 3838 1443 3894 volucribus
1488 3839 1716 3894 habetur
1754 3848 1809 3893 et

231 3929 487 4000 piscibus.
536 3928 687 3984 Sicut
714 3929 855 3984 enim
903 3929 1076 3998 pisces
1103 3944 1306 3998 aquam
1344 3939 1530 3985 secant
1575 3931 1808 3984 motibus

231 4021 440 4078 uiarum
470 4021 522 4075 in
543 4022 720 4090 priora
743 4020 1039 4084 tendentes,
1074 4023 1256 4077 cauda:
1285 4038 1414 4078 vero
1441 4023 1804 4091 gubernaculo

235 4112 407 4169 flexus
435 4113 670 4180 dirigunt
721 4113 988 4181 proprios,
1015 4113 1087 4166 ita
1133 4121 1188 4168 et
1235 4128 1360 4167 aves
1387 4129 1566 4167 aerem
1619 4114 1807 4183 pennis

238 4203 533 4257 creduntur
561 4203 793 4258 natando
821 4218 1184 4272 perrumpere.
1235 4202 1376 4272 Ergo
1401 4205 1652 4272 quoniam
1702 4220 1804 4258 una

239 4294 540 4364 proprietas
578 4295 632 4347 in
671 4307 868 4361 genere
913 4301 1142 4362 utroque
1171 4294 1388 4348 natandi
1417 4303 1517 4358 est,
1551 4307 1572 4332 ε
1620 4296 1806 4350 eadem

241 4382 350 4439 illis
379 4383 541 4437 etiam
569 4383 803 4453 suppetit
827 4397 894 4437 ex
932 4398 1070 4452 aqua
1105 4385 1372 4452 cognatio.
1405 4384 1644 4451 Quorum
1695 4387 1808 4442 haec

1880 501 2074 560 potest,
2104 501 2309 561 utpote
2331 493 2421 562 qui
2452 504 2656 562 pastum
2687 501 3088 562 consequuntur
3115 508 3154 547 θ
3191 499 3355 556 terra,
3383 499 3444 546 et

1878 583 1948 636 ob
1977 583 2078 637 hoc
2106 585 2405 636 necessario
2427 583 2620 652 pedum
2647 585 2926 652 potiuntur
2949 575 3222 650 obsequio.
3243 581 3437 650 Rapto-

1878 674 2026 728 ribus
2053 680 2230 727 autem
2274 675 2434 728 etiam
2463 674 2715 742 unguium
2764 674 2936 737 acies,
2967 673 3032 727 ad
3058 672 3444 728 eonvectandas

1877 764 2084 834 prtedas
2123 764 2526 819 accommodata
2569 774 2668 819 est.
2696 765 2824 818 Nam
2859 765 3065 819 caneris
3088 773 3195 818 tam
3221 773 3444 832 propter

1880 855 2144 907 alimonize
2169 862 2449 923 qumstum,
2473 869 2634 922 quam
2664 862 2883 924 propter
2911 855 3066 908 aliam
3091 853 3212 906 vita:
3239 853 3426 921 dispen

1881 946 2141 999 sationem
2165 946 2358 1014 pedum
2383 947 2675 1000 ministeria
2706 955 2830 1000 sunt
2860 947 3073 1001 tributa.
3105 945 3292 1001 Paucze
3317 959 3447 999 vero

1882 1037 2056 1091 avium
2098 1036 2266 1106 pedes
2314 1038 2526 1092 inutiles
2552 1038 2767 1102 habent,
2822 1053 2994 1106 neque
3034 1039 3238 1106 gressui
3271 1051 3446 1104 neque

1884 1127 2098 1182 venatui
2145 1136 2492 1196 opportunos,
2525 1127 2664 1182 sicut
2690 1126 3031 1189 hirundines,
3076 1140 3452 1194 meropesque,

1883 1216 2074 1284 quibus
2102 1231 2223 1270 esca
2252 1216 2368 1270 solo
2391 1217 2656 1285 praebetur
2676 1231 2741 1270 ex
2760 1231 2903 1270 aere.
2930 1215 3035 1270 Sed
3057 1213 3286 1268 hirundo
3313 1213 3450 1268 solet

1884 1307 2067 1362 volare
2104 1307 2423 1376 depressior,
2477 1316 2780 1376 terramque
2832 1321 2970 1376 pene
3016 1307 3343 1374 contingere,
3393 1311 3452 1359 ut

1885 1413 1984 1466 per
2008 1398 2110 1451 hoc
2136 1413 2287 1452 usum
2311 1399 2503 1469 pedum
2519 1397 2762 1452 videatur
2789 1398 3024 1467 explere.

1954 1488 2007 1542 5.
2034 1488 2168 1542 Sunt
2189 1503 2317 1542 sane
2345 1489 2510 1542 multa
2548 1502 2742 1556 genera
2771 1504 2910 1557 qute,
2953 1489 2997 1541 si
3040 1487 3158 1556 quis
3186 1501 3251 1540 eo
3288 1485 3448 1540 modo

1887 1581 2118 1635 voluerit
2137 1581 2405 1650 explicare
2428 1595 2536 1648 quo
2559 1595 2658 1632 nos
2687 1579 2908 1647 piscium
2943 1577 3331 1630 multitudinem
3354 1590 3450 1644 pro

1890 1676 2041 1737 parte
2078 1669 2456 1738 descripsimus
2485 1708 2499 1731 ,
2550 1668 2783 1721 inveniet
2828 1682 2992 1720 unum
3033 1665 3246 1734 quidem
3275 1665 3453 1718 avium

1892 1767 2203 1813 cunctarum
2225 1758 2473 1826 generale
2513 1757 2850 1819 vocabulum,
2899 1755 2992 1810 sed
3021 1754 3273 1823 plurimas
3296 1753 3351 1806 in
3378 1753 3460 1806 bis

1893 1847 2237 1912 differentias,
2259 1848 2342 1902 vel
2366 1848 2597 1910 habitus,
2613 1847 2698 1900 vel
2727 1845 2744 1883 τ
2779 1844 3179 1914 magnitudinis,
3208 1843 3294 1898 vel
3315 1842 3460 1896 colo-

1894 1941 1985 1996 ris.
2016 1941 2145 1994 Nam
2173 1949 2228 1995 et
2247 1955 2476 2001 morum,
2501 1947 2556 1993 et
2576 1949 2812 2002 actuum,
2839 1945 2894 1991 et
2915 1938 3084 1991 victus
3106 1935 3266 1989 nimia
3294 1934 3462 1988 diver-

1894 2034 2053 2088 sitate
2097 2033 2356 2086 distincta:
2396 2039 2536 2086 sunt.
2583 2029 2808 2096 Quidam
2858 2037 3035 2082 autem
3083 2026 3463 2081 afl‘ectaverunt

1896 2122 2197 2178 nominibus
2223 2123 2363 2175 circa
2391 2135 2483 2175 eas
2527 2121 2605 2174 uti
2633 2120 2814 2182 variis,
2844 2127 2903 2172 ut
2939 2127 3190 2186 tanquam
3220 2132 3316 2186 per
3336 2116 3460 2168 inu-

1895 2214 2050 2269 sitata
2095 2211 2266 2279 sigilla
2296 2225 2444 2264 nov:e
2487 2209 2846 2276 inauditceque
2884 2207 3294 2276 nuncupationis
3331 2220 3460 2273 pro-

1895 2305 2094 2376 prietas
2114 2304 2166 2357 in
2189 2301 2410 2369 singulis
2435 2300 2711 2354 volucrum
2743 2298 3027 2365 generibus
3056 2306 3080 2344 α
3111 2303 3451 2364 agnoscatur.

1897 2394 2002 2450 Sed
2029 2394 2180 2448 nobis
2201 2391 2467 2447 sufﬁciens
2486 2388 2915 2457 estsignificatio,
2941 2387 3007 2441 ad
3033 2386 3344 2455 qualitatem
3374 2399 3468 2438 cu-

1893 2486 2086 2554 jusque
2112 2484 2323 2552 generis
2363 2479 2823 2551 contemplandam
2843 2519 2858 2544 ,
2889 2491 3122 2546 ususque
3170 2474 3468 2534 communis

1899 2578 2227 2647 Scriptum,
2276 2591 2395 2645 qua:
2440 2576 2665 2629 mundas
2719 2570 3128 2640 immundasque
3191 2568 3467 2623 discernit.

1899 2668 2056 2726 Aliud
2103 2668 2244 2722 enim
2273 2673 2354 2721 est
2395 2679 2562 2733 genus
2589 2679 2775 2718 earum
2814 2677 2932 2732 qum
2974 2675 3134 2717 carne
3156 2665 3459 2722 vescuntur,

1899 2759 2110 2826 aliaque
2132 2755 2322 2821 forma,
2352 2756 2462 2810 suis
2485 2768 2785 2823 congruens
2811 2752 3047 2807 moribus
3078 2769 3091 2804 :
3123 2751 3316 2805 habent
3329 2748 3471 2805 enim

1900 2849 2122 2903 falcatos
2150 2857 2370 2916 ungues,
2413 2847 2680 2900 obuncum
2723 2852 2989 2907 rostrum,
3020 2843 3258 2898 volatum
3285 2841 3470 2911 perni-

1899 2955 2041 3003 cem,
2073 2955 2183 3008 quo
2213 2937 2390 3006 prmda
2430 2937 2584 2991 citius
2627 2935 2887 3004 capiatur,
2918 2934 3288 3002 discerptaque
3325 2932 3473 3003 pedi-

1901 3028 2020 3092 bus,
2046 3027 2256 3082 facilem
2284 3026 2462 3081 cibum
2485 3034 2736 3094 suggerat
2763 3025 2988 3094 captori.
3021 3023 3136 3077 Alia
3162 3025 3367 3093 species
3393 3031 3475 3078 est

1905 3132 2090 3172 earum
2112 3131 2230 3186 qua:
2251 3115 2540 3169 seminibus
2564 3115 2868 3168 nutriuntur
2887 3151 2902 3176 ,
2935 3121 2990 3168 et
3018 3112 3122 3166 alia
3150 3127 3334 3166 earum
3357 3127 3477 3181 quas

1903 3225 2003 3279 pro
2029 3208 2284 3262 alimonia
2311 3207 2613 3276 percipiunt
2639 3205 2895 3276 quidquid
2930 3219 3086 3260 casus
3113 3204 3384 3259 obtulerit.
3413 3203 3478 3257 Et

1903 3303 1958 3356 in
1988 3302 2073 3356 his
2101 3315 2286 3354 rursus
2306 3299 2540 3353 maxima
2582 3297 2878 3353 differentia
2909 3304 3009 3350 est.
3042 3295 3294 3362 Quaedam
3336 3296 3478 3350 enim

1902 3399 2029 3447 sunt
2054 3389 2315 3458 gregales,
2348 3388 2586 3457 exceptis
2613 3386 3016 3458 praedatricibus
3045 3403 3058 3440 :
3083 3400 3310 3454 quarum
3333 3385 3478 3439 nulla

1903 3499 2025 3539 cum
2046 3483 2163 3536 aliis
2185 3488 2380 3552 prteter
2399 3481 2600 3536 coitum
2627 3480 2880 3534 sociatur.
2905 3477 3034 3532 Alite
3077 3486 3202 3533 sunt
3241 3493 3478 3532 commu-

1904 3574 2045 3628 niter
2071 3573 2331 3634 viventes,
2365 3572 2502 3626 sicut
2528 3570 2809 3636 columbm,
2844 3569 3034 3633 stumi,
3059 3582 3238 3635 grues,
3267 3577 3324 3622 et
3348 3582 3474 3635 gra-

1905 3661 2042 3715 culi:
2075 3675 2140 3715 ex
2168 3660 2362 3728 quibus
2391 3658 2632 3729 qutedam
2660 3659 2775 3712 sine
2805 3657 3032 3712 ducibus
3074 3657 3358 3721 habentur,
3387 3672 3476 3711 se-

1905 3753 2160 3822 metipsas
2179 3760 2446 3819 regentes,
2469 3751 2584 3804 alia:
2608 3750 2706 3805 sub
2728 3749 3096 3804 moderamine
3115 3749 3478 3814 continentur,

1907 3853 1966 3898 ut
1993 3858 2174 3913 grues.
2207 3842 2303 3897 Est
2331 3843 2493 3896 etiam
2541 3842 2596 3894 in
2637 3841 2714 3894 eis
2743 3839 2845 3893 alia
2875 3839 3147 3907 discretio,
3189 3839 3484 3895 secundum

1907 3950 2068 4004 quam
2097 3942 2272 3988 certas
2293 3932 2533 3986 videmus
2580 3930 2813 3984 advenas
2841 3944 2975 3993 esse,
3009 3929 3142 3983 alias
3189 3928 3480 3996 indigenas.

1905 4025 2198 4081 Nonnullas
2217 4025 2394 4078 hieme
2421 4022 2795 4091 compellente,
2832 4018 2858 4056 ιι
2888 4035 3048 4075 causa
3072 4028 3274 4089 pastus,
3305 4019 3370 4073 ad
3399 4035 3484 4088 pe~

1905 4117 2115 4185 regrina
2141 4114 2433 4170 discedere.
2477 4111 2753 4167 Plurimasu
2781 4119 3086 4165 mansuetas
3128 4110 3260 4176 ﬁeri,
3291 4119 3345 4164 et
3388 4125 3486 4179 pa-

1909 4208 2104 4260 tientes
2135 4223 2147 4257 :
2180 4204 2418 4273 exceptis
2447 4202 2844 4267 infirmioribus,
2874 4217 2992 4271 quae
3020 4213 3241 4270 propter
3269 4201 3484 4254 nimiam

1907 4299 2264 4361 timiditatem,
2296 4295 2770 4350 contrectationem
2822 4309 3012 4346 manus
3040 4300 3310 4361 nequeunt
3339 4291 3475 4344 tole-

1914 4405 2053 4444 rare.
2081 4388 2210 4442 Alia:
2241 4388 2379 4440 inter
2406 4387 2648 4440 homines
2677 4383 3034 4450 diversantur,
3081 4383 3266 4437 iisdem
3293 4382 3486 4451 quibus

315 4553 341 4582 ι
370 4540 502 4613 Illud
540 4555 630 4613 nec
668 4548 962 4613 easpectare
1000 4548 1057 4592 ut
1083 4556 1435 4613 cumgcorppre
1483 4541 1800 4598 dissolvatur.

1918 4543 2116 4609 Graece,
2149 4543 2393 4613 o~3rw32ai
2417 4545 2536 4613 ἡμῖν
2567 4545 2634 4602 ὡς
2662 4541 2794 4613 eius
2833 4546 2922 4613 τὴν
2966 4542 3118 4598 αὐτὴν
3161 4541 3307 4613 milia
3334 4539 3486 4610 βαδι-

244 4630 351 4672 non
398 4612 528 4666 satis
570 4610 828 4677 intelligo.
854 4609 1074 4663 Videtur
1103 4609 1486 4665 omissafuisse
1525 4627 1554 4664 a
1583 4613 1811 4667 librariis

243 4683 436 4738 vocula
464 4696 567 4750 nor.
597 4697 615 4733 :
645 4694 736 4732 nec
761 4686 1057 4750 exspectare
1083 4688 1138 4750 ut
1176 4695 1290 4731 cum
1330 4682 1542 4750 corpore
1569 4697 1670 4733 non
1701 4683 1812 4735 dis-

243 4754 491 4809 solvatur.
510 4749 720 4814 Quanto
743 4749 933 4802 clarius
956 4749 1068 4803 haec
1098 4749 1344 4816 leguntur
1372 4751 1510 4818 apud
1538 4750 1810 4818 Basilium,

245 4823 398 4891 cujus
425 4819 563 4894 ha:0_
587 4825 729 4894 sunt,
759 4825 834 4877 Μὴ
860 4822 1027 4894 νόμιζε
1058 4817 1558 4894 πρεςϐ-έτέθαίεῖναι
1606 4830 1695 4881 τῆς
1723 4817 1812 4877 τοῦ

243 4887 480 4962 σώματος
511 4891 672 4963 αὐτῶν
696 4887 1055 4963 ᾐπρστάάεῳ-ς,
1087 4887 1652 4963 ῥιηδέᾼέπὶδιαμένουσαν
1687 4895 1816 4963 μετά

246 4957 336 5021 rm}
356 4971 447 5020 τῆς
474 4961 662 5030 σαρκὸς
693 4957 940 5030 diuina-tv,
973 4957 1106 5011 Cave
1141 4957 1413 5030 existimes
1444 4957 1820 5013 animam'cou-

248 5029 768 5101 stitutione‘rorporis
795 5029 1022 5101 ipsorum
1050 5029 1368 5082 vetustiorem
1387 5045 1516 5091 esse,
1541 5041 1627 5082 aut
1656 5033 1819 5101 ipsum

247 5107 364 5171 post
388 5098 564 5171 geritis
593 5097 1323 5171 dissolutionempermanere.

287 5168 347 5250 ,ιι
386 5165 556 5231 Editi,
589 5168 925 5236 praterimus.
971 5165 1188 5235 Antiqui
1233 5168 1340 5222 duo
1386 5167 1533 5234 libri,
1580 5170 1814 5240 praeteri-

247 5253 433 5293 rimus.

328 5323 346 5345 υ
389 5305 542 5360 Colb.
563 5304 854 5376 secundus,
878 5305 1173 5359 dixeramus
1201 5308 1430 5376 superius
1446 5307 1508 5360 de
1535 5309 1818 5361 nativitati-

253 5377 348 5429 bus
377 5375 749 5445 aquatibilium.
792 5374 983 5428 Statim
1027 5377 1176 5439 editi,
1204 5374 1454 5430 invitandi
1503 5387 1638 5430 sunt.
1680 5377 1820 5430 Libri

252 5456 484 5509 veteres,
514 5447 752 5498 imitandi
797 5453 934 5509 sunt,
979 5446 1109 5500 satis
1155 5446 1552 5502 accommodate
1580 5448 1644 5501 ad
1673 5446 1821 5501 Gne-

258 5520 559 5588 CIII_|I,_xa1.-a't
586 5515 1063 5588 ropcﬁvrtlu'a'poua;
1091 5524 1188 5569 τῶν
1217 5515 1506 5588 ὁδοιπόρων.

329 5583 363 5656 ᾗ*Δ
393 5583 585 5656 Totum
602 5584 728 5656 illud
749 5586 822 5637 sic
847 5591 894 5636 et
914 5583 1068 5656 nobis
1082 5601 1172 5656 per
1191 5583 1421 5638 eumdem
1441 5603 1584 5656 quem
1606 5587 1826 5640 venimus

259 5651 444 5709 callem
471 5655 781 5710 redeundum
801 5660 897 5718 est,
919 5651 1214 5709 addidimus
1229 5669 1294 5710 ex
1317 5651 1508 5713 nostris
1537 5658 1805 5712 codicibus

1919 4617 2081 4669 στέον.
2129 4613 2252 4667 Mox
2280 4610 2772 4675 Colbﬁsecundus,
2813 4611 3111 4663 elementum
3140 4610 3334 4678 maris;
3382 4626 3488 4678 quo

1920 4683 2166 4752 exemplo
2194 4698 2377 4736 rursus
2404 4681 2707 4752 confirmari
2736 4688 2912 4752 potest
2950 4678 3091 4752 quod
3119 4677 3376 4752 diximus,
3402 4677 3490 4752 li:

1922 4748 2178 4816 brarium,
2209 4767 2330 4805 cum
2359 4758 2576 4819 recepta
2622 4748 2783 4803 lectio
2804 4750 2852 4803 ei
2884 4766 2988 4803 non
3010 4748 3260 4817 placeret,
3289 4749 3489 4816 aliquid

1924 4822 2213 4880 identidem
2237 4821 2304 4874 de
2331 4835 2428 4878 suo
2458 4820 2783 4874 immutasse.
2900 4887 2914 4888 γ
2971 4883 2976 4888 ι

2000 4903 2023 4928 υ
2062 4890 2220 4952 Editi,
2253 4899 2300 4942 et
2327 4888 2505 4942 eadem
2548 4889 2640 4942 illa
2688 4889 2862 4941 etiam.
2894 4887 3036 4941 Libri
3084 4895 3291 4940 veteres
3330 4887 3399 4939 ita
3432 4895 3490 4939 ut

1927 4960 2190 5015 edendum
2217 4959 2538 5012 curavimus.
2570 4957 2853 5025 Aliquanto
2878 4966 2998 5025 post
3025 4957 3170 5019 editi,
3204 4956 3492 5024 raptoribus

1927 5032 2094 5083 avium
2118 5030 2289 5083 etiam.
2333 5027 2478 5098 Libri
2524 5027 2746 5098 antiqui,
2777 5027 3068 5098 raptoribus
3085 5037 3261 5098 autem
3311 5027 3485 5098 etiam.

1923 5097 2033 5153 Nec
2053 5100 2125 5152 ita
2164 5101 2331 5152 multo
2379 5097 2511 5150 infra
2553 5095 2672 5151 libri
2703 5095 2972 5166 impressi,
3024 5097 3092 5148 ad
3132 5095 3493 5166 convertendus

1922 5169 2146 5237 prwdas.
2196 5169 2264 5220 At
2295 5169 2460 5221 nostri
2486 5176 2594 5220 tres
2621 5164 2843 5237 mss.,ud
2869 5164 3488 5237 consectandaSpra’das.

1997 5237 2016 5274 ί
2058 5235 2199 5290 Editi
2225 5247 2278 5290 et
2305 5238 2408 5290 duo
2455 5253 2604 5297 mss.,
2644 5236 2720 5290 vel
2747 5236 3124 5305 magnitudines
3141 5277 3160 5305 ,ί
3177 5233 3492 5305 vcl‘colcres.

1923 5306 2070 5362 Alius
2081 5323 2180 5360 ms.
2195 5307 2270 5360 vel
2281 5306 2645 5376 magnitudinis
2662 5306 2736 5358 vel
2750 5302 2953 5376 coloris,
2974 5305 3127 5376 bene.
3143 5303 3330 5358 Statim
3344 5302 3493 5360 editi,

1925 5379 1999 5431 uti
2014 5387 2070 5429 ut
2087 5387 2345 5447 tanquam.
2366 5375 2578 5447 Antiqui
2599 5375 2704 5447 duo
2721 5375 2860 5438 libri,
2880 5375 2951 5425 uti
2967 5375 3213 5447 rm'iis,__ut
3235 5381 3495 5447 tanquam.

2001 5456 2026 5493 8
2066 5441 2317 5501 lloc'loco
2339 5441 2534 5514 aliquid
2565 5445 2817 5496 muissum
2840 5451 2920 5514 est
2953 5453 3043 5495 aut
3071 5460 3099 5496 a
3134 5441 3381 5514 librariis,
3407 5447 3498 5495 aut

1931 5515 1998 5568 ab
2027 5514 2307 5569 Eustatliio
2337 5512 2470 5583 ipso.
2504 5513 2643 5578 Lege
2669 5514 2850 5583 homil.
2882 5512 2935 5574 8,
2966 5529 3112 5583 mnu.
3137 5513 3187 5583 3.

2001 5584 2026 5620 δ
2069 5584 2226 5651 Editi,
2273 5580 2431 5639 causa
2479 5591 2674 5654 partus.
2730 5581 2942 5652 Antiqui
2993 5581 3100 5636 duo
3147 5580 3294 5646 libri,
3343 5593 3498 5633 causa

1932 5665 2129 5722 pastus.
