3824 6214
334 263 431 320 951

1273 270 1617 328 APPENDIX
1658 261 1945 324 OPEBUM
1988 260 2047 313 S.
2084 255 2339 312 BASlLll
2379 254 2616 311 MAGNI.

3490 260 3607 314 953

344 371 1919 452 illidomiciliiscommaneutes,aliazlocisdesertisetmon-
1943 384 1985 439 A
2017 390 2138 436 tur:
2186 388 2370 454 utpote
2397 397 2530 449 quas
2571 380 2866 437 laboriosas
2911 390 2966 435 et
3008 389 3274 451 sapientes
3317 383 3577 439 vocitavit

349 481 498 536 tibus
517 477 679 551 745
694 478 1053 534 delectantur.
1072 478 1167 533 Est
1181 478 1342 534 etiam
1355 478 1547 532 avibus
1560 491 1752 546 magna
1767 473 1917 531 dill’e-

356 572 528 628 rentia
553 585 768 635 vocum,
809 576 865 625 et
889 584 987 624 sua
1035 569 1227 635 cuique
1252 567 1571 636 proprietas.
1603 563 1738 618 Sunt
1764 562 1910 616 enim

352 661 595 733 quaedam
636 660 888 727 loquaces
917 667 973 713 et
1005 658 1247 725 garrulae,
1279 657 1394 710 alia:
1422 656 1734 709 taciturum:
1778 666 1913 705 non-

351 752 511 804 nulla:
530 763 740 804 canorae
759 757 920 817 atque
943 748 1207 809 clamosa).
1229 754 1388 801 certa:
1412 743 1668 807 stridulm,
1693 741 1916 797 nullum-

350 855 456 907 que
483 838 696 907 penitus
724 836 980 890 habentes
1000 843 1232 889 cantum.
1257 834 1384 887 Alite
1414 833 1732 887 naturaliter
1757 846 1917 885 temu-

352 929 566 982 latrices
592 936 737 991 sunt,
760 926 843 980 vel
871 942 939 979 ex
966 927 1237 979 hominum
1265 923 1641 977 traditionibus
1668 920 1911 975 eruditae.

350 1017 483 1071 Alite
529 1016 764 1080 unicum,
794 1029 1170 1082 nunquamque
1214 1012 1523 1066 mutabilem
1550 1025 1739 1065 sonum
1767 1010 1917 1064 vocis

349 1107 568 1161 habent.
599 1106 853 1160 Lascivus
880 1112 962 1159 est
987 1104 1174 1170 gallus,
1200 1102 1423 1169 diligens
1443 1117 1601 1169 pavo,
1634 1099 1912 1154 libidinosa

349 1197 618 1263 columba,
646 1196 1043 1263 domesticaque
1063 1194 1275 1261 gallina.
1308 1194 1536 1247 Dolosus
1562 1200 1616 1246 et
1638 1192 1914 1261 zelotypus

350 1288 568 1356 perdix;
599 1286 970 1354 interdumque
995 1284 1313 1339 venantibus
1341 1282 1662 1345 hominibus,
1690 1280 1755 1335 ad
1783 1281 1915 1334 alio-

351 1394 470 1431 rum
495 1386 711 1446 captum
759 1376 1026 1430 malitiose
1052 1374 1419 1441 consentiens;
1451 1379 1506 1426 et
1534 1371 1752 1425 omnino
1772 1370 1907 1424 mul-

352 1470 517 1537 tiplex
546 1469 601 1522 in
648 1468 751 1522 illis
778 1475 988 1521 actuum
1015 1478 1329 1532 morumque
1355 1462 1606 1516 discretio
1635 1468 1735 1514 est.

422 1559 475 1613 4.
501 1559 637 1612 Sunt
674 1565 730 1612 ct
753 1566 897 1611 certa
927 1556 1175 1610 animalia
1199 1554 1421 1616 urbana,
1449 1552 1495 1606 si
1536 1559 1715 1605 tamen
1752 1550 1913 1603 urba-

355 1651 539 1704 nitatis
565 1657 648 1703 est
666 1649 735 1702 ad
772 1663 935 1702 unum
961 1658 1403 1713 communemque
1430 1643 1610 1705 linem,
1640 1640 1911 1710 operatio-

2014 475 2322 543 antiquitas.
2343 472 2420 527 lta
2439 472 2675 527 studiose
2700 473 2895 527 victum
2921 473 3196 542 proprium
3225 481 3574 540 reponentes,

2011 580 2236 633 quarum
2288 579 2435 628 usus,
2466 571 2576 617 tam
2623 562 2838 631 regibus
2863 577 3023 631 quam
3070 563 3292 632 privatis
3335 563 3575 617 remedia

2012 656 2200 712 salutis
2226 656 2480 725 impertit.
2512 654 2578 708 Et
2621 656 2731 721 sic,
2758 656 2883 723 quia
2911 657 2989 710 sic
3019 666 3040 694 ε
3062 656 3334 725 sapimter
3378 655 3575 710 horrea

2010 748 2185 802 mellis
2210 746 2489 800 mdilicant.
2524 744 2581 798 In
2610 753 2793 799 tenera
2822 746 2964 800 enim
3015 746 3321 801 membrana
3354 747 3574 801 crebras

2011 836 2215 901 thecas,
2243 835 2446 904 sibique
2473 835 2750 903 contiguas
2785 844 3066 890 exstruunt
3090 854 3102 889 :
3128 843 3188 890 ut
3214 852 3397 890 earum
3443 852 3574 892 con.

2011 924 2252 979 densatio
2300 925 2620 978 tenuissima:
2656 932 2808 979 textu
2837 926 3313 994 compaginationis
3341 934 3573 992 arctata,

2011 1023 2066 1069 et
2087 1015 2217 1068 fulta
2239 1015 2381 1068 velut
2408 1014 2725 1083 quibusdam
2755 1016 3018 1083 repagulis
3046 1030 3180 1084 opus
3206 1031 3366 1070 omne
3392 1024 3573 1071 conti-

2011 1112 2154 1158 neat.
2182 1102 2603 1173 Unumquodque
2632 1120 2759 1159 vero
2806 1105 3071 1173 spiramen
3108 1115 3295 1159 mutuo
3322 1108 3572 1160 strictum

2012 1207 2149 1246 nexu
2177 1200 2506 1245 sustentatur
2533 1192 2599 1245 ab
2640 1192 2765 1260 alio,
2792 1200 2848 1246 et
2896 1192 3234 1247 subtilissima
3273 1193 3573 1252 forulorum

2012 1281 2392 1351 interseptione
2412 1282 2721 1336 discluditur
2748 1300 2760 1336 :
2791 1284 2880 1352 qui
2905 1284 3064 1353 binis,
3087 1297 3178 1338 aut
3206 1287 3371 1340 ternis
3409 1302 3572 1357 super

2012 1393 2068 1430 se
2096 1384 2218 1430 sunt
2238 1376 2470 1430 ordinati
2492 1376 2825 1442 tegminibus.
2857 1377 3036 1445 Neque
3057 1379 3197 1433 enim
3225 1380 3457 1435 directas
3485 1380 3575 1440 vel

2007 1468 2277 1535 simplices
2304 1482 2648 1521 cavernarum
2689 1466 3076 1537 profunditates
3110 1469 3320 1524 efﬁcere
3364 1472 3571 1526 malue-

2010 1565 2153 1620 runt,
2186 1572 2254 1611 ne
2301 1558 2382 1611 sui
2423 1557 2661 1626 pondere
2687 1558 2911 1626 stipatus
2933 1558 3127 1612 humor
3150 1558 3174 1594 ἀ
3202 1570 3447 1614 manaret
3469 1576 3569 1615 ex-

2014 1648 2289 1702 trinsecus.
2318 1646 2476 1701 Disce
2514 1648 2784 1715 quomodo
2829 1648 3133 1714 geometria:
3172 1648 3460 1718 alfectatio,
3482 1666 3570 1705 sa-

356 1754 477 1793 nem
505 1738 797 1807 perducere
814 1736 1152 1817 ‘singulorum
1178 1751 1190 1785 :
1220 1734 1360 1787 sicut
1404 1733 1456 1786 in
1504 1731 1691 1801 apibus
1717 1736 1799 1784 est
1826 1729 1907 1783 Vi-
1939 1731 1982 1789 B
2009 1737 2348 1808 pientissimis
2375 1737 2562 1806 apibus
2589 1746 2895 1805 comparata
2918 1739 3274 1807 postponitur.
3295 1738 3399 1794 Sex
3426 1741 3577 1797 enim

355 1829 502 1892 dere,
533 1828 722 1895 quibus
760 1825 1055 1880 communis
1100 1823 1357 1878 habitatio
1396 1824 1495 1887 est,
1526 1830 1579 1875 et
1604 1822 1829 1883 volatus,
1860 1827 1915 1874 et

356 1932 495 1974 unus
519 1919 671 1972 labor
691 1916 957 1979 omnibus,
989 1922 1044 1970 et
1080 1915 1222 1982 quod
1244 1914 1532 1968 maximum
1560 1921 1659 1977 est,
1690 1913 1788 1967 sub
1827 1927 1913 1965 re-

354 2010 505 2077 gibus
532 2015 586 2061 et
608 2006 829 2061 ducibus
855 2020 957 2060 una
978 2019 1200 2073 quasque
1226 2004 1501 2074 proprium
1528 2017 1723 2056 munus
1759 2016 1915 2055 exer-

355 2109 460 2154 cet.
491 2099 599 2153 Nec
634 2098 782 2167 prius
833 2096 1029 2150 audent
1072 2110 1291 2164 campos
1342 2102 1588 2164 patentes
1640 2101 1912 2163 appetere,

358 2206 516 2259 quam
547 2205 701 2244 suum
729 2190 1024 2259 principem
1072 2186 1301 2241 viderint
1324 2187 1553 2241 volasse.
1584 2185 1697 2240 Rex
1739 2194 1914 2240 autem

356 2279 493 2347 apud
521 2294 614 2332 eas
658 2295 764 2333 non
793 2278 1138 2333 constituitur
1166 2291 1196 2330 a
1222 2275 1441 2345 populo,
1472 2290 1596 2329 nam
1637 2290 1775 2343 stupe
1802 2274 1914 2328 suf-

357 2372 523 2440 fragia
545 2371 894 2425 multitudinis
921 2369 1179 2438 imperita:
1205 2368 1380 2422 solent
1416 2367 1659 2435 indignos
1685 2365 1754 2419 ad
1803 2367 1918 2420 cul-

357 2477 481 2515 men
513 2460 786 2529 imperiale
812 2459 1126 2529 provehere,
1156 2473 1255 2513 nec
1281 2470 1502 2524 regnum
1529 2464 1674 2510 sorte
1700 2464 1917 2524 praesta-

359 2562 463 2606 tur.
496 2551 632 2605 Sunt
678 2550 817 2604 enim
860 2548 1256 2603 irrationabiles
1303 2548 1479 2602 exitus
1526 2562 1693 2611 urnm,
1723 2547 1918 2614 quippe

361 2657 481 2710 qua:
519 2640 711 2709 saepius
738 2638 916 2693 inﬁmo
943 2639 1135 2708 cuique
1174 2646 1497 2708 potestatum
1525 2636 1765 2691 decernit
1792 2636 1918 2689 insi-

360 2732 501 2797 gnia.
532 2729 636 2784 Sed
681 2744 782 2784 nec
827 2744 895 2782 ex
944 2737 1223 2798 parentum
1264 2728 1572 2782 haereditate
1624 2728 1916 2796 imperialia

360 2828 568 2888 sceptra
600 2818 893 2884 traduntur,
925 2820 1174 2887 quoniam
1201 2818 1499 2888 principum
1528 2818 1677 2872 liberi
1707 2832 1803 2887 per
1821 2832 1913 2871 vo-

362 2907 591 2978 luptates
613 2917 667 2963 et
698 2908 917 2963 delicias
943 2906 1094 2963 facile
1121 2916 1546 2977 corrumpuntur,
1580 2916 1634 2962 et
1659 2906 1916 2961 vecordes

362 2998 662 3056 efﬁciuntur
701 3013 765 3053 ac
800 2999 965 3052 stulti.
989 2997 1095 3053 Sed
1133 3007 1333 3065 natura:
1356 2998 1575 3067 judicio,
1601 2999 1693 3068 qui
1720 2998 1910 3066 dignus

2014 1829 2217 1895 angulis
2247 1828 2572 1897 totidemque
2599 1828 2874 1895 lateribus,
2904 1843 3143 1882 cerarum
3184 1828 3370 1883 ﬁstula:
3397 1832 3569 1885 conti-

2013 1926 2227 1982 nentur,
2259 1932 2359 1972 nec
2398 1925 2575 1971 tamen
2605 1925 2794 1971 erecte
2822 1924 2965 1986 sunt,
3013 1935 3081 1973 ne
3108 1918 3295 1973 fundus
3324 1920 3573 1976 videlicet

2012 2006 2304 2074 laboraret,
2347 2007 2391 2060 si
2410 2007 2777 2074 juncturarum
2802 2023 3003 2063 vacuus
3035 2009 3175 2063 foret
3216 2009 3431 2065 auxilio.
3462 2009 3578 2066 Sed

2014 2097 2292 2151 inferiores
2335 2097 2409 2150 illi
2464 2112 2560 2151 sex
2616 2098 2827 2165 anguli,
2872 2099 3029 2153 sedes
3073 2108 3128 2153 et
3182 2099 3579 2157 ﬁrmamentum

2014 2186 2281 2255 quoddam
2321 2188 2632 2256 superiectis
2676 2187 2937 2242 habentur
2971 2205 2985 2241 :
3015 2204 3122 2257 quo
3165 2199 3189 2227 ο
3226 2190 3582 2245 tolerabiliter

2015 2279 2224 2348 pondus
2274 2280 2664 2349 superpositum
2720 2280 3130 2350 subvectarent,
3190 2282 3581 2353 humoremun

2017 2368 2347 2423 reconditum
2374 2370 2429 2422 in
2449 2369 2812 2424 cavationibus
2833 2370 3053 2438 singulis
3078 2380 3473 2426 conservarent.

2088 2456 2135 2509 5.
2180 2458 2309 2522 Quis
2339 2457 2500 2525 igitur
2526 2458 2819 2512 volatilium
2852 2460 3025 2513 valeat
3049 2461 3329 2528 diligenter
3356 2470 3583 2517 cunctas

2018 2547 2375 2615 proprietates
2426 2548 2734 2616 exponere?
2781 2547 2877 2602 Vel
2924 2550 3364 2617 quemadmodum
3414 2565 3582 2619 grues

2017 2638 2268 2693 excubias
2290 2639 2517 2693 vicissim
2546 2647 2706 2693 noctu
2730 2640 3044 2709 suscipiunt,
3071 2656 3292 2710 quarum
3315 2642 3430 2696 aliis
3451 2657 3583 2697 cor-

2017 2744 2147 2798 pora
2200 2744 2394 2799 sopore
2441 2730 2747 2785 curantibus
2772 2773 2787 2799 ,
2836 2732 3101 2786 nonnulke
3152 2735 3430 2788 tuitionem
3471 2734 3584 2789 illis
3646 2792 3659 2805 _

2021 2821 2305 2891 perhibent
2331 2821 2615 2889 vigilando.
2666 2820 2793 2887 Quae
2839 2838 2960 2877 cum
2999 2833 3251 2878 statutum
3292 2825 3392 2879 sibi
3436 2833 3583 2880 tem~

2017 2927 2115 2984 pus
2165 2912 2457 2967 excubandi
2525 2914 2866 2982 peregerints,
2914 2915 3039 2982 ipsae
3083 2915 3294 2983 quidem
3340 2916 3585 2971 clamore

2017 3005 2160 3067 dato,
2210 3006 2485 3072 quiescere
2530 3004 2806 3073 incipiunt,
2849 3005 2963 3059 alia:
3014 3021 3142 3060 vero
3195 3014 3338 3061 sorte
3390 3022 3581 3062 succe~

362 3092 539 3155 fuerit,
574 3091 768 3146 infulas
797 3101 820 3128 ι
845 3092 1037 3161 accipit
1070 3092 1416 3160 principatus,
1443 3108 1549 3146 non
1589 3092 1761 3146 minus
1786 3105 1908 3159 pro—
1935 3084 1979 3144 C
2011 3093 2160 3148 dunt.
2190 3092 2340 3147 Hunc
2367 3103 2546 3147 autem
2582 3094 2822 3148 ordinem
2863 3102 2919 3147 et
2958 3094 3010 3146 in
3041 3094 3217 3147 volatu
3246 3094 3580 3160 custodiunt,

363 3182 587 3236 ceritate
618 3182 979 3237 membrorum
1029 3196 1189 3250 quam
1222 3182 1440 3236 lenitate
1466 3197 1674 3235 morum
1717 3178 1921 3236 caneris

365 3279 643 3341 praestans,
673 3280 727 3326 et
753 3273 916 3326 habet
961 3271 1164 3341 spicula
1194 3272 1465 3340 quaedam,
1496 3271 1589 3326 sed
1633 3272 1714 3326 his
1741 3271 1807 3325 ad
1835 3270 1922 3325 lte-

365 3364 570 3417 sionem
590 3378 695 3416 non
715 3363 881 3416 utitur
908 3363 1152 3433 aliorum.
1180 3362 1256 3415 Ita
1280 3362 1425 3430 leges
1461 3361 1714 3430 quasdam
1737 3361 1923 3415 tacitas

369 3454 448 3507 eis
473 3460 660 3507 natura
680 3453 1017 3522 pmscripsit,
1035 3453 1226 3521 quibus
1244 3452 1538 3506 retinentur
1559 3452 1625 3507 ad
1654 3450 1921 3505 inferenda

370 3550 633 3594 tormenta
650 3541 991 3610 supplicibus.
1023 3540 1153 3613 Ipsae
1188 3555 1316 3594 vero
1346 3554 1472 3607 apes
1499 3540 1543 3594 si
1591 3547 1784 3594 secuta:
1816 3554 1923 3592 non

368 3632 567 3684 fuerint
586 3631 825 3684 instituta
847 3631 1214 3697 regnantium,
1236 3632 1453 3700 propria
1484 3631 1806 3701 paenitudine
1831 3645 1924 3683 ca—

368 3721 646 3786 stigantur.
670 3719 802 3773 Nam
829 3720 874 3773 si
893 3721 1212 3788 pupugerint
1239 3721 1491 3789 aliquem,
1520 3721 1788 3775 dimittunt
1808 3721 1924 3773 ani-

370 3824 513 3865 iram
551 3825 671 3864 cum
725 3811 911 3865 aculeo
944 3812 1101 3865 simul
1148 3813 1200 3865 in
1248 3813 1486 3867 vulnere.
1538 3812 1768 3867 Audiant
1814 3814 1927 3867 haec

371 3900 677 3966 Christiani,
720 3901 910 3969 quibus
957 3900 1263 3955 mandatum
1307 3911 1408 3965 est,
1452 3903 1582 3955 nulli
1607 3902 1801 3955 malum
1826 3917 1927 3971 pro

372 3988 516 4041 malo
543 4004 836 4058 reponere,
866 3989 961 4044 sed
996 3991 1050 4044 in
1086 3991 1325 4045 bonitate
1352 4006 1604 4060 superare
1649 3991 1923 4044 malitiam.

370 4078 722 4144 Quamobrem
769 4080 1048 4134 imitamini
1091 4095 1269 4138 mores
1294 4080 1321 4118 δ
1351 4082 1529 4149 apium
1579 4098 1592 4133 :
1641 4094 1758 4147 quae
1799 4079 1928 4133 nulli

363 4167 667 4221 molestiam
694 4167 968 4233 facientes,
984 4184 1083 4226 nec
1109 4171 1279 4223 aliena
1305 4170 1619 4238 patrimonia
1641 4171 1925 4238 rapientes,

370 4255 578 4324 ﬁngunt
604 4258 818 4326 quidem
868 4257 1019 4312 favos
1065 4267 1401 4313 constructos
1429 4274 1496 4312 ex
1538 4258 1778 4325 ﬂoribus,
1823 4260 1930 4312 mel

371 4354 551 4400 autem
575 4345 643 4401 de
663 4347 886 4402 humore
912 4347 1149 4414 roscido,
1168 4348 1256 4417 qui
1278 4348 1525 4402 arborum
1545 4347 1685 4403 foliis
1711 4350 1926 4416 insidet,

373 4450 467 4489 ore
480 4436 765 4491 collectum
792 4438 843 4489 in
867 4438 1035 4492 cereis
1050 4437 1349 4491 recondunt
1372 4438 1537 4491 cellis.
1550 4438 1682 4491 Nam
1701 4439 1928 4508 denique

370 4525 620 4592 liquidius
646 4527 873 4581 habetur
893 4527 1016 4591 mel,
1052 4527 1197 4595 quod
1222 4528 1397 4596 primo
1420 4528 1724 4596 percipitur,
1742 4528 1930 4583 deinde

369 4614 627 4682 paulatim
674 4624 917 4685 tempore
961 4616 1284 4685 procedente
1329 4616 1611 4683 digestum,
1657 4618 1724 4670 ad
1777 4634 1928 4673 suam

371 4704 765 4770 Spissitudinem
801 4706 1223 4774 suavitatemque
1267 4707 1569 4761 revertitur.
1602 4707 1717 4761 Non
1744 4709 1932 4764 imme-

371 4796 475 4847 rito
502 4807 631 4863 ergo
651 4802 919 4849 tantarum
947 4794 1162 4849 laudum
1190 4810 1317 4865 apes
1344 4797 1569 4864 gloriam
1596 4806 1931 4865 cansequtm-

442 4937 467 5000 ξ
506 4925 664 5000 ξάᾕῖ,
687 4929 899 4995 accepit.
929 4927 1074 4983 Libri
1099 4931 1577 5000 veteres,iaccipit.

440 4995 468 5033 δ
506 4995 688 5050 Codex
719 5012 875 5057 unus,
908 5013 1081 5066 apum.
1111 4997 1302 5051 Statim
1331 4995 1493 5052 Colb.
1516 5000 1806 5065 secundus,
1838 5019 1933 5055 nec

264 5125 283 5145 ο
372 5068 545 5145 aliena
569 5067 905 5145 patrimonia.
932 5066 1031 5118 Alii
1054 5082 1186 5145 mss.
1213 5083 1314 5120 una
1345 5084 1467 5145 cum
1489 5069 1805 5145 editistalia
1837 5090 1933 5140 pa-

372 5134 931 5210 trimonia.Aliquanto
942 5144 1063 5203 post
1076 5135 1224 5190 Colb.
1250 5139 1530 5203 secundus,
1551 5139 1685 5210 quod
1712 5134 1931 5209 primum

371 5205 664 5274 percipitur.

449 5283 470 5309 ο
512 5272 670 5347 Editi,
695 5272 796 5347 Cur
818 5273 1071 5347 _s_ic?quia
1096 5276 1188 5328 sic.
1216 5274 1680 5347 Colb._secundus,
1713 5286 1762 5330 et
1806 5280 1925 5347 quia

370 5343 746 5417 εἰεβιξρξςτιςιεν.
770 5341 929 5417 _Liber
951 5341 1132 5398 noster
1150 5354 1319 5409 vetus,
1340 5345 1413 5417 _Et
1432 5348 1524 5409 sic,
1548 5349 1788 5417 quiaAsic,
1817 5341 1920 5401 etc.

445 5409 470 5445 ά
497 5409 649 5484 _Editi
677 5419 731 5463 et
754 5412 859 5466 duo
884 5428 1034 5476 mss.,
1065 5423 1310 5479 maneret,
1337 5414 1531 5484 inepte.
1558 5409 1631 5468 'At
1656 5415 1806 5469 Colb.
1838 5432 1926 5469 se-

373 5480 596 5543 cundus,
646 5491 908 5545 manaret,
951 5484 1080 5535 satis
1118 5480 1519 5538 accommodate
1564 5485 1632 5537 ad
1686 5484 1929 5539 Graecum

375 5550 613 5624 verbum,
640 5550 925 5624 Elzzzrrimp.
958 5551 1157 5624 Ibidem
1191 5553 1345 5620 editi,
1385 5554 1523 5608 disce
1551 5555 1805 5624 quoniam.
1843 5553 1927 5608 Li-

369 5612 458 5674 bri
477 5619 694 5688 antiqui,
726 5620 861 5674 disce
880 5612 1146 5691 quomodo.

2022 3182 2144 3236 dum
2169 3182 2391 3236 diversis
2417 3183 2618 3238 vicibus
2644 3182 2663 3219 τ
2682 3198 2897 3251 operam
2925 3183 3169 3237 ductandi
3196 3192 3456 3253 coguntur
3482 3200 3581 3238 ex~

2020 3274 2185 3343 plcre.
2239 3272 2468 3327 Ciconite
2519 3288 2649 3327 sane
2695 3288 2801 3328 non
2857 3274 3045 3342 procul
3097 3274 3294 3327 distant
3344 3274 3411 3327 ah
3457 3275 3581 3338 his,

2021 3364 2212 3433 quibus
2254 3363 2583 3417 rationabilis
2623 3363 2813 3418 collata
2840 3363 3118 3432 prudentia
3159 3371 3259 3417 est.
3292 3363 3419 3417 Nam
3457 3379 3581 3418 uno

2023 3462 2261 3521 tempore
2302 3452 2457 3506 simul
2504 3467 2689 3506 omnes
2733 3453 3031 3517 adveniunt,
3064 3452 3295 3519 itemque
3322 3453 3419 3505 sub
3459 3467 3576 3505 uno

2022 3543 2173 3609 signo
2218 3549 2421 3596 cunctae
2466 3542 2665 3611 pariter
2700 3542 2763 3595 ad
2802 3542 3085 3611 longinqua
3124 3541 3418 3595 discedunt.
3451 3540 3561 3595 Suf

2026 3631 2294 3698 fragantur
2338 3637 2514 3684 autem
2559 3631 2637 3684 eis
2681 3631 2938 3695 cornices,
2980 3645 3112 3698 quas
3148 3638 3205 3684 et
3238 3627 3570 3698 proﬁciscen‘

2023 3730 2105 3774 tes
2151 3718 2441 3775 honorifice
2488 3726 2895 3788 prosequuntur,
2935 3726 2990 3773 et
3026 3719 3161 3773 sicut
3199 3719 3326 3772 mihi
3368 3718 3574 3772 videtur

2023 3808 2274 3863 auxilium
2313 3814 2563 3878 praestant
2603 3808 2725 3872 illis,
2771 3808 3020 3862 adversus
3049 3807 3303 3875 quaédam
3334 3808 3582 3862 volucres

2022 3899 2350 3967 pugnaturis.
2380 3896 2542 3965 Cujus
2565 3897 2643 3951 rei
2669 3904 2874 3951 certum
2909 3906 2989 3951 est
3026 3895 3401 3951 documentum
3426 3914 3439 3947 :
3463 3897 3580 3966 pri-

2024 4004 2166 4041 mum
2192 3988 2426 4056 quidem,
2456 3987 2580 4056 quia
2608 3987 2794 4041 cornix
2830 4000 2897 4040 eo
2934 3995 3174 4055 tempore
3217 3988 3429 4056 penitus
3468 4002 3581 4042 non

2023 4077 2234 4131 videtur
2266 4094 2278 4127 :
2309 4075 2498 4130 deinde
2524 4075 2668 4143 quod
2703 4076 2897 4129 sauciae
2930 4075 3233 4142 redeuntes,
3261 4076 3581 4131 manifestis-

2023 4168 2153 4222 s'ima
2193 4167 2492 4236 praeliorum
2521 4166 2669 4233 signa
2697 4166 3082 4221 demonstrant.
3110 4165 3255 4231 Quis,
3296 4180 3446 4234 rogo,
3478 4168 3582 4223 illis

2025 4257 2400 4326 hOSpitalitatis
2423 4256 2540 4323 jura
2568 4255 2866 4309 mandavit?
2893 4257 2996 4309 Aut
3023 4258 3142 4324 quis
3165 4257 3263 4310 sub
3290 4258 3581 4311 commina-

2028 4348 2176 4401 tione
2200 4346 2450 4414 prtecepit
2487 4352 2546 4398 ut
2583 4345 2814 4400 ciconias
2840 4345 2902 4407 _in
2940 4345 3220 4414 procinctu
3256 4347 3457 4415 positas
3485 4362 3583 4400 suo

2029 4455 2136 4494 non
2162 4438 2511 4494 destituerent
2534 4437 2824 4516 comitatu}
2851 4436 3083 4490 Audiant
3108 4439 3220 4491 haec
3245 4439 3392 4491 avari
3420 4437 3586 4496 homi-

2029 4545 2141 4595 nes,
2173 4528 2265 4597 qui
2293 4537 2317 4574 8
2346 4534 2540 4594 negata
2578 4527 2868 4595 peregrinis
2907 4526 3314 4581 adventantibus
3340 4528 3587 4581 humani-

2029 4629 2158 4684 tate,
2184 4618 2375 4687 januas
2402 4632 2524 4671 suas
2552 4617 2821 4681 claudunt,
2850 4624 2907 4671 et
2944 4632 3044 4670 nec
3087 4617 3241 4671 tectis
3276 4632 3370 4671 eos
3396 4632 3588 4671 succe-

2029 4712 2158 4766 dere
2176 4711 2350 4767 nortis
2372 4716 2464 4763 aut
2482 4708 2670 4762 hiemis
2693 4716 2935 4776 tempore
2960 4708 3249 4777 patiuntur.
3276 4706 3589 4762 Liberalitas

2028 4817 2159 4857 vero
2203 4816 2322 4870 quze
2371 4799 2586 4853 senibus
2631 4799 2850 4853 ciconiis
2894 4813 2924 4851 a
2965 4798 3265 4867 junioribus
3308 4798 3587 4852 exhibetur

2114 4944 2138 4970 ο
2176 4932 2336 5003 Editi,
2361 4933 2494 5003 quod
2522 4931 2863 5003 tolerabiliter.
2889 4932 2956 4985 At
2975 4946 3101 5003 mss.
3126 4930 3375 5003 dumque
3395 4931 3588 5003 tolera-

2034 5003 2218 5057 biliter.
2248 5000 2529 5068 Aliquanto
2552 5009 2672 5069 post
2697 5002 2847 5054 Colb.
2880 5000 3164 5063 secundus,
3196 5000 3313 5052 aliis
3334 5001 3592 5068 corporali

2034 5087 2219 5151 sopore
2246 5070 2830 5151 cubantibus._Subinde
2857 5070 2995 5125 idem
3021 5069 3209 5133 codex,
3237 5071 3346 5138 ipse
3368 5069 3592 5138 quidem.

2034 5140 2151 5193 Vox
2174 5140 2354 5192 ultima
2379 5141 2445 5192 ab
2465 5139 2620 5192 edttts
2645 5141 2850 5193 aberat.
2944 5162 2949 5165 -

2064 5154 2151 5193 ὈΧ
2174 5154 2354 5192 ιιιιιιηθ
2379 5154 2445 5192 an
2465 5154 2620 5192 cuius
2645 5154 2850 5193 aberat.
2944 5162 2949 5165 '

2109 5209 2126 5247 ι
2157 5207 2309 5261 Colb.
2333 5208 2613 5271 secundus,
2637 5225 2843 5278 cperam
2862 5207 3079 5261 ducendi
3098 5215 3344 5278 cogantur
3363 5207 3591 5278 implere.

2036 5278 2322 5345 Aliquanto
2349 5285 2472 5344 post
2500 5278 2645 5337 editi,
2668 5274 2925 5345 primum,
2956 5278 3095 5345 quia.
3127 5274 3278 5330 Colb.
3308 5274 3592 5345 secundus,

2029 5344 2424 5418 printqqttidem,
2441 5344 2759 5418 quia_.Codex
2774 5344 2975 5418 noster,
2989 5347 3205 5413 primum
3219 5345 3438 5418 quidem,
3452 5344 3593 5413 quia.

2102 5413 2318 5485 sicam.
2373 5413 2656 5485 secundus,
2705 5417 2793 5485 qui
2835 5420 3160 5485 négant......
3192 5413 3593 5485 ΔΙέιιηιεεηὶῳιειη.

2028 5482 2196 5537 Paulo
2223 5491 2344 5550 post
2371 5483 2497 5535 editi
2523 5492 2578 5537 et
2603 5480 2883 5544 duo‘tnssq
2901 5480 2993 5537 eos
3020 5482 3306 5535 succedere:
3335 5480 3487 5534 Colb.
3512 5493 3594 5550 se-

2030 5547 2252 5616 cundus,
2274 5568 2359 5632 eos
2384 5568 2652 5632 suscipere.
2686 5552 2835 5607 Haud
2863 5553 3017 5619 longe
3046 5551 3195 5621 editi,
3221 5553 3499 5620 patientur.
3530 5547 3594 5608 At

2031 5637 2181 5687 ωδε..
2219 5629 2501 5676 patiuntur.
