3824 6214
147 309 272 367 953

917 304 1288 367 EUST.\THII
1329 306 1471 364 HEX
1492 304 1745 362 \EMERl
1783 303 2283 362 METAPHRASIS
2315 304 2522 361 LIBER
2561 303 2706 361 Vili.

3330 304 3437 362 9K!

171 425 454 481 sufﬁceret
478 426 758 481 hominum
782 424 939 491 ﬁlios,
967 426 1015 480 si
1040 425 1260 480 mallent
1281 424 1578 490 advertere,
1603 440 1749 481 ama-
1776 434 1821 491 Α
1849 430 2120 497 quomodo
2146 430 2292 500 apud
2314 447 2442 487 aves
2469 433 2861 488 irrationabiles
2888 432 3214 488 continentia
3243 432 3416 490 vidui-

173 528 334 575 tores
359 532 581 573 suorum
607 517 829 572 reddere
853 519 1173 585 genitorum.
1203 515 1333 582 Quis
1363 517 1504 571 enim
1530 524 1639 570 tam
1667 518 1750 571 in-

167 610 384 679 sipiens
408 616 509 674 est,
533 616 594 662 ut
610 623 717 663 non
739 622 798 664 se
817 616 845 645 ι
869 615 1088 663 censeat
1105 608 1389 676 ignominia
1410 608 1603 672 notari,
1630 624 1750 663 cum

168 700 371 755 avibus
421 698 870 754 irrationabilibus
921 697 1068 754 cultu
1111 697 1452 768 postponitur
1503 698 1753 767 pietatis?

168 786 288 841 luas
314 798 568 856 parentes
593 801 722 843 suos
746 794 905 840 aetate
931 783 1207 841 confectos
1241 786 1539 855 pennisque
1563 800 1751 841 eorum

166 884 447 932 vetustate
474 877 714 946 deiectis,
738 878 1160 942 circumstantes,
1186 878 1417 947 propriis
1443 878 1639 948 plumis
1667 877 1752 933 fo-

164 975 335 1032 vent,
377 964 543 1036 746
571 965 996 1034 alimoniamque
1037 973 1380 1032 convectant,
1412 976 1467 1023 et
1496 967 1550 1023 in
1571 965 1754 1024 volatu

156 1056 313 1126 quod
362 1056 666 1126 potuerint,
698 1057 827 1113 hinc
852 1059 977 1115 inde
1002 1073 1063 1115 se
1093 1069 1481 1129 supponentes,
1518 1068 1753 1117 senecta

158 1146 557 1204 lassitudinem
575 1149 942 1215 consolantur,
968 1150 1174 1206 alarum
1201 1168 1420 1208 suarum
1439 1168 1534 1209 eas
1550 1152 1753 1210 auxilio

165 1246 558 1294 sustentantes.
601 1247 730 1305 Quae
773 1253 861 1294 res
901 1252 1000 1308 per
1027 1255 1213 1294 omnes
1242 1225 1435 1310 ubique
1461 1249 1647 1308 gentes
1672 1243 1748 1296 ita

165 1328 499 1400 percrebuit,
522 1335 581 1383 nt
598 1328 757 1383 hodie
777 1329 1138 1383 remuneratio
1162 1327 1322 1382 delati
1345 1328 1587 1383 beneficii
1611 1329 1748 1398 apud

164 1418 392 1473 Grmcos
418 1421 842 1494 ἀντιπσ)ἁργωσις
869 1419 1193 1472 nominetur.
1225 1418 1564 1488 Quapropter
1587 1435 1746 1475 nemo
1773 1446 1781 1454 -

164 1523 227 1563 se
251 1510 473 1578 penitus
501 1509 724 1563 obtentu
751 1509 1083 1578 paupertatis
1102 1523 1385 1575 excusans,
1405 1509 1471 1564 de
1497 1511 1603 1564 vita
1629 1527 1749 1580 pro-

165 1601 287 1670 pria
315 1602 588 1669 desperet,
620 1600 863 1669 quamvis
907 1600 1066 1654 nulla:
1100 1600 1246 1655 domi
1285 1601 1625 1670 suppeditent
1663 1603 1745 1657 fa-

166 1692 420 1757 cultates,
461 1690 585 1745 dum
627 1691 655 1730 δ
702 1692 1030 1760 ingeniosam
1076 1693 1468 1761 contemplatur
1504 1693 1744 1748 hirundi-

1851 520 1974 575 tatis
2001 520 2366 589 frequentibus
2407 525 2602 593 nuptiis
2647 523 2956 578 antefertur.
2990 523 3179 594 Aquila
3206 525 3258 578 in
3283 526 3412 580 edu-

1849 610 2030 665 candis
2052 611 2211 680 pullis
2238 613 2466 682 propriis
2485 613 2675 683 injusta
2698 612 2863 667 fertur
2880 628 3018 668 esse.
3038 612 3254 669 Duobus
3273 614 3415 669 enim

1848 703 2162 770 procreatis,
2213 719 2377 757 unum
2421 705 2732 759 verberibus
2775 705 2978 757 alarum
3025 701 3050 740 ά
3101 704 3412 759 mulctatum

1848 790 2061 859 projicit
2080 792 2134 845 in
2161 799 2379 860 terram,
2401 794 2626 847 alterum
2655 800 2976 848 retentatum
3005 792 3165 847 fovet.
3191 792 3269 846 Ita
3288 808 3414 863 pro-

1848 886 1969 947 pter
1993 881 2164 935 victus
2191 881 2425 951 inopiam
2454 883 2661 950 cogitur
2686 896 2884 950 negare
2904 896 3062 950 quem
3089 884 3288 951 genuit,
3311 898 3413 940 nec

1851 975 2028 1024 tamen
2055 986 2176 1025 eum
2213 972 2340 1026 sinit
2366 972 2586 1026 interire
2626 972 2932 1040 ossifragus,
2961 971 3055 1026 sed
3082 979 3410 1041 assumptum

1846 1060 2077 1129 propriis
2104 1062 2336 1130 applicat
2364 1062 2540 1130 pullis,
2565 1069 2620 1115 et
2639 1062 2876 1115 studiose
2903 1062 3090 1115 nutrit.
3115 1060 3272 1117 Tales
3290 1071 3415 1117 sunt

1847 1151 2089 1204 nonnulli
2134 1159 2385 1220 parentes
2430 1150 2727 1217 hominum,
2756 1151 2848 1220 qui
2877 1158 3247 1221 paupertatem
3284 1167 3411 1207 cau-

1846 1239 1947 1295 sati
1983 1255 2108 1294 suos
2150 1248 2425 1310 exponunt
2468 1241 2684 1307 liberos,
2719 1242 2807 1295 vel
2852 1241 3172 1296 baereditatis
3210 1251 3406 1297 sortem

1846 1345 1953 1385 non
1981 1345 2188 1400 aequam
2217 1332 2546 1386 constituunt
2590 1332 2732 1386 inter
2777 1348 2892 1388 eos.
2935 1332 3411 1402 Quibusoquoniam

1846 1437 2004 1491 pares
2031 1437 2218 1476 causas
2244 1424 2539 1492 praestitere
2569 1414 3071 1492 nascendi,‘justum
3095 1430 3238 1478 esset
3258 1431 3316 1476 ut
3335 1423 3411 1477 bis

1846 1510 2062 1564 vivendi
2089 1512 2252 1565 etiam
2294 1526 2479 1582 parem
2512 1512 2810 1566 tribuerent
2835 1512 3158 1581 portionem.
3186 1512 3263 1566 Ne
3287 1513 3414 1568 velit

1845 1618 1972 1671 ergo
1999 1603 2373 1673 prtedatrieum
2414 1604 2590 1657 avium
2631 1617 2809 1658 mores
2848 1604 3109 1669 aemulari,
3139 1618 3258 1673 qua:
3297 1619 3413 1658 cum

1844 1692 2075 1746 viderint
2101 1693 2276 1763 pullos
2299 1707 2424 1746 suos
2445 1692 2556 1760 jam
2583 1691 2786 1747 volatui
2811 1675 2835 1729 έ
2857 1690 3214 1759 conﬁdentes,
3240 1690 3307 1746 de
3332 1691 3405 1744 ni.

166 1797 315 1837 nem.
350 1782 445 1837 Illa
473 1783 615 1837 enim
642 1782 695 1835 in
718 1781 1027 1837 fabricando
1051 1781 1178 1837 nido
1203 1783 1385 1852 paleas
1410 1782 1623 1851 quidem
1651 1798 1746 1838 ore
1777 1793 1819 1851 ιι
1845 1781 1926 1835 dis
1947 1796 2041 1835 eos
2064 1781 2364 1850 praecipites
2392 1782 2682 1835 exturbant
2706 1788 2865 1849 atque
2894 1779 3196 1850 projiciunt,
3219 1779 3412 1847 nullan‘

166 1879 497 1942 comportat,
529 1872 715 1926 limum
756 1879 937 1926 autem
981 1871 1206 1941 pedibus
1231 1871 1372 1927 ferre
1404 1889 1511 1928 non
1538 1873 1741 1938 valens,

166 1962 379 2016 alarum
407 1961 740 2016 summitates
778 1961 1050 2016 humectat
1075 1961 1129 2014 in
1156 1960 1335 2024 ﬂuvio,
1366 1961 1557 2016 deinde
1586 1963 1637 2016 in
1666 1963 1745 2018 ci-

166 2066 301 2107 nere
326 2051 592 2118 volutata,
616 2052 863 2107 caementi
887 2066 1043 2107 usum
1068 2053 1277 2106 videtur
1294 2052 1532 2122 explere.
1562 2051 1748 2107 Paula-

166 2143 379 2212 timque
400 2142 645 2197 surculos
666 2143 809 2197 inter
826 2159 885 2198 se
913 2143 1028 2197 luto
1058 2144 1325 2213 apposito,
1349 2143 1496 2197 velut
1513 2143 1745 2212 quadam

165 2235 316 2302 glute
345 2233 695 2302 coniungens,
715 2249 843 2289 suos
862 2234 1056 2289 educat
1072 2235 1264 2304 pullos.
1289 2233 1526 2299 Quorum
1546 2234 1589 2288 si
1609 2235 1748 2302 quis-

166 2326 312 2396 piam
344 2325 531 2380 oculos
558 2324 818 2391 effoderit,
861 2325 1025 2381 habet
1068 2340 1256 2380 eorum
1300 2333 1473 2380 mater
1498 2342 1530 2379 a
1558 2332 1746 2379 natura

166 2418 270 2473 sibi
299 2417 557 2472 traditam
579 2418 919 2484 medicinam,
954 2433 1057 2487 qua
1086 2433 1212 2473 mox
1253 2417 1318 2472 ad
1360 2419 1642 2473 sanitatem
1671 2418 1749 2474 fe-

166 2516 324 2562 tuum
370 2523 589 2562 suorum
634 2507 856 2563 reducat
894 2516 1186 2578 aspectum.
1236 2507 1360 2563 Haec
1402 2516 1458 2563 te
1501 2509 1751 2564 videlicet

167 2598 552 2663 hortabuntur,
598 2613 665 2653 ne
707 2598 775 2652 ad
813 2608 837 2637 ε
875 2599 1275 2667 improbitatem
1320 2599 1453 2653 velis
1497 2589 1750 2666 egestatis

167 2687 462 2742 occasione
507 2686 772 2753 converti,
821 2702 923 2743 nec
963 2688 1017 2741 in
1057 2689 1307 2757 pessimis
1351 2689 1555 2744 artibus
1598 2704 1748 2759 spem

167 2775 388 2829 vivendi
418 2775 713 2843 collocans,
742 2775 992 2831 immunis
1028 2776 1282 2832 bonitatis
1309 2791 1601 2847 exsorsque
1628 2777 1750 2832 red-

166 2865 339 2929 daris,
370 2864 467 2919 sed
510 2864 577 2919 ad
605 2864 771 2918 Deum
809 2864 1082 2933 confugias
1121 2881 1137 2919 :
1174 2864 1265 2933 qui
1311 2880 1432 2920 cum
1477 2865 1749 2920 hirundini

165 2964 283 3011 tam
330 2970 522 3024 magna
556 2954 856 3023 donaverit,
885 2963 1089 3023 quanto
1124 2955 1328 3023 majora
1369 2956 1644 3025 praestabit
1669 2956 1751 3009 his

169 3047 264 3116 qui
302 3061 429 3101 eum
469 3053 584 3099 tota
620 3045 815 3100 mentis
851 3046 1144 3100 intentione
1184 3044 1504 3114 implorant?
1547 3043 1750 3116 Alcyon

1844 1870 2057 1940 penitus
2085 1871 2188 1923 illis
2216 1881 2401 1924 curam
2438 1870 2692 1939 deinceps
2732 1868 3119 1939 impendentes.
3150 1867 3409 1922 Laudatur

1844 1976 1875 2015 e
1904 1968 2091 2015 contra
2120 1961 2262 2015 circa
2292 1969 2446 2015 natos
2470 1960 2701 2016 cornicis
2726 1957 2957 2024 affectio,
2988 1973 3123 2027 quos
3151 1967 3206 2012 et
3229 1958 3410 2012 volan~

1844 2058 1928 2105 tes
1955 2051 2311 2121 prosequitur,
2340 2057 2394 2105 et
2421 2064 2599 2104 escam
2627 2049 2846 2116 largiter
2871 2047 3257 2102 subministrat.
3282 2046 3407 2102 Cer~

1845 2148 1913 2197 ta:
1943 2155 2073 2195 vero
2107 2139 2368 2203 volucres,
2399 2138 2465 2193 ad
2496 2138 2807 2193 nutriendos
2849 2136 3214 2205 fovendosque
3254 2136 3413 2204 fetus,

1845 2230 2200 2285 masculorum
2223 2229 2497 2298 juvamine
2517 2245 2626 2283 non
2653 2235 2892 2283 utuntur.
2926 2225 3055 2281 Alite
3074 2242 3203 2281 sane
3231 2242 3416 2289 earum

1845 2335 1964 2389 quae
1992 2320 2150 2373 altius
2181 2319 2407 2372 volitant
2431 2318 2639 2373 steriles
2666 2318 2883 2371 omnino
2911 2324 3054 2381 sunt,
3083 2316 3221 2371 sicut
3241 2316 3418 2371 vultu-

1844 2428 1950 2477 res,
1977 2407 2113 2481 qilo's
2139 2418 2381 2466 asserunt
2407 2410 2523 2465 sine
2543 2410 2689 2465 coitu
2707 2423 2984 2476 generare,
3006 2406 3271 2477 praecipue
3294 2422 3418 2466 cum

1847 2505 1954 2558 sint
1979 2503 2220 2570 longaevi.
2255 2502 2386 2555 Nam
2414 2502 2578 2556 vitam
2617 2515 2808 2556 eorum
2848 2510 3062 2554 centum
3108 2497 3263 2552 annis
3304 2513 3418 2553 ηιξ·
3450 2520 3453 2521 ν

1847 2608 1977 2648 nere
2007 2591 2027 2630 ί
2061 2592 2346 2646 aliirmant.
2392 2590 2473 2645 Sit
2506 2590 2675 2658 igitur
2715 2589 2828 2644 haec
2875 2588 2969 2643 tibi
3012 2602 3138 2657 pars
3178 2586 3420 2643 historia

1847 2693 2033 2741 notata
2067 2685 2135 2740 de
2173 2685 2378 2749 avibus,
2407 2692 2468 2739 ut
2493 2699 2616 2739 cum
2643 2683 2839 2738 videris
2862 2682 3069 2752 aliquos
3093 2681 3421 2736 cachinnan-

1848 2784 1949 2840 tes,
1996 2784 2219 2846 propter
2270 2773 2537 2829 in’eﬁabile‘
2582 2774 2894 2844 mysterium
2942 2757 3218 2826 catholicae
3271 2769 3418 2833 ﬁdei,

1849 2868 1993 2939 quod
2018 2868 2171 2937 quasi
2199 2866 2524 2936 impossibile
2550 2865 2639 2929 sit,
2670 2864 3008 2930 alienumque
3036 2868 3236 2916 naturae
3261 2859 3418 2927 virgi~

1851 2975 1973 3015 nem
2003 2958 2291 3028 peperisse,
2334 2964 2478 3009 statu
2516 2954 2838 3020 virginitatis
2884 2954 3090 3018 integro
3134 2949 3419 3015 custodite,

1851 3051 2054 3118 cogites
2080 3049 2207 3117 quia
2232 3048 2320 3102 ille
2344 3040 2436 3114 q'ui
2457 3046 2703 3113 dignatus
2727 3051 2810 3099 est
2836 3044 2888 3097 in
2915 3042 3135 3098 stultitia
3162 3040 3417 3110 praedica-

170 3136 389 3191 avicula
417 3143 502 3190 est
523 3134 766 3204 quaedam
794 3135 849 3189 in
878 3135 1145 3218 littoribus
1170 3134 1391 3189 marinis
1422 3134 1592 3189 fetare
1617 3150 1750 3189 con-
1777 3156 1822 3218 ρ
1853 3140 2014 3193 tionis
2057 3138 2264 3193 salvere
2309 3136 2610 3199 credentes,
2650 3135 2789 3189 idem
2818 3147 3032 3201 quoque
3069 3131 3221 3186 nobis
3262 3133 3421 3186 innu-

169 3235 351 3291 sueta,
381 3240 501 3295 quae
525 3240 686 3294 super
712 3225 881 3294 ipsam
914 3216 1139 3279 arenam
1178 3224 1331 3295 ponit
1358 3239 1480 3293 ova,
1514 3240 1581 3279 eo
1618 3232 1754 3279 tem-

170 3332 313 3387 pore
339 3330 448 3384 quo
475 3330 624 3370 mare
646 3316 829 3370 multis
855 3316 1210 3384 gravibusque
1238 3323 1517 3371 ventorum
1541 3314 1753 3370 ﬂatibus

171 3413 605 3485 commovetur;
644 3405 740 3460 sed
776 3413 957 3460 tamen
1003 3420 1191 3461 omnes
1236 3414 1365 3461 tunc
1410 3411 1754 3475 tempestates

173 3495 536 3566 procellaeque
561 3493 817 3549 sedantur
842 3511 940 3565 per
966 3495 1202 3562 integros
1240 3504 1446 3564 septem
1473 3494 1605 3559 dies,
1636 3495 1756 3563 qui-

176 3587 280 3643 bus
310 3588 425 3642 avis
454 3593 750 3641 memorata
778 3588 974 3642 cubare
1001 3594 1247 3641 narratur
1278 3605 1290 3639 :
1324 3586 1755 3642 nutriendorum-

176 3693 288 3746 que
317 3677 485 3745 gratia
512 3677 801 3747 pullorum,
827 3685 1113 3747 postquam
1143 3679 1356 3732 fuerunt
1382 3678 1448 3733 de
1474 3679 1591 3733 ovis
1619 3678 1754 3733 edu-

177 3770 278 3834 cti,
307 3776 515 3837 septem
561 3768 676 3823 dies
721 3769 854 3825 alios
894 3769 970 3823 illi
1006 3770 1146 3824 Deus
1184 3783 1493 3837 magnorum
1539 3769 1759 3837 largitor

178 3860 398 3928 adjecit,
426 3875 562 3928 quos
591 3859 703 3914 dies
733 3860 930 3915 nautici
957 3859 1258 3928 diligentius
1285 3861 1650 3924 observantes,
1678 3861 1758 3914 al-

177 3950 408 4021 cyonios
446 3964 540 4004 eos
563 3956 777 4004 vocant.
810 3949 935 4004 limo
964 3951 1062 4004 tibi
1088 3952 1394 4020 praascripta
1424 3958 1567 4015 sunt,
1598 3966 1759 4019 super

180 4040 439 4095 remediis
460 4039 822 4095 indubitanter
848 4055 879 4094 a
903 4039 1017 4095 Deo
1046 4040 1365 4096 salutaribus
1386 4041 1753 4110 deprecandis.

180 4129 326 4195 Quid
351 4129 497 4183 enim
523 4144 629 4183 non
658 4130 903 4184 mirabile
928 4128 1021 4184 ﬁat
1048 4131 1125 4184 tui
1151 4145 1329 4194 causa,
1361 4131 1453 4199 qui
1482 4130 1547 4185 ad
1574 4131 1758 4197 imagi-

184 4235 312 4273 nem
339 4218 437 4273 Dei
467 4218 635 4275 factus
661 4234 741 4287 es,
769 4234 890 4274 cum
913 4230 1135 4290 propter
1161 4236 1313 4275 avem
1337 4222 1610 4291 parvulam
1639 4236 1757 4274 ma-

184 4311 393 4363 ximum
431 4308 945 4378 iormidolosumque
989 4325 1136 4365 mare
1173 4311 1355 4365 videas
1394 4318 1759 4381 tempestuoso

185 4412 435 4471 tempore
473 4401 588 4456 ﬁeri
635 4402 998 4472 tranquillum,
1032 4401 1208 4456 divina
1252 4402 1611 4473 prmceptione
1655 4401 1759 4456 ire-

183 4492 412 4548 natum?

259 4580 316 4634 6.
349 4580 628 4635 Turturem
658 4579 834 4635 ferunt
861 4581 906 4634 si
933 4581 1148 4650 quando
1179 4596 1305 4636 casu
1328 4581 1506 4650 aliquo
1535 4594 1756 4649 separe-

185 4680 277 4726 tur
306 4687 337 4724 a
368 4671 616 4739 cnnjuge,
647 4672 950 4726 nullatenus
974 4671 1118 4726 coire
1145 4688 1266 4727 cum
1294 4672 1482 4735 altero,
1517 4671 1609 4725 sed
1637 4685 1754 4725 mc-

186 4763 361 4815 moria
427 4762 621 4830 prioris
682 4763 931 4817 connubii
1003 4763 1325 4832 perdurante
1345 4802 1361 4827 ,
1426 4770 1757 4819 contractum

186 4851 440 4906 secundm
500 4852 856 4921 copuiationis
909 4852 1164 4907 abnuere.
1222 4853 1454 4907 Audiam
1505 4853 1757 4908 mulieres

259 5143 287 5170 ³·
318 5133 476 5193 Editi,
507 5142 563 5185 ut
607 5149 710 5186 non
756 5140 1032 5186 recenseat.
1066 5130 1231 5185 Vetus
1269 5138 1455 5183 noster
1485 5128 1671 5193 codex,
1700 5137 1758 5183 ut

186 5221 295 5258 non
336 5221 391 5256 se
435 5212 654 5256 censeat.
689 5201 856 5256 Paulo
899 5209 1020 5271 post
1064 5216 1217 5265 mss.,
1264 5199 1525 5271 hodieque.
1556 5198 1758 5253 Vocula

187 5290 287 5346 que
314 5273 497 5346 deerat
526 5273 577 5346 in
605 5272 850 5346 vulgatis.

260 5343 289 5381 δ
320 5341 478 5409 Editi,
504 5342 643 5395 domi
672 5337 1005 5413 ingeniosam.
1040 5338 1181 5413 Libri
1208 5338 1585 5413 veteres,_dum
1610 5337 1759 5413 inge-

187 5414 411 5479 niosam.
442 5407 591 5466 Haud
620 5407 775 5479 longe
803 5411 928 5464 editi
958 5418 1014 5464 et
1051 5410 1157 5463 duo
1199 5424 1349 5479 mss.,
1380 5409 1513 5479 velut
1538 5407 1760 5479 quadam

222 5484 349 5535 tute.
368 5476 527 5551 Alius
551 5476 741 5543 c’odex',
770 5481 901 5551 velut
937 5482 1157 5551 quodam
1195 5478 1356 5551 g_lttle;
1387 5478 1473 5551 ubi
1503 5476 1759 5545 suspicari

209 5554 317 5606 icet
344 5550 675 5606 Enstatliium
727 5565 795 5604 ex
821 5548 1007 5605 Graieo
1046 5548 1341 5617 scripSisse,
1372 5548 1507 5601 velut
1543 5557 1763 5618 quodam

189 5622 537 5695 glutinandum;
559 5646 587 5674 κ
610 5623 710 5695 λλῃΔ
724 5624 839 5676 τινί.

268 5704 289 5729 ε
323 5690 472 5746 ουκ).
517 5685 798 5753 secundus,
839 5690 907 5743 ad
949 5689 1267 5761 pravitatem.
1317 5685 1603 5756 Aliquanto
1643 5693 1763 5755 post

1852 3231 2135 3286 merabiles
2160 3243 2348 3285 causas
2384 3243 2452 3282 ex
2496 3235 2686 3281 natura
2728 3232 2969 3295 sumptas
3007 3223 3075 3278 ad
3116 3223 3421 3281 lldelitatem

1853 3320 2171 3376 mirabilium
2199 3318 2467 3389 praestitit.

1924 3411 1974 3466 7.
2004 3409 2238 3482 Ejiciant
2263 3424 2412 3479 aqua:
2438 3407 2642 3478 reptilia
2668 3408 2894 3461 vivarum
2921 3406 3233 3470 animarum,
3263 3411 3314 3457 et
3337 3418 3422 3457 νος

1853 3502 2020 3558 latitia
2039 3503 2267 3557 volantia
2292 3516 2446 3569 super
2472 3507 2663 3553 terram
2691 3496 2783 3552 sub
2812 3490 3138 3568 ﬁrmamento
3157 3495 3288 3550 caeli.
3316 3495 3423 3550 Ἴον

1852 3594 1965 3647 lare
1993 3593 2115 3647 ideo
2143 3601 2169 3637 κ
2194 3591 2355 3661 iussae
2382 3597 2507 3643 sunt
2531 3604 2695 3658 super
2722 3597 2936 3654 terram,
2967 3587 3090 3656 quia
3117 3587 3287 3641 victus
3306 3600 3424 3641 om-

1853 3686 2009 3740 nibus
2036 3700 2068 3739 e
2095 3692 2238 3738 terra
2264 3681 2587 3750 suppeditat.
2611 3680 2721 3735 Sub
2750 3681 3083 3734 ﬁrmamento
3103 3686 3282 3733 autem
3305 3676 3445 3735 coeli

1854 3775 2006 3838 dixit,
2055 3781 2277 3843 propter
2322 3771 2411 3824 illa
2453 3784 2572 3839 quae
2617 3783 2777 3838 supra
2824 3767 3190 3822 disseruimus.
3221 3764 3425 3820 (lenium

1856 3872 2034 3918 autem
2061 3863 2149 3917 hic
2183 3862 2481 3929 intelligere
2506 3859 2780 3924 debemus,
2812 3874 2843 3913 a
2882 3857 3152 3913 cernendo
3178 3856 3375 3911 dictum
3406 3872 3423 3908 :

1855 3954 2039 4008 Graece
2082 3952 2224 4006 enim
2267 3952 2469 4027 οὐρανὸς
2510 3957 2736 4005 vocatur
2763 3952 2865 4006 ἀπὸ
2905 3955 2995 4004 τοῦ
3028 3948 3263 4022 ὁρᾶσθαι.
3292 3944 3426 3999 Nam

1854 4042 2253 4111 comparatione
2279 4039 2521 4110 corporis
2566 4038 2805 4103 mthcrei,
2836 4053 2930 4093 aer
2971 4038 3088 4102 iste,
3130 4036 3221 4105 qui
3269 4049 3428 4104 super

1857 4148 1955 4187 nos
1982 4139 2083 4197 est,
2112 4146 2181 4185 ex
2206 4131 2498 4199 vaporibus
2525 4137 2682 4182 terra:
2710 4136 2996 4183 concretus
3023 4134 3077 4181 et
3112 4140 3323 4180 crassus
3349 4124 3430 4176 ef-

1858 4221 2051 4278 ﬁcitur.
2094 4220 2268 4275 Habes
2298 4220 2457 4287 igitur
2493 4218 2674 4288 polum
2721 4217 3052 4280 decoratum,
3082 4225 3278 4270 terram
3319 4212 3430 4267 for-

1856 4312 2229 4374 mosissimam,
2260 4324 2407 4364 mare
2435 4308 2916 4379 opulentissimum,
2950 4322 3131 4363 acrem
3170 4306 3431 4375 repletum

1856 4403 2044 4458 avibus
2076 4422 2089 4455 :
2119 4417 2238 4470 qua:
2284 4402 2461 4455 omnia
2506 4416 2575 4455 ex
2621 4400 2788 4454 nihilo
2828 4400 2895 4454 ad
2940 4399 3079 4453 hanc
3123 4399 3291 4452 vitam
3336 4394 3431 4449 De:

1785 4516 1834 4574 ι)
1859 4493 2215 4563 praeceptione
2260 4491 2514 4561 producta
2556 4498 2698 4545 sunt.
2729 4489 2797 4543 Et
2823 4490 2926 4544 alia
2954 4491 3119 4542 multa
3147 4502 3264 4555 qua:
3293 4502 3431 4541 nunc

1861 4585 2105 4640 consulto
2131 4599 2306 4638 sermo
2333 4583 2605 4652 praeteriit,
2637 4598 2704 4637 ne
2734 4583 2787 4636 in
2816 4580 3019 4635 hisdem
3051 4579 3245 4633 diutius
3277 4592 3430 4631 com-

1861 4684 2116 4741 moratus,
2147 4674 2363 4729 modum
2408 4673 2709 4744 disputandi
2746 4672 3019 4726 videretur
3045 4671 3320 4725 excedere.
3355 4668 3431 4725 Tu

1861 4773 2041 4818 autem
2078 4772 2265 4818 cuneta
2310 4765 2423 4818 hare
2466 4772 2641 4818 tecum
2686 4764 2799 4832 ipse
2832 4772 3108 4831 reputans,
3138 4770 3192 4817 et
3231 4763 3431 4817 intente

1860 4854 2177 4922 sapientiam
2207 4853 2320 4917 Dei,
2352 4869 2470 4923 qua:
2496 4853 2550 4906 in
2579 4853 2823 4908 omnibus
2861 4852 3105 4917 habetur,
3138 4852 3428 4922 inquirens,

1867 5128 2004 5183 idem
2028 5126 2218 5191 codex,
2250 5136 2355 5180 tota
2383 5127 2665 5180 intentione
2685 5126 2852 5180 cordis
2872 5124 3167 5194 implorant.

1936 5200 1960 5234 ιι
1984 5196 2144 5261 Editi,
2175 5198 2471 5256 multarum,
2504 5196 2659 5248 male.
2692 5195 2835 5248 Libri
2863 5192 3086 5261 antiqui,
3117 5192 3432 5249 mulctatum.

1939 5277 1961 5304 ε
1990 5265 2150 5332 Editi,
2182 5266 2517 5336 conﬁdentes,
2549 5265 2685 5319 nidis
2725 5282 2810 5319 eos
2840 5264 3125 5336 pra'eipitea
3165 5261 3434 5316 exturbaret

1867 5355 1928 5392 ac
1943 5337 2250 5444 proﬁciunt.
2281 5333 2423 5388 Libri
2452 5344 2662 5415 veteres
2692 5335 2760 5387 ita
2791 5342 2849 5388 ut
2877 5333 3154 5387 edidimus.

1995 5406 2209 5459 Antiqui
2239 5405 2346 5459 duo
2376 5404 2516 5459 libri.
2546 5404 2872 5459 conﬁrmant.

2043 5415 2209 5459 ιιῑῐαιιῐ
2239 5415 2346 5459 duo
2377 5415 2516 5459 IIDI'I.
2546 5415 2872 5459 conﬁrmant.

1943 5404 1961 5444 ί
1995 5404 2209 5473 Aiitiqui
2239 5405 2346 5459 duo
2376 5404 2516 5468 libri,
2546 5404 2872 5472 conﬁrmant.

1941 5486 1967 5524 ε
1995 5475 2145 5529 Colb.
2179 5475 2459 5536 secundus,
2484 5475 2635 5543 jussu
2672 5483 2809 5543 sunt.
2842 5472 2897 5525 Si
2934 5471 3077 5538 leges
3107 5471 3269 5541 jussu:
3295 5477 3436 5543 sunt,

1870 5547 2031 5600 velim
2059 5543 2342 5597 subaudias
2368 5539 2553 5596 vocem
2580 5558 2714 5595 aves.
2738 5542 2935 5596 Vocem
2965 5539 3121 5609 supra
3149 5557 3212 5593 ex
3244 5539 3436 5595 nostris

1870 5614 2142 5671 codicibus
2162 5614 2321 5681 paulo
2341 5620 2463 5680 post
2482 5611 2797 5666 addidimus.
2823 5608 3054 5667 Subinde
3073 5608 3225 5666 Colb.
3251 5624 3436 5667 secun-

1870 5685 1989 5753 dus,
2020 5682 2249 5737 consulto
2273 5698 2502 5735 sermone
2522 5683 2767 5752 pra'lerii.
