3824 6214
379 255 486 312 955

1332 255 1672 316 APPENDIX
1715 260 1998 318 OPERUM
2043 263 2103 320 S.
2144 263 2390 320 BASILII
2419 263 2663 321 MAGNI.

3545 258 3650 313 936

395 397 666 453 nunquam
693 390 718 418 ⁸
745 381 959 436 delicias
989 379 1317 444 admirando,
1348 396 1446 434 nec
1473 379 1818 434 Conditorem
1845 378 1960 446 glo—
1986 383 2038 441 Α
2063 383 2428 442 medicaminis
2455 385 2782 442 reformavit.
2815 383 3024 451 Quanta
3052 398 3265 454 quoque
3292 383 3429 438 ratio
3459 395 3542 439 es;
3579 384 3633 438 in

393 474 652 532 riiicando
675 473 916 530 desistas.
942 472 1115 527 IIabcs
1137 473 1296 526 etiam
1327 472 1561 526 volatilia
1581 479 1837 525 nocturna
1862 471 1887 508 δ
1909 479 1965 524 et

393 571 602 624 diurna.
626 565 1041 635 Vespertiliones
1068 565 1212 620 enim
1237 572 1292 619 et
1317 572 1527 618 noctua:
1553 563 1794 630 lucifuga:
1817 571 1960 616 sunt.

395 655 558 726 747
588 656 726 726 Ergo
745 658 790 711 si
818 657 1034 726 quando
1070 668 1120 713 te
1151 659 1374 713 minime
1407 675 1570 729 sopor
1606 663 1962 732 oppresserit,

385 745 614 801 sulliciet
631 756 681 801 te
700 749 1132 804 conversationis
1149 765 1336 804 eorum
1359 752 1710 818 examinatio,
1729 753 1963 821 vitaeque

390 833 691 904 proprietas
719 832 786 887 ad
821 831 1209 902 praedicandam
1232 832 1544 900 sapientiam
1572 831 1838 886 Creatoris
1863 833 1964 884 im-

389 924 610 993 pellere,
641 922 914 992 quomodo
943 922 1166 976 luscinia
1196 922 1377 989 vigilat
1405 922 1518 976 ovis
1539 923 1797 976 incubans
1817 922 1963 976 omni

387 1021 630 1082 tempore
659 1013 832 1068 noctis
853 1013 1174 1068 cantilenam
1197 1012 1476 1078 trahendo,
1503 1012 1771 1080 quomodo
1800 1013 1962 1067 etiam

387 1107 794 1176 vespertiliones
838 1122 948 1161 non
991 1107 1166 1160 minus
1212 1106 1582 1176 quadrupedes
1632 1117 1758 1161 sunt
1801 1123 1961 1175 quam

387 1205 653 1267 pcnnatac,
684 1211 816 1264 quas
845 1198 1006 1250 etiam
1035 1197 1178 1251 solas
1200 1211 1267 1250 ex
1289 1196 1472 1250 avibus
1501 1197 1748 1250 omnibus
1774 1197 1962 1252 dentes

387 1289 584 1344 habere
605 1296 843 1355 constat;
872 1297 925 1342 et
951 1288 1158 1343 catulos
1186 1303 1468 1357 procreare
1490 1286 1761 1353 feruntur;
1793 1296 1886 1341 aut
1906 1289 1961 1342 in

387 1395 513 1434 aere
539 1395 646 1432 non
675 1379 887 1447 plumis,
929 1377 1020 1433 sed
1058 1378 1286 1448 quadam
1319 1378 1627 1432 membrana
1658 1379 1838 1447 pellita
1865 1394 1963 1432 vo-

387 1467 517 1522 lare.
539 1466 631 1522 Est
652 1468 812 1521 etiam
834 1467 938 1521 illis
965 1475 1147 1520 mutua
1180 1467 1319 1520 inter
1345 1481 1403 1521 se
1431 1481 1727 1535 magnaque
1747 1467 1963 1522 dilectio

387 1576 484 1632 per
509 1568 775 1614 naturam.
799 1559 930 1612 Nam
950 1559 1095 1612 velut
1122 1566 1249 1612 seta:
1269 1557 1507 1626 quaadam
1533 1569 1552 1595 ε
1577 1559 1876 1627 piscatoria:
1895 1559 1962 1614 de

387 1653 607 1707 alternis
633 1651 837 1704 haerent
865 1649 1088 1702 nexibus
1121 1666 1133 1700 :
1162 1649 1305 1718 quod
1350 1649 1404 1702 in
1443 1650 1747 1704 hominibus
1775 1650 1959 1719 utique

2063 478 2307 532 cantibus
2334 478 2656 538 cicadarum,
2687 491 2805 544 quae
2840 475 2939 530 sub
2967 475 3174 530 ardenti
3200 475 3313 530 sole
3333 474 3454 543 plus
3479 489 3636 527 reso-

2062 575 2190 620 nant
2218 575 2390 621 tractu
2415 567 2554 621 aeris
2582 567 2842 636 impulsae,
2870 566 2960 636 qui
2984 580 3082 634 per
3100 580 3282 620 earum
3302 572 3490 633 pectus
3513 563 3634 618 illa-

2062 657 2205 710 bitur
2231 656 2356 711 dum
2385 657 2686 726 respirant?
2715 656 2822 710 Sed
2854 655 2963 724 jam
2999 656 3172 710 sentio
3199 669 3500 710 sermonem
3531 669 3632 708 no-

2060 755 2227 800 strum
2256 762 2363 801 non
2390 747 2564 801 minus
2584 748 2853 801 miraculis
2879 747 3170 800 volatilium
3190 745 3451 815 superari,
3473 759 3633 812 quam

2061 837 2107 891 si
2152 837 2426 906 experirer
2469 838 2583 906 ipse
2623 839 2993 908 pernicitatem
3033 853 3184 893 suam
3231 837 3363 890 meis
3407 836 3634 905 pedibus

2061 927 2282 980 anteire.
2317 926 2455 981 Sane
2481 942 2600 981 cum
2630 928 2825 982 videris
2865 943 2990 998 apes
3023 936 3078 983 et
3110 941 3320 996 vespas,
3349 927 3632 981 considera

2059 1019 2180 1088 quia
2210 1019 2383 1072 nullus
2410 1019 2489 1074 eis
2515 1020 2732 1088 spiritus
2751 1027 2844 1073 aut
2862 1020 3041 1088 pulmo
3069 1019 3273 1086 subest,
3300 1017 3394 1072 sed
3417 1033 3633 1086 semper

2061 1125 2128 1164 ex
2155 1125 2280 1164 aere
2307 1112 2633 1165 nutriuntur.
2672 1110 2910 1179 Denique
2956 1110 3000 1164 si
3043 1111 3164 1164 oleo
3211 1117 3366 1164 tacta:
3409 1107 3631 1173 fuerint,

2061 1201 2312 1255 continuo
2339 1200 2690 1268 perimuntur,
2719 1207 2904 1268 utpote
2931 1198 3205 1268 prmciusis
3232 1212 3415 1252 earum
3457 1196 3631 1264 spira-

2061 1294 2254 1345 mentis
2279 1309 2291 1343 :
2317 1298 2374 1345 et
2400 1291 2445 1344 si
2474 1297 2628 1344 aceto
2659 1299 2682 1336 ε
2711 1305 2893 1343 rursus
2933 1289 3050 1343 illas
3088 1288 3397 1358 asperseris,
3433 1285 3632 1340 revivi-

2060 1391 2233 1447 scunt,
2255 1397 2510 1436 venarum
2529 1380 2774 1436 videlicet
2793 1381 3054 1435 meatibus
3073 1379 3370 1449 patefactis.
3393 1378 3473 1432 Ita
3498 1377 3632 1431 nihil

2060 1475 2202 1542 quod
2221 1474 2473 1542 supersit,
2494 1482 2585 1526 aut
2605 1473 2740 1527 desit
2760 1473 2955 1526 nostris
2970 1471 3305 1533 utilitatibus,
3324 1469 3448 1523 fecit
3467 1467 3627 1522 Deus.

2061 1563 2256 1618 Iterum
2289 1564 2333 1618 si
2361 1563 2699 1632 aquariorum
2728 1576 2894 1628 genus
2921 1561 3224 1615 examinare
3260 1557 3512 1622 volueris,
3547 1557 3631 1609 in-

2057 1654 2242 1708 venies
2287 1653 2340 1706 in
2380 1653 2482 1706 illis
2517 1651 2675 1704 aliam
2702 1651 3121 1720 dispositionem.
3156 1647 3326 1702 Pedes
3351 1648 3492 1702 enim
3525 1661 3631 1700 non

387 1742 628 1796 videmus
667 1757 774 1796 non
817 1741 974 1797 facile
1020 1743 1320 1811 provenire,
1351 1757 1574 1810 quorum
1608 1745 1848 1798 nonnulli
1877 1761 1961 1799 se-
1993 1739 2034 1798 Β
2064 1744 2260 1798 habent
2298 1742 2450 1797 ﬁssos
2477 1750 2535 1796 ut
2561 1755 2775 1808 corvus,
2803 1755 2903 1795 nec
2931 1755 3096 1794 uncos
3124 1747 3181 1792 ut
3208 1739 3404 1808 aquila,
3433 1737 3529 1792 sed
3554 1737 3633 1790 la-

386 1834 560 1904 parati
597 1832 664 1888 ab
702 1833 929 1888 aliorum
968 1833 1460 1888 conversationibus
1505 1834 1868 1902 singularitate
1905 1842 1963 1889 et

387 1923 674 1978 solitudine
719 1923 1070 1978 delectantur.
1122 1923 1403 1989 Quomodo
1442 1924 1604 1978 etiam
1646 1931 1962 1978 noctuarum

386 2014 554 2069 oculis
584 2014 782 2069 similes
810 2014 1077 2068 habentur
1104 2015 1373 2070 saecularis
1403 2017 1675 2086 sapientiae
1695 2016 1964 2086 professo-

385 2117 493 2158 res.
520 2103 652 2157 Nam
680 2112 736 2158 et
764 2104 971 2158 illarum
995 2112 1245 2173 aspectus
1275 2106 1520 2169 noctibus
1548 2107 1761 2174 quidem
1789 2108 1966 2162 acrior

388 2201 490 2260 est,
521 2202 713 2249 exorto
758 2203 940 2249 autem
979 2195 1094 2249 sole
1133 2204 1382 2258 caecatur,
1414 2197 1550 2250 sicut
1590 2197 1812 2251 istorum
1840 2213 1962 2251 cum

385 2286 457 2339 sit
485 2285 824 2340 acutissimus
851 2285 917 2338 ad
945 2283 1406 2354 contemplandum
1437 2286 1723 2339 vanitatem
1753 2301 1959 2349 sensus,

388 2387 514 2442 erga
543 2373 940 2442 inquisitionem
978 2388 1117 2427 veras
1145 2373 1278 2427 lucis
1315 2373 1572 2428 hebescit.
1603 2374 1832 2429 Interdiu
1864 2391 1963 2429 au-

387 2471 497 2519 tem
524 2463 678 2520 facile
705 2465 800 2518 tibi
829 2472 912 2518 est
939 2463 1342 2518 admirationem
1389 2463 1693 2519 Conditoris
1731 2465 1963 2535 undique

388 2555 685 2619 attrahere;
713 2555 1158 2624 quemadmodum
1181 2556 1350 2624 gallus
1371 2555 1699 2611 domesticus
1720 2556 1963 2611 homines

387 2645 455 2699 ad
483 2645 694 2700 labores
721 2644 992 2714 compellit
1019 2652 1074 2698 et
1101 2659 1288 2714 opera,
1317 2646 1568 2714 claraque
1593 2661 1726 2700 voce
1752 2646 1963 2715 procla-

387 2752 572 2800 mans,
618 2735 788 2790 solem
840 2735 1028 2806 procul
1073 2735 1323 2791 advenire
1361 2735 1640 2804 significat.
1701 2736 1963 2791 Anserum

385 2842 599 2898 quoque
626 2839 812 2894 genus,
852 2841 1009 2894 quam
1041 2827 1262 2894 vigilans
1301 2827 1527 2882 habetur
1563 2834 1617 2882 et
1653 2829 1959 2897 providum,

388 2926 443 2972 et
485 2918 594 2973 cito
639 2919 874 2972 sentiens
914 2931 1033 2985 quae
1061 2925 1332 2971 tentantur
1361 2919 1592 2972 occulte!
1627 2918 1666 2972 Ii
1694 2919 1958 2987 quondam

388 3009 573 3063 urbem
600 3007 822 3063 Romam
852 3008 1126 3062 nocturnis
1168 3009 1402 3063 hostium
1436 3009 1693 3064 liberasse
1715 3010 1961 3065 dicuntur

2064 1845 2150 1891 tos
2185 1843 2344 1905 atque
2388 1835 2780 1900 membraneos,
2810 1840 2868 1886 ut
2912 1839 3158 1886 natantes
3192 1831 3347 1884 facile
3386 1827 3632 1900 superfe-

2062 1934 2246 1980 rantur
2274 1925 2448 1988 undis,
2480 1933 2732 1993 tanquam
2759 1923 2920 1977 remis
2948 1921 3260 1991 quibusdam
3284 1920 3480 1990 pedum
3502 1920 3632 1973 nisi-

2060 2019 2160 2073 bus
2187 2017 2507 2086 repellentes
2535 2031 2745 2084 aquam.
2775 2014 2908 2069 Item
2943 2015 2990 2068 si
3026 2013 3334 2068 consideres
3361 2009 3634 2079 quomodo

2061 2121 2263 2178 cygnus
2309 2107 2362 2160 in
2408 2107 2572 2160 altum
2614 2112 2795 2171 guttur
2844 2102 3159 2169 extendens,
3206 2101 3273 2155 ab
3310 2100 3420 2154 imo
3466 2097 3634 2152 funda

2061 2197 2226 2250 trahit
2255 2195 2581 2260 alimoniam,
2614 2200 2741 2247 tunc
2768 2191 3048 2246 advertere
3075 2191 3277 2259 poteris
3313 2188 3632 2256 sapientiam

2060 2286 2351 2347 Creatoris,
2379 2282 2406 2320 ιι
2432 2285 2522 2354 qui
2543 2285 2612 2338 ob
2634 2284 2735 2338 hoc
2755 2283 2832 2336 illi
2859 2281 3099 2348 longiora
3127 2280 3262 2334 colla
3285 2293 3443 2346 quam
3465 2277 3633 2346 pedes

2062 2376 2318 2442 adhibuit,
2341 2383 2400 2430 ut
2422 2383 2670 2442 tanquam
2698 2381 2868 2427 setam
2887 2369 3170 2440 quamdam
3195 2369 3472 2437 porrigens
3499 2382 3558 2421 se
3576 2368 3632 2423 in

2060 2468 2399 2540 profundum,
2429 2465 2762 2522 reconditum
2789 2464 2958 2534 possit
2986 2462 3223 2516 invenire
3247 2462 3536 2514 nutrimen.

2131 2559 2184 2614 8.
2213 2558 2378 2626 Igitur
2415 2557 2724 2625 simpliciter
2750 2554 2983 2623 inspecta
3013 2551 3175 2607 verba
3202 2550 3488 2620 Scriptura:
3524 2549 3632 2619 syl-

2062 2651 2194 2706 labas
2221 2649 2465 2718 quadam
2490 2648 2737 2703 videntur
2763 2660 2882 2700 esse
2909 2662 2922 2697 :
2954 2643 3182 2714 Ejiciant
3223 2658 3369 2713 aqua
3397 2642 3634 2697 volatilia

2059 2740 2288 2795 volantia
2313 2755 2467 2808 super
2499 2747 2686 2790 terram
2725 2735 2814 2789 sub
2856 2733 3180 2804 [irritamento
3209 2732 3339 2787 caeli.
3369 2732 3425 2786 Si
3454 2732 3633 2786 consi-

2061 2831 2244 2884 derata
2273 2827 2430 2882 fuerit
2457 2827 2533 2881 vis
2559 2826 2866 2888 verborum,
2888 2831 3016 2878 tunc
3049 2821 3352 2877 Conditoris
3379 2819 3633 2876 miriﬁca-

2061 2920 2137 2973 tio
2164 2919 2484 2982 declaratur,
2515 2917 2605 2987 qui
2652 2916 2855 2970 futuras
2902 2915 3080 2969 avium
3112 2913 3438 2968 differentias
3473 2913 3632 2981 longe

2059 3011 2324 3080 prtevidit,
2347 3025 2543 3078 easque
2562 3007 2851 3063 Secundum
2872 3020 3039 3075 genus
3065 3022 3096 3060 a
3126 3022 3185 3062 se
3213 3004 3481 3060 discrevit.
3504 3005 3630 3058 Dies

385 3098 626 3153 insidiis:
652 3113 789 3167 quos
824 3113 923 3168 per
951 3095 977 3135 τι
1006 3098 1248 3154 occultos
1287 3099 1462 3153 aditus
1500 3099 1728 3153 latenter
1754 3101 1956 3168 ingredi
1985 3087 2028 3150 C
2061 3119 2146 3158 me
2175 3103 2422 3172 profecto
2460 3099 2688 3168 deﬁciet,
2721 3101 2766 3154 si
2794 3107 2986 3154 cuncta
3022 3099 3173 3153 vobis
3201 3098 3345 3151 aeria
3373 3095 3626 3150 miracula

384 3188 665 3243 molientes
692 3203 978 3257 arcemque
1004 3188 1316 3257 pervadere,
1343 3189 1650 3244 festinanter
1674 3190 1955 3259 prodidere

383 3280 681 3338 clamando.
714 3279 773 3333 In
794 3295 900 3349 quo
921 3287 1098 3333 autem
1127 3293 1320 3347 genere
1339 3280 1553 3349 propria
1576 3281 1828 3335 miracula
1848 3297 1952 3336 non

384 3384 762 3440 usquequaque
791 3377 979 3423 natura
1008 3369 1374 3424 demonstrat?
1403 3370 1530 3435 Quis
1556 3370 1853 3426 vulturibus
1881 3370 1956 3426 fu~

383 3472 557 3515 turam
601 3460 809 3514 nuntiat
853 3459 1128 3513 hominum
1173 3467 1434 3525 mortem,
1483 3474 1619 3526 quos
1665 3469 1850 3515 contra
1895 3478 1954 3517 se

381 3551 520 3605 bella
547 3560 812 3619 gesturos,
841 3565 968 3602 mox
995 3556 1222 3604 caterva:
1249 3550 1516 3604 vulturum
1538 3561 1952 3620 prosequuntur,

382 3654 759 3707 armorumque
807 3639 1156 3694 instructione
1201 3640 1286 3694 vel
1331 3649 1620 3709 apparatu,
1668 3643 1840 3710 qualis
1884 3643 1956 3697 sit

380 3733 554 3787 exitus
582 3732 858 3786 habendus
885 3719 1222 3800 intelligunt?
1249 3731 1402 3798 Quod
1434 3733 1645 3801 quidem
1678 3750 1782 3788 non
1822 3750 1953 3804 pro-

381 3825 467 3880 cul
483 3834 563 3878 est
577 3825 798 3879 rationis
818 3825 1077 3879 humana}.
1095 3825 1550 3891 Quemadmodum
1569 3827 1730 3880 etiam
1755 3827 1846 3881 tibi
1868 3828 1951 3882 lo-

380 3924 647 3971 custarum
671 3916 1036 3986 expeditiones
1060 3926 1084 3954 °
1106 3917 1378 3987 aperiam?
1397 3916 1526 3983 Quae
1548 3919 1647 3973 sub
1667 3935 1773 3973 uno
1799 3919 1950 3986 signo

379 4007 608 4076 propriis
635 4020 858 4074 egressae
885 4007 952 4061 de
979 4007 1193 4062 sedibus
1219 4010 1272 4063 in
1298 4009 1536 4078 spatioso
1563 4024 1751 4078 campo
1777 4019 1948 4065 castra

380 4097 725 4161 constituunt,
757 4105 811 4151 et
839 4114 946 4152 non
984 4105 1109 4152 ante
1147 4098 1388 4167 subjecta
1429 4103 1758 4168 contingunt,
1791 4118 1947 4171 quam

381 4186 535 4242 datur
560 4187 637 4241 eis
663 4187 841 4241 divina
868 4188 1174 4257 prazceptio.
1209 4189 1490 4254 Quomodo
1529 4192 1687 4245 etiam
1734 4206 1948 4260 mergus

378 4276 730 4331 insatiabilem
757 4276 1006 4330 vescendi
1042 4279 1242 4346 patitur
1266 4280 1489 4345 orexim,
1523 4296 1620 4349 per
1646 4297 1802 4351 quam
1832 4283 1949 4335 vul-

377 4367 591 4421 neribus
631 4367 712 4421 sui
754 4368 956 4421 ventris
999 4367 1235 4422 remedia
1281 4370 1522 4424 sanitatis
1567 4369 1585 4409 ί
1628 4373 1870 4441 acquirit.
1901 4372 1946 4427 Ο

2057 3195 2256 3250 referre
2283 3195 2522 3248 voluero.
2557 3193 2936 3247 Verumtamen
2965 3198 3107 3244 terra
3137 3205 3234 3244 nos
3260 3195 3418 3242 vocat
3445 3186 3514 3241 ad
3542 3187 3628 3239 in-

2056 3285 2354 3355 spiciendas
2381 3285 2596 3346 bestias,
2628 3291 2684 3338 et
2713 3281 2946 3352 pecudes
2983 3295 3047 3335 ac
3090 3287 3386 3348 serpentes.
3433 3276 3628 3332 Parata

2056 3387 2140 3431 est
2163 3376 2306 3431 enim
2335 3375 2524 3430 similia
2553 3373 2784 3442 piscibus
2811 3380 2867 3425 et
2895 3369 3197 3424 volatilibus
3225 3368 3627 3436 quadrupedum

2055 3474 2110 3521 et
2153 3465 2500 3534 virgultorum
2544 3477 2738 3531 genera
2783 3461 3149 3514 demonstrare
3191 3476 3205 3512 :
3253 3458 3446 3528 Ejiciat
3489 3467 3625 3510 terra

2054 3557 2282 3611 animum
2320 3556 2502 3609 vivam.
2536 3553 2671 3620 Quid
2702 3551 2895 3616 dicitis,
2935 3550 3027 3620 qui
3065 3547 3230 3602 Paulo
3275 3548 3521 3617 apostolo
3557 3548 3624 3600 de

2053 3645 2442 3702 resurrectione
2469 3659 2575 3698 non
2605 3642 2837 3708 creditis,
2869 3658 2990 3698 cum
3018 3641 3243 3696 videatis
3269 3646 3414 3693 certa
3439 3637 3507 3692 de
3535 3652 3624 3691 ae-

2053 3738 2158 3793 reis
2185 3735 2540 3790 animantibus
2567 3734 2784 3802 Iiguram
2814 3733 3083 3803 propriam
3112 3737 3464 3790 commutare,
3487 3728 3621 3782 sicut

2051 3827 2319 3882 Indiacum
2342 3840 2598 3889 vermem,
2628 3825 2718 3892 qui
2742 3832 2826 3878 est
2851 3825 3114 3892 corniger,
3137 3822 3309 3891 primo
3337 3821 3390 3874 in
3417 3818 3433 3857 ί
3464 3836 3621 3874 veru—

2051 3936 2127 3976 ca:
2153 3935 2210 3975 se
2235 3919 2467 3989 speciem
2495 3916 2985 3980 transformantem,
3011 3913 3205 3970 deinde
3239 3911 3352 3966 ﬁeri
3389 3911 3618 3966 bombu-

2051 4015 2267 4076 Iionem,
2299 4027 2400 4066 nec
2421 4018 2596 4064 tamen
2625 4009 2680 4063 in
2707 4023 2776 4063 eo
2801 4008 3073 4062 schemate
3100 4005 3498 4076 persistentem,
3525 4002 3619 4057 sed

2049 4101 2374 4157 membranis
2396 4099 2724 4153 mollioribus
2753 4098 2766 4148 i
2807 4113 2870 4152 ac
2899 4095 3175 4150 latioribus
3201 4093 3618 4164 plumcscentem

2049 4192 2304 4259 aligerum
2328 4188 2512 4243 reddi?
2539 4187 2724 4256 Itaque
2744 4183 2859 4249 vos',
2882 4191 3161 4249 matronae,
3183 4182 3394 4251 quando
3422 4180 3620 4236 sedetis

2048 4296 2231 4335 eorum
2259 4278 2594 4333 revolventes
2622 4291 2808 4345 opera,
2837 4275 2888 4329 id
2913 4281 2998 4328 est
3033 4273 3259 4327 stamina
3297 4286 3415 4340 qua:
3460 4271 3618 4326 Seres

2049 4373 2153 4426 huc
2197 4370 2430 4436 dirigunt
2457 4367 2522 4422 ad
2551 4367 2939 4422 confectionem
2979 4365 3207 4420 vestium
3245 4362 3613 4422 delicatarum.

376 4457 584 4511 virtutis
604 4456 883 4512 admiratio
904 4457 1164 4512 cwlestis!
1188 4471 1306 4526 qua:
1326 4458 1524 4512 rabiem
1547 4458 1699 4514 famis
1719 4462 1772 4514 in
1795 4478 1942 4517 usum
1973 4457 2021 4516 D
2044 4460 2446 4517 reminiscimini
2473 4459 2630 4528 hujus
2669 4457 2912 4511 animalis
2943 4453 3390 4524 religurationetn,
3417 4460 3482 4506 ut
3505 4453 3615 4507 evi-

443 4620 468 4646 η
497 4608 657 4672 Editi,
685 4608 910 4676 deﬁcies.
943 4605 1013 4660 At
1041 4607 1206 4660 nostri
1229 4613 1336 4660 tres
1362 4622 1513 4676 mss.,
1537 4607 1763 4676 deﬁcias.

403 4679 469 4804 hb
499 4679 718 4798 Alntiqui
746 4675 851 4732 duo
890 4676 1030 4740 libri,
1058 4683 1107 4730 el
1145 4676 1350 4729 diurna.
1381 4675 1577 4730 Vocula
1601 4675 1653 4730 Vel
1685 4680 1750 4733 ab
1789 4678 1942 4734 editis

441 4763 534 4804 era
561 4787 574 4799 .

373 4756 574 4804 aberat.

443 4829 464 4856 ο
497 4813 656 4880 Editi,
698 4815 988 4885 piscatoris.
1038 4813 1178 4885 Libri
1221 4824 1448 4880 veteres,
1480 4817 1788 4885 piscatoriw.
1831 4818 1938 4872 Ali-

371 4895 571 4955 quanto
607 4883 730 4954 post
755 4883 906 4938 Coll).
947 4884 1224 4948 secundus,
1257 4901 1376 4936 nam
1410 4883 1530 4938 ut...
1572 4889 1768 4940 acutior
1794 4898 1933 4941 est...

371 4959 443 5010 sic
477 4967 525 5010 et
559 4956 773 5009 istorum
811 4970 828 5007 :
866 4968 1024 5021 quam
1062 4956 1484 5024 scripturamiex
1527 4971 1592 5007 eo
1639 4967 1936 5024 suspectam

370 5026 563 5092 habeo,
592 5025 734 5092 quod
764 5024 952 5076 melior
979 5025 1045 5076 sit
1074 5031 1127 5076 ct
1167 5024 1356 5092 aptior.
1389 5023 1517 5076 Nam
1548 5023 1811 5089 librarius,
1838 5028 1936 5080 nisi

369 5096 521 5218 sald?
550 5095 721 5159 fallor,
758 5093 1010 5145 nonnulla
1039 5093 1322 5162 aliquando
1351 5102 1416 5146 ad
1447 5095 1722 5149 arbitrium
1751 5111 1936 5150 emen-

405 5180 487 5218 avn
517 5205 530 5218 .

405 5172 530 5218 avit.

437 5234 464 5270 ά
493 5232 645 5302 Colb.
677 5230 958 5302 secundus,
990 5249 1080 5302 per
1101 5231 1340 5286 obscuros
1368 5234 1559 5288 aditus.

441 5313 464 5340 ο
495 5301 658 5369 Editi,
705 5301 950 5367 aperiam.
992 5301 1145 5355 Libri
1188 5311 1415 5366 veteres,
1459 5306 1705 5368 aperiam.
1755 5303 1938 5358 Grame

368 5371 689 5444 ᾲηγήσομαι.
719 5370 841 5424 Mox
861 5371 1009 5444 editi,
1031 5388 1180 5444 quant
1202 5373 1348 5444 detur
1367 5375 1430 5426 iis
1452 5375 1622 5428 divina
1643 5375 1934 5444 praeceptio.

369 5439 636 5506 Quomodo
661 5451 846 5494 autent.
879 5439 1092 5508 Antiqui
1123 5441 1239 5493 libri
1268 5451 1326 5494 ut
1354 5444 1404 5496 in
1431 5439 1704 5497 contextu.

443 5510 460 5548 ῐ
492 5511 672 5565 Codex
701 5526 837 5580 unus
873 5511 1104 5580 inquirit.
1144 5511 1334 5564 Statim
1372 5528 1497 5565 mss.
1530 5513 1653 5578 duo,
1684 5515 1816 5567 ratio
1839 5521 1932 5565 est.

366 5578 499 5635 Illud
531 5591 605 5635 est
635 5582 685 5634 in
719 5579 876 5634 editis
913 5578 1262 5649 desideratur.
1297 5580 1530 5638 Subinde
1558 5585 1661 5638 duo
1692 5600 1842 5649 mss.,
1872 5599 1937 5637 ex

369 5667 505 5706 aere.
541 5651 736 5707 Vocula
756 5665 818 5704 ex
844 5651 894 5704 in
923 5649 1144 5717 vulgatis
1177 5648 1373 5705 deerat.

2119 4621 2144 4658 ε
2173 4608 2312 4662 Editi
2341 4617 2395 4663 et
2437 4607 2542 4661 duo
2579 4621 2728 4670 mss.,
2764 4614 2812 4659 et
2853 4605 2897 4657 si
2935 4612 3073 4656 aceto
3110 4617 3284 4654 rursus
3312 4602 3611 4669 asperseris,

2045 4682 2363 4749 resipiscam.
2398 4678 2465 4731 At
2483 4677 2632 4730 Coll).
2659 4675 2938 4749 secundus,
2966 4681 3020 4749 _et
3045 4674 3090 4726 si
3119 4681 3260 4723 aceto
3288 4686 3466 4722 rursus
3479 4671 3614 4749 illas

2047 4738 2345 4819 asperseris,
2374 4749 2689 4819 reviviscunt,
2713 4746 2784 4797 ita
2806 4744 3108 4819 postulante
3133 4749 3187 4795 et
3215 4755 3374 4793 sensu
3400 4749 3456 4791 et
3473 4738 3616 4819 Cra:-

2043 4809 2129 4881 co',
2160 4821 2548 4873 ἀναϐιὼσκεται.
2584 4809 2867 4884 Aliquanto
2902 4820 3023 4882 post
3060 4811 3168 4864 duo
3207 4825 3359 4874 mss.,
3396 4825 3489 4860 nec
3518 4809 3614 4862 ob-

2041 4904 2330 5020 unflolsiditi,
2353 4954 2470 5026 quia
2499 4954 2558 5007 ob
2589 4953 2699 5026 hoc.
2724 4952 2798 5026 _At
2817 4950 2967 5026 Coll).
2999 4947 3278 5026 secundus,
3305 4948 3390 5018 qui
3409 4945 3473 5026 ob
3493 4948 3609 5026 hoc.

2042 5025 2239 5079 Ibidem
2269 5017 2415 5091 editi,
2449 5025 2556 5078 illis
2595 5023 2848 5092 longiora.
2891 5020 3053 5073 Vetus
3091 5017 3266 5072 codex
3303 5017 3505 5080 noster,
3549 5018 3610 5071 ill

2040 5096 2293 5150 lonaiora.

2117 5114 2126 5147 ι
2165 5114 2242 5148 wr
2281 5135 2293 5148 .

2117 5114 2306 5218 igEd‘izti
2328 5171 2384 5217 et
2403 5162 2569 5217 nostri
2594 5169 2700 5215 tres
2725 5175 2877 5227 mss.,
2893 5159 2945 5211 in
2971 5174 3165 5212 aeruca:
3179 5175 3232 5211 se
3249 5157 3486 5227 speciem.
3497 5155 3608 5227 vel,

2042 5236 2095 5288 in
2123 5250 2348 5288 verrqu
2367 5235 2582 5302 speciem
2603 5249 2614 5282 :
2633 5229 2794 5302 quod,
2823 5225 2983 5302 quam
3011 5225 3301 5302 absurdum
3323 5227 3392 5302 sit
3409 5233 3466 5302 et
3495 5225 3611 5279 ine-

2041 5308 2190 5374 ptum
2215 5343 2230 5374 ,
2282 5296 2871 5374 nihilattinet'dicere.
2910 5297 2987 5374 _At
3032 5297 3149 5374 ejus
3186 5297 3288 5352 loci
3327 5296 3497 5350 facilis
3524 5303 3608 5374 est

2043 5365 2364 5428 emendatio.
2394 5371 2526 5424 Nam
2555 5385 2653 5440 pro
2689 5381 2883 5422 aeruca:
2910 5365 3187 5440 legendum
3210 5381 3326 5420 esse
3347 5381 3534 5429 eruere,
3561 5366 3609 5418 si

2043 5443 2176 5496 nihil
2203 5442 2362 5505 aliud,
2399 5442 2511 5510 ipse
2537 5434 2681 5494 certe
2710 5453 2902 5492 nomen
2931 5434 3174 5490 Graecum
3201 5444 3386 5505 aperte
3423 5443 3608 5489 osten-

2042 5512 2138 5572 dit,
2174 5516 2243 5570 εἰς
2275 5515 2491 5580 κὰμπην,
2527 5511 2830 5580 ὺινβηιεαῃξτ

2118 5581 2130 5630 i
2171 5579 2299 5634 Illud
2330 5574 2390 5632 ac
2418 5577 2684 5632 latioribus
2713 5577 2888 5630 addidi
2915 5616 2929 5640 ,
2969 5575 3224 5630 librorum
3259 5574 3606 5642 antiquorum

2043 5649 2197 5706 fidem
2218 5659 2436 5708 secutus
2461 5667 2472 5701 :
2495 5649 2686 5720 quibus
2705 5647 3044 5703 consentiunt
3061 5644 3244 5700 Cra-ca
3265 5647 3348 5698 καὶ
3367 5645 3603 5698 ararim.
