3824 6214
115 309 220 367 957

912 312 1290 371 EUSTATHII
1330 315 1688 372 HEXAMERI
1734 316 2231 374 METAPIIRiSlS
2271 316 2475 373 LIBER
2514 316 2609 373 IX.

3303 303 3410 373 93's

130 439 260 492 deus
300 435 372 489 de
421 433 826 490 resurrectione
864 434 1086 502 capiatis
1132 432 1456 499 exemplum,
1497 438 1553 484 et
1596 427 1726 483 nihil
1758 437 1801 490 Α
1828 431 1991 486 modo
2018 431 2163 485 hunc
2191 430 2401 498 erigens
2429 432 2785 487 exsultatione
2812 430 3065 494 victoriae,
3096 428 3401 498 faciensque

130 524 394 580 dubitetis
419 524 497 578 de
527 524 908 578 reformatione
935 522 1194 592 corporis,
1224 536 1383 589 quam
1413 518 1606 575 Paulus
1633 535 1727 573 ex-

130 615 302 685 ponit.
331 613 452 667 Sed
482 612 600 681 jam
626 612 802 667 sentio
829 626 916 666 me
943 610 1161 666 modum
1186 609 1560 679 disputationis
1578 623 1730 662 exce-

132 708 278 762 dere.
319 704 553 760 Etenim
580 704 625 758 si
654 704 722 758 ad
758 702 1150 757 multitudinem
1190 715 1481 770 respexero
1523 699 1727 753 relato-

133 814 273 865 rum,
308 795 367 849 in
408 793 683 848 infinitum
722 792 941 847 videbor
976 806 1222 846 sermone
1250 800 1276 827 ι
1305 790 1602 860 prolapsus.
1632 788 1727 843 Sin

134 894 315 939 autem
364 883 567 938 oculos
607 882 675 936 ad
710 881 1072 935 diversitatem
1103 887 1360 934 creatura:
1386 886 1725 943 convertere,

135 968 302 1040 748
315 986 425 1024 nec
439 973 730 1026 exordium
750 962 904 1025 narra
915 974 1074 1028 tionis
1092 973 1204 1027 urbi
1215 985 1329 1028 tror
1344 989 1731 1045 assumpsnsse.

135 1056 539 1114 Verumtamen
561 1078 665 1115 non
685 1072 768 1116 est
791 1063 917 1119 utile
937 1079 1030 1118 vos
1062 1065 1338 1130 praeterire
1386 1075 1721 1122 transcursu.

140 1153 271 1218 Quid
296 1153 454 1207 enim
485 1152 695 1207 facietis
721 1165 889 1219 usque
934 1150 1001 1204 ad
1040 1151 1360 1219 vesperam?
1386 1149 1431 1202 A
1458 1153 1726 1219 pransori-

142 1239 234 1297 bus
262 1248 421 1295 certe
471 1256 586 1296 non
618 1236 900 1308 urgemini,
927 1254 1025 1294 nec
1052 1239 1415 1294 conviviorum
1444 1247 1727 1309 apparatus

140 1332 287 1386 abire
317 1347 425 1386 nos
456 1333 734 1395 admonet,
764 1331 1015 1400 quoniam
1058 1338 1269 1399 tempus
1308 1329 1582 1399 jejunandi
1622 1338 1721 1386 est.

136 1422 493 1491 Quapropter
515 1423 561 1477 si
589 1421 783 1492 placet,
808 1421 1182 1475 abstinentiam
1220 1421 1461 1490 corporis
1488 1420 1543 1475 in
1570 1421 1722 1475 volu-

139 1522 313 1582 ptates
342 1513 518 1566 animi
544 1519 935 1568 convertamus.
963 1509 1167 1580 Swpius
1204 1511 1386 1580 utique
1413 1512 1725 1583 corporibus

139 1606 416 1675 paruist‘s,
448 1604 557 1659 hos
600 1603 787 1658 saltem
814 1603 929 1657 dies
958 1602 1272 1671 deputemus
1301 1604 1481 1656 usibus
1521 1604 1725 1658 animo-

139 1709 278 1758 rum,
304 1694 452 1749 sicut
479 1693 735 1763 scriptum
762 1700 844 1746 est
870 1710 884 1744 :
916 1691 1182 1745 Delectare
1202 1692 1255 1744 in
1280 1691 1521 1758 Domino,
1552 1703 1600 1746 et
1625 1693 1715 1745 da-

1830 522 2194 577 adversarium
2225 521 2450 587 tristem,
2474 522 2633 576 modo
2663 522 2808 576 illum
2838 520 3066 575 alacrem
3094 519 3399 590 superbum-

1827 628 1933 683 que
1978 612 2366 666 demonstrans.
2417 611 2554 677 Quid
2594 611 2745 679 juvat
2785 624 3012 681 corpore
3052 608 3315 678 jejunare,
3350 608 3399 667 si

1826 702 2034 756 animus
2071 700 2254 756 multis
2288 703 2613 771 pravitatum
2653 701 2886 755 millibus
2915 700 3201 755 oneratur?
3228 698 3397 756 Porro

1825 794 1918 863 qui
1946 809 2052 848 non
2080 793 2214 848 ludit
2241 793 2480 861 tesseris,
2519 793 2613 847 sed
2640 802 2810 859 vacat,
2839 808 2972 862 quas
2998 809 3104 847 non
3133 795 3396 847 vanitates

1826 898 1891 938 ex
1921 898 2015 938 ore
2042 882 2326 952 depromit,
2351 890 2444 937 aut
2468 882 2591 951 quid
2622 898 2729 936 non
2756 883 2982 952 percipit
3005 883 3221 937 auribus
3239 898 3396 938 exse-

1825 972 2118 1030 orandum?
2140 975 2218 1029 ita
2248 975 2493 1029 otiositas
2532 976 2647 1029 sine
2682 975 2874 1030 timore
2905 976 2995 1030 Dei
3023 977 3271 1044 magistra
3305 992 3396 1031 ne-

1825 1066 2004 1134 quitia:
2025 1073 2124 1120 est.
2153 1064 2219 1119 Et
2246 1066 2457 1134 quidem
2483 1081 2745 1136 przesumo
2765 1066 2960 1135 aliquid
2981 1067 3131 1121 vobis
3151 1064 3397 1122 utilitatis

1826 1172 1893 1209 ex
1919 1155 2001 1209 his
2028 1170 2145 1224 quae
2172 1156 2333 1209 locuti
2355 1171 2538 1210 sumus
2559 1156 2783 1225 acquiri.
2807 1155 2959 1222 Quod
2978 1158 3021 1211 si
3042 1171 3197 1212 secus
3217 1156 3394 1223 fuerit,

1826 1252 2004 1298 tamen
2060 1252 2279 1313 peccato
2320 1260 2414 1299 vos
2453 1261 2650 1300 vacuos
2695 1244 2723 1283 δ
2764 1246 3113 1301 commoratio
3154 1247 3258 1302 loci
3304 1247 3393 1301 hu-

1820 1334 2114 1403 juscemodi
2144 1335 2402 1404 perficiet.
2432 1335 2748 1407 Quantoque
2777 1337 2894 1407 plus
2933 1353 3029 1393 vos
3066 1339 3121 1392 in
3157 1337 3393 1394 Ecclesia

1825 1427 2035 1481 Domini
2072 1434 2417 1492 retentamus,
2449 1436 2597 1483 tanto
2643 1430 2812 1496 magis
2841 1443 2871 1483 a
2900 1429 3163 1484 malorum
3196 1430 3395 1497 cogita-

1827 1519 2057 1574 tionibus
2115 1535 2442 1588 separamus.
2499 1519 2825 1575 Sullicientia
2885 1529 3007 1576 sunt
3056 1537 3173 1591 quae
3228 1522 3396 1577 disse-

1824 1608 2027 1662 ruimus
2059 1608 2199 1677 apud
2229 1608 2585 1676 aequissimum
2627 1610 2978 1677 cognitorem,
3009 1610 3054 1664 si
3083 1617 3261 1664 tatnen
3288 1626 3393 1667 non

1825 1696 1891 1752 ad
1918 1698 2163 1773 copiosas
2192 1707 2449 1753 creatura:
2475 1699 2707 1767 divitias,
2738 1700 2832 1755 sed
2866 1701 2931 1755 ad
2961 1702 3279 1771 parvitatem
3306 1717 3397 1756 no«

138 1783 209 1836 bit
227 1783 320 1837 tibi
340 1783 623 1854 petitiones
644 1782 811 1835 cordis
834 1782 905 1834 tui
933 1780 1101 1852 (Psal.
1135 1798 1310 1848 xxxvi,
1341 1781 1415 1851 4).
1439 1781 1495 1836 Si
1519 1783 1729 1837 divitias
1757 1795 1798 1852 Β
1825 1796 1949 1841 strue
1967 1787 2335 1857 possibilitatis
2355 1789 2640 1858 aspexerit,
2661 1789 2746 1843 vel
2774 1789 2841 1844 ad
2860 1805 3163 1845 mensuram
3190 1802 3212 1829 ε
3237 1805 3394 1861 super

144 1889 311 1942 amas,
340 1889 487 1945 opes
515 1875 609 1928 tibi
636 1882 829 1943 praesto
861 1881 985 1927 sunt
1023 1874 1343 1942 spirituales,
1373 1874 1423 1928 id
1453 1883 1553 1941 est,
1575 1875 1724 1945 judi-

140 1967 221 2020 cia
256 1966 360 2021 Dei
406 1983 554 2033 vera,
593 1966 883 2036 justiﬁcala
925 1967 981 2020 in
1026 1968 1316 2035 semetipsa,
1362 1966 1725 2021 desiderabilia

144 2074 293 2128 super
315 2074 512 2112 aurum
536 2068 586 2111 et
608 2057 830 2126 lapidem
857 2058 1136 2127 pretiosum
1158 2055 1327 2126 (Psal.
1354 2073 1499 2122 xvut,
1530 2057 1638 2127 10).
1668 2056 1725 2113 Si

145 2151 277 2204 edax
303 2157 360 2204 et
382 2151 607 2219 gulosus
626 2164 702 2212 es,
726 2148 891 2202 habes
914 2148 1073 2202 verba
1097 2148 1302 2202 Domini
1325 2148 1553 2203 dulciora
1574 2166 1726 2220 super

146 2242 241 2295 utet
266 2251 316 2296 et
346 2244 525 2314 [avum
547 2240 754 2313 (Ibid)
782 2241 931 2295 Nunc
954 2241 998 2296 si
1026 2240 1275 2311 dimisero
1300 2258 1397 2297 vos
1417 2249 1720 2313 costumque

148 2334 471 2401 dissolvero,
500 2335 591 2389 alii
620 2349 743 2388 mox
767 2342 1001 2388 vestrum
1029 2341 1251 2389 currunt
1277 2344 1627 2405 properanter
1654 2335 1721 2389 ad

148 2424 337 2493 aleam,
371 2426 429 2479 in
460 2440 564 2493 qua
587 2423 786 2493 juratio
815 2431 869 2478 et
901 2424 1174 2479 contentio
1214 2425 1519 2491 vehemens,
1550 2433 1605 2479 et
1640 2425 1722 2479 lu-

149 2514 328 2569 crandi
354 2513 623 2585 cupiditas
649 2513 891 2580 habetur,
923 2520 1167 2582 astatque
1203 2513 1410 2569 daemon
1436 2515 1719 2583 obscenus,

116 2704 119 2711 ι
155 2739 160 2740 ί
217 2679 245 2707 ι
281 2669 454 2738 Editi,
501 2669 787 2740 perlapsus.
836 2666 983 2740 Libri
1010 2673 1240 2740 veteres,
1270 2665 1718 2740 prplapsusuNec

151 2739 229 2810 ita,
248 2740 417 2793 multo
439 2736 571 2810 post
598 2736 747 2810 Colb.
780 2738 1065 2810 secundus1
1076 2736 1545 2810 judicia_Don_t_ir_ti.
1571 2736 1713 2810 S_ub_-

152 2808 266 2863 inde
307 2806 466 2863 mssf
485 2809 674 2874 nostri,
708 2811 916 2880 gulosus
942 2826 1015 2863 es.
1048 2806 1182 2862 lllud
1208 2824 1263 2861 es
1292 2807 1347 2861 in
1373 2807 1530 2861 editis
1574 2806 1718 2861 desi-

152 2878 457 2932 derabatur.

187 2885 457 2933 erabatur.

220 2949 244 2985 δ
272 2947 442 3016 Editi,
473 2948 885 3002 commemoratio
911 2946 1021 3000 loco
1050 2945 1456 3016 hujusmodi.....
1487 2943 1721 2998 Ecclesia

154 3014 263 3087 Dei.
294 3014 453 3072 Colb.
504 3027 728 3087 uterque
757 3025 814 3071 ut
854 3017 906 3070 in
945 3014 1220 3071 contextu.
1267 3016 1555 3087 Aliquanto
1597 3023 1722 3084 post

155 3084 311 3157 (ΞΟΠ)ἑ
330 3087 622 3157 secundus,
641 3084 718 3140 'ud
742 3088 1011 3157 parvitatis
1043 3095 1237 3157 nostra:
1257 3084 1647 3157 possibilitates.

223 3168 246 3196 ε
276 3156 421 3212 Editl
444 3165 498 3211 et
517 3149 670 3211 Coll).
699 3149 924 3226 primus,
950 3172 1104 3225 super
1127 3149 1265 3210 laiva'
1282 3154 1533 3225 capienda
1561 3173 1574 3208 :
1598 3169 1724 3223 quo-
1751 3149 1797 3213 C

158 3286 966 3315 Μ*-

1825 1879 2008 1933 laetitia
2036 1878 2294 1949 capienda
2316 1879 2677 1949 praesentium.
2708 1880 2790 1934 Sit
2819 1879 2998 1951 itaque
3026 1882 3282 1935 terminus
3308 1881 3392 1939 hic

1825 1970 2070 2023 matutini
2108 1970 2354 2036 convivii,
2393 1984 2460 2025 ne
2503 1970 2643 2025 ultra
2674 1970 2889 2025 modum
2933 1970 3136 2038 ingesta
3175 1972 3392 2028 satietas

1823 2060 2092 2115 fastidium
2121 2060 2432 2130 vespertinae
2468 2059 2621 2115 vobis
2654 2060 2976 2130 epulationis
3021 2059 3239 2129 injiciat.
3282 2059 3391 2114 Do-

1824 2153 1999 2206 minus
2027 2166 2177 2217 sane,
2207 2152 2299 2219 qui
2326 2158 2582 2206 creatura:
2610 2165 2717 2205 suae
2745 2151 2914 2220 copiis
2941 2160 3129 2206 cuncta
3160 2149 3391 2219 comple-

1825 2242 1919 2307 vit,
1943 2248 1998 2296 et
2017 2241 2107 2310 qui
2131 2241 2183 2294 in
2210 2241 2371 2296 rebus
2391 2240 2636 2296 omnibus
2661 2241 2980 2295 mirabilium
3000 2255 3218 2295 suorum
3240 2240 3391 2296 nobis

1823 2330 1847 2369 δ
1870 2338 2069 2386 :cterna
2093 2331 2419 2386 monimenta
2445 2330 2687 2401 praebuit,
2710 2331 2944 2386 cumulet
2963 2337 3170 2386 mentes
3188 2339 3392 2385 nostras

1824 2423 2017 2493 gaudio
2052 2421 2276 2492 spiritali
2303 2422 2357 2476 in
2381 2419 2594 2477 Christo
2630 2421 2776 2489 Jesu,
2807 2422 2892 2477 cui
2931 2421 3098 2491 gloria
3130 2428 3185 2475 et
3220 2421 3395 2476 honor

1826 2529 1968 2569 nunc
1995 2520 2050 2569 et
2077 2527 2307 2584 semper,
2331 2519 2386 2567 et
2412 2513 2466 2567 in
2494 2512 2687 2568 smcula
2713 2512 3046 2568 saeculorum.
3077 2510 3265 2567 Amen.

1822 2680 1939 2719 rum
1962 2664 2253 2735 verborum
2280 2680 2399 2735 quae
2426 2665 2619 2720 idonea
2650 2663 2912 2735 sententia
2942 2677 3061 2735 esse
3087 2663 3271 2735 possit,
3302 2661 3395 2719 alii

1818 2735 2071 2789 viderint.
2101 2735 2202 2788 Alii
2222 2730 2327 2789 duo
2346 2750 2501 2802 mss.,
2523 2751 2676 2804 super
2694 2734 2876 2789 lae-litin
2899 2730 3167 2803 capienda.
3190 2730 3393 2799 Gncce,

1819 2810 1892 2866 εἰς
1907 2808 2252 2878 cuppae-Qum.

1892 2872 1922 2911 =1
1956 2870 2134 2928 Mirari
2186 2874 2330 2928 subit
2363 2888 2552 2928 vocem
2583 2882 2774 2928 aeterna
2802 2880 2856 2926 et
2883 2871 2936 2925 in
2963 2870 3117 2925 editis
3143 2877 3198 2924 ct
3222 2870 3272 2923 iu
3299 2884 3393 2924 ve-

1824 2945 2029 3021 teribus
2057 2944 2205 2998 libris
2246 2943 2500 3021 reperiri,
2543 2959 2663 2997 cum
2692 2943 2950 3021 scriptum
2976 2941 3046 2995 sit
3072 2940 3219 3021 apud
3242 2939 3392 2993 Basi-

1822 3014 1971 3088 littlll,
1998 3019 2176 3088 ἐναργῆ
2204 3016 2268 3088 rei
2293 3015 2632 3086 ὑπομνήματα
2651 3014 2954 3078 καταλιπών,
2976 3011 3253 3081 manifesta
3277 3025 3390 3065 mo-

1826 3083 2056 3137 nimenta
2079 3083 2301 3156 reliquit.

1471 3280 3381 3306 Μ

1184 3391 1658 3499 LIBER
1731 3393 1879 3499 Ν
1879 3393 2125 3498 ΟΝ
2138 3392 2354 3502 US.

226 3552 274 3608 1.
303 3554 475 3612 Dicite
501 3567 682 3624 quaeso
710 3552 882 3622 qualis
904 3551 1058 3607 vobis
1088 3556 1288 3605 nostra:
1312 3551 1724 3607 sermocinatio-

164 3646 241 3702 nis
266 3648 527 3703 matutina
553 3645 667 3700 visa
694 3650 779 3699 est
805 3658 1009 3698 mensa.
1038 3641 1169 3695 Mihi
1192 3641 1335 3696 enim
1364 3650 1388 3678 ³
1418 3640 1550 3695 libet
1574 3656 1724 3696 com-

164 3747 344 3805 parare
370 3736 689 3791 tenuitatem
723 3740 963 3787 nostram
990 3745 1162 3800 egeno
1188 3731 1419 3800 cuipiam
1447 3730 1723 3786 exbibeuti

166 3827 479 3889 convivium,
509 3825 600 3893 qui
624 3821 1045 3879 muniﬁcentiam
1077 3820 1238 3875 animi
1268 3821 1351 3875 sui
1376 3821 1594 3890 copiose
1623 3820 1723 3876 de-

166 3914 397 3989 siderans
416 3922 707 3979 ostentare,
736 3911 919 3967 deficit
944 3910 1252 3966 facultatum
1280 3911 1582 3968 retardatus
1603 3911 1722 3964 ino-

166 4004 265 4073 pia,
283 4016 336 4059 et
359 4003 430 4062 ob
445 3997 548 4061 hoc
566 4010 881 4074 apparatum
903 4016 1190 4072 pauperem
1208 4001 1594 4070 qualiscunque
1618 4009 1722 4066 est,

168 4092 356 4163 largius
381 4095 686 4154 ministrare
705 4095 943 4159 molitur,
965 4095 1131 4148 risum
1158 4093 1226 4148 de
1252 4108 1310 4148 se
1335 4094 1621 4162 perhibens
1649 4095 1726 4148 in-

170 4184 357 4241 vitatis.
392 4198 468 4240 ita
498 4181 558 4239 lit
583 4192 642 4240 ut
664 4184 1094 4255 exprobrationis
1120 4184 1411 4252 ignominia
1436 4185 1728 4242 liberalitas

170 4272 403 4330 affectata
431 4292 539 4329 non
578 4281 780 4330 careat.
816 4274 943 4329 Tale
971 4274 1222 4343 quiddam
1250 4281 1334 4329 est
1361 4282 1418 4328 et
1454 4274 1507 4328 in
1538 4274 1689 4328 nobis
1709 4312 1728 4339 ,

167 4363 209 4416 si
236 4372 406 4421 tamen
444 4381 542 4419 vos
569 4380 677 4422 non
716 4364 872 4418 aliter
898 4365 1141 4420 sentietis
1183 4382 1196 4418 :
1228 4372 1596 4418 verumtamen
1638 4373 1725 4418 ut-

169 4468 367 4527 cunque
395 4472 453 4511 se
479 4457 678 4511 habent
717 4462 900 4510 nostra
925 4495 942 4521 ,
981 4471 1089 4510 non
1117 4456 1546 4509 extenuabuntur
1572 4470 1601 4507 a
1632 4471 1727 4509 voc

169 4538 261 4599 bis.
306 4547 488 4616 Neque
532 4546 674 4600 enim
726 4544 1027 4600 Haelismum
1073 4551 1133 4598 ut
1186 4544 1485 4612 improbum
1538 4552 1723 4612 pasto-

170 4645 272 4688 rem
309 4637 334 4674 δ
378 4636 687 4692 refutabant
726 4635 867 4689 illius
896 4634 1155 4704 temporis
1182 4634 1421 4688 conviva:
1451 4632 1502 4701 (1
1513 4632 1557 4687 V
1587 4631 1718 4703 Reg.

168 4735 233 4787 tv,
260 4725 345 4798 39)
380 4745 392 4778 :
422 4733 479 4781 et
504 4735 651 4780 certe
695 4724 994 4792 agrestibus
1020 4738 1117 4779 eos
1143 4721 1418 4777 reﬁciebat
1445 4723 1719 4781 olusculis.

170 4810 469 4886 Compertas
512 4817 690 4883 itaque
726 4814 903 4871 habeo
929 4815 1073 4881 leges
1111 4814 1370 4882 quasdam
1398 4830 1562 4883 super
1591 4816 1722 4868 alle-

169 4907 332 4972 goria,
375 4922 481 4962 non
507 4921 640 4977 quas
667 4921 734 4960 ex
761 4906 968 4974 meipso
994 4904 1200 4958 confeci
1226 4945 1240 4970 ,
1283 4904 1376 4958 sed
1404 4919 1537 4973 quas
1560 4904 1720 4958 didici

170 4994 379 5053 aliorum
407 4997 765 5052 voluminibus
790 4995 1094 5058 recensitis,
1126 5010 1223 5065 per
1249 5010 1383 5063 quas
1422 4995 1474 5047 hi
1509 4995 1600 5066 qui
1629 5010 1720 5049 ac-

168 5084 432 5149 quiescuut
458 5087 828 5142 communibus
853 5085 1161 5141 consentire
1201 5083 1494 5153 scripturis,
1526 5098 1720 5151 aquam

168 5172 336 5233 dicunt
369 5194 476 5232 non
517 5193 638 5233 esse
665 5193 890 5246 aquam,
930 5175 1023 5233 sed
1050 5176 1209 5229 aliam
1248 5175 1533 5244 quamdam
1564 5183 1719 5229 natu-

167 5276 284 5335 ram,
314 5271 486 5341 pisces
513 5284 727 5339 quoque
753 5268 838 5323 vel
864 5277 1142 5338 serpentes
1162 5306 1178 5331 ,
1226 5276 1318 5322 aut
1345 5267 1571 5332 bestias,
1606 5283 1715 5322 non

229 5493 252 5523 ⁸
277 5486 426 5543 Colb.
456 5485 739 5551 secundus,
769 5485 895 5538 mihi
914 5500 1052 5538 enim
1079 5483 1282 5553 licet....
1311 5499 1467 5553 egeno
1493 5482 1716 5553 cupienti

165 5554 382 5610 exhibere
407 5559 708 5613 convivium.
748 5553 945 5607 Ibidem
975 5554 1121 5623 editi,
1153 5552 1354 5623 defecit.
1391 5552 1531 5605 Libri
1560 5559 1712 5623 vete-

168 5631 262 5697 res,
288 5627 475 5697 deﬁcit.
511 5625 720 5697 Rursus
750 5624 1080 5697 hoc_ipso_in
1114 5622 1231 5697 loco
1273 5638 1372 5697 ms.
1424 5622 1628 5687 nostri,
1664 5628 1713 5674 el

166 5689 225 5748 ob
249 5689 361 5751 ἤθε’
387 5695 576 5751 Deerat
604 5689 918 5764 coniunctio
937 5701 984 5747 et
1014 5693 1063 5745 in
1090 5691 1334 5760 vulgatis.

1827 3567 1928 3623 pro
1957 3552 2197 3607 veritatis
2220 3553 2448 3618 ratione,
2478 3550 2574 3607 sed
2596 3566 2696 3621 pro
2723 3565 2823 3606 suo
2850 3556 3277 3606 commentantur
3303 3565 3391 3605 περ

1825 3645 1990 3701 bitrio
2020 3662 2033 3698 :
2061 3645 2201 3700 sicut
2224 3644 2542 3713 interpretes
2568 3642 2922 3709 somniorum,
2951 3641 3080 3696 visis
3114 3655 3212 3711 per
3229 3656 3388 3711 sopo-

1825 3751 1940 3792 rem
1968 3736 2143 3790 variis.
2162 3734 2503 3802 imaginibus,
2533 3732 2660 3802 quid
2687 3731 2927 3788 futurum
2954 3731 3025 3786 sit
3049 3746 3148 3800 pro
3170 3746 3264 3785 sua
3293 3747 3393 3784 vo-

1824 3828 2029 3883 luntate
2056 3826 2423 3896 pronuntiant.
2445 3824 2558 3893 Ego
2587 3831 2767 3879 autem
2793 3838 2914 3878 cum
2943 3822 3162 3877 audiero
3190 3821 3392 3890 fenum,

1823 3916 1931 3970 hoc
1966 3914 2205 3982 intelligo
2233 3913 2379 3982 quod
2406 3912 2605 3967 dictum
2632 3919 2736 3966 est.
2766 3910 2898 3966 Item
2932 3912 3106 3981 pisces
3133 3918 3226 3965 aut
3252 3926 3389 3981 qua-

1823 4004 2116 4075 drupedes,
2171 4011 2263 4057 aut
2286 4003 2560 4071 virgulta,
2605 4000 2876 4069 quomodo
2915 4000 3086 4056 relata
3131 4008 3287 4066 sunt,
3318 4000 3394 4057 ita

1824 4096 2063 4168 percipio
2095 4114 2109 4148 :
2145 4093 2325 4167 Neque
2350 4094 2489 4148 enim
2512 4092 2752 4147 erubesco
2773 4090 3113 4164 Evangelium
3135 4091 3309 4164 (Rom.
3334 4109 3394 4162 ιι,

1827 4188 1939 4259 16).
1972 4186 2103 4240 Nam
2132 4186 2257 4241 licet
2291 4185 2347 4240 hi
2387 4184 2481 4252 qui
2523 4183 2591 4237 de
2629 4182 2829 4237 mundo
2857 4183 3010 4252 plura
3037 4183 3395 4252 scripserunt,

1826 4284 1973 4332 certa
2002 4276 2069 4330 de
2112 4283 2270 4329 terrae
2295 4273 2656 4328 schematibus
2683 4271 3004 4342 disputarint
3026 4311 3043 4338 ,
3086 4271 3246 4327 modo
3274 4287 3394 4328 eam

1825 4368 2046 4438 sphaerae
2066 4407 2082 4432 ,
2126 4365 2288 4421 modo
2316 4363 2589 4436 cylindro,
2626 4363 2788 4418 modo
2814 4363 3017 4418 circulo
3045 4362 3291 4425 similem,
3340 4371 3394 4417 et

1825 4457 2121 4527 :equalibus
2148 4455 2384 4523 undique
2426 4454 2706 4509 collectam
2742 4453 2983 4523 partibus
3022 4451 3392 4519 designantes,

1752 4569 1803 4629 ι)
1826 4559 1882 4605 et
1912 4551 1966 4604 in
1996 4549 2172 4604 medio
2201 4561 2320 4604 esse
2347 4560 2553 4602 cavam.
2591 4545 2673 4599 Ad
2706 4559 2895 4599 omnes
2923 4543 3063 4597 enim
3090 4540 3393 4609 huiusmodi

1825 4640 2130 4709 opiniones,
2183 4637 2474 4705 scriptores
2519 4632 2938 4702 cosmographite
2975 4630 3211 4700 prolapsi
3245 4636 3389 4692 sunt,

1824 4731 1960 4784 alter
1987 4730 2207 4783 alterius
2245 4727 2493 4794 dogmata
2530 4723 2903 4779 rescindendo.
2932 4720 3044 4790 Ego
3074 4728 3252 4775 tamen
3281 4735 3392 4773 non

1823 4819 2060 4873 adducor
2098 4826 2156 4870 ut
2183 4816 2354 4870 dicam
2384 4815 2585 4869 idcirco
2610 4812 2931 4867 deteriorem
2970 4818 3210 4865 nostram
3234 4824 3391 4863 mun-

1822 4908 2183 4963 dilicationem
2211 4905 2379 4960 videri
2413 4922 2425 4956 :
2470 4904 2596 4973 quia
2638 4902 2770 4956 nihil
2799 4902 2865 4956 de
2892 4901 3250 4955 schematibus
3277 4898 3392 4966 ejus

1821 4998 2050 5054 famulus
2092 4996 2189 5051 Dei
2218 4994 2508 5059 disseruit,
2559 5000 2613 5047 et
2641 4992 2765 5060 quia
2794 5007 2900 5045 non
2947 4991 3081 5045 dixit
3108 4998 3188 5043 tot
3229 4989 3392 5047 millia

1823 5088 2117 5143 stadiorum
2145 5085 2410 5140 ambitum
2456 5083 2662 5137 telluris
2690 5089 2874 5136 tenere
2895 5122 2911 5147 ,
2959 5082 3047 5136 vel
3072 5079 3216 5151 quod
3245 5081 3394 5134 meti-

1819 5186 1907 5233 tus
1934 5193 2041 5232 non
2087 5184 2172 5231 est
2208 5174 2422 5243 quantis
2449 5173 2635 5243 spatiis
2661 5173 3003 5227 obumbratio
3038 5172 3154 5240 ejus
3191 5171 3245 5225 in
3268 5185 3393 5226 aere

1818 5266 2171 5333 distenditur,
2203 5280 2327 5320 cum
2354 5264 2436 5319 sol
2464 5263 2715 5336 proprios
2742 5278 2929 5319 cursus
2955 5262 3064 5331 agit
3102 5261 3199 5316 sub
3226 5269 3390 5328 terra,

1894 5477 1924 5518 ι’
1952 5476 2094 5532 Editi
2122 5484 2177 5531 et
2197 5490 2348 5540 mss.,
2378 5473 2675 5546 refutabant
2712 5491 2730 5528 :
2754 5474 2842 5529 ubi
2870 5475 3201 5546 suspicamur
3225 5472 3390 5546 scrip-

1819 5550 1953 5605 sisse
1982 5542 2726 5615 Eustathium,rirepudiabant
2756 5561 2770 5597 :
2809 5561 2927 5599 cum
2958 5542 3211 5615 scriptum
3236 5544 3391 5597 inve-

1817 5634 2029 5692 niamus
2071 5615 2209 5692 apud
2242 5613 2533 5692 Basilium,‘
2564 5623 2905 5692 παρῃτοῦντο.
2947 5613 3230 5686 Aliquanto
3268 5618 3395 5685 post

1816 5686 1973 5761 Colb.
2012 5684 2293 5751 secundus,
2326 5700 2389 5738 ex
2417 5698 2496 5737 me
2521 5684 2644 5755 ipse.
