3824 6214
362 240 470 308 959

1351 254 1697 312 APPENDIX
1738 257 2025 314 OPERUM
2068 258 2126 315 Β.
2166 258 2414 314 BASlLll
2459 257 2697 317 MAGNI.

3539 254 3649 310 060

385 375 477 447 qui
513 389 637 431 cum
676 371 814 429 lunae
847 370 1302 441 propinquaverit,
1352 370 1568 423 luminis
1607 369 1657 422 ei
1684 368 1948 422 defectum
1978 373 2024 431 Α
2057 372 2263 427 tiuntur
2291 375 2573 441 orig-nem.
2604 375 2800 443 Ejiciat
2828 382 2966 427 terra
2990 389 3219 427 ammam
3242 375 3426 426 vivam.
3456 370 3643 428 Pecu-

385 471 619 536 praastat.
652 463 730 518 De
770 462 962 531 quibus
987 460 1231 514 omnibus
1268 459 1560 529 prudenter
1602 458 1689 512 ille
1715 457 1950 522 reticuit,

384 556 558 612 edens
579 552 784 608 inutilia
809 550 963 606 nobis
999 549 1185 604 haberi
1219 564 1339 618 quae
1379 547 1444 601 ad
1473 564 1573 602 nos
1597 547 1814 601 minime
1833 561 1955 616 per-
1988 545 1993 549 ’

385 648 630 702 tinerent.
665 644 789 698 Ideo
818 657 888 697 ne
911 651 937 678 ι
964 640 1225 696 debemus
1252 640 1414 694 verba
1447 638 1746 707 spiritualia
1766 636 1954 690 viliora

385 754 505 795 esse
547 735 850 792 vanissimis
889 732 1328 804 philosophorum
1379 730 1762 785 assertionibus
1806 728 1952 781 arbi-

383 828 514 884 ti‘ari
539 868 557 896 ,
596 834 651 883 et
694 840 803 880 non
831 822 1134 892 glorificare
1178 822 1355 891 potius
1385 821 1552 875 Deum
1582 820 1673 889 qui
1715 826 1954 872 nostram

381 925 617 975 mentem
663 913 947 985 superﬂuis
990 913 1205 982 quidem
1250 911 1634 980 quaestionibus
1674 908 1952 974 liberavit,

382 1008 454 1063 ad
498 1005 808 1062 excitandas
852 1018 984 1058 vero
1012 1002 1451 1069 azdificandasque
1496 1012 1711 1054 nostras
1751 999 1955 1052 animas

382 1096 647 1169 prolicere
674 1103 866 1152 cuncta
889 1093 1190 1164 disposuit?
1220 1091 1373 1147 Unde
1400 1092 1647 1146 videntur
1674 1090 1803 1145 mihi
1831 1089 1953 1158 qui-

382 1191 506 1245 dam
537 1205 717 1245 rerum
748 1188 939 1258 ignari,
971 1186 1367 1242 seductiouibus
1391 1184 1569 1252 pravis
1605 1190 1660 1237 et
1687 1180 1947 1236 suasioni-

382 1280 480 1337 bus
493 1279 636 1334 falsis
650 1279 797 1343 eniti,
813 1292 921 1347 quo
948 1274 1192 1346 possintb
1220 1273 1519 1329 honestatis
1538 1271 1828 1340 quemdam
1858 1285 1953 1325 co-

382 1370 571 1436 lorem,
598 1384 698 1439 per
724 1376 1037 1436 argumenta
1065 1365 1300 1436 propria,
1323 1364 1515 1418 divinis
1543 1362 1833 1432 Scripturis
1857 1362 1953 1415 ob-

382 1461 596 1516 ducere.
643 1460 795 1525 Quod
836 1458 963 1529 quid
1002 1456 1147 1512 aliud
1185 1455 1585 1523 intelligendum
1627 1463 1745 1518 est,
1793 1468 1954 1523 quam

382 1551 736 1621 sapientiores
763 1564 821 1604 se
849 1563 969 1603 esse
992 1547 1126 1602 tales
1154 1546 1399 1601 homines
1420 1545 1599 1598 verbis
1626 1542 1954 1613 spiritalibus

385 1636 640 1712 profiteri,
668 1653 870 1707 suaque
896 1637 1063 1706 magis
1091 1636 1233 1691 dicta
1262 1635 1362 1689 sub
1390 1641 1659 1704 praetextu
1683 1634 1950 1702 interpre-

2054 464 2150 520 des
2185 480 2372 520 omnes
2400 475 2628 519 terrena:
2662 473 2807 529 sunt,
2851 466 2921 520 ob
2948 466 3053 519 hoc
3080 464 3403 519 inclinantur
3426 462 3501 517 ad
3527 471 3643 520 ιω-

2054 572 2186 611 ram.
2237 557 2342 611 Sed
2392 559 2494 612 alia
2553 566 2634 612 est
2673 557 2700 594 ά
2748 558 2927 628 planta
2974 558 3205 612 caelestis
3257 557 3423 611 homo
3474 572 3491 609 :
3544 554 3639 625 qui

2056 655 2312 715 quantum
2338 648 2522 702 habitu
2546 648 2745 716 ligone,
2772 655 2977 702 tantum
3003 646 3260 714 dignitate
3287 645 3453 699 distat
3476 660 3511 698 a
3538 659 3640 714 pe-

2055 738 2289 792 coribus.
2340 747 2364 774 ·
2394 738 2614 793 illorum
2645 737 2805 792 facies
2832 737 3083 793 deorsum
3115 735 3274 801 ﬂexa,
3307 744 3639 803 uterumque

2054 833 2398 894 proSpectat,
2443 834 2499 880 et
2554 825 2701 894 quod
2747 827 2861 895 ejus
2914 825 3117 880 libidini
3167 824 3468 894 jucundum
3511 832 3639 892 est,

2055 914 2161 968 hoc
2205 922 2442 969 sectatur
2486 933 2499 967 :
2537 924 2688 969 tuum
2716 931 2848 971 vero
2892 924 3053 985 caput
3088 915 3156 969 ad
3185 915 3377 969 oculum
3418 928 3642 984 semper

2054 1000 2292 1073 erigitur,
2330 1006 2470 1060 oculi
2502 1007 2577 1060 tui
2606 1021 2836 1075 superna
2862 1006 3175 1075 respiciunt.
3204 1004 3310 1059 Sed
3335 1004 3381 1058 si
3413 1012 3470 1056 tu
3501 1019 3641 1073 quo-

2054 1111 2159 1163 que
2199 1098 2441 1165 corporis
2479 1104 2532 1150 te
2562 1097 2923 1166 voluptatibus
2962 1094 3281 1159 fmdaveris,
3326 1092 3642 1148 obediendo

2055 1184 2202 1239 luxui
2231 1186 2451 1249 ventris,
2479 1196 2533 1241 et
2562 1186 2900 1241 inferioribus
2926 1184 3041 1253 ejus
3068 1184 3327 1253 partibus,
3356 1198 3641 1252 compara-

2062 1285 2143 1328 tus
2181 1293 2235 1328 es
2270 1279 2517 1346 jumcntis
2563 1276 2944 1330 inscusibilibus
2967 1315 2982 1341 ,
3020 1283 3069 1328 et
3097 1274 3279 1327 similis
3324 1272 3433 1326 illis
3464 1273 3640 1341 factus

2057 1364 2227 1435 (Psal.
2260 1383 2437 1431 xum,
2469 1365 2583 1434 15).
2614 1365 2683 1418 ΑΙ.
2708 1380 2838 1420 vero
2868 1365 2960 1419 tibi
2983 1365 3086 1419 alia
3113 1362 3415 1419 sollicitudo
3444 1361 3640 1414 nimis-

2053 1471 2157 1524 que
2209 1456 2402 1510 decora
2454 1467 2535 1510 est
2589 1456 2861 1525 quaerendi
2913 1456 3155 1510 sublimia
3179 1496 3195 1521 ,
3256 1455 3348 1508 ubi
3400 1454 3641 1509 habet":

2053 1543 2295 1599 Christus
2340 1545 2472 1616 (Col.
2504 1564 2599 1613 ιιι,
2644 1546 2718 1617 1).
2763 1545 3027 1600 Convenit
3064 1546 3204 1601 enim
3235 1545 3395 1598 altius
3421 1552 3476 1598 te
3505 1542 3639 1598 ferri

2054 1639 2419 1702 terrestribus,
2450 1648 2509 1692 ut
2529 1639 2801 1707 quomodo
2825 1648 2982 1693 natus
3009 1654 3089 1705 es,
3119 1639 3192 1692 ita
3222 1637 3496 1706 propriam
3526 1635 3642 1690 dis-

384 1729 605 1784 tationis
634 1728 907 1783 astruere?
935 1726 1271 1797 Quapronter
1300 1733 1358 1779 ut
1397 1725 1653 1794 scriptum
1681 1731 1765 1778 est
1805 1721 1957 1776 intel-
1984 1723 2032 1783 B
2058 1741 2225 1795 ponas
2251 1728 2433 1781 vitam.
2456 1727 2805 1783 Conversatio
2833 1737 2924 1782 tua
2954 1728 3023 1783 sit
3048 1729 3102 1782 in
3130 1728 3266 1782 casio
3297 1726 3522 1798 (Philip.
3555 1742 3641 1791 ιιι,

399 1818 599 1888 ligatur
630 1835 644 1872 :
673 1820 837 1890 75.9
855 1820 1051 1890 Ejiciat
1068 1832 1211 1877 terra
1229 1823 1462 1877 animum
1479 1825 1641 1878 vivam
1657 1826 1914 1896 pecudum
1928 1837 1978 1881 et

401 1909 687 1963 bestiarum
720 1922 767 1965 et
792 1922 1115 1979 serpentum.

448 2002 504 2059 2.
544 2002 774 2056 Adverte
819 2002 977 2068 igitur
1022 2000 1118 2055 Dei
1152 2000 1374 2054 verbum
1400 2048 1405 2057 ,
1431 2013 1655 2053 currens
1699 2013 1796 2068 per
1831 2011 1952 2054 om-

384 2111 505 2161 nem
527 2102 846 2150 creaturam.
870 2091 1023 2157 Quod
1048 2090 1265 2160 quidem
1290 2090 1419 2145 olim
1441 2090 1604 2160 cmpit
1627 2107 1639 2142 :
1661 2089 1755 2145 sed
1775 2102 1947 2157 usque

383 2201 523 2241 nunc
549 2192 802 2255 operatur
829 2191 886 2239 et
909 2189 1163 2252 properat
1190 2181 1259 2235 ad
1286 2182 1464 2247 linem,
1503 2181 1676 2235 donec
1703 2195 1954 2235 consum-

384 2278 675 2331 mationem
703 2274 930 2329 mundus
959 2272 1208 2342 accipiat.
1240 2271 1388 2326 Sicut
1417 2272 1559 2325 enim
1596 2271 1703 2340 pila
1731 2286 1853 2325 cum
1886 2270 1954 2324 ab

384 2367 561 2436 aliquo
595 2366 755 2420 fuerit
799 2364 1056 2433 impulsa,
1087 2378 1209 2418 cum
1239 2363 1409 2432 spatia
1438 2362 1644 2416 devexa
1671 2360 1952 2430 repererit,

385 2459 499 2525 ipsa
541 2456 624 2511 sui
663 2454 1030 2518 volubilitate,
1081 2452 1292 2521 locique
1336 2452 1675 2522 proclivitate
1716 2451 1957 2505 velocius

385 2545 599 2601 incitata
628 2543 927 2613 perfertur,
971 2558 1072 2597 nec
1093 2542 1242 2612 prius
1272 2549 1418 2596 stare
1452 2542 1669 2611 poterit,
1701 2556 1860 2610 quam
1889 2538 1956 2593 ad

385 2635 542 2706 plana
569 2634 890 2700 descendat,
924 2634 998 2688 ita
1036 2642 1229 2688 natura
1255 2649 1435 2689 rerum
1475 2634 1571 2688 Dei
1598 2633 1959 2703 praeceptione

386 2731 676 2787 commota,
708 2722 1037 2777 nascentium
1067 2722 1518 2790 morientiumque
1546 2721 1804 2776 facturam
1831 2735 1956 2790 pas-

385 2815 484 2868 sim
524 2820 813 2883 penetrans
836 2853 853 2879 ,
882 2809 1301 2881 uniuscujusque
1343 2812 1556 2878 generis
1592 2811 1834 2866 sobolem
1862 2827 1960 2880 per

385 2902 783 2959 similitudinem
827 2901 908 2956 sui
938 2901 1171 2956 custodit
1197 2902 1504 2969 aequaliter,
1536 2902 1709 2956 donec
1752 2901 1824 2955 ad
1850 2910 1960 2956 sta-

386 3004 558 3049 tutum
586 2994 873 3047 terminum
893 2992 1070 3045 valeat
1095 2992 1394 3061 pervenire.
1426 2989 1633 3061 Equum
1661 2991 1803 3046 enim
1833 2992 1961 3048 facit

2055 1815 2166 1885 20),
2200 1834 2323 1871 vera
2357 1819 2450 1872 tibi
2496 1820 2665 1887 patria
2695 1826 2777 1873 est
2814 1820 3060 1889 superior
3086 1818 3419 1873 Hierusalem
3440 1859 3458 1885 ,
3487 1817 3641 1871 cives

2054 1915 2111 1961 et
2156 1908 2368 1963 sodales
2424 1909 2592 1965 habes
2642 1910 3029 1979 primogenitos
3077 1909 3340 1977 ascriptos
3386 1908 3441 1961 in
3495 1906 3641 1962 cmlo

2056 1996 2245 2068 (Hebr.
2276 2015 2368 2063 xu,
2400 1999 2478 2069 ‘2).

2125 2086 2176 2140 5.
2210 2085 2407 2157 Ejiciat
2452 2096 2588 2141 terra
2610 2079 2843 2142 animum
2888 2090 3074 2142 vivam.
3121 2087 3286 2158 Igitur
3326 2087 3640 2157 quadrupe-

2054 2176 2180 2231 dum
2229 2179 2403 2231 anima
2429 2220 2443 2243 ,
2492 2196 2599 2233 non
2643 2180 2770 2234 olim
2815 2180 2914 2234 sub
2960 2190 3102 2235 terra
3141 2181 3409 2249 reposita,
3453 2181 3639 2236 subito

2057 2275 2182 2321 tunc
2210 2267 2380 2335 ejecta
2422 2269 2690 2338 prosiluit,
2719 2269 2812 2323 sed
2839 2271 2995 2324 simul
3028 2279 3207 2324 creata
3234 2278 3316 2324 est
3344 2286 3465 2324 cum
3490 2286 3636 2339 pra:-

2056 2365 2234 2425 cepto.
2283 2355 2397 2411 Una
2438 2367 2518 2412 est
2565 2360 2667 2412 illis
2695 2360 2888 2424 anima,
2920 2367 2974 2414 et
3001 2360 3163 2415 decor
3183 2360 3356 2414 omnis
3385 2360 3438 2413 in
3468 2357 3636 2428 ﬁgura

2062 2444 2081 2482 τ
2115 2446 2326 2501 locatus
2360 2466 2372 2499 :
2425 2449 2841 2518 proprietatibus
2867 2451 3030 2507 variis
3070 2450 3287 2518 singulae
3316 2450 3637 2505 discernun-

2058 2544 2165 2590 tur.
2192 2537 2363 2591 Bovcs
2385 2553 2573 2604 graves
2601 2547 2745 2606 sunt,
2777 2548 2833 2594 et
2859 2549 3190 2606 constantes,
3219 2541 3353 2593 asini
3384 2540 3636 2607 hebetes,
3666 2528 3671 2531 Α

2057 2631 2215 2685 calidi
2251 2631 2375 2699 equi
2414 2630 2679 2686 desiderio
2722 2631 3059 2687 feminarum.
3093 2632 3273 2702 Lupus
3314 2633 3631 2696 indomitus,

2056 2722 2244 2790 vulpes
2269 2722 2493 2785 dolosa,
2543 2738 2737 2779 cervus
2778 2723 3032 2789 timidus,
3076 2724 3341 2778 laboriosa
3387 2722 3638 2792 formica,

2057 2810 2332 2887 gratificus
2371 2813 2547 2877 canis,
2593 2820 2649 2867 et
2676 2828 2883 2868 memor
2909 2813 3174 2878 amicitim,
3197 2813 3639 2883 singularumque

2058 2903 2425 2957 nativitatibus
2472 2919 2682 2958 morum
2711 2905 2876 2959 etiam
2920 2905 3207 2974 qualitates
3234 2914 3433 2975 aptata:
3470 2914 3638 2973 sunt,

2058 2993 2198 3048 sicut
2238 2992 2511 3046 iracundia
2547 3000 2907 3062 congenerata
2948 2993 3092 3048 leoni
3137 3001 3219 3048 est
3243 3032 3258 3055 ,
3305 3002 3362 3047 et
3400 2993 3638 3047 solitudo

386 3101 525 3157 equo
570 3083 891 3150 succedere,
935 3089 990 3137 et
1022 3081 1233 3137 leonem
1263 3081 1424 3144 leoni,
1456 3090 1509 3137 et
1539 3082 1770 3150 aquilam
1804 3084 1958 3151 aqui-
1987 3086 2031 3148 ο
2061 3083 2486 3137 conversationis
2511 3125 2523 3147 ,
2565 3083 2923 3152 similiumque
2960 3084 3169 3139 vitatio.
3213 3083 3345 3137 Nam
3374 3085 3523 3138 velut
3551 3093 3640 3155 ty-

387 3177 487 3242 lte,
531 3183 585 3230 et
612 3174 847 3242 singulas
890 3174 1205 3235 animantes,
1238 3174 1576 3242 sequentium
1621 3175 1961 3229 successione

388 3274 621 3329 servata,
648 3278 819 3329 usque
848 3262 915 3316 ad
955 3259 1116 3316 finem
1160 3276 1340 3315 rerum
1384 3262 1623 3315 omnium
1650 3264 1961 3331 exitumque

388 3354 647 3427 perducit.
695 3352 908 3406 Nullum
956 3351 1099 3405 enim
1129 3359 1340 3420 tempus
1379 3351 1577 3405 valebit
1604 3353 1962 3420 proprietates

388 3442 737 3496 animantium
763 3446 1120 3507 commutare,
1148 3439 1241 3493 sed
1280 3446 1535 3508 tanquam
1564 3455 1734 3509 nuper
1763 3442 1963 3495 consti-

388 3538 502 3585 tuta
531 3538 720 3584 natura
754 3529 844 3592 sit,
877 3529 951 3582 ita
978 3543 1168 3583 recens
1206 3528 1374 3583 fertur
1400 3546 1522 3584 cum
1548 3539 1809 3599 tempore.
1840 3531 1960 3601 Eji-

389 3625 492 3677 ciat
525 3632 665 3676 terra
707 3623 934 3674 animam
960 3621 1144 3674 vivam.
1176 3620 1302 3675 Hmc
1334 3622 1623 3691 praeceptio
1668 3624 1864 3676 mansit
1906 3624 1960 3677 in

389 3724 531 3770 terra
555 3756 569 3780 ,
608 3722 663 3768 et
702 3713 1004 3768 nullatenus
1031 3710 1336 3766 famulando
1368 3722 1390 3750 ο
1436 3712 1632 3766 desinit
1658 3710 1956 3767 Conditori.

390 3803 551 3859 Certa
599 3804 741 3859 enim
770 3818 838 3858 ex
862 3818 1051 3858 eorum
1088 3803 1405 3871 posteritate
1445 3817 1565 3871 quae
1609 3802 1782 3872 prima
1821 3802 1959 3857 facta

389 3905 533 3960 sunt,
561 3896 707 3950 nasci
736 3910 844 3950 non
868 3894 1088 3949 dubium
1108 3901 1208 3958 est,
1241 3894 1342 3947 alia
1371 3893 1437 3947 de
1462 3903 1605 3947 terra
1628 3909 1769 3947 nunc
1797 3894 1959 3947 etiam

389 3984 605 4040 formari
632 3993 687 4039 et
716 3984 972 4039 vivificari
999 3985 1379 4053 conspicimus.
1430 3983 1546 4037 Non
1575 3984 1719 4037 enim
1741 3982 1956 4039 cicadas

389 4078 562 4133 solum
589 4092 659 4131 ex
699 4075 957 4130 imbribus
985 4074 1155 4142 rigata
1183 4075 1448 4143 producit,
1477 4073 1562 4127 vel
1598 4073 1699 4127 alia
1730 4074 1959 4143 plurima

391 4169 684 4224 volatilium
722 4168 919 4231 millia,
949 4181 1177 4235 quorum
1204 4165 1436 4219 maxima
1465 4181 1588 4235 pars
1631 4175 1850 4235 propter
1877 4166 1959 4219 sui

390 4261 703 4316 tenuitatem
725 4258 998 4313 vocabulis
1026 4265 1205 4321 caret;
1230 4257 1324 4310 sed
1344 4257 1505 4309 etiam
1530 4271 1709 4310 mures
1733 4264 1960 4310 etranas

388 4369 460 4410 ex
501 4362 649 4408 terra
677 4350 925 4420 generari
951 4349 1214 4403 videmus.
1247 4349 1487 4418 Denique
1531 4352 1582 4403 in
1630 4349 1959 4419 [Egyptiacis

2061 3188 2262 3227 rannus
2290 3174 2504 3241 quidam
2552 3168 2872 3240 chtiarum,
2915 3175 3046 3229 vitio
3087 3175 3349 3244 superbia:
3375 3176 3630 3231 naturali:

2059 3265 2232 3319 elatus
2275 3264 2472 3332 refugit
2514 3265 2739 3319 aliorum
2785 3267 3279 3331 consociationem,
3324 3282 3425 3322 nec
3452 3269 3636 3336 quoti-

2061 3354 2223 3408 diano
2253 3355 2374 3409 cibo
2403 3357 2658 3423 pascitur,
2692 3356 2935 3425 quamvis
2964 3356 3215 3426 reliquias
3236 3372 3345 3412 suae
3373 3358 3638 3426 captionis

2060 3446 2271 3500 adierit.
2307 3445 2440 3500 Huic
2470 3446 2693 3499 nimium
2738 3446 2939 3515 grande
2967 3447 3112 3501 vocis
3139 3447 3496 3501 ministerium
3534 3462 3637 3500 na-

2060 3546 2181 3592 tura
2211 3538 2503 3607 perhibuit,
2531 3537 2668 3593 adeo
2695 3543 2755 3591 ut
2782 3545 2944 3594 certa:
2980 3537 3357 3608 quadrupedes
3378 3551 3501 3592 cum
3526 3538 3639 3593 sint

2059 3644 2216 3682 cursu
2262 3628 2596 3696 velociores,
2638 3629 2814 3696 rugitu
2860 3628 2978 3696 ejus
3023 3629 3312 3697 pavefacta:
3361 3629 3634 3684 deficiant.

2060 3716 2266 3773 Torvus
2293 3725 2375 3771 est
2404 3718 2621 3787 pardus,
2661 3726 2716 3771 et
2742 3726 2933 3772 acutus
2971 3718 3027 3772 in
3056 3718 3257 3788 impetu
3286 3720 3638 3773 conveniens-

2058 3823 2164 3876 que
2192 3808 2355 3861 animi
2401 3808 2482 3860 sui
2530 3807 2763 3861 motibus
2804 3808 2967 3862 habet
3004 3823 3219 3877 corpus.
3252 3806 3511 3862 Ursorum
3548 3824 3637 3862 se-

2058 3898 2212 3966 gnior
2240 3907 2426 3950 natura
2449 3906 2548 3960 est,
2582 3911 2732 3951 mens
2760 3913 2970 3967 aspera,
2997 3897 3244 3963 subdola,
3268 3906 3324 3952 et
3352 3914 3460 3953 non
3492 3908 3519 3946 Β
3546 3901 3636 3953 mi-

2059 4005 2159 4043 nus
2185 3990 2334 4051 setis,
2376 4004 2535 4057 quam
2563 3990 2829 4044 simultate
2871 3998 3138 4044 contecta.
3170 3990 3321 4055 Quod
3351 3991 3397 4044 si
3423 4005 3634 4044 sermo-

2060 4094 2181 4132 nem
2220 4079 2377 4133 latius
2407 4080 2775 4143 extendentes,
2806 4080 3133 4134 voluerimus
3171 4095 3411 4134 asserere
3436 4090 3632 4148 quanta

2062 4169 2242 4222 multis
2291 4169 2609 4223 animalibus
2654 4169 2929 4238 diligentia
2977 4169 3358 4224 conservanda;
3402 4172 3639 4241 proprias

2059 4260 2244 4314 salutis
2265 4261 2381 4315 sine
2407 4260 2720 4330 cujusquam
2750 4260 3038 4316 traditione
3065 4260 3391 4331 suppeditet,
3409 4260 3632 4317 fortasse

2060 4352 2274 4420 quidem
2301 4352 2643 4406 incitabimur
2663 4366 2786 4420 erga
2808 4351 3041 4407 studium
3059 4360 3257 4406 nostra:
3281 4352 3593 4409 munitionis
3614 4370 3628 4405 ε

389 4445 588 4501 Thebis
611 4484 625 4508 ,
673 4445 718 4499 si
745 4443 955 4513 pluvias
979 4442 1236 4508 largiores
1262 4442 1448 4495 aestivo
1479 4449 1717 4509 tempore
1743 4441 1954 4507 fuderit,
1988 4452 2033 4510 ι)
2060 4442 2153 4496 sed
2176 4458 2372 4496 vereor
2400 4458 2467 4496 ne
2508 4443 2560 4496 iu
2600 4442 2914 4497 mmulaudis
2941 4457 3154 4511 quoque
3179 4442 3363 4496 bestiis
3401 4443 3623 4497 minores

388 4550 512 4589 mox
555 4533 771 4588 infinitis
799 4532 1037 4585 muribus
1065 4529 1212 4597 regio
1236 4537 1347 4583 tota
1373 4529 1687 4597 completur.
1736 4530 1955 4599 Anguil-

388 4626 468 4681 las
489 4629 650 4680 etiam
679 4639 787 4679 non
815 4624 971 4677 aliter
999 4622 1099 4675 nisi
1127 4621 1194 4675 de
1234 4635 1391 4675 emno
1418 4622 1565 4674 nasci
1602 4621 1953 4677 certissimum

389 4725 490 4783 est,
520 4730 744 4786 quarum
785 4729 954 4783 genus
990 4727 1093 4766 nec
1117 4726 1297 4777 ovum,
1328 4725 1429 4765 nec
1455 4712 1592 4766 alter
1618 4712 1807 4781 aliquis
1834 4730 1956 4782 par-

388 4815 477 4863 tus
509 4806 789 4869 instaurat,
825 4801 919 4858 sed
944 4809 1004 4855 ut
1029 4800 1281 4856 diximus.
1310 4799 1378 4855 de
1415 4801 1542 4855 limo
1570 4801 1816 4869 gignendi
1840 4818 1958 4858 sor-

459 4952 485 4980 ι
515 4942 669 4997 Colb.
711 4938 1006 5003 secundus,
1043 4937 1227 4990 ideone
1249 4954 1391 5006 ergo.
1430 4937 1629 4992 ibidem
1666 4956 1790 4994 mss.
1824 4941 1950 5007 duo,

388 5013 568 5067 viliora
603 5026 732 5063 esse.
763 5008 895 5062 Illud
922 5024 1032 5079 esse
1061 5006 1245 5060 aberat
1278 5023 1307 5059 a
1339 5008 1581 5079 vulgatis.
1616 5008 1766 5063 llaud
1796 5006 1953 5079 longe

389 5080 537 5136 Colb.
572 5079 834 5134 secundus
854 5077 1098 5146 perﬁcere
1121 5084 1303 5128 cuncta
1326 5077 1593 5146 disposuit.

420 5190 427 5195 .
458 5150 486 5188 δ
511 5148 673 5211 Editi,
706 5144 982 5215 honestatis
1009 5146 1286 5215 quondam.
1330 5144 1473 5199 Libri
1501 5156 1731 5212 veteres,
1762 5149 1949 5201 hones-

392 5220 513 5273 tatis
538 5216 823 5288 quemdam.
856 5214 987 5288 Illud
1024 5214 1079 5268 se
1104 5214 1247 5288 quod
1293 5230 1431 5288 morr
1446 5216 1686 5288 sequitur
1713 5217 1949 5288 additum

390 5297 475 5341 est
514 5282 579 5341 ex
606 5286 756 5339 libris
790 5285 1080 5338 veteribus.
1119 5282 1355 5338 Subinde
1392 5282 1546 5338 Colb.
1573 5287 1858 5351 secundus,
1900 5296 1951 5340 et

391 5372 503 5411 cum
530 5355 719 5411 spatia.

517 5373 915 5488 desinet.
942 5420 1086 5475 Libri
1106 5421 1326 5489 antiqui,
1357 5420 1561 5476 desinit.

460 5492 488 5531 (ι
525 5492 676 5548 Colb.
707 5491 989 5555 secundus,
1022 5491 1112 5543 sed
1131 5492 1280 5544 aliter
1310 5498 1472 5543 estea:
1511 5503 1698 5545 natura
1737 5493 1953 5546 caelestis

393 5561 559 5630 homo.
593 5561 703 5617 aed
729 5563 836 5630 jam
875 5561 1176 5615 notavimus
1217 5558 1387 5611 videri
1432 5561 1703 5615 librarium
1744 5576 1805 5614 ea
1834 5576 1952 5630 qua;

391 5628 621 5691 habebat
648 5628 970 5701 exemplaria
1012 5644 1121 5684 non
1157 5640 1366 5690 semper
1393 5641 1629 5684 secutum
1659 5645 1780 5685 esse
1812 5649 1823 5683 :
1851 5628 1949 5685 sed

2066 4547 2185 4585 esse
2202 4533 2501 4586 credamur.
2530 4531 2697 4587 Ursus
2712 4534 2895 4589 letbali
2912 4533 3132 4587 vulnere
3160 4548 3302 4601 saepe
3326 4533 3630 4599 transﬁxus,

2068 4623 2315 4678 omnibus
2344 4624 2510 4677 utitur
2535 4625 3004 4689 machinamentis,
3045 4631 3104 4677 ut
3129 4638 3187 4678 se
3213 4638 3405 4677 curare
3431 4639 3631 4692 praeva-

2062 4712 2189 4777 leat,
2231 4712 2399 4767 herba
2427 4714 2693 4783 prmcipue
2717 4715 2944 4781 quadam
2971 4723 3160 4766 natura
3187 4713 3414 4767 sicciore
3451 4713 3631 4782 plagas

2064 4808 2309 4878 proprias
2337 4806 2643 4876 oppilando.
2674 4805 2872 4875 Vulpes
2899 4806 3059 4859 etiam
3086 4802 3414 4873 frequentius
3437 4803 3631 4872 depre-

2061 4959 2204 5007 eum,
2236 4960 2357 4999 cum
2396 4944 2497 5012 ipsi
2527 4952 2744 5013 recepta
2771 4945 2932 5001 lectio
2959 4960 3069 5000 non
3097 4943 3433 5014 probaretur,
3475 4941 3631 4999 aliter

2060 5014 2129 5067 ad
2157 5015 2433 5067 arbitrium
2456 5014 2753 5082 scripsisse.

2132 5091 2156 5119 ε
2184 5082 2406 5136 Veteres
2427 5080 2597 5154 nostri
2629 5084 2766 5147 libri,
2797 5083 3003 5137 illarum
3029 5084 3232 5154 facies:
3255 5081 3365 5147 ubi,
3397 5080 3442 5135 si
3464 5080 3536 5154 ita
3560 5082 3628 5136 le-

2058 5164 2173 5218 gas,
2218 5167 2325 5205 vox
2358 5153 2608 5220 pecudum
2641 5154 2877 5222 suppleri
2914 5152 3112 5223 potest.
3157 5152 3281 5207 Mox
3316 5152 3486 5206 nostri
3524 5161 3627 5208 tres

2056 5235 2223 5292 mss,
2240 5224 2471 5292 corporis
2508 5231 2560 5292 te,
2581 5223 2856 5292 uoluptate.

2132 5288 2153 5327 ί
2185 5288 2339 5343 Colb.
2367 5291 2651 5355 secundus,
2683 5288 2900 5346 locatur.

2128 5367 2154 5406 ε
2183 5357 2345 5425 Editi,
2373 5369 2422 5412 et
2448 5363 2616 5414 minus
2644 5360 2784 5413 setis.
2815 5359 2960 5414 Libri
2982 5368 3210 5425 veteres,
3240 5373 3290 5415 et
3327 5377 3432 5416 non
3456 5361 3623 5416 minus

2054 5429 2196 5513 setis.
2226 5427 2627 5513 Nec‘ita‘multo
2652 5430 2946 5513 postediti,
2977 5432 3198 5513 fortasse
3224 5432 3598 5513 quosdamjm-

1999 5557 2008 5567 .
2058 5497 2294 5572 labimus.
2331 5497 2399 5572 _At
2417 5496 2569 5572 Colb.
2588 5496 2887 5572 secundus,
2920 5496 3141 5572 fortasse
3161 5496 3362 5572 quidem
3383 5499 3624 5572 inritum}

2054 5581 2185 5637 mur.
2221 5565 2464 5637 Legimus
2498 5568 2549 5620 in
2579 5565 2766 5622 Greece
2788 5606 2804 5632 ,
2852 5565 3184 5637 κιῦησόμεθαξ
3209 5568 3447 5625 Subinde
3473 5566 3620 5631 editis

2056 5634 2341 5689 credamus.
2374 5634 2518 5691 Libri
2548 5637 2772 5703 antiqui.
2805 5634 3092 5693 credamur.
