3824 6214
146 332 234 388 θαι

916 334 1280 390 EUSTATHII
1321 332 1724 388 iiiik’AEllERl
1765 329 2254 386 METAPIlRASlS
2293 329 2496 384 LIBER
2537 327 2629 385 IX.

3303 334 3407 389 909.

161 457 318 505 hensa
343 457 447 514 est,
475 461 641 504 succo
663 446 821 516 pineo
848 445 1062 500 sibimet
1086 444 1384 499 remedium
1405 443 1714 498 contulisse.
1746 443 1792 501 Α
1823 443 2077 510 sapientia
2124 445 2289 513 fecisti
2315 444 2486 514 (Psal.
2511 461 2632 510 cm,
2675 443 2785 514 ει).
2831 443 2972 513 Ergo
3006 461 3112 499 non
3157 446 3400 516 proderit

159 539 390 597 Testudo
432 548 610 594 autem
651 554 770 593 cum
809 537 1065 607 viperinis
1099 536 1394 590 visceribus
1438 535 1724 602 ingluviem

159 633 351 689 ventris
380 630 696 700 expleverit,
729 629 917 696 organi
945 625 1300 680 medicamine
1329 625 1471 693 quod
1501 633 1583 678 est
1615 639 1726 677 ser-

164 724 402 778 ventibus
451 721 777 774 contrarium
805 760 820 785 ,
865 726 1071 786 pestem
1117 716 1374 770 venenosi
1411 715 1516 769 cibi
1562 713 1730 768 fertur

163 817 408 884 effugere.
433 813 666 867 Coluber
684 827 813 865 vero
833 811 1047 864 dolores
1066 808 1408 875 gravissimos
1429 806 1728 872 oculormn,

159 906 440 960 feniculum
462 904 713 971 depastus
729 901 1034 966 exstinguit.
1059 899 1191 953 Nam
1212 898 1550 968 praescientia
1572 912 1730 965 pet-u-

159 999 274 1051 dum
304 996 372 1050 de
398 994 594 1048 futuris
612 993 730 1046 coeli
760 990 1159 1051 mutationibus,
1193 997 1217 1024 ει
1239 1002 1399 1056 quam
1423 1001 1528 1039 non
1561 986 1729 1039 ratio-

160 1089 384 1142 nabilem
422 1086 759 1156 prudentiam
803 1082 1034 1137 creditur
1061 1079 1350 1150 superare?
1380 1078 1563 1145 Itaque
1586 1078 1725 1144 ovis,

159 1176 496 1246 impendente
525 1175 730 1236 hieme,
763 1172 982 1225 herbam
1019 1171 1189 1239 carpit
1215 1169 1436 1232 avidius,
1470 1177 1726 1236 tanquam

157 1269 374 1324 reﬁcere
410 1283 473 1322 se
501 1266 699 1332 largius
734 1265 972 1318 indicans
1001 1263 1066 1316 ad
1098 1261 1427 1316 tolerandam
1458 1276 1524 1314 ex
1551 1259 1725 1313 futura

160 1364 476 1426 tempestate
503 1355 798 1424 penuriam.
847 1351 1018 1406 Boves
1060 1360 1239 1405 autem
1267 1366 1388 1404 cum
1416 1350 1617 1404 diutius
1646 1350 1727 1402 in-

159 1448 282 1501 clusi
311 1455 558 1515 tempore
587 1443 780 1496 fuerint
808 1443 1062 1504 hiberno,
1100 1439 1559 1509 perturbationem
1589 1437 1726 1491 aeris

157 1537 378 1591 naturali
425 1536 831 1606 pncsentientes
874 1533 1179 1596 intellectu,
1234 1532 1300 1586 de
1343 1531 1554 1585 stabulo
1600 1529 1727 1583 foris

155 1628 305 1682 simul
334 1642 528 1681 omnes
556 1625 823 1696 aspiciunt
860 1632 1130 1678 mutantes
1160 1624 1382 1677 vultum.
1425 1609 1574 1675 Multi
1597 1637 1725 1676 sane

149 1719 391 1773 homines
413 1717 667 1770 echinum
691 1725 1004 1770 terrestrem
1029 1725 1382 1785 cantaverunt
1398 1720 1633 1790 duplices
1649 1739 1734 1776 ca-

1827 532 1983 586 nobis
2003 531 2091 585 illa
2113 531 2422 599 satisfactio,
2450 549 2554 602 qua
2575 542 2822 602 putamus
2841 549 3096 589 excusare
3117 552 3216 590 nos
3239 553 3400 607 posse

1831 621 2086 686 dicentes,
2113 623 2330 678 minime
2358 625 2550 678 litteris
2579 625 2824 680 didicisse
2850 626 2992 694 quod
3013 629 3244 696 expedit,
3274 645 3397 685 cum

1827 712 1958 779 legis
1986 713 2290 779 magisterio
2317 714 2578 768 naturalis
2616 715 2933 769 electionem
2961 716 3167 770 utilium
3207 732 3392 786 perce.

1826 802 1967 870 pisse
1995 802 2298 856 credamur.
2329 803 2480 856 Nosti
2527 804 2668 858 enim
2701 812 2758 858 tu
2802 804 3002 859 bonum
3048 807 3190 873 quod
3223 806 3398 861 facere

1827 892 2043 950 debebis
2071 893 2124 945 in
2154 893 2453 962 proximum
2471 935 2485 957 ,
2518 902 2573 948 et
2600 895 2797 948 malum
2826 895 2967 962 quod
2996 895 3134 950 idem
3162 896 3301 950 nolis
3331 897 3399 952 ab

1827 982 1933 1036 alio
1961 983 2190 1051 perpeti.
2221 982 2373 1037 Nulla
2403 985 2606 1039 scilicet
2651 1000 2738 1038 ars
2782 985 3053 1048 medendi,
3081 1001 3182 1040 nec
3207 987 3398 1055 aliquis

1827 1089 1952 1126 usus
1971 1073 2255 1128 herbarum
2278 1075 2512 1130 remedia
2533 1078 2816 1145 pecoribus
2835 1079 3118 1145 quaerenda
3142 1089 3398 1134 monstra-

1826 1167 1929 1228 vit,
1963 1165 2057 1219 sed
2088 1167 2400 1220 naturaliter
2427 1169 2621 1222 animal
2650 1170 3063 1238 unumquodque
3090 1171 3236 1223 novit
3273 1187 3397 1240 pro-

1827 1259 1956 1326 priae
1975 1259 2133 1312 saluti
2157 1260 2458 1327 consulere,
2485 1267 2540 1314 et
2560 1260 2881 1316 ineffabilem
2905 1261 3230 1330 diligentiam
3249 1262 3398 1330 geni-

1828 1349 1933 1402 tiva
1959 1357 2176 1418 captare
2204 1349 2504 1418 prudentia.

1897 1438 1948 1491 4.
1981 1438 2118 1492 Sunt
2140 1437 2167 1476 ά
2197 1447 2375 1493 tamen
2404 1447 2457 1494 et
2483 1439 2624 1509 apud
2653 1455 2751 1494 nos
2783 1454 2980 1508 genera
3008 1441 3262 1495 nonnulla
3286 1440 3398 1494 vir-—

1825 1535 2000 1581 tutum
2026 1546 2038 1580 :
2063 1543 2198 1596 quas
2236 1545 2343 1583 non
2383 1545 2450 1584 ex
2481 1531 2754 1584 hominum
2781 1531 3046 1594 doctrina,
3079 1529 3175 1584 sed
3203 1546 3272 1585 ex
3301 1546 3399 1584 na-

1826 1626 1957 1673 tura:
1985 1619 2271 1674 traditione
2298 1621 2572 1675 sortimur.
2597 1620 2748 1675 Sicut
2775 1621 2916 1675 enim
2948 1621 3091 1675 nulla
3120 1637 3217 1675 nos
3245 1621 3398 1675 iusti“-

1827 1713 1962 1766 tntio
1989 1721 2173 1768 monet
2193 1713 2368 1768 odisse
2393 1714 2723 1780 languorem,
2745 1713 2838 1768 sed
2865 1721 3215 1784 spontaneum
3236 1713 3400 1767 habe-

149 1825 336 1863 vernas
359 1808 594 1878 750m
618 1809 730 1862 suis
750 1808 941 1860 fecisse
957 1807 1250 1868 cubilibus,
1291 1821 1346 1862 ut
1366 1826 1485 1865 cum
1520 1813 1716 1869 flatibus

1824 1820 1940 1858 mus
1977 1819 2102 1873 erga
2131 1806 2307 1860 omnia
2336 1819 2454 1875 quae
2483 1821 2580 1860 nos
2608 1806 2924 1860 contristare
2959 1807 3247 1860 creduntur
3274 1806 3399 1858 hor-

157 1900 416 1968 aquilonis
447 1906 685 1966 urgetur,
713 1897 777 1951 ad
806 1897 1092 1950 australem
1123 1910 1180 1950 se
1209 1894 1450 1950 conferat
1475 1902 1716 1965 partem;

157 1992 452 2060 iterumque
490 2005 612 2044 cum
655 1997 810 2042 notus
861 1987 1163 2056 spiraverit,
1214 1987 1430 2040 boreale
1478 1986 1718 2040 foramen

159 2082 377 2151 aperiat.
409 2079 547 2147 Quid
577 2080 736 2146 igitur
764 2079 920 2132 nobis
963 2077 1265 2132 hominibus
1294 2092 1390 2146 per
1429 2077 1543 2130 haec
1568 2076 1718 2142 signa

159 2170 426 2240 Scriptura
457 2167 754 2237 significat?
782 2184 890 2221 non
919 2167 1092 2221 solum
1119 2175 1175 2220 ut
1211 2181 1308 2236 per
1345 2167 1521 2219 omnia
1550 2166 1720 2218 nostri

158 2259 418 2315 Creatoris
440 2266 639 2329 quanta
667 2259 737 2313 sit
762 2273 886 2325 erga
914 2274 1010 2312 nos
1039 2256 1364 2324 indulgentia
1393 2256 1719 2324 contemple-

159 2366 284 2414 mur,
316 2351 414 2404 sed
443 2351 603 2404 etiam
629 2349 1050 2413 consideremus,
1083 2347 1206 2416 quia
1235 2361 1354 2400 cum
1384 2347 1546 2400 nimia
1575 2345 1717 2400 futu-

156 2454 326 2495 rorum
356 2441 693 2511 providentia
725 2440 777 2494 in
807 2440 966 2494 mutis
1003 2439 1283 2508 pecoribus
1311 2437 1589 2503 habeatur,
1621 2452 1719 2491 nec

157 2534 328 2602 utique
357 2548 460 2587 nos
487 2531 740 2586 debemus
760 2531 1034 2600 praesentis
1054 2531 1175 2583 vita:
1204 2529 1564 2598 voluptatibus
1589 2544 1720 2582 con-

159 2623 454 2689 taminare,
499 2622 595 2676 sed
642 2622 993 2695 intentionem
1038 2628 1272 2674 nostram
1325 2619 1392 2673 ad
1435 2628 1718 2673 venturum

157 2713 395 2767 Sicanium
425 2713 716 2767 destinare.
747 2712 826 2766 Tu
854 2727 922 2766 ne
951 2725 1079 2780 ergo
1110 2713 1272 2766 homo
1313 2727 1418 2765 non
1452 2712 1719 2766 laborabis

157 2801 205 2855 in
234 2804 332 2858 hoc
369 2804 594 2870 mundo,
626 2811 683 2857 ut
721 2805 892 2872 possis
923 2803 1015 2856 tibi
1044 2803 1275 2857 subsidia
1304 2803 1500 2870 quietis
1528 2803 1718 2857 futurae

155 2905 427 2962 reponere,
456 2909 575 2948 cum
608 2893 632 2931 δ
658 2895 840 2948 videas
869 2895 1148 2948 formicam
1175 2894 1365 2947 hiemis
1400 2910 1714 2959 memorem,

157 2984 340 3037 victum
385 2985 490 3038 sibi
519 2984 752 3038 studiose
795 2993 1032 3054 tempore
1060 2985 1230 3039 aetatis
1259 2986 1561 3040 attrahere?
1588 2986 1716 3052 Qua)

157 3091 254 3129 non
284 3077 405 3131 ideo
434 3077 606 3131 minus
634 3077 856 3144 diligens
884 3085 996 3139 est,
1027 3077 1151 3145 quia
1199 3077 1432 3131 nondum
1476 3078 1711 3148 pericula

1819 1908 2024 1955 rorem;
2065 1894 2144 1948 sic
2181 1901 2236 1948 et
2275 1895 2454 1948 animo
2481 1895 2722 1949 naturale
2764 1895 2946 1949 subest
2973 1894 3204 1950 ofﬁcium
3233 1895 3395 1949 noxia

1819 1982 2106 2036 declinare.
2139 1981 2308 2037 Omne
2348 1992 2523 2036 autem
2557 1993 2580 2020 ο
2625 1983 2822 2038 malum
2857 1984 3076 2038 morbus
3103 1991 3184 2037 est
3210 1983 3394 2047 animi,

1819 2075 1990 2128 virtus
2019 2082 2196 2128 autem
2225 2075 2488 2129 rationem
2521 2075 2765 2129 sanitatis
2793 2082 3063 2144 apportat.
3089 2073 3238 2128 Unde
3261 2075 3397 2128 bene

1819 2165 2034 2234 quidam
2055 2173 2375 2232 statuerunt,
2395 2176 2694 2221 asserentes
2714 2167 2995 2222 sanitatem
3015 2180 3133 2220 esse
3153 2173 3395 2219 motuum

1821 2257 2143 2310 naturalium
2165 2257 2538 2311 constantiam.
2564 2256 2716 2323 Quod
2745 2257 2907 2311 etiam
2935 2258 2989 2311 in
3017 2257 3178 2310 animi
3206 2257 3393 2323 vigore

1819 2347 2116 2418 proﬁtendo
2136 2348 2254 2416 quis
2276 2363 2382 2402 non
2401 2348 2722 2417 iudicabitur
2743 2350 2958 2404 errare?
2979 2349 3072 2403 Sui
3092 2349 3233 2403 enim
3259 2363 3396 2402 sem-

1820 2455 1917 2509 per
1930 2447 2186 2508 appetens
2205 2447 2287 2493 est
2304 2439 2617 2496 naturaliter
2632 2439 2840 2494 animus
2857 2457 2870 2492 :
2890 2439 3117 2507 ideoque
3131 2438 3394 2493 laudanda

1821 2531 2171 2602 prudentibus
2195 2539 2277 2585 est
2297 2531 2530 2595 castitas,
2546 2530 2873 2600 assequenda
2892 2529 3117 2598 justitia,
3139 2527 3393 2584 sectanda

1819 2622 2104 2691 sapientia,
2119 2620 2360 2675 miranda
2375 2620 2646 2675 fortitudo.
2672 2620 2799 2686 Qum
2815 2636 2902 2675 res
2916 2621 3082 2689 magis
3101 2620 3291 2674 animis
3309 2619 3393 2673 fa-

1819 2713 2053 2767 miliares
2073 2721 2196 2767 sunt
2217 2727 2374 2780 quam
2397 2713 2708 2781 corporibus
2727 2712 2996 2766 valetudo.
3023 2711 3294 2775 Parentes,
3319 2710 3392 2764 di-

1820 2805 1964 2873 ligite
1981 2803 2147 2859 ﬁlios:
2167 2803 2280 2872 ﬁlii,
2298 2805 2460 2858 noiite
2482 2812 2730 2874 parentes
2745 2818 3062 2875 exasperare
3079 2803 3292 2872 (Ep/tes.
3314 2817 3386 2866 vt,

1818 2895 1896 2965 4).
1912 2896 2159 2965 Nunquid
2174 2911 2279 2950 non
2295 2897 2397 2949 hoc
2413 2895 2548 2949 idem
2565 2902 2754 2948 natura
2772 2893 2788 2931 ί
2805 2894 3093 2964 praecepit?
3107 2893 3246 2946 Nihil
3261 2905 3390 2960 ergo

1817 2989 1940 3043 novi
1964 2987 2157 3042 Paulus
2185 2987 2444 3050 hortatur,
2476 2984 2569 3039 sed
2595 2985 2839 3052 astringit
2866 2983 3026 3038 altius
3053 2983 3260 3037 vincula
3292 2997 3387 3036 na-

1818 3089 1970 3135 turas.
1996 3079 2158 3148 Cujus
2182 3087 2326 3132 tanta
2346 3078 2424 3132 vis
2445 3085 2526 3132 est
2546 3077 2599 3130 in
2622 3074 2832 3141 aflectu,
2856 3083 2915 3130 ut
2935 3075 3094 3129 etiam
3116 3074 3272 3145 lupus
3288 3087 3388 3143 pro

157 3167 422 3234 experitur
459 3167 688 3232 hiberni,
735 3167 862 3236 quin
905 3167 1086 3237 potius
1133 3167 1278 3221 omni
1324 3168 1440 3222 nisu
1482 3175 1715 3237 curaque
1744 3167 1789 3230 C
1818 3171 2007 3226 catulis
2034 3171 2144 3226 suis
2179 3176 2397 3239 pugnet.
2429 3167 2564 3234 Quid
2613 3167 2850 3222 dicturus
2877 3174 2961 3221 est
2989 3167 3169 3232 homo,
3200 3167 3291 3235 qui
3330 3174 3388 3220 et

157 3257 386 3325 pervigili
418 3257 624 3312 laborat
646 3266 700 3310 et
733 3265 1004 3326 operatur,
1037 3266 1336 3326 cunctaque
1369 3259 1714 3315 discurrendo

157 3357 436 3416 pertentat,
483 3365 590 3418 quo
633 3348 801 3417 possit
839 3347 1157 3403 sufficientia
1207 3349 1418 3402 sibimet
1463 3350 1712 3402 alimenta

158 3439 443 3493 recondere
483 3456 496 3491 :
524 3439 855 3508 mirabilique
882 3439 1161 3509 prudentia
1191 3439 1468 3509 prospicit,
1502 3454 1568 3493 ue
1596 3454 1716 3508 spe-

159 3528 260 3583 cies
286 3545 404 3600 qua:
447 3529 684 3584 collecta:
728 3538 850 3584 sunt
895 3539 1320 3600 corrumpantur.
1369 3531 1529 3585 Secat
1571 3530 1712 3584 enim

157 3621 393 3677 dentibus
413 3635 658 3690 granum,
682 3637 748 3676 ne
773 3622 1030 3691 incipiens
1053 3621 1354 3690 germinare
1376 3629 1584 3691 pastum
1614 3621 1714 3674 sibi

158 3713 410 3781 przeberet
440 3713 677 3766 inutilem
718 3730 730 3764 :
773 3728 957 3767 semen
987 3727 1201 3782 quoque
1249 3713 1421 3781 ipsum
1468 3713 1511 3766 si
1557 3711 1717 3766 fuerit

158 3801 509 3858 humectatum
539 3819 735 3873 vapore
767 3814 788 3840 ο
821 3803 1043 3868 telluris,
1077 3803 1240 3857 siccat
1287 3804 1339 3856 in
1386 3803 1586 3869 solem;
1617 3817 1716 3857 nec

159 3901 323 3949 tamen
353 3911 567 3965 semper
597 3896 697 3950 hoc
736 3893 878 3959 facit,
911 3895 1002 3950 sed
1030 3911 1149 3950 cum
1179 3895 1520 3950 serenitatem
1545 3895 1714 3949 stabi-

159 3982 252 4039 lem
279 3985 393 4040 fore
435 3969 785 4055 pnesenseﬁt.
841 3985 1077 4055 Denique
1125 4001 1232 4038 non
1272 3984 1476 4038 videbis
1521 3984 1716 4038 imbres

161 4080 319 4134 emitti
347 4079 415 4133 de
442 4079 686 4142 nubibus,
720 4093 994 4147 quousque
1025 4078 1245 4132 formica
1279 4077 1585 4132 torrendum
1618 4078 1714 4132 sub

159 4170 263 4224 sole
289 4185 472 4226 semen
502 4170 740 4238 exponit.
787 4167 915 4234 Quis
945 4170 1104 4237 igitur
1147 4184 1325 4223 sermo
1364 4169 1716 4238 comprehen-

157 4260 295 4328 dere,
336 4263 458 4330 quis
504 4260 714 4315 auditus
761 4277 970 4330 capere,
1018 4262 1106 4315 vel
1152 4269 1407 4330 quantum
1462 4261 1716 4331 temporis

157 4352 391 4408 suflicere
419 4353 642 4422 poterit,
691 4351 757 4406 ad
804 4351 1134 4421 explananda
1181 4360 1370 4406 cuncta
1417 4353 1716 4406 mirabilia?

157 4440 484 4514 Quapropter
531 4453 584 4498 et
633 4460 730 4497 nos
771 4444 927 4497 simul
969 4459 1089 4497 cum
1137 4445 1397 4513 propheta
1427 4444 1710 4498 dicamus:

1818 3263 2126 3318 mandatum
2165 3261 2386 3330 spernit,
2419 3269 2472 3313 et
2493 3266 2736 3313 naturam
2761 3258 3004 3328 despicit,
3037 3273 3155 3312 cum
3185 3265 3277 3312 aut
3300 3257 3387 3325 ju-

1815 3355 1965 3410 venis
1985 3354 2256 3409 deformat
2299 3351 2501 3420 injuriis
2532 3351 2779 3404 canitiem
2806 3349 3087 3418 genitoris,
3120 3357 3210 3402 aut
3234 3357 3388 3417 pater

1815 3446 2074 3502 secundas
2088 3456 2111 3493 ε
2129 3452 2315 3500 nactus
2336 3444 2548 3513 nuptias
2569 3443 2768 3497 liberos
2782 3458 2849 3497 ex
2867 3441 3188 3511 patrimonio
3205 3441 3386 3510 priore

1815 3539 2130 3594 contristat?
2156 3535 2421 3591 Infucatus
2442 3543 2522 3590 est
2544 3549 2695 3589 amor
2715 3533 2946 3588 ferarum
2970 3533 3107 3586 inter
3134 3540 3385 3602 parentes

1815 3640 1870 3685 et
1900 3629 2052 3695 ﬁlios,
2089 3628 2341 3698 quoniam
2369 3626 2460 3694 qui
2489 3641 2579 3680 eas
2608 3625 2809 3678 creavit
2837 3623 2976 3678 Deus
3001 3623 3142 3691 quod
3164 3620 3190 3658 ιι
3210 3623 3386 3678 minus

1816 3721 1918 3774 illis
1939 3720 1988 3773 in
2011 3720 2217 3772 ratione
2237 3717 2496 3788 praestitit,
2516 3731 2702 3770 sensus
2720 3712 2980 3770 beneﬁcio
3001 3715 3382 3784 compensavit.

1817 3811 1894 3864 Ex
1924 3826 2030 3880 quo
2063 3808 2120 3863 ﬁt
2168 3817 2228 3864 ut
2273 3808 2624 3878 prtesentibus
2674 3813 2754 3861 tot
2802 3795 2978 3861 ovium
3024 3805 3274 3869 millibus,
3318 3803 3386 3859 de

1815 3904 2034 3957 mandra
2063 3903 2269 3978 laxatus
2298 3914 2464 3968 agnus
2492 3915 2618 3954 mox
2647 3899 2832 3953 matris
2863 3912 3054 3952 vocem
3083 3904 3336 3966 agnoscat
3369 3915 3380 3950 :

1815 4009 1869 4054 et
1890 3999 1955 4053 ad
1976 4013 2095 4052 eam
2123 4003 2304 4052 currat
2332 3995 2624 4057 exsultans,
2655 3993 2933 4061 fontesque
2961 3991 3114 4046 lactis
3135 3990 3383 4060 inquirat.

1816 4087 1968 4157 Quod
2009 4087 2108 4142 etsi
2152 4087 2288 4140 forte
2329 4093 2502 4139 mater
2541 4084 2775 4139 sterilior
2813 4083 3088 4147 habeatur,
3130 4083 3244 4152 ipsa
3272 4082 3384 4136 sola

1816 4185 2102 4235 contentus
2123 4179 2288 4232 ubera
2316 4177 2547 4246 praeterit
2571 4176 2762 4240 aliena,
2787 4174 3026 4245 quamvis
3046 4174 3261 4244 copiosa
3282 4174 3388 4227 sint

1817 4278 1871 4325 et
1891 4269 2104 4323 referta.
2133 4267 2408 4334 Materque
2431 4266 2774 4320 nihilominus
2799 4265 2853 4319 in
2873 4273 3020 4320 tanta
3051 4265 3387 4320 multitudine

1816 4377 1969 4417 suum
1997 4359 2330 4426 recognoscit
2357 4357 2543 4412 fetum.
2575 4355 2641 4410 Et
2668 4363 2813 4411 certe
2841 4371 2946 4410 vox
2975 4371 3080 4410 una
3121 4363 3202 4410 est
3228 4355 3280 4408 in
3309 4355 3390 4409 di-

1816 4452 2003 4518 versis,
2034 4451 2183 4505 color
2208 4465 2346 4504 unus
2364 4457 2419 4502 et
2441 4448 2575 4504 odor
2594 4447 2732 4502 idem
2750 4489 2765 4514 ,
2787 4455 3041 4516 quantum
3065 4461 3164 4500 nos
3201 4446 3390 4500 videli-

159 4535 311 4599 Quam
332 4539 667 4611 magniﬁcam
695 4546 813 4593 sunt
841 4557 995 4610 opera
1032 4548 1135 4606 tua,
1175 4539 1436 4594 Domine!
1465 4543 1639 4594 omnia
1667 4541 1719 4594 in
1749 4532 1799 4592 D
1825 4550 1911 4596 cet
1938 4549 2122 4596 nostro
2151 4555 2434 4610 possumus
2474 4537 2640 4593 odore
2681 4538 2932 4606 colligere
2969 4555 2982 4589 :
3023 4544 3389 4592 verumtamen

219 4816 243 4845 ι
277 4807 417 4863 Editi
446 4817 500 4881 et
526 4807 679 4881 Colb.
703 4810 938 4881 primus,
971 4826 1125 4880 quant
1152 4809 1562 4881 irrationabilem
1590 4827 1712 4881 pru-

157 4875 394 4951 dentiain.
443 4880 593 4933 Alter
617 4875 806 4951 Colb.,
827 4875 1070 4951 quantum
1100 4878 1461 4951 rationabilem
1489 4875 1714 4949 pruden-

157 4948 288 5020 tiam.
315 4949 479 5020 Vetus
508 4957 689 5003 noster
709 4948 882 5004 codex
903 4967 1056 5020 quam
1082 4967 1184 5003 non
1208 4948 1570 5020 rationabilem
1591 4966 1716 5019 pru-

157 5015 394 5072 dentiam.
429 5017 538 5088 Hoc
576 5027 694 5081 est,
738 5015 1096 5072 rationabilem
1141 5035 1344 5072 omnem
1385 5015 1713 5088 prudentiam

157 5098 372 5156 superat.
404 5087 576 5142 Verba
599 5103 715 5156 qua:
743 5088 996 5142 vertenda
1025 5089 1124 5141 sibi
1149 5087 1504 5156 proposuerat
1523 5087 1714 5142 Eusta-

159 5153 318 5221 thius,
363 5153 638 5228 hascisunt
683 5200 696 5211 .
724 5163 894 5228 Αποὶαν
936 5153 1308 5228 ούχὶίσῦνεσῖιν
1345 5159 1546 5228 λογικήν
1590 5162 1716 5213 ἀπν-

157 5232 452 5290 κρύπτουσι.
482 5227 681 5281 Ibidem
710 5226 862 5280 Colb.
893 5226 1175 5290 secundus,
1206 5226 1501 5280 imminente
1531 5228 1710 5281 hieme.

158 5291 299 5350 Haud
329 5297 485 5364 longe
514 5297 653 5351 idem
683 5297 871 5358 codex,
902 5299 1065 5352 nostri
1094 5295 1385 5352 Conditoris
1415 5306 1631 5352 quanta.

226 5366 249 5402 δ
278 5366 430 5421 Colb.
465 5365 752 5433 secundus,
784 5385 895 5420 cum
917 5368 1122 5420 rideris.

231 5445 252 5472 ο
279 5436 431 5490 Colb.
455 5437 736 5498 secundus,
762 5454 876 5490 rore
895 5437 1110 5492 telluris.
1131 5435 1413 5504 Aliquanto
1432 5443 1556 5505 post
1577 5436 1715 5492 idem

163 5507 343 5565 codex,
367 5518 548 5558 cuncta
567 5507 850 5559 miracula?

229 5577 252 5611 ά
283 5574 440 5640 Editi,
475 5585 641 5644 tamen
670 5577 807 5644 apud
846 5593 956 5629 nos.
1004 5574 1215 5643 Antiqui
1242 5575 1347 5628 duo
1377 5575 1516 5641 libri,
1546 5584 1713 5628 tamen

159 5651 208 5695 at
224 5645 358 5714 apud
380 5661 492 5698 nos.
519 5643 824 5716 Paulopost
847 5647 995 5705 editi,
1017 5645 1268 5716 institutio
1293 5655 1472 5716 movet.
1497 5646 1566 5697 At
1588 5659 1712 5716 mss.

160 5713 340 5780 nostri,
371 5726 558 5769 monet.
589 5713 808 5770 Nee'ita
835 5716 1008 5770 multo
1054 5713 1186 5768 infra
1231 5713 1386 5769 Colb.
1430 5713 1711 5778 secundus,

1816 4812 2119 4866 contristare
2146 4812 2398 4867 videntur.

1891 4891 1915 4918 ε
1946 4881 2107 4948 Editi,
2133 4899 2282 4936 omne
2319 4889 2486 4934 autem
2515 4881 2710 4933 nullum
2738 4877 2963 4940 morbus,
2989 4884 3092 4934 etc.
3128 4878 3195 4933 At
3221 4881 3389 4948 nostri

1816 4958 1926 5004 tres
1968 4947 2115 5014 mss.,
2165 4969 2313 5005 omne
2358 4961 2526 5003 autem
2571 4950 2762 5003 malum
2807 4948 3030 5013 morbus,
3079 4957 3182 5004 etc.
3230 4947 3391 5003 Paulo

1815 5028 1938 5090 post
1964 5020 2116 5074 Colb.
2147 5021 2433 5087 secundus,
2464 5022 2620 5073 virtus
2661 5028 2828 5071 autent
2858 5020 3104 5072 sanitates
3133 5029 3390 5087 apportat.

1893 5088 1912 5126 ί
1947 5089 2100 5143 Colb.
2135 5089 2418 5143 secundus.
2449 5089 2698 5143 vrazcinit.
2734 5087 2881 5142 Nihil
2909 5089 3044 5141 enim
3074 5088 3207 5142 novi.

1895 5100 1908 5126 ι
1947 5100 2100 5144 Uolb.
2135 5100 2418 5156 secundus,
2448 5100 2698 5158 prtectpit.
2734 5100 2880 5142 mnu
2909 5104 3044 5141 enim
3074 5104 3207 5142 novi.

1895 5168 1920 5206 ε
1950 5159 2094 5212 Editi
2124 5167 2177 5212 et
2204 5159 2355 5212 Colb.
2407 5160 2627 5228 primus,
2675 5159 2924 5211 secundas
2971 5167 3148 5211 nactus
3194 5167 3390 5212 nativas

1821 5231 2049 5335 nuptias.
2079 5228 2229 5308 .Alter
2255 5228 2432 5291 Colb.,
2453 5229 2712 5310 secundas
2742 5237 2921 5309 nactus
2951 5229 3177 5310 nuptias.
3254 5296 3265 5308 ⁸

1954 5298 2092 5351 Editi
2123 5308 2175 5351 et
2202 5297 2354 5351 Colb.
2387 5314 2605 5351 primus.
2633 5297 2766 5351 auod
2789 5313 2957 5350 minus
2983 5297 3088 5350 illis
3115 5305 3262 5350 trratt

1998 5322 2092 5351 ill"
2123 5322 2175 5352 (τι
2202 5322 2354 5352 υυω.
2388 5322 2605 5352 υιἸΙΙΙυδ.
2633 5322 2764 5352 σασα
2789 5322 2956 5350 ηιιηιιδ
2983 5322 3088 5350 ιιιιδ
3115 5322 3374 5350 πηιιιυηιι·

1897 5305 1920 5335 υ
1954 5305 2092 5351 Editi
2123 5308 2175 5352 et
2202 5305 2354 5352 Colb.
2387 5305 2605 5367 primus,
2633 5305 2766 5369 quod
2789 5305 2957 5350 minus
2983 5305 3088 5350 illis
3115 5305 3374 5350 irrationa-

1820 5367 1940 5422 bile.
1965 5368 2117 5422 Alter
2137 5367 2288 5422 Colb.
2317 5377 2369 5421 et
2389 5376 2544 5422 vetus
2567 5377 2750 5421 noster
2777 5366 2940 5420 codex
2965 5375 3025 5418 ut
3044 5367 3096 5420 in
3118 5373 3388 5431 contextu,

1820 5440 1920 5491 nisi
1945 5439 2084 5506 quod
2115 5436 2269 5492 Colb.
2297 5455 2392 5507 pro
2422 5438 2555 5507 quod
2583 5437 2775 5490 habeat
2803 5452 2934 5506 quan
2959 5434 3168 5507 (ξιτιξςῑεξ,Δ
3192 5442 3284 5507 τήν
3297 5446 3390 5507 ῖοὺ

1820 5455 1920 5491 nisi
1945 5455 2084 5506 quon
2115 5455 2269 5492 ωιιυ.
2297 5455 2392 5557 Rm
2422 5455 2553 5507 quoa
2583 5455 2775 5490 naneat
2803 5455 2934 5506 quan
2959 5455 3161 5498 uriece,
3192 5459 3280 5493 την
3301 5459 3388 5489 του

1819 5510 1964 5577 λόγω
2007 5507 2245 5576 magis.
2297 5508 2403 5561 i'vc
2433 5511 2500 5560 ita
2536 5508 2700 5560 multo
2733 5515 2849 5577 post
2892 5505 3096 5577 antiqui
3139 5504 3244 5560 duo
3276 5505 3388 5558 libri

1821 5575 2052 5640 ct‘editi,
2085 5575 2292 5643 copiosa
2317 5577 2418 5628 siut
2457 5586 2504 5628 et
2534 5578 2742 5644 refecta.
2786 5575 2932 5628 Alius
2965 5575 3157 5641 codex,
3187 5577 3388 5643 copiosa

1823 5649 1924 5698 sint
1951 5656 1999 5700 et
2032 5648 2243 5716 referta.
2278 5645 2429 5698 llaud
2462 5646 2615 5712 longe
2643 5645 2785 5703 editi.
2819 5654 3009 5716 quanta
3052 5645 3296 5700 videlicet.
3324 5647 3388 5701 At

1819 5716 1969 5772 Colb.
2003 5715 2285 5781 secundus,
2318 5725 2561 5786 quantum
2597 5731 2687 5771 nos
2719 5715 2966 5770 videlicet.
