  <div class='ocr_page' id='page_1' title='image "/cluster/home/n/w/nwhite01/storage/ocr_20150623/30/nnc1.0046978810/503.png"; bbox 0 0 3824 6214; ppageno 0'>
   <div class='ocr_carea' id='block_1_1' title="bbox 436 304 545 362">
    <p class='ocr_par' dir='ltr' id='par_1_1' title="bbox 436 304 545 362">
     <span class='ocr_line' id='line_1_1' title="bbox 436 304 545 362; baseline 0 -1"><span class='ocrx_word' id='word_1_1' title='bbox 436 304 545 362; x_wconf 78' lang='lat'><strong>963</strong></span> 
     </span>
    </p>
   </div>
   <div class='ocr_carea' id='block_1_2' title="bbox 1409 289 2736 356">
    <p class='ocr_par' dir='ltr' id='par_1_2' title="bbox 1409 289 2736 356">
     <span class='ocr_line' id='line_1_2' title="bbox 1409 289 2736 356; baseline -0.009 0"><span class='ocrx_word' id='word_1_2' title='bbox 1409 297 1750 356; x_wconf 74' lang='lat' dir='ltr'><strong>APPENDIX</strong></span> <span class='ocrx_word' id='word_1_3' title='bbox 1793 293 2081 354; x_wconf 76' lang='lat' dir='ltr'><strong>OPERUM</strong></span> <span class='ocrx_word' id='word_1_4' title='bbox 2117 294 2176 349; x_wconf 90' lang='lat' dir='ltr'><strong>S.</strong></span> <span class='ocrx_word' id='word_1_5' title='bbox 2217 291 2460 348; x_wconf 76' lang='lat' dir='ltr'><strong>BASlLll</strong></span> <span class='ocrx_word' id='word_1_6' title='bbox 2502 289 2736 346; x_wconf 75' lang='lat' dir='ltr'><strong>\IAGNI.</strong></span> 
     </span>
    </p>
   </div>
   <div class='ocr_carea' id='block_1_3' title="bbox 3599 287 3702 346">
    <p class='ocr_par' dir='ltr' id='par_1_3' title="bbox 3599 287 3702 346">
     <span class='ocr_line' id='line_1_3' title="bbox 3599 287 3702 346; baseline 0.068 -7"><span class='ocrx_word' id='word_1_7' title='bbox 3599 287 3702 346; x_wconf 66' lang='lat'><strong>964</strong></span> 
     </span>
    </p>
   </div>
   <div class='ocr_carea' id='block_1_4' title="bbox 450 406 3678 483">
    <p class='ocr_par' dir='ltr' id='par_1_4' title="bbox 450 406 3678 483">
     <span class='ocr_line' id='line_1_4' title="bbox 450 406 3678 483; baseline -0.006 -1"><span class='ocrx_word' id='word_1_8' title='bbox 450 435 532 482; x_wconf 81' lang='lat' dir='ltr'><strong>est</strong></span> <span class='ocrx_word' id='word_1_9' title='bbox 559 425 661 481; x_wconf 80' lang='lat' dir='ltr'><strong>illis</strong></span> <span class='ocrx_word' id='word_1_10' title='bbox 702 426 910 480; x_wconf 82' lang='lat' dir='ltr'><strong>acutior</strong></span> <span class='ocrx_word' id='word_1_11' title='bbox 937 423 1236 478; x_wconf 88' lang='lat' dir='ltr'><strong>intellectus</strong></span> <span class='ocrx_word' id='word_1_12' title='bbox 1276 429 1300 456; x_wconf 80' lang='grc' dir='ltr'>ι</span> <span class='ocrx_word' id='word_1_13' title='bbox 1341 420 1407 473; x_wconf 92' lang='lat' dir='ltr'><strong>ab</strong></span> <span class='ocrx_word' id='word_1_14' title='bbox 1449 420 1660 472; x_wconf 87' lang='lat' dir='ltr'><strong>homine</strong></span> <span class='ocrx_word' id='word_1_15' title='bbox 1684 433 1697 468; x_wconf 88' lang='lat'><strong>:</strong></span> <span class='ocrx_word' id='word_1_16' title='bbox 1725 429 1822 483; x_wconf 89' lang='lat' dir='ltr'><strong>per</strong></span> <span class='ocrx_word' id='word_1_17' title='bbox 1849 425 2006 480; x_wconf 89' lang='lat' dir='ltr'><strong>quem</strong></span> <span class='ocrx_word' id='word_1_18' title='bbox 2034 413 2082 469; x_wconf 86' lang='lat' dir='ltr'><strong>A</strong></span> <span class='ocrx_word' id='word_1_19' title='bbox 2109 409 2275 463; x_wconf 75' lang='lat' dir='ltr'><strong>lezena</strong></span> <span class='ocrx_word' id='word_1_20' title='bbox 2298 409 2356 462; x_wconf 87' lang='lat' dir='ltr'><strong>fit</strong></span> <span class='ocrx_word' id='word_1_21' title='bbox 2376 420 2580 464; x_wconf 86' lang='lat' dir='ltr'><strong>mater:</strong></span> <span class='ocrx_word' id='word_1_22' title='bbox 2599 409 2862 477; x_wconf 84' lang='lat' dir='ltr'><strong>unguibus</strong></span> <span class='ocrx_word' id='word_1_23' title='bbox 2881 409 3024 463; x_wconf 87' lang='lat' dir='ltr'><strong>enim</strong></span> <span class='ocrx_word' id='word_1_24' title='bbox 3045 408 3170 462; x_wconf 88' lang='lat' dir='ltr'><strong>dum</strong></span> <span class='ocrx_word' id='word_1_25' title='bbox 3189 408 3444 472; x_wconf 81' lang='lat' dir='ltr'><strong>nascitur,</strong></span> <span class='ocrx_word' id='word_1_26' title='bbox 3465 406 3678 464; x_wconf 76' lang='lat' dir='ltr'><strong>vulvam</strong></span> 
     </span>
    </p>
   </div>
   <div class='ocr_carea' id='block_1_5' title="bbox 449 502 2012 584">
    <p class='ocr_par' dir='ltr' id='par_1_5' title="bbox 449 502 2012 584">
     <span class='ocr_line' id='line_1_5' title="bbox 449 502 2012 584; baseline -0.012 -13"><span class='ocrx_word' id='word_1_27' title='bbox 449 517 643 584; x_wconf 79' lang='lat' dir='ltr'><strong>cuique</strong></span> <span class='ocrx_word' id='word_1_28' title='bbox 670 517 902 584; x_wconf 91' lang='lat' dir='ltr'><strong>suppetit</strong></span> <span class='ocrx_word' id='word_1_29' title='bbox 929 514 1128 581; x_wconf 76' lang='lat' dir='ltr'><strong>agnitio</strong></span> <span class='ocrx_word' id='word_1_30' title='bbox 1156 511 1511 580; x_wconf 88' lang='lat' dir='ltr'><strong>propriorum.</strong></span> <span class='ocrx_word' id='word_1_31' title='bbox 1547 506 1780 560; x_wconf 84' lang='lat' dir='ltr'><strong>Necdum</strong></span> <span class='ocrx_word' id='word_1_32' title='bbox 1808 502 2012 558; x_wconf 83' lang='lat' dir='ltr'><strong>scilicet</strong></span> 
     </span>
    </p>
   </div>
   <div class='ocr_carea' id='block_1_6' title="bbox 435 603 2020 678">
    <p class='ocr_par' dir='ltr' id='par_1_6' title="bbox 435 603 2020 678">
     <span class='ocr_line' id='line_1_6' title="bbox 435 603 2020 678; baseline -0.004 -17"><span class='ocrx_word' id='word_1_33' title='bbox 435 607 784 678; x_wconf 78' lang='lat' dir='ltr'><strong>75lcatulo</strong></span> <span class='ocrx_word' id='word_1_34' title='bbox 809 608 1000 662; x_wconf 92' lang='lat' dir='ltr'><strong>dentes</strong></span> <span class='ocrx_word' id='word_1_35' title='bbox 1020 608 1238 662; x_wconf 85' lang='lat' dir='ltr'><strong>formati</strong></span> <span class='ocrx_word' id='word_1_36' title='bbox 1263 617 1407 674; x_wconf 90' lang='lat' dir='ltr'><strong>sunt,</strong></span> <span class='ocrx_word' id='word_1_37' title='bbox 1429 617 1484 662; x_wconf 88' lang='lat' dir='ltr'><strong>et</strong></span> <span class='ocrx_word' id='word_1_38' title='bbox 1515 617 1688 658; x_wconf 79' lang='lat' dir='ltr'><strong>tamen</strong></span> <span class='ocrx_word' id='word_1_39' title='bbox 1710 603 2020 656; x_wconf 81' lang='lat' dir='ltr'><strong>infestantes</strong></span> 
     </span>
    </p>
   </div>
   <div class='ocr_carea' id='block_1_7' title="bbox 437 696 2028 766">
    <p class='ocr_par' dir='ltr' id='par_1_7' title="bbox 437 696 2028 766">
     <span class='ocr_line' id='line_1_7' title="bbox 437 696 2028 766; baseline -0.004 -16"><span class='ocrx_word' id='word_1_40' title='bbox 437 707 779 752; x_wconf 79' lang='lat' dir='ltr'><strong>conaturore</strong></span> <span class='ocrx_word' id='word_1_41' title='bbox 801 698 1078 766; x_wconf 83' lang='lat' dir='ltr'><strong>repellere.</strong></span> <span class='ocrx_word' id='word_1_42' title='bbox 1098 696 1345 751; x_wconf 90' lang='lat' dir='ltr'><strong>Nondum</strong></span> <span class='ocrx_word' id='word_1_43' title='bbox 1367 699 1533 752; x_wconf 87' lang='lat' dir='ltr'><strong>vitulo</strong></span> <span class='ocrx_word' id='word_1_44' title='bbox 1557 708 1754 746; x_wconf 81' lang='lat' dir='ltr'><strong>cornua</strong></span> <span class='ocrx_word' id='word_1_45' title='bbox 1772 704 2028 744; x_wconf 85' lang='lat' dir='ltr'><strong>surrexe-</strong></span> 
     </span>
    </p>
   </div>
   <div class='ocr_carea' id='block_1_8' title="bbox 447 771 2011 847">
    <p class='ocr_par' dir='ltr' id='par_1_8' title="bbox 447 771 2011 847">
     <span class='ocr_line' id='line_1_8' title="bbox 447 771 2011 847; baseline -0.01 -12"><span class='ocrx_word' id='word_1_46' title='bbox 447 789 590 847; x_wconf 82' lang='lat' dir='ltr'><strong>runt,</strong></span> <span class='ocrx_word' id='word_1_47' title='bbox 621 791 678 833; x_wconf 91' lang='lat' dir='ltr'><strong>et</strong></span> <span class='ocrx_word' id='word_1_48' title='bbox 714 779 859 832; x_wconf 91' lang='lat' dir='ltr'><strong>novit</strong></span> <span class='ocrx_word' id='word_1_49' title='bbox 877 778 986 846; x_wconf 88' lang='lat' dir='ltr'><strong>jam</strong></span> <span class='ocrx_word' id='word_1_50' title='bbox 1021 777 1071 828; x_wconf 93' lang='lat' dir='ltr'><strong>in</strong></span> <span class='ocrx_word' id='word_1_51' title='bbox 1099 791 1202 842; x_wconf 91' lang='lat' dir='ltr'><strong>qua</strong></span> <span class='ocrx_word' id='word_1_52' title='bbox 1234 783 1382 843; x_wconf 84' lang='lat' dir='ltr'><strong>parte</strong></span> <span class='ocrx_word' id='word_1_53' title='bbox 1407 774 1582 826; x_wconf 90' lang='lat' dir='ltr'><strong>futura</strong></span> <span class='ocrx_word' id='word_1_54' title='bbox 1605 771 1705 824; x_wconf 97' lang='lat' dir='ltr'><strong>sibi</strong></span> <span class='ocrx_word' id='word_1_55' title='bbox 1732 772 1836 823; x_wconf 90' lang='lat' dir='ltr'><strong>sint</strong></span> <span class='ocrx_word' id='word_1_56' title='bbox 1864 781 2011 820; x_wconf 89' lang='lat' dir='ltr'><strong>arma</strong></span> 
     </span>
    </p>
   </div>
   <div class='ocr_carea' id='block_1_9' title="bbox 447 858 2012 939">
    <p class='ocr_par' dir='ltr' id='par_1_9' title="bbox 447 858 2012 939">
     <span class='ocr_line' id='line_1_9' title="bbox 447 858 2012 939; baseline -0.01 -15"><span class='ocrx_word' id='word_1_57' title='bbox 447 868 737 939; x_wconf 84' lang='lat' dir='ltr'><strong>pugnandi.</strong></span> <span class='ocrx_word' id='word_1_58' title='bbox 769 866 892 922; x_wconf 68' lang='lat' dir='ltr'><strong>Hmc</strong></span> <span class='ocrx_word' id='word_1_59' title='bbox 935 867 1094 932; x_wconf 82' lang='lat' dir='ltr'><strong>igitur</strong></span> <span class='ocrx_word' id='word_1_60' title='bbox 1138 863 1392 917; x_wconf 89' lang='lat' dir='ltr'><strong>indicium</strong></span> <span class='ocrx_word' id='word_1_61' title='bbox 1436 861 1589 915; x_wconf 89' lang='lat' dir='ltr'><strong>nobis</strong></span> <span class='ocrx_word' id='word_1_62' title='bbox 1615 859 1844 923; x_wconf 85' lang='lat' dir='ltr'><strong>faciunt,</strong></span> <span class='ocrx_word' id='word_1_63' title='bbox 1887 858 2012 925; x_wconf 88' lang='lat' dir='ltr'><strong>quia</strong></span> 
     </span>
    </p>
   </div>
   <div class='ocr_carea' id='block_1_10' title="bbox 449 951 2014 1026">
    <p class='ocr_par' dir='ltr' id='par_1_10' title="bbox 449 951 2014 1026">
     <span class='ocr_line' id='line_1_10' title="bbox 449 951 2014 1026; baseline -0.008 -13"><span class='ocrx_word' id='word_1_64' title='bbox 449 958 702 1013; x_wconf 89' lang='lat' dir='ltr'><strong>naturalis</strong></span> <span class='ocrx_word' id='word_1_65' title='bbox 730 957 1005 1026; x_wconf 82' lang='lat' dir='ltr'><strong>prudentia</strong></span> <span class='ocrx_word' id='word_1_66' title='bbox 1027 955 1282 1009; x_wconf 65' lang='lat' dir='ltr'><strong>doctrina:</strong></span> <span class='ocrx_word' id='word_1_67' title='bbox 1309 953 1594 1006; x_wconf 87' lang='lat' dir='ltr'><strong>traditione</strong></span> <span class='ocrx_word' id='word_1_68' title='bbox 1619 966 1726 1004; x_wconf 90' lang='lat' dir='ltr'><strong>non</strong></span> <span class='ocrx_word' id='word_1_69' title='bbox 1753 951 1936 1012; x_wconf 88' lang='lat' dir='ltr'><strong>utitur,</strong></span> <span class='ocrx_word' id='word_1_70' title='bbox 1959 957 2014 1002; x_wconf 93' lang='lat' dir='ltr'><strong>et</strong></span> 
     </span>
    </p>
   </div>
   <div class='ocr_carea' id='block_1_11' title="bbox 450 1040 2014 1116">
    <p class='ocr_par' dir='ltr' id='par_1_11' title="bbox 450 1040 2014 1116">
     <span class='ocr_line' id='line_1_11' title="bbox 450 1040 2014 1116; baseline -0.007 -14"><span class='ocrx_word' id='word_1_71' title='bbox 450 1050 577 1116; x_wconf 86' lang='lat' dir='ltr'><strong>quia</strong></span> <span class='ocrx_word' id='word_1_72' title='bbox 606 1048 738 1101; x_wconf 88' lang='lat' dir='ltr'><strong>nihil</strong></span> <span class='ocrx_word' id='word_1_73' title='bbox 783 1046 1141 1100; x_wconf 88' lang='lat' dir='ltr'><strong>inordinatum</strong></span> <span class='ocrx_word' id='word_1_74' title='bbox 1161 1082 1174 1106; x_wconf 92' lang='lat'><strong>,</strong></span> <span class='ocrx_word' id='word_1_75' title='bbox 1219 1045 1302 1096; x_wconf 86' lang='lat' dir='ltr'><strong>vel</strong></span> <span class='ocrx_word' id='word_1_76' title='bbox 1333 1042 1682 1111; x_wconf 84' lang='lat' dir='ltr'><strong>improvidum</strong></span> <span class='ocrx_word' id='word_1_77' title='bbox 1711 1041 1934 1094; x_wconf 90' lang='lat' dir='ltr'><strong>habetur</strong></span> <span class='ocrx_word' id='word_1_78' title='bbox 1961 1040 2014 1091; x_wconf 89' lang='lat' dir='ltr'><strong>in</strong></span> 
     </span>
    </p>
   </div>
   <div class='ocr_carea' id='block_1_12' title="bbox 451 1129 2016 1200">
    <p class='ocr_par' dir='ltr' id='par_1_12' title="bbox 451 1129 2016 1200">
     <span class='ocr_line' id='line_1_12' title="bbox 451 1129 2016 1200; baseline -0.006 -9"><span class='ocrx_word' id='word_1_79' title='bbox 451 1139 614 1191; x_wconf 86' lang='lat' dir='ltr'><strong>rebus</strong></span> <span class='ocrx_word' id='word_1_80' title='bbox 640 1154 653 1189; x_wconf 92' lang='lat'><strong>:</strong></span> <span class='ocrx_word' id='word_1_81' title='bbox 679 1135 772 1189; x_wconf 84' lang='lat' dir='ltr'><strong>sed</strong></span> <span class='ocrx_word' id='word_1_82' title='bbox 791 1136 968 1189; x_wconf 88' lang='lat' dir='ltr'><strong>omnia</strong></span> <span class='ocrx_word' id='word_1_83' title='bbox 990 1133 1342 1188; x_wconf 89' lang='lat' dir='ltr'><strong>certissimum</strong></span> <span class='ocrx_word' id='word_1_84' title='bbox 1363 1132 1630 1200; x_wconf 89' lang='lat' dir='ltr'><strong>specimen</strong></span> <span class='ocrx_word' id='word_1_85' title='bbox 1655 1131 1707 1183; x_wconf 89' lang='lat' dir='ltr'><strong>in</strong></span> <span class='ocrx_word' id='word_1_86' title='bbox 1729 1145 1786 1184; x_wconf 89' lang='lat' dir='ltr'><strong>se</strong></span> <span class='ocrx_word' id='word_1_87' title='bbox 1805 1129 2016 1198; x_wconf 85' lang='lat' dir='ltr'><strong>sapien-</strong></span> 
     </span>
    </p>
   </div>
   <div class='ocr_carea' id='block_1_13' title="bbox 452 1221 2017 1291">
    <p class='ocr_par' dir='ltr' id='par_1_13' title="bbox 452 1221 2017 1291">
     <span class='ocr_line' id='line_1_13' title="bbox 452 1221 2017 1291; baseline -0.003 -12"><span class='ocrx_word' id='word_1_88' title='bbox 452 1229 537 1280; x_wconf 74' lang='lat' dir='ltr'><strong>tia:</strong></span> <span class='ocrx_word' id='word_1_89' title='bbox 575 1225 879 1280; x_wconf 85' lang='lat' dir='ltr'><strong>Conditoris</strong></span> <span class='ocrx_word' id='word_1_90' title='bbox 925 1231 1213 1288; x_wconf 87' lang='lat' dir='ltr'><strong>ostentant,</strong></span> <span class='ocrx_word' id='word_1_91' title='bbox 1245 1223 1336 1291; x_wconf 92' lang='lat' dir='ltr'><strong>qui</strong></span> <span class='ocrx_word' id='word_1_92' title='bbox 1373 1223 1448 1277; x_wconf 91' lang='lat' dir='ltr'><strong>sic</strong></span> <span class='ocrx_word' id='word_1_93' title='bbox 1477 1224 1760 1276; x_wconf 88' lang='lat' dir='ltr'><strong>instructas</strong></span> <span class='ocrx_word' id='word_1_94' title='bbox 1789 1221 2017 1290; x_wconf 87' lang='lat' dir='ltr'><strong>pecudes</strong></span> 
     </span>
    </p>
   </div>
   <div class='ocr_carea' id='block_1_14' title="bbox 452 1312 2016 1385">
    <p class='ocr_par' dir='ltr' id='par_1_14' title="bbox 452 1312 2016 1385">
     <span class='ocr_line' id='line_1_14' title="bbox 452 1312 2016 1385; baseline -0.005 -13"><span class='ocrx_word' id='word_1_95' title='bbox 452 1318 518 1372; x_wconf 92' lang='lat' dir='ltr'><strong>ad</strong></span> <span class='ocrx_word' id='word_1_96' title='bbox 540 1318 905 1372; x_wconf 84' lang='lat' dir='ltr'><strong>defensionem</strong></span> <span class='ocrx_word' id='word_1_97' title='bbox 927 1316 1156 1385; x_wconf 78' lang='lat' dir='ltr'><strong>propria:</strong></span> <span class='ocrx_word' id='word_1_98' title='bbox 1184 1315 1369 1368; x_wconf 89' lang='lat' dir='ltr'><strong>salutis</strong></span> <span class='ocrx_word' id='word_1_99' title='bbox 1399 1314 1642 1368; x_wconf 77' lang='lat' dir='ltr'><strong>instituit.</strong></span> <span class='ocrx_word' id='word_1_100' title='bbox 1669 1312 1872 1381; x_wconf 78' lang='lat' dir='ltr'><strong>Expers</strong></span> <span class='ocrx_word' id='word_1_101' title='bbox 1895 1313 2016 1380; x_wconf 92' lang='lat' dir='ltr'><strong>qui-</strong></span> 
     </span>
    </p>
   </div>
   <div class='ocr_carea' id='block_1_15' title="bbox 451 1403 2017 1472">
    <p class='ocr_par' dir='ltr' id='par_1_15' title="bbox 451 1403 2017 1472">
     <span class='ocr_line' id='line_1_15' title="bbox 451 1403 2017 1472; baseline -0.006 -10"><span class='ocrx_word' id='word_1_102' title='bbox 451 1409 572 1462; x_wconf 89' lang='lat' dir='ltr'><strong>dem</strong></span> <span class='ocrx_word' id='word_1_103' title='bbox 592 1407 814 1460; x_wconf 88' lang='lat' dir='ltr'><strong>rationis</strong></span> <span class='ocrx_word' id='word_1_104' title='bbox 835 1413 917 1458; x_wconf 87' lang='lat' dir='ltr'><strong>est</strong></span> <span class='ocrx_word' id='word_1_105' title='bbox 938 1406 1104 1467; x_wconf 91' lang='lat' dir='ltr'><strong>canis,</strong></span> <span class='ocrx_word' id='word_1_106' title='bbox 1135 1404 1229 1458; x_wconf 91' lang='lat' dir='ltr'><strong>sed</strong></span> <span class='ocrx_word' id='word_1_107' title='bbox 1247 1405 1660 1472; x_wconf 60' lang='lat' dir='ltr'><strong>ahquiparantem</strong></span> <span class='ocrx_word' id='word_1_108' title='bbox 1683 1403 1873 1455; x_wconf 87' lang='lat' dir='ltr'><strong>rationi</strong></span> <span class='ocrx_word' id='word_1_109' title='bbox 1897 1418 2017 1456; x_wconf 84' lang='lat' dir='ltr'><strong>seu-</strong></span> 
     </span>
    </p>
   </div>
   <div class='ocr_carea' id='block_1_16' title="bbox 452 1494 2017 1565">
    <p class='ocr_par' dir='ltr' id='par_1_16' title="bbox 452 1494 2017 1565">
     <span class='ocr_line' id='line_1_16' title="bbox 452 1494 2017 1565; baseline -0.003 -14"><span class='ocrx_word' id='word_1_110' title='bbox 452 1512 574 1551; x_wconf 89' lang='lat' dir='ltr'><strong>sum</strong></span> <span class='ocrx_word' id='word_1_111' title='bbox 599 1497 832 1551; x_wconf 89' lang='lat' dir='ltr'><strong>creditur</strong></span> <span class='ocrx_word' id='word_1_112' title='bbox 856 1494 1151 1565; x_wconf 88' lang='lat' dir='ltr'><strong>possidere.</strong></span> <span class='ocrx_word' id='word_1_113' title='bbox 1179 1494 1309 1546; x_wconf 91' lang='lat' dir='ltr'><strong>Nam</strong></span> <span class='ocrx_word' id='word_1_114' title='bbox 1339 1509 1400 1546; x_wconf 85' lang='lat' dir='ltr'><strong>ea</strong></span> <span class='ocrx_word' id='word_1_115' title='bbox 1435 1509 1551 1561; x_wconf 64' lang='lat' dir='ltr'><strong>quae</strong></span> <span class='ocrx_word' id='word_1_116' title='bbox 1581 1508 1676 1561; x_wconf 90' lang='lat' dir='ltr'><strong>per</strong></span> <span class='ocrx_word' id='word_1_117' title='bbox 1701 1494 1868 1546; x_wconf 90' lang='lat' dir='ltr'><strong>otium</strong></span> <span class='ocrx_word' id='word_1_118' title='bbox 1896 1494 2017 1546; x_wconf 73' lang='lat' dir='ltr'><strong>vitze</strong></span> 
     </span>
    </p>
   </div>
   <div class='ocr_carea' id='block_1_17' title="bbox 453 1583 2016 1654">
    <p class='ocr_par' dir='ltr' id='par_1_17' title="bbox 453 1583 2016 1654">
     <span class='ocr_line' id='line_1_17' title="bbox 453 1583 2016 1654; baseline -0.002 -14"><span class='ocrx_word' id='word_1_119' title='bbox 453 1585 669 1653; x_wconf 87' lang='lat' dir='ltr'><strong>longum</strong></span> <span class='ocrx_word' id='word_1_120' title='bbox 697 1585 909 1654; x_wconf 88' lang='lat' dir='ltr'><strong>quidam</strong></span> <span class='ocrx_word' id='word_1_121' title='bbox 949 1585 1192 1639; x_wconf 88' lang='lat' dir='ltr'><strong>sedentes</strong></span> <span class='ocrx_word' id='word_1_122' title='bbox 1217 1584 1307 1637; x_wconf 83' lang='lat' dir='ltr'><strong>vix</strong></span> <span class='ocrx_word' id='word_1_123' title='bbox 1336 1584 1573 1637; x_wconf 87' lang='lat' dir='ltr'><strong>invenire</strong></span> <span class='ocrx_word' id='word_1_124' title='bbox 1616 1591 1922 1652; x_wconf 91' lang='lat' dir='ltr'><strong>potuerunt,</strong></span> <span class='ocrx_word' id='word_1_125' title='bbox 1965 1583 2016 1637; x_wconf 92' lang='lat' dir='ltr'><strong>id</strong></span> 
     </span>
    </p>
   </div>
   <div class='ocr_carea' id='block_1_18' title="bbox 452 1671 2014 1743">
    <p class='ocr_par' dir='ltr' id='par_1_18' title="bbox 452 1671 2014 1743">
     <span class='ocr_line' id='line_1_18' title="bbox 452 1671 2014 1743; baseline -0.003 -13"><span class='ocrx_word' id='word_1_126' title='bbox 452 1683 537 1730; x_wconf 86' lang='lat' dir='ltr'><strong>est</strong></span> <span class='ocrx_word' id='word_1_127' title='bbox 563 1674 863 1743; x_wconf 86' lang='lat' dir='ltr'><strong>philosophi</strong></span> <span class='ocrx_word' id='word_1_128' title='bbox 892 1673 1202 1739; x_wconf 66' lang='lat' dir='ltr'><strong>saeculares,</strong></span> <span class='ocrx_word' id='word_1_129' title='bbox 1245 1671 1668 1742; x_wconf 80' lang='lat' dir='ltr'><strong>syllogismorum</strong></span> <span class='ocrx_word' id='word_1_130' title='bbox 1694 1671 1814 1726; x_wconf 90' lang='lat' dir='ltr'><strong>dico</strong></span> <span class='ocrx_word' id='word_1_131' title='bbox 1843 1672 2014 1726; x_wconf 89' lang='lat' dir='ltr'><strong>tendi-</strong></span> 
     </span>
    </p>
   </div>
   <div class='ocr_carea' id='block_1_19' title="bbox 2107 495 3676 566">
    <p class='ocr_par' dir='ltr' id='par_1_19' title="bbox 2107 495 3676 566">
     <span class='ocr_line' id='line_1_19' title="bbox 2107 495 3676 566; baseline 0 -14"><span class='ocrx_word' id='word_1_132' title='bbox 2107 500 2377 566; x_wconf 86' lang='lat' dir='ltr'><strong>genitricis</strong></span> <span class='ocrx_word' id='word_1_133' title='bbox 2421 501 2710 561; x_wconf 80' lang='lat' dir='ltr'><strong>exulcerat,</strong></span> <span class='ocrx_word' id='word_1_134' title='bbox 2742 500 2880 553; x_wconf 90' lang='lat' dir='ltr'><strong>sicut</strong></span> <span class='ocrx_word' id='word_1_135' title='bbox 2907 499 3090 566; x_wconf 88' lang='lat' dir='ltr'><strong>vipera</strong></span> <span class='ocrx_word' id='word_1_136' title='bbox 3117 511 3234 564; x_wconf 67' lang='lat' dir='ltr'><strong>qua:</strong></span> <span class='ocrx_word' id='word_1_137' title='bbox 3258 512 3364 550; x_wconf 89' lang='lat' dir='ltr'><strong>non</strong></span> <span class='ocrx_word' id='word_1_138' title='bbox 3393 495 3552 549; x_wconf 88' lang='lat' dir='ltr'><strong>aliter</strong></span> <span class='ocrx_word' id='word_1_139' title='bbox 3578 495 3676 553; x_wconf 86' lang='lat' dir='ltr'><strong>nisi</strong></span> 
     </span>
    </p>
   </div>
   <div class='ocr_carea' id='block_1_20' title="bbox 2107 588 3674 659">
    <p class='ocr_par' dir='ltr' id='par_1_20' title="bbox 2107 588 3674 659">
     <span class='ocr_line' id='line_1_20' title="bbox 2107 588 3674 659; baseline 0.001 -17"><span class='ocrx_word' id='word_1_140' title='bbox 2107 591 2292 643; x_wconf 86' lang='lat' dir='ltr'><strong>matris</strong></span> <span class='ocrx_word' id='word_1_141' title='bbox 2311 605 2476 644; x_wconf 90' lang='lat' dir='ltr'><strong>exeso</strong></span> <span class='ocrx_word' id='word_1_142' title='bbox 2496 591 2871 659; x_wconf 84' lang='lat' dir='ltr'><strong>discerptoque</strong></span> <span class='ocrx_word' id='word_1_143' title='bbox 2896 597 3081 642; x_wconf 86' lang='lat' dir='ltr'><strong>ventre</strong></span> <span class='ocrx_word' id='word_1_144' title='bbox 3102 588 3360 658; x_wconf 88' lang='lat' dir='ltr'><strong>procedit,</strong></span> <span class='ocrx_word' id='word_1_145' title='bbox 3386 602 3674 656; x_wconf 80' lang='lat' dir='ltr'><strong>congruam</strong></span> 
     </span>
    </p>
   </div>
   <div class='ocr_carea' id='block_1_21' title="bbox 2109 677 3674 746">
    <p class='ocr_par' dir='ltr' id='par_1_21' title="bbox 2109 677 3674 746">
     <span class='ocr_line' id='line_1_21' title="bbox 2109 677 3674 746; baseline 0 -14"><span class='ocrx_word' id='word_1_146' title='bbox 2109 679 2352 732; x_wconf 86' lang='lat' dir='ltr'><strong>creatrici</strong></span> <span class='ocrx_word' id='word_1_147' title='bbox 2374 678 2673 732; x_wconf 88' lang='lat' dir='ltr'><strong>mercedem</strong></span> <span class='ocrx_word' id='word_1_148' title='bbox 2696 695 2792 746; x_wconf 90' lang='lat' dir='ltr'><strong>pro</strong></span> <span class='ocrx_word' id='word_1_149' title='bbox 2816 679 2906 731; x_wconf 90' lang='lat' dir='ltr'><strong>tali</strong></span> <span class='ocrx_word' id='word_1_150' title='bbox 2929 686 3084 746; x_wconf 90' lang='lat' dir='ltr'><strong>partu</strong></span> <span class='ocrx_word' id='word_1_151' title='bbox 3108 678 3427 746; x_wconf 86' lang='lat' dir='ltr'><strong>rependens.</strong></span> <span class='ocrx_word' id='word_1_152' title='bbox 3450 677 3529 731; x_wconf 91' lang='lat' dir='ltr'><strong>lta</strong></span> <span class='ocrx_word' id='word_1_153' title='bbox 3552 678 3674 733; x_wconf 87' lang='lat' dir='ltr'><strong>nihil</strong></span> 
     </span>
    </p>
   </div>
   <div class='ocr_carea' id='block_1_22' title="bbox 2110 767 3676 836">
    <p class='ocr_par' dir='ltr' id='par_1_22' title="bbox 2110 767 3676 836">
     <span class='ocr_line' id='line_1_22' title="bbox 2110 767 3676 836; baseline 0.002 -17"><span class='ocrx_word' id='word_1_154' title='bbox 2110 767 2163 819; x_wconf 93' lang='lat' dir='ltr'><strong>in</strong></span> <span class='ocrx_word' id='word_1_155' title='bbox 2183 767 2341 820; x_wconf 87' lang='lat' dir='ltr'><strong>rebus</strong></span> <span class='ocrx_word' id='word_1_156' title='bbox 2361 767 2603 821; x_wconf 89' lang='lat' dir='ltr'><strong>humanis</strong></span> <span class='ocrx_word' id='word_1_157' title='bbox 2629 768 2853 821; x_wconf 90' lang='lat' dir='ltr'><strong>habetur</strong></span> <span class='ocrx_word' id='word_1_158' title='bbox 2873 767 3226 836; x_wconf 89' lang='lat' dir='ltr'><strong>improvidum</strong></span> <span class='ocrx_word' id='word_1_159' title='bbox 3251 785 3264 820; x_wconf 93' lang='lat'><strong>:</strong></span> <span class='ocrx_word' id='word_1_160' title='bbox 3295 783 3394 822; x_wconf 91' lang='lat' dir='ltr'><strong>nec</strong></span> <span class='ocrx_word' id='word_1_161' title='bbox 3424 769 3531 826; x_wconf 81' lang='lat' dir='ltr'><strong>ulla</strong></span> <span class='ocrx_word' id='word_1_162' title='bbox 3561 768 3676 822; x_wconf 85' lang='lat' dir='ltr'><strong>dili-</strong></span> 
     </span>
    </p>
   </div>
   <div class='ocr_carea' id='block_1_23' title="bbox 2109 857 3678 927">
    <p class='ocr_par' dir='ltr' id='par_1_23' title="bbox 2109 857 3678 927">
     <span class='ocr_line' id='line_1_23' title="bbox 2109 857 3678 927; baseline 0.001 -15"><span class='ocrx_word' id='word_1_163' title='bbox 2109 858 2303 924; x_wconf 76' lang='lat' dir='ltr'><strong>gentize</strong></span> <span class='ocrx_word' id='word_1_164' title='bbox 2333 859 2432 912; x_wconf 88' lang='lat' dir='ltr'><strong>sibi</strong></span> <span class='ocrx_word' id='word_1_165' title='bbox 2461 860 2811 927; x_wconf 90' lang='lat' dir='ltr'><strong>competentis</strong></span> <span class='ocrx_word' id='word_1_166' title='bbox 2841 860 3144 912; x_wconf 90' lang='lat' dir='ltr'><strong>immunitas</strong></span> <span class='ocrx_word' id='word_1_167' title='bbox 3173 866 3271 913; x_wconf 90' lang='lat' dir='ltr'><strong>est.</strong></span> <span class='ocrx_word' id='word_1_168' title='bbox 3305 857 3459 924; x_wconf 87' lang='lat' dir='ltr'><strong>Quod</strong></span> <span class='ocrx_word' id='word_1_169' title='bbox 3487 861 3532 912; x_wconf 88' lang='lat' dir='ltr'><strong>si</strong></span> <span class='ocrx_word' id='word_1_170' title='bbox 3570 870 3678 914; x_wconf 68' lang='grc' dir='ltr'><strong>ειυς</strong></span> 
     </span>
    </p>
   </div>
   <div class='ocr_carea' id='block_1_24' title="bbox 2109 947 3675 1017">
    <p class='ocr_par' dir='ltr' id='par_1_24' title="bbox 2109 947 3675 1017">
     <span class='ocr_line' id='line_1_24' title="bbox 2109 947 3675 1017; baseline 0.002 -16"><span class='ocrx_word' id='word_1_171' title='bbox 2109 948 2312 1003; x_wconf 88' lang='lat' dir='ltr'><strong>diosius</strong></span> <span class='ocrx_word' id='word_1_172' title='bbox 2342 949 2454 1017; x_wconf 88' lang='lat' dir='ltr'><strong>ipsa</strong></span> <span class='ocrx_word' id='word_1_173' title='bbox 2492 947 2507 984; x_wconf 69' lang='grc' dir='ltr'><em>τ</em></span> <span class='ocrx_word' id='word_1_174' title='bbox 2543 964 2791 1017; x_wconf 87' lang='lat' dir='ltr'><strong>pecorum</strong></span> <span class='ocrx_word' id='word_1_175' title='bbox 2821 951 3059 1003; x_wconf 88' lang='lat' dir='ltr'><strong>membra</strong></span> <span class='ocrx_word' id='word_1_176' title='bbox 3086 950 3413 1014; x_wconf 80' lang='lat' dir='ltr'><strong>discusseris,</strong></span> <span class='ocrx_word' id='word_1_177' title='bbox 3441 950 3675 1004; x_wconf 81' lang='lat' dir='ltr'><strong>invenies</strong></span> 
     </span>
    </p>
   </div>
   <div class='ocr_carea' id='block_1_25' title="bbox 2110 1035 3676 1108">
    <p class='ocr_par' dir='ltr' id='par_1_25' title="bbox 2110 1035 3676 1108">
     <span class='ocr_line' id='line_1_25' title="bbox 2110 1035 3676 1108; baseline 0.001 -16"><span class='ocrx_word' id='word_1_178' title='bbox 2110 1039 2240 1092; x_wconf 88' lang='lat' dir='ltr'><strong>nihil</strong></span> <span class='ocrx_word' id='word_1_179' title='bbox 2265 1040 2367 1093; x_wconf 90' lang='lat' dir='ltr'><strong>illis</strong></span> <span class='ocrx_word' id='word_1_180' title='bbox 2389 1035 2710 1108; x_wconf 83' lang='lat' dir='ltr'><strong>superfluum</strong></span> <span class='ocrx_word' id='word_1_181' title='bbox 2739 1039 2944 1093; x_wconf 87' lang='lat' dir='ltr'><strong>dedisse</strong></span> <span class='ocrx_word' id='word_1_182' title='bbox 2959 1038 3321 1104; x_wconf 88' lang='lat' dir='ltr'><strong>Conditorem,</strong></span> <span class='ocrx_word' id='word_1_183' title='bbox 3339 1041 3470 1093; x_wconf 89' lang='lat' dir='ltr'><strong>nihil</strong></span> <span class='ocrx_word' id='word_1_184' title='bbox 3494 1055 3676 1093; x_wconf 89' lang='lat' dir='ltr'><strong>neces-</strong></span> 
     </span>
    </p>
   </div>
   <div class='ocr_carea' id='block_1_26' title="bbox 2112 1130 3678 1199">
    <p class='ocr_par' dir='ltr' id='par_1_26' title="bbox 2112 1130 3678 1199">
     <span class='ocr_line' id='line_1_26' title="bbox 2112 1130 3678 1199; baseline 0.003 -17"><span class='ocrx_word' id='word_1_185' title='bbox 2112 1130 2312 1182; x_wconf 88' lang='lat' dir='ltr'><strong>sarium</strong></span> <span class='ocrx_word' id='word_1_186' title='bbox 2335 1131 2644 1197; x_wconf 81' lang='lat' dir='ltr'><strong>denegasse.</strong></span> <span class='ocrx_word' id='word_1_187' title='bbox 2677 1130 2874 1185; x_wconf 88' lang='lat' dir='ltr'><strong>Bclluis</strong></span> <span class='ocrx_word' id='word_1_188' title='bbox 2899 1146 3128 1199; x_wconf 89' lang='lat' dir='ltr'><strong>namque</strong></span> <span class='ocrx_word' id='word_1_189' title='bbox 3153 1131 3471 1186; x_wconf 85' lang='lat' dir='ltr'><strong>carnisumis</strong></span> <span class='ocrx_word' id='word_1_190' title='bbox 3499 1141 3678 1186; x_wconf 86' lang='lat' dir='ltr'><strong>acutos</strong></span> 
     </span>
    </p>
   </div>
   <div class='ocr_carea' id='block_1_27' title="bbox 2112 1219 3681 1290">
    <p class='ocr_par' dir='ltr' id='par_1_27' title="bbox 2112 1219 3681 1290">
     <span class='ocr_line' id='line_1_27' title="bbox 2112 1219 3681 1290; baseline 0.002 -18"><span class='ocrx_word' id='word_1_191' title='bbox 2112 1219 2298 1273; x_wconf 88' lang='lat' dir='ltr'><strong>dentes</strong></span> <span class='ocrx_word' id='word_1_192' title='bbox 2327 1222 2600 1289; x_wconf 91' lang='lat' dir='ltr'><strong>apposuit,</strong></span> <span class='ocrx_word' id='word_1_193' title='bbox 2633 1222 2882 1289; x_wconf 89' lang='lat' dir='ltr'><strong>quoniam</strong></span> <span class='ocrx_word' id='word_1_194' title='bbox 2923 1222 3118 1276; x_wconf 86' lang='lat' dir='ltr'><strong>talibus</strong></span> <span class='ocrx_word' id='word_1_195' title='bbox 3146 1236 3279 1289; x_wconf 92' lang='lat' dir='ltr'><strong>opus</strong></span> <span class='ocrx_word' id='word_1_196' title='bbox 3313 1230 3431 1276; x_wconf 89' lang='lat' dir='ltr'><strong>erat</strong></span> <span class='ocrx_word' id='word_1_197' title='bbox 3460 1222 3527 1274; x_wconf 90' lang='lat' dir='ltr'><strong>ad</strong></span> <span class='ocrx_word' id='word_1_198' title='bbox 3563 1236 3681 1290; x_wconf 83' lang='lat' dir='ltr'><strong>spe-</strong></span> 
     </span>
    </p>
   </div>
   <div class='ocr_carea' id='block_1_28' title="bbox 2112 1311 3681 1382">
    <p class='ocr_par' dir='ltr' id='par_1_28' title="bbox 2112 1311 3681 1382">
     <span class='ocr_line' id='line_1_28' title="bbox 2112 1311 3681 1382; baseline 0.003 -19"><span class='ocrx_word' id='word_1_199' title='bbox 2112 1311 2248 1364; x_wconf 90' lang='lat' dir='ltr'><strong>ciem</strong></span> <span class='ocrx_word' id='word_1_200' title='bbox 2275 1311 2538 1364; x_wconf 67' lang='lat' dir='ltr'><strong>alimonia:</strong></span> <span class='ocrx_word' id='word_1_201' title='bbox 2562 1311 2833 1379; x_wconf 69' lang='lat' dir='ltr'><strong>prmﬁnitm</strong></span> <span class='ocrx_word' id='word_1_202' title='bbox 2863 1312 3188 1366; x_wconf 84' lang='lat' dir='ltr'><strong>ministeriis.</strong></span> <span class='ocrx_word' id='word_1_203' title='bbox 3220 1311 3308 1367; x_wconf 87' lang='lat' dir='ltr'><strong>Eis</strong></span> <span class='ocrx_word' id='word_1_204' title='bbox 3339 1329 3466 1367; x_wconf 85' lang='lat' dir='ltr'><strong>vero</strong></span> <span class='ocrx_word' id='word_1_205' title='bbox 3492 1315 3681 1382; x_wconf 88' lang='lat' dir='ltr'><strong>quibus</strong></span> 
     </span>
    </p>
   </div>
   <div class='ocr_carea' id='block_1_29' title="bbox 2113 1400 3682 1472">
    <p class='ocr_par' dir='ltr' id='par_1_29' title="bbox 2113 1400 3682 1472">
     <span class='ocr_line' id='line_1_29' title="bbox 2113 1400 3682 1472; baseline 0.002 -18"><span class='ocrx_word' id='word_1_206' title='bbox 2113 1415 2181 1454; x_wconf 85' lang='lat' dir='ltr'><strong>ex</strong></span> <span class='ocrx_word' id='word_1_207' title='bbox 2220 1415 2323 1453; x_wconf 91' lang='lat' dir='ltr'><strong>una</strong></span> <span class='ocrx_word' id='word_1_208' title='bbox 2352 1407 2503 1468; x_wconf 88' lang='lat' dir='ltr'><strong>parte</strong></span> <span class='ocrx_word' id='word_1_209' title='bbox 2531 1400 2717 1454; x_wconf 89' lang='lat' dir='ltr'><strong>dentes</strong></span> <span class='ocrx_word' id='word_1_210' title='bbox 2747 1401 3002 1468; x_wconf 87' lang='lat' dir='ltr'><strong>instituit,</strong></span> <span class='ocrx_word' id='word_1_211' title='bbox 3047 1401 3394 1470; x_wconf 90' lang='lat' dir='ltr'><strong>plurimorum</strong></span> <span class='ocrx_word' id='word_1_212' title='bbox 3442 1414 3682 1472; x_wconf 58' lang='lat' dir='ltr'><strong>receptae</strong></span> 
     </span>
    </p>
   </div>
   <div class='ocr_carea' id='block_1_30' title="bbox 2112 1491 3684 1562">
    <p class='ocr_par' dir='ltr' id='par_1_30' title="bbox 2112 1491 3684 1562">
     <span class='ocr_line' id='line_1_30' title="bbox 2112 1491 3684 1562; baseline 0.001 -16"><span class='ocrx_word' id='word_1_213' title='bbox 2112 1493 2232 1546; x_wconf 85' lang='lat' dir='ltr'><strong>cula</strong></span> <span class='ocrx_word' id='word_1_214' title='bbox 2262 1491 2574 1560; x_wconf 91' lang='lat' dir='ltr'><strong>pabulorum</strong></span> <span class='ocrx_word' id='word_1_215' title='bbox 2601 1492 2775 1546; x_wconf 88' lang='lat' dir='ltr'><strong>inesse</strong></span> <span class='ocrx_word' id='word_1_216' title='bbox 2803 1492 3098 1560; x_wconf 88' lang='lat' dir='ltr'><strong>disposuit,</strong></span> <span class='ocrx_word' id='word_1_217' title='bbox 3142 1500 3198 1545; x_wconf 93' lang='lat' dir='ltr'><strong>ut</strong></span> <span class='ocrx_word' id='word_1_218' title='bbox 3225 1508 3348 1562; x_wconf 89' lang='lat' dir='ltr'><strong>pars</strong></span> <span class='ocrx_word' id='word_1_219' title='bbox 3375 1508 3496 1561; x_wconf 61' lang='lat' dir='ltr'><strong>qua:</strong></span> <span class='ocrx_word' id='word_1_220' title='bbox 3536 1496 3684 1562; x_wconf 90' lang='lat' dir='ltr'><strong>prior</strong></span> 
     </span>
    </p>
   </div>
   <div class='ocr_carea' id='block_1_31' title="bbox 2115 1581 3678 1649">
    <p class='ocr_par' dir='ltr' id='par_1_31' title="bbox 2115 1581 3678 1649">
     <span class='ocr_line' id='line_1_31' title="bbox 2115 1581 3678 1649; baseline 0.003 -16"><span class='ocrx_word' id='word_1_221' title='bbox 2115 1589 2385 1649; x_wconf 89' lang='lat' dir='ltr'><strong>assumpta</strong></span> <span class='ocrx_word' id='word_1_222' title='bbox 2408 1589 2490 1634; x_wconf 92' lang='lat' dir='ltr'><strong>est</strong></span> <span class='ocrx_word' id='word_1_223' title='bbox 2511 1581 2577 1634; x_wconf 91' lang='lat' dir='ltr'><strong>de</strong></span> <span class='ocrx_word' id='word_1_224' title='bbox 2598 1582 2893 1642; x_wconf 88' lang='lat' dir='ltr'><strong>stomacho,</strong></span> <span class='ocrx_word' id='word_1_225' title='bbox 2917 1581 3092 1636; x_wconf 88' lang='lat' dir='ltr'><strong>denuo</strong></span> <span class='ocrx_word' id='word_1_226' title='bbox 3113 1583 3359 1636; x_wconf 87' lang='lat' dir='ltr'><strong>decurrat</strong></span> <span class='ocrx_word' id='word_1_227' title='bbox 3379 1583 3449 1636; x_wconf 89' lang='lat' dir='ltr'><strong>ad</strong></span> <span class='ocrx_word' id='word_1_228' title='bbox 3467 1584 3678 1648; x_wconf 88' lang='lat' dir='ltr'><strong>dentes,</strong></span> 
     </span>
    </p>
   </div>
   <div class='ocr_carea' id='block_1_32' title="bbox 2115 1669 3686 1739">
    <p class='ocr_par' dir='ltr' id='par_1_32' title="bbox 2115 1669 3686 1739">
     <span class='ocr_line' id='line_1_32' title="bbox 2115 1669 3686 1739; baseline 0.004 -15"><span class='ocrx_word' id='word_1_229' title='bbox 2115 1684 2221 1738; x_wconf 90' lang='lat' dir='ltr'><strong>quo</strong></span> <span class='ocrx_word' id='word_1_230' title='bbox 2249 1669 2455 1723; x_wconf 85' lang='lat' dir='ltr'><strong>facilius</strong></span> <span class='ocrx_word' id='word_1_231' title='bbox 2476 1685 2592 1724; x_wconf 93' lang='lat' dir='ltr'><strong>eam</strong></span> <span class='ocrx_word' id='word_1_232' title='bbox 2616 1671 2780 1739; x_wconf 89' lang='lat' dir='ltr'><strong>possit</strong></span> <span class='ocrx_word' id='word_1_233' title='bbox 2811 1671 3124 1725; x_wconf 89' lang='lat' dir='ltr'><strong>ruminando</strong></span> <span class='ocrx_word' id='word_1_234' title='bbox 3149 1680 3430 1727; x_wconf 89' lang='lat' dir='ltr'><strong>conterere</strong></span> <span class='ocrx_word' id='word_1_235' title='bbox 3446 1714 3460 1739; x_wconf 96' lang='lat'><strong>,</strong></span> <span class='ocrx_word' id='word_1_236' title='bbox 3487 1689 3554 1728; x_wconf 91' lang='lat' dir='ltr'><strong>ac</strong></span> <span class='ocrx_word' id='word_1_237' title='bbox 3573 1675 3686 1730; x_wconf 82' lang='lat' dir='ltr'><strong>sine</strong></span> 
     </span>
    </p>
   </div>
   <div class='ocr_carea' id='block_1_33' title="bbox 453 1752 3685 1832">
    <p class='ocr_par' dir='ltr' id='par_1_33' title="bbox 453 1752 3685 1832">
     <span class='ocr_line' id='line_1_33' title="bbox 453 1752 3685 1832; baseline -0.001 -13"><span class='ocrx_word' id='word_1_238' title='bbox 453 1765 599 1820; x_wconf 86' lang='lat' dir='ltr'><strong>culas</strong></span> <span class='ocrx_word' id='word_1_239' title='bbox 626 1761 882 1817; x_wconf 81' lang='lat' dir='ltr'><strong>beneficio</strong></span> <span class='ocrx_word' id='word_1_240' title='bbox 912 1762 1137 1814; x_wconf 87' lang='lat' dir='ltr'><strong>naturali</strong></span> <span class='ocrx_word' id='word_1_241' title='bbox 1166 1762 1312 1815; x_wconf 87' lang='lat' dir='ltr'><strong>canis</strong></span> <span class='ocrx_word' id='word_1_242' title='bbox 1339 1767 1656 1814; x_wconf 89' lang='lat' dir='ltr'><strong>consecutus</strong></span> <span class='ocrx_word' id='word_1_243' title='bbox 1701 1762 1954 1816; x_wconf 88' lang='lat' dir='ltr'><strong>asseritur</strong></span> <span class='ocrx_word' id='word_1_244' title='bbox 1999 1784 2013 1814; x_wconf 73' lang='grc' dir='ltr'>ι</span> <span class='ocrx_word' id='word_1_245' title='bbox 2049 1752 2093 1810; x_wconf 86' lang='grc' dir='ltr'><strong>Β</strong></span> <span class='ocrx_word' id='word_1_246' title='bbox 2120 1760 2300 1813; x_wconf 88' lang='lat' dir='ltr'><strong>labore</strong></span> <span class='ocrx_word' id='word_1_247' title='bbox 2328 1760 2588 1827; x_wconf 78' lang='lat' dir='ltr'><strong>digerere.</strong></span> <span class='ocrx_word' id='word_1_248' title='bbox 2618 1759 2800 1828; x_wconf 85' lang='lat' dir='ltr'><strong>Neque</strong></span> <span class='ocrx_word' id='word_1_249' title='bbox 2827 1760 2967 1813; x_wconf 83' lang='lat' dir='ltr'><strong>enim</strong></span> <span class='ocrx_word' id='word_1_250' title='bbox 3009 1769 3034 1807; x_wconf 74' lang='grc' dir='ltr'><em>ε</em></span> <span class='ocrx_word' id='word_1_251' title='bbox 3065 1761 3178 1816; x_wconf 91' lang='lat' dir='ltr'><strong>sine</strong></span> <span class='ocrx_word' id='word_1_252' title='bbox 3205 1777 3363 1815; x_wconf 89' lang='lat' dir='ltr'><strong>causa</strong></span> <span class='ocrx_word' id='word_1_253' title='bbox 3405 1764 3685 1832; x_wconf 85' lang='lat' dir='ltr'><strong>gurgulio-</strong></span> 
     </span>
    </p>
   </div>
   <div class='ocr_carea' id='block_1_34' title="bbox 456 1853 2014 1926">
    <p class='ocr_par' dir='ltr' id='par_1_34' title="bbox 456 1853 2014 1926">
     <span class='ocr_line' id='line_1_34' title="bbox 456 1853 2014 1926; baseline -0.004 -15"><span class='ocrx_word' id='word_1_254' title='bbox 456 1857 484 1895; x_wconf 70' lang='grc' dir='ltr'>δ</span> <span class='ocrx_word' id='word_1_255' title='bbox 510 1857 634 1926; x_wconf 88' lang='lat' dir='ltr'><strong>quia</strong></span> <span class='ocrx_word' id='word_1_256' title='bbox 679 1855 899 1921; x_wconf 88' lang='lat' dir='ltr'><strong>vestigia</strong></span> <span class='ocrx_word' id='word_1_257' title='bbox 940 1853 1171 1907; x_wconf 90' lang='lat' dir='ltr'><strong>ferarum</strong></span> <span class='ocrx_word' id='word_1_258' title='bbox 1217 1853 1479 1920; x_wconf 78' lang='lat' dir='ltr'><strong>sagaciter</strong></span> <span class='ocrx_word' id='word_1_259' title='bbox 1521 1853 1852 1920; x_wconf 83' lang='lat' dir='ltr'><strong>iudagando,</strong></span> <span class='ocrx_word' id='word_1_260' title='bbox 1894 1868 2014 1907; x_wconf 92' lang='lat' dir='ltr'><strong>cum</strong></span> 
     </span>
    </p>
   </div>
   <div class='ocr_carea' id='block_1_35' title="bbox 453 1943 2019 2013">
    <p class='ocr_par' dir='ltr' id='par_1_35' title="bbox 453 1943 2019 2013">
     <span class='ocr_line' id='line_1_35' title="bbox 453 1943 2019 2013; baseline -0.003 -13"><span class='ocrx_word' id='word_1_261' title='bbox 453 1946 648 2000; x_wconf 86' lang='lat' dir='ltr'><strong>viderit</strong></span> <span class='ocrx_word' id='word_1_262' title='bbox 667 1944 1030 2013; x_wconf 91' lang='lat' dir='ltr'><strong>multipliciter</strong></span> <span class='ocrx_word' id='word_1_263' title='bbox 1051 1943 1328 1996; x_wconf 89' lang='lat' dir='ltr'><strong>intercisas</strong></span> <span class='ocrx_word' id='word_1_264' title='bbox 1349 1943 1586 2006; x_wconf 87' lang='lat' dir='ltr'><strong>semitas,</strong></span> <span class='ocrx_word' id='word_1_265' title='bbox 1615 1957 1801 1995; x_wconf 92' lang='lat' dir='ltr'><strong>omnes</strong></span> <span class='ocrx_word' id='word_1_266' title='bbox 1822 1943 2019 1996; x_wconf 91' lang='lat' dir='ltr'><strong>discur-</strong></span> 
     </span>
    </p>
   </div>
   <div class='ocr_carea' id='block_1_36' title="bbox 455 2031 2016 2101">
    <p class='ocr_par' dir='ltr' id='par_1_36' title="bbox 455 2031 2016 2101">
     <span class='ocr_line' id='line_1_36' title="bbox 455 2031 2016 2101; baseline -0.003 -12"><span class='ocrx_word' id='word_1_267' title='bbox 455 2035 600 2090; x_wconf 87' lang='lat' dir='ltr'><strong>sibus</strong></span> <span class='ocrx_word' id='word_1_268' title='bbox 628 2033 996 2101; x_wconf 90' lang='lat' dir='ltr'><strong>interrumpit,</strong></span> <span class='ocrx_word' id='word_1_269' title='bbox 1033 2043 1054 2070; x_wconf 78' lang='lat'><strong><em>°</em></strong></span> <span class='ocrx_word' id='word_1_270' title='bbox 1085 2047 1272 2087; x_wconf 89' lang='lat' dir='ltr'><strong>vocem</strong></span> <span class='ocrx_word' id='word_1_271' title='bbox 1315 2040 1518 2086; x_wconf 90' lang='lat' dir='ltr'><strong>tantum</strong></span> <span class='ocrx_word' id='word_1_272' title='bbox 1549 2031 1879 2084; x_wconf 89' lang='lat' dir='ltr'><strong>articulatam</strong></span> <span class='ocrx_word' id='word_1_273' title='bbox 1909 2047 2016 2085; x_wconf 93' lang='lat' dir='ltr'><strong>non</strong></span> 
     </span>
    </p>
   </div>
   <div class='ocr_carea' id='block_1_37' title="bbox 454 2123 2017 2192">
    <p class='ocr_par' dir='ltr' id='par_1_37' title="bbox 454 2123 2017 2192">
     <span class='ocr_line' id='line_1_37' title="bbox 454 2123 2017 2192; baseline -0.001 -13"><span class='ocrx_word' id='word_1_274' title='bbox 454 2125 704 2179; x_wconf 90' lang='lat' dir='ltr'><strong>emittens</strong></span> <span class='ocrx_word' id='word_1_275' title='bbox 727 2141 739 2176; x_wconf 89' lang='lat'><strong>:</strong></span> <span class='ocrx_word' id='word_1_276' title='bbox 765 2138 887 2176; x_wconf 89' lang='lat' dir='ltr'><strong>nam</strong></span> <span class='ocrx_word' id='word_1_277' title='bbox 916 2138 1013 2192; x_wconf 86' lang='lat' dir='ltr'><strong>per</strong></span> <span class='ocrx_word' id='word_1_278' title='bbox 1039 2137 1102 2176; x_wconf 90' lang='lat' dir='ltr'><strong>ea</strong></span> <span class='ocrx_word' id='word_1_279' title='bbox 1129 2137 1247 2190; x_wconf 72' lang='lat' dir='ltr'><strong>qua:</strong></span> <span class='ocrx_word' id='word_1_280' title='bbox 1269 2123 1378 2189; x_wconf 85' lang='lat' dir='ltr'><strong>agit</strong></span> <span class='ocrx_word' id='word_1_281' title='bbox 1404 2123 1602 2177; x_wconf 88' lang='lat' dir='ltr'><strong>indicat</strong></span> <span class='ocrx_word' id='word_1_282' title='bbox 1627 2123 1885 2192; x_wconf 85' lang='lat' dir='ltr'><strong>profecto,</strong></span> <span class='ocrx_word' id='word_1_283' title='bbox 1909 2137 2017 2190; x_wconf 93' lang='lat' dir='ltr'><strong>quo</strong></span> 
     </span>
    </p>
   </div>
   <div class='ocr_carea' id='block_1_38' title="bbox 454 2212 2018 2281">
    <p class='ocr_par' dir='ltr' id='par_1_38' title="bbox 454 2212 2018 2281">
     <span class='ocr_line' id='line_1_38' title="bbox 454 2212 2018 2281; baseline -0.001 -12"><span class='ocrx_word' id='word_1_284' title='bbox 454 2215 638 2270; x_wconf 77' lang='lat' dir='ltr'><strong>bestia:</strong></span> <span class='ocrx_word' id='word_1_285' title='bbox 664 2227 781 2281; x_wconf 74' lang='lat' dir='ltr'><strong>qua:</strong></span> <span class='ocrx_word' id='word_1_286' title='bbox 809 2213 1099 2266; x_wconf 90' lang='lat' dir='ltr'><strong>lustrantur</strong></span> <span class='ocrx_word' id='word_1_287' title='bbox 1125 2213 1370 2266; x_wconf 89' lang='lat' dir='ltr'><strong>abierint.</strong></span> <span class='ocrx_word' id='word_1_288' title='bbox 1394 2212 1503 2268; x_wconf 89' lang='lat' dir='ltr'><strong>Nec</strong></span> <span class='ocrx_word' id='word_1_289' title='bbox 1530 2214 1678 2268; x_wconf 88' lang='lat' dir='ltr'><strong>illum</strong></span> <span class='ocrx_word' id='word_1_290' title='bbox 1713 2214 2018 2281; x_wconf 86' lang='lat' dir='ltr'><strong>relinquens</strong></span> 
     </span>
    </p>
   </div>
   <div class='ocr_carea' id='block_1_39' title="bbox 456 2303 2014 2371">
    <p class='ocr_par' dir='ltr' id='par_1_39' title="bbox 456 2303 2014 2371">
     <span class='ocr_line' id='line_1_39' title="bbox 456 2303 2014 2371; baseline 0 -13"><span class='ocrx_word' id='word_1_291' title='bbox 456 2304 849 2371; x_wconf 79' lang='lat' dir='ltr'><strong>inexploratum</strong></span> <span class='ocrx_word' id='word_1_292' title='bbox 874 2303 1070 2367; x_wconf 92' lang='lat' dir='ltr'><strong>locum,</strong></span> <span class='ocrx_word' id='word_1_293' title='bbox 1103 2303 1191 2356; x_wconf 91' lang='lat' dir='ltr'><strong>ubi</strong></span> <span class='ocrx_word' id='word_1_294' title='bbox 1221 2304 1452 2371; x_wconf 80' lang='lat' dir='ltr'><strong>suspicio</strong></span> <span class='ocrx_word' id='word_1_295' title='bbox 1481 2304 1622 2356; x_wconf 92' lang='lat' dir='ltr'><strong>nulla</strong></span> <span class='ocrx_word' id='word_1_296' title='bbox 1668 2305 1873 2370; x_wconf 76' lang='lat' dir='ltr'><strong>vestigii</strong></span> <span class='ocrx_word' id='word_1_297' title='bbox 1915 2313 2014 2368; x_wconf 88' lang='lat' dir='ltr'><strong>est,</strong></span> 
     </span>
    </p>
   </div>
   <div class='ocr_carea' id='block_1_40' title="bbox 455 2393 2019 2461">
    <p class='ocr_par' dir='ltr' id='par_1_40' title="bbox 455 2393 2019 2461">
     <span class='ocr_line' id='line_1_40' title="bbox 455 2393 2019 2461; baseline 0 -13"><span class='ocrx_word' id='word_1_298' title='bbox 455 2393 626 2448; x_wconf 90' lang='lat' dir='ltr'><strong>donec</strong></span> <span class='ocrx_word' id='word_1_299' title='bbox 652 2393 896 2447; x_wconf 91' lang='lat' dir='ltr'><strong>omnibus</strong></span> <span class='ocrx_word' id='word_1_300' title='bbox 925 2393 1088 2446; x_wconf 91' lang='lat' dir='ltr'><strong>odore</strong></span> <span class='ocrx_word' id='word_1_301' title='bbox 1115 2393 1356 2461; x_wconf 89' lang='lat' dir='ltr'><strong>repetitis</strong></span> <span class='ocrx_word' id='word_1_302' title='bbox 1383 2393 1765 2461; x_wconf 81' lang='lat' dir='ltr'><strong>explicatisque</strong></span> <span class='ocrx_word' id='word_1_303' title='bbox 1794 2394 2019 2448; x_wconf 86' lang='lat' dir='ltr'><strong>fallenti-</strong></span> 
     </span>
    </p>
   </div>
   <div class='ocr_carea' id='block_1_41' title="bbox 455 2482 2018 2552">
    <p class='ocr_par' dir='ltr' id='par_1_41' title="bbox 455 2482 2018 2552">
     <span class='ocr_line' id='line_1_41' title="bbox 455 2482 2018 2552; baseline 0 -14"><span class='ocrx_word' id='word_1_304' title='bbox 455 2485 555 2540; x_wconf 92' lang='lat' dir='ltr'><strong>bus</strong></span> <span class='ocrx_word' id='word_1_305' title='bbox 581 2484 698 2549; x_wconf 91' lang='lat' dir='ltr'><strong>viis,</strong></span> <span class='ocrx_word' id='word_1_306' title='bbox 732 2482 757 2520; x_wconf 74' lang='grc' dir='ltr'><strong><em>ἀ</em></strong></span> <span class='ocrx_word' id='word_1_307' title='bbox 788 2484 962 2538; x_wconf 89' lang='lat' dir='ltr'><strong>cubile</strong></span> <span class='ocrx_word' id='word_1_308' title='bbox 989 2485 1240 2552; x_wconf 90' lang='lat' dir='ltr'><strong>reperiet.</strong></span> <span class='ocrx_word' id='word_1_309' title='bbox 1291 2483 1427 2549; x_wconf 84' lang='lat' dir='ltr'><strong>Quid</strong></span> <span class='ocrx_word' id='word_1_310' title='bbox 1473 2483 1699 2552; x_wconf 88' lang='lat' dir='ltr'><strong>amplius</strong></span> <span class='ocrx_word' id='word_1_311' title='bbox 1726 2485 1779 2538; x_wconf 93' lang='lat' dir='ltr'><strong>hi</strong></span> <span class='ocrx_word' id='word_1_312' title='bbox 1819 2483 2018 2538; x_wconf 89' lang='lat' dir='ltr'><strong>faciunt</strong></span> 
     </span>
    </p>
   </div>
   <div class='ocr_carea' id='block_1_42' title="bbox 457 2573 2017 2643">
    <p class='ocr_par' dir='ltr' id='par_1_42' title="bbox 457 2573 2017 2643">
     <span class='ocr_line' id='line_1_42' title="bbox 457 2573 2017 2643; baseline -0.001 -14"><span class='ocrx_word' id='word_1_313' title='bbox 457 2577 511 2630; x_wconf 90' lang='lat' dir='ltr'><strong>in</strong></span> <span class='ocrx_word' id='word_1_314' title='bbox 549 2574 1014 2643; x_wconf 82' lang='lat' dir='ltr'><strong>descriptionibus,</strong></span> <span class='ocrx_word' id='word_1_315' title='bbox 1063 2574 1155 2641; x_wconf 91' lang='lat' dir='ltr'><strong>qui</strong></span> <span class='ocrx_word' id='word_1_316' title='bbox 1201 2574 1374 2628; x_wconf 87' lang='lat' dir='ltr'><strong>otiose</strong></span> <span class='ocrx_word' id='word_1_317' title='bbox 1419 2573 1698 2638; x_wconf 83' lang='lat' dir='ltr'><strong>sedentes,</strong></span> <span class='ocrx_word' id='word_1_318' title='bbox 1745 2574 2017 2642; x_wconf 87' lang='lat' dir='ltr'><strong>pulverem</strong></span> 
     </span>
    </p>
   </div>
   <div class='ocr_carea' id='block_1_43' title="bbox 455 2665 2019 2739">
    <p class='ocr_par' dir='ltr' id='par_1_43' title="bbox 455 2665 2019 2739">
     <span class='ocr_line' id='line_1_43' title="bbox 455 2665 2019 2739; baseline -0.002 -16"><span class='ocrx_word' id='word_1_319' title='bbox 455 2668 596 2739; x_wconf 81' lang='lat' dir='ltr'><strong>stylo</strong></span> <span class='ocrx_word' id='word_1_320' title='bbox 622 2669 854 2736; x_wconf 84' lang='lat' dir='ltr'><strong>signant,</strong></span> <span class='ocrx_word' id='word_1_321' title='bbox 887 2675 940 2721; x_wconf 92' lang='lat' dir='ltr'><strong>et</strong></span> <span class='ocrx_word' id='word_1_322' title='bbox 960 2682 1028 2720; x_wconf 89' lang='lat' dir='ltr'><strong>ex</strong></span> <span class='ocrx_word' id='word_1_323' title='bbox 1051 2668 1217 2721; x_wconf 89' lang='lat' dir='ltr'><strong>tribus</strong></span> <span class='ocrx_word' id='word_1_324' title='bbox 1243 2667 1695 2736; x_wconf 88' lang='lat' dir='ltr'><strong>propositionibus</strong></span> <span class='ocrx_word' id='word_1_325' title='bbox 1717 2666 1848 2720; x_wconf 91' lang='lat' dir='ltr'><strong>duas</strong></span> <span class='ocrx_word' id='word_1_326' title='bbox 1872 2665 2019 2720; x_wconf 87' lang='lat' dir='ltr'><strong>aufe-</strong></span> 
     </span>
    </p>
   </div>
   <div class='ocr_carea' id='block_1_44' title="bbox 456 2758 2016 2826">
    <p class='ocr_par' dir='ltr' id='par_1_44' title="bbox 456 2758 2016 2826">
     <span class='ocr_line' id='line_1_44' title="bbox 456 2758 2016 2826; baseline 0.001 -15"><span class='ocrx_word' id='word_1_327' title='bbox 456 2765 599 2822; x_wconf 88' lang='lat' dir='ltr'><strong>runt,</strong></span> <span class='ocrx_word' id='word_1_328' title='bbox 631 2759 683 2811; x_wconf 90' lang='lat' dir='ltr'><strong>in</strong></span> <span class='ocrx_word' id='word_1_329' title='bbox 724 2758 811 2811; x_wconf 89' lang='lat' dir='ltr'><strong>illa</strong></span> <span class='ocrx_word' id='word_1_330' title='bbox 836 2765 1011 2811; x_wconf 90' lang='lat' dir='ltr'><strong>autem</strong></span> <span class='ocrx_word' id='word_1_331' title='bbox 1039 2772 1157 2826; x_wconf 79' lang='lat' dir='ltr'><strong>quae</strong></span> <span class='ocrx_word' id='word_1_332' title='bbox 1181 2759 1384 2825; x_wconf 88' lang='lat' dir='ltr'><strong>reliqua</strong></span> <span class='ocrx_word' id='word_1_333' title='bbox 1413 2766 1496 2812; x_wconf 92' lang='lat' dir='ltr'><strong>est</strong></span> <span class='ocrx_word' id='word_1_334' title='bbox 1523 2759 1794 2820; x_wconf 83' lang='lat' dir='ltr'><strong>inveniunt</strong></span> <span class='ocrx_word' id='word_1_335' title='bbox 1818 2759 2016 2812; x_wconf 89' lang='lat' dir='ltr'><strong>verita-</strong></span> 
     </span>
    </p>
   </div>
   <div class='ocr_carea' id='block_1_45' title="bbox 457 2845 2018 2914">
    <p class='ocr_par' dir='ltr' id='par_1_45' title="bbox 457 2845 2018 2914">
     <span class='ocr_line' id='line_1_45' title="bbox 457 2845 2018 2914; baseline 0.001 -14"><span class='ocrx_word' id='word_1_336' title='bbox 457 2847 598 2900; x_wconf 85' lang='lat' dir='ltr'><strong>tem?</strong></span> <span class='ocrx_word' id='word_1_337' title='bbox 622 2845 874 2901; x_wconf 84' lang='lat' dir='ltr'><strong>Memoria</strong></span> <span class='ocrx_word' id='word_1_338' title='bbox 897 2847 1054 2913; x_wconf 88' lang='lat' dir='ltr'><strong>igitur</strong></span> <span class='ocrx_word' id='word_1_339' title='bbox 1080 2848 1227 2900; x_wconf 90' lang='lat' dir='ltr'><strong>canis</strong></span> <span class='ocrx_word' id='word_1_340' title='bbox 1255 2860 1380 2913; x_wconf 91' lang='lat' dir='ltr'><strong>erga</strong></span> <span class='ocrx_word' id='word_1_341' title='bbox 1405 2847 1694 2914; x_wconf 90' lang='lat' dir='ltr'><strong>depensum</strong></span> <span class='ocrx_word' id='word_1_342' title='bbox 1728 2847 1827 2901; x_wconf 91' lang='lat' dir='ltr'><strong>sibi</strong></span> <span class='ocrx_word' id='word_1_343' title='bbox 1853 2846 2018 2902; x_wconf 83' lang='lat' dir='ltr'><strong>bene-</strong></span> 
     </span>
    </p>
   </div>
   <div class='ocr_carea' id='block_1_46' title="bbox 457 2936 2016 3005">
    <p class='ocr_par' dir='ltr' id='par_1_46' title="bbox 457 2936 2016 3005">
     <span class='ocr_line' id='line_1_46' title="bbox 457 2936 2016 3005; baseline 0.001 -15"><span class='ocrx_word' id='word_1_344' title='bbox 457 2936 653 3000; x_wconf 72' lang='lat' dir='ltr'><strong>ﬁcium,</strong></span> <span class='ocrx_word' id='word_1_345' title='bbox 674 2951 833 3004; x_wconf 89' lang='lat' dir='ltr'><strong>quem</strong></span> <span class='ocrx_word' id='word_1_346' title='bbox 855 2952 960 2991; x_wconf 92' lang='lat' dir='ltr'><strong>non</strong></span> <span class='ocrx_word' id='word_1_347' title='bbox 991 2937 1251 3005; x_wconf 87' lang='lat' dir='ltr'><strong>ingratum</strong></span> <span class='ocrx_word' id='word_1_348' title='bbox 1279 2938 1548 2992; x_wconf 86' lang='lat' dir='ltr'><strong>hominem</strong></span> <span class='ocrx_word' id='word_1_349' title='bbox 1569 2953 1666 2991; x_wconf 91' lang='lat' dir='ltr'><strong>suo</strong></span> <span class='ocrx_word' id='word_1_350' title='bbox 1689 2937 2016 2992; x_wconf 88' lang='lat' dir='ltr'><strong>benefactori</strong></span> 
     </span>
    </p>
   </div>
   <div class='ocr_carea' id='block_1_47' title="bbox 457 3025 2014 3096">
    <p class='ocr_par' dir='ltr' id='par_1_47' title="bbox 457 3025 2014 3096">
     <span class='ocr_line' id='line_1_47' title="bbox 457 3025 2014 3096; baseline 0 -16"><span class='ocrx_word' id='word_1_351' title='bbox 457 3027 660 3096; x_wconf 91' lang='lat' dir='ltr'><strong>pudore</strong></span> <span class='ocrx_word' id='word_1_352' title='bbox 687 3026 980 3090; x_wconf 90' lang='lat' dir='ltr'><strong>confundit,</strong></span> <span class='ocrx_word' id='word_1_353' title='bbox 1012 3041 1133 3080; x_wconf 91' lang='lat' dir='ltr'><strong>cum</strong></span> <span class='ocrx_word' id='word_1_354' title='bbox 1179 3027 1339 3080; x_wconf 89' lang='lat' dir='ltr'><strong>etiam</strong></span> <span class='ocrx_word' id='word_1_355' title='bbox 1378 3025 1604 3080; x_wconf 88' lang='lat' dir='ltr'><strong>dominis</strong></span> <span class='ocrx_word' id='word_1_356' title='bbox 1633 3027 1922 3082; x_wconf 83' lang='lat' dir='ltr'><strong>interfectis</strong></span> <span class='ocrx_word' id='word_1_357' title='bbox 1961 3028 2014 3081; x_wconf 93' lang='lat' dir='ltr'><strong>in</strong></span> 
     </span>
    </p>
   </div>
   <div class='ocr_carea' id='block_1_48' title="bbox 454 3117 2011 3186">
    <p class='ocr_par' dir='ltr' id='par_1_48' title="bbox 454 3117 2011 3186">
     <span class='ocr_line' id='line_1_48' title="bbox 454 3117 2011 3186; baseline 0.001 -14"><span class='ocrx_word' id='word_1_358' title='bbox 454 3117 576 3173; x_wconf 91' lang='lat' dir='ltr'><strong>loco</strong></span> <span class='ocrx_word' id='word_1_359' title='bbox 618 3117 849 3182; x_wconf 90' lang='lat' dir='ltr'><strong>deserto,</strong></span> <span class='ocrx_word' id='word_1_360' title='bbox 897 3118 1044 3170; x_wconf 91' lang='lat' dir='ltr'><strong>multi</strong></span> <span class='ocrx_word' id='word_1_361' title='bbox 1086 3134 1246 3172; x_wconf 88' lang='lat' dir='ltr'><strong>canes</strong></span> <span class='ocrx_word' id='word_1_362' title='bbox 1287 3118 1659 3172; x_wconf 89' lang='lat' dir='ltr'><strong>observatione</strong></span> <span class='ocrx_word' id='word_1_363' title='bbox 1706 3119 2011 3186; x_wconf 89' lang='lat' dir='ltr'><strong>longissima</strong></span> 
     </span>
    </p>
   </div>
   <div class='ocr_carea' id='block_1_49' title="bbox 454 3206 2012 3275">
    <p class='ocr_par' dir='ltr' id='par_1_49' title="bbox 454 3206 2012 3275">
     <span class='ocr_line' id='line_1_49' title="bbox 454 3206 2012 3275; baseline -0.001 -14"><span class='ocrx_word' id='word_1_364' title='bbox 454 3206 803 3262; x_wconf 89' lang='lat' dir='ltr'><strong>defecerunt?</strong></span> <span class='ocrx_word' id='word_1_365' title='bbox 832 3206 932 3259; x_wconf 88' lang='lat' dir='ltr'><strong>Alii</strong></span> <span class='ocrx_word' id='word_1_366' title='bbox 955 3207 1245 3275; x_wconf 90' lang='lat' dir='ltr'><strong>peremptis</strong></span> <span class='ocrx_word' id='word_1_367' title='bbox 1265 3206 1495 3260; x_wconf 89' lang='lat' dir='ltr'><strong>dominis</strong></span> <span class='ocrx_word' id='word_1_368' title='bbox 1519 3206 1719 3261; x_wconf 89' lang='lat' dir='ltr'><strong>indices</strong></span> <span class='ocrx_word' id='word_1_369' title='bbox 1744 3207 2012 3262; x_wconf 89' lang='lat' dir='ltr'><strong>homicidii</strong></span> 
     </span>
    </p>
   </div>
   <div class='ocr_carea' id='block_1_50' title="bbox 454 3293 2010 3364">
    <p class='ocr_par' dir='ltr' id='par_1_50' title="bbox 454 3293 2010 3364">
     <span class='ocr_line' id='line_1_50' title="bbox 454 3293 2010 3364; baseline 0.002 -16"><span class='ocrx_word' id='word_1_370' title='bbox 454 3293 687 3360; x_wconf 83' lang='lat' dir='ltr'><strong>fuerunt,</strong></span> <span class='ocrx_word' id='word_1_371' title='bbox 709 3309 934 3362; x_wconf 90' lang='lat' dir='ltr'><strong>reosque</strong></span> <span class='ocrx_word' id='word_1_372' title='bbox 961 3302 1352 3364; x_wconf 80' lang='lat' dir='ltr'><strong>praesentavere</strong></span> <span class='ocrx_word' id='word_1_373' title='bbox 1367 3295 1598 3364; x_wconf 75' lang='lat' dir='ltr'><strong>iudiciis,</strong></span> <span class='ocrx_word' id='word_1_374' title='bbox 1622 3297 2010 3352; x_wconf 89' lang='lat' dir='ltr'><strong>accusationem</strong></span> 
     </span>
    </p>
   </div>
   <div class='ocr_carea' id='block_1_51' title="bbox 455 3381 2013 3452">
    <p class='ocr_par' dir='ltr' id='par_1_51' title="bbox 455 3381 2013 3452">
     <span class='ocr_line' id='line_1_51' title="bbox 455 3381 2013 3452; baseline 0.002 -17"><span class='ocrx_word' id='word_1_375' title='bbox 455 3383 650 3436; x_wconf 87' lang='lat' dir='ltr'><strong>latratu</strong></span> <span class='ocrx_word' id='word_1_376' title='bbox 677 3392 1007 3452; x_wconf 84' lang='lat' dir='ltr'><strong>peragenles.</strong></span> <span class='ocrx_word' id='word_1_377' title='bbox 1041 3381 1176 3448; x_wconf 89' lang='lat' dir='ltr'><strong>Quid</strong></span> <span class='ocrx_word' id='word_1_378' title='bbox 1199 3383 1359 3450; x_wconf 89' lang='lat' dir='ltr'><strong>igitur</strong></span> <span class='ocrx_word' id='word_1_379' title='bbox 1382 3385 1571 3438; x_wconf 91' lang='lat' dir='ltr'><strong>dicturi</strong></span> <span class='ocrx_word' id='word_1_380' title='bbox 1595 3393 1719 3438; x_wconf 90' lang='lat' dir='ltr'><strong>sunt</strong></span> <span class='ocrx_word' id='word_1_381' title='bbox 1743 3385 1834 3452; x_wconf 90' lang='lat' dir='ltr'><strong>qui</strong></span> <span class='ocrx_word' id='word_1_382' title='bbox 1862 3400 2013 3440; x_wconf 90' lang='lat' dir='ltr'><strong>crea-</strong></span> 
     </span>
    </p>
   </div>
   <div class='ocr_carea' id='block_1_52' title="bbox 453 3471 2011 3540">
    <p class='ocr_par' dir='ltr' id='par_1_52' title="bbox 453 3471 2011 3540">
     <span class='ocr_line' id='line_1_52' title="bbox 453 3471 2011 3540; baseline 0.001 -17"><span class='ocrx_word' id='word_1_383' title='bbox 453 3478 623 3526; x_wconf 82' lang='lat' dir='ltr'><strong>torem</strong></span> <span class='ocrx_word' id='word_1_384' title='bbox 650 3480 1021 3540; x_wconf 87' lang='lat' dir='ltr'><strong>pastoremque</strong></span> <span class='ocrx_word' id='word_1_385' title='bbox 1047 3486 1200 3524; x_wconf 92' lang='lat' dir='ltr'><strong>suum</strong></span> <span class='ocrx_word' id='word_1_386' title='bbox 1230 3471 1396 3526; x_wconf 91' lang='lat' dir='ltr'><strong>Deum</strong></span> <span class='ocrx_word' id='word_1_387' title='bbox 1425 3487 1530 3526; x_wconf 92' lang='lat' dir='ltr'><strong>non</strong></span> <span class='ocrx_word' id='word_1_388' title='bbox 1561 3472 1720 3526; x_wconf 90' lang='lat' dir='ltr'><strong>modo</strong></span> <span class='ocrx_word' id='word_1_389' title='bbox 1749 3489 1856 3527; x_wconf 93' lang='lat' dir='ltr'><strong>non</strong></span> <span class='ocrx_word' id='word_1_390' title='bbox 1886 3474 2011 3526; x_wconf 88' lang='lat' dir='ltr'><strong>dili-</strong></span> 
     </span>
    </p>
   </div>
   <div class='ocr_carea' id='block_1_53' title="bbox 453 3559 2012 3630">
    <p class='ocr_par' dir='ltr' id='par_1_53' title="bbox 453 3559 2012 3630">
     <span class='ocr_line' id='line_1_53' title="bbox 453 3559 2012 3630; baseline 0.006 -18"><span class='ocrx_word' id='word_1_391' title='bbox 453 3567 606 3630; x_wconf 81' lang='lat' dir='ltr'><strong>gunt,</strong></span> <span class='ocrx_word' id='word_1_392' title='bbox 635 3561 726 3614; x_wconf 91' lang='lat' dir='ltr'><strong>sed</strong></span> <span class='ocrx_word' id='word_1_393' title='bbox 753 3560 915 3613; x_wconf 86' lang='lat' dir='ltr'><strong>etiam</strong></span> <span class='ocrx_word' id='word_1_394' title='bbox 942 3559 1230 3614; x_wconf 86' lang='lat' dir='ltr'><strong>maledicos</strong></span> <span class='ocrx_word' id='word_1_395' title='bbox 1257 3561 1372 3628; x_wconf 87' lang='lat' dir='ltr'><strong>ejus</strong></span> <span class='ocrx_word' id='word_1_396' title='bbox 1400 3561 1596 3614; x_wconf 83' lang='lat' dir='ltr'><strong>habent</strong></span> <span class='ocrx_word' id='word_1_397' title='bbox 1624 3563 1843 3628; x_wconf 90' lang='lat' dir='ltr'><strong>amicos,</strong></span> <span class='ocrx_word' id='word_1_398' title='bbox 1874 3573 1928 3618; x_wconf 89' lang='lat' dir='ltr'><strong>et</strong></span> <span class='ocrx_word' id='word_1_399' title='bbox 1956 3567 2012 3622; x_wconf 89' lang='lat' dir='ltr'><strong>in</strong></span> 
     </span>
    </p>
   </div>
   <div class='ocr_carea' id='block_1_54' title="bbox 451 3649 2011 3726">
    <p class='ocr_par' dir='ltr' id='par_1_54' title="bbox 451 3649 2011 3726">
     <span class='ocr_line' id='line_1_54' title="bbox 451 3649 2011 3726; baseline 0.006 -22"><span class='ocrx_word' id='word_1_400' title='bbox 451 3649 641 3704; x_wconf 87' lang='lat' dir='ltr'><strong>eadem</strong></span> <span class='ocrx_word' id='word_1_401' title='bbox 665 3666 786 3704; x_wconf 90' lang='lat' dir='ltr'><strong>cum</strong></span> <span class='ocrx_word' id='word_1_402' title='bbox 811 3650 912 3704; x_wconf 92' lang='lat' dir='ltr'><strong>illis</strong></span> <span class='ocrx_word' id='word_1_403' title='bbox 935 3650 1090 3703; x_wconf 90' lang='lat' dir='ltr'><strong>simul</strong></span> <span class='ocrx_word' id='word_1_404' title='bbox 1111 3651 1354 3705; x_wconf 88' lang='lat' dir='ltr'><strong>cibantur</strong></span> <span class='ocrx_word' id='word_1_405' title='bbox 1372 3667 1572 3717; x_wconf 89' lang='lat' dir='ltr'><strong>mensa,</strong></span> <span class='ocrx_word' id='word_1_406' title='bbox 1603 3653 2011 3726; x_wconf 85' lang='lat' dir='ltr'><strong>largitoremque</strong></span> 
     </span>
    </p>
   </div>
   <div class='ocr_carea' id='block_1_55' title="bbox 451 3740 2011 3810">
    <p class='ocr_par' dir='ltr' id='par_1_55' title="bbox 451 3740 2011 3810">
     <span class='ocr_line' id='line_1_55' title="bbox 451 3740 2011 3810; baseline 0.007 -16"><span class='ocrx_word' id='word_1_407' title='bbox 451 3741 727 3808; x_wconf 86' lang='lat' dir='ltr'><strong>epularum</strong></span> <span class='ocrx_word' id='word_1_408' title='bbox 748 3741 1021 3809; x_wconf 89' lang='lat' dir='ltr'><strong>sacrilegis</strong></span> <span class='ocrx_word' id='word_1_409' title='bbox 1039 3740 1466 3810; x_wconf 89' lang='lat' dir='ltr'><strong>blasphemorum</strong></span> <span class='ocrx_word' id='word_1_410' title='bbox 1486 3746 1817 3800; x_wconf 87' lang='lat' dir='ltr'><strong>sermonibus</strong></span> <span class='ocrx_word' id='word_1_411' title='bbox 1833 3757 1856 3784; x_wconf 75' lang='grc'><strong><em>⁸</em></strong></span> <span class='ocrx_word' id='word_1_412' title='bbox 1878 3749 2011 3804; x_wconf 89' lang='lat' dir='ltr'><strong>lace-</strong></span> 
     </span>
    </p>
   </div>
   <div class='ocr_carea' id='block_1_56' title="bbox 449 3832 892 3900">
    <p class='ocr_par' dir='ltr' id='par_1_56' title="bbox 449 3832 892 3900">
     <span class='ocr_line' id='line_1_56' title="bbox 449 3832 892 3900; baseline 0.002 -15"><span class='ocrx_word' id='word_1_413' title='bbox 449 3832 560 3885; x_wconf 85' lang='lat' dir='ltr'><strong>rari</strong></span> <span class='ocrx_word' id='word_1_414' title='bbox 586 3832 892 3900; x_wconf 87' lang='lat' dir='ltr'><strong>patiuntur?</strong></span> 
     </span>
    </p>
   </div>
   <div class='ocr_carea' id='block_1_57' title="bbox 520 3919 2006 3993">
    <p class='ocr_par' dir='ltr' id='par_1_57' title="bbox 520 3919 2006 3993">
     <span class='ocr_line' id='line_1_57' title="bbox 520 3919 2006 3993; baseline 0.007 -20"><span class='ocrx_word' id='word_1_415' title='bbox 520 3919 576 3974; x_wconf 80' lang='lat'><strong>5.</strong></span> <span class='ocrx_word' id='word_1_416' title='bbox 606 3920 712 3974; x_wconf 87' lang='lat' dir='ltr'><strong>Sed</strong></span> <span class='ocrx_word' id='word_1_417' title='bbox 739 3937 878 3975; x_wconf 90' lang='lat' dir='ltr'><strong>nunc</strong></span> <span class='ocrx_word' id='word_1_418' title='bbox 906 3922 970 3976; x_wconf 90' lang='lat' dir='ltr'><strong>ad</strong></span> <span class='ocrx_word' id='word_1_419' title='bbox 993 3930 1251 3978; x_wconf 66' lang='lat' dir='ltr'><strong>creaturae</strong></span> <span class='ocrx_word' id='word_1_420' title='bbox 1278 3925 1780 3993; x_wconf 89' lang='lat' dir='ltr'><strong>contemplationem</strong></span> <span class='ocrx_word' id='word_1_421' title='bbox 1813 3928 2006 3984; x_wconf 88' lang='lat' dir='ltr'><strong>redea-</strong></span> 
     </span>
    </p>
   </div>
   <div class='ocr_carea' id='block_1_58' title="bbox 451 4008 2008 4074">
    <p class='ocr_par' dir='ltr' id='par_1_58' title="bbox 451 4008 2008 4074">
     <span class='ocr_line' id='line_1_58' title="bbox 451 4008 2008 4074; baseline 0.009 -14"><span class='ocrx_word' id='word_1_422' title='bbox 451 4023 588 4063; x_wconf 90' lang='lat' dir='ltr'><strong>mus.</strong></span> <span class='ocrx_word' id='word_1_423' title='bbox 628 4008 754 4063; x_wconf 85' lang='lat' dir='ltr'><strong>Ideo</strong></span> <span class='ocrx_word' id='word_1_424' title='bbox 799 4011 999 4064; x_wconf 90' lang='lat' dir='ltr'><strong>scilicet</strong></span> <span class='ocrx_word' id='word_1_425' title='bbox 1040 4013 1410 4068; x_wconf 90' lang='lat' dir='ltr'><strong>imbecilliores</strong></span> <span class='ocrx_word' id='word_1_426' title='bbox 1453 4013 1632 4068; x_wconf 78' lang='lat' dir='ltr'><strong>bestim</strong></span> <span class='ocrx_word' id='word_1_427' title='bbox 1676 4015 2008 4074; x_wconf 88' lang='lat' dir='ltr'><strong>fecundiores</strong></span> 
     </span>
    </p>
   </div>
   <div class='ocr_carea' id='block_1_59' title="bbox 449 4097 2008 4170">
    <p class='ocr_par' dir='ltr' id='par_1_59' title="bbox 449 4097 2008 4170">
     <span class='ocr_line' id='line_1_59' title="bbox 449 4097 2008 4170; baseline 0.009 -21"><span class='ocrx_word' id='word_1_428' title='bbox 449 4104 592 4162; x_wconf 90' lang='lat' dir='ltr'><strong>sunt,</strong></span> <span class='ocrx_word' id='word_1_429' title='bbox 623 4097 674 4150; x_wconf 94' lang='lat' dir='ltr'><strong>id</strong></span> <span class='ocrx_word' id='word_1_430' title='bbox 701 4105 784 4151; x_wconf 89' lang='lat' dir='ltr'><strong>est</strong></span> <span class='ocrx_word' id='word_1_431' title='bbox 811 4099 1020 4167; x_wconf 88' lang='lat' dir='ltr'><strong>lepores</strong></span> <span class='ocrx_word' id='word_1_432' title='bbox 1041 4108 1096 4153; x_wconf 89' lang='lat' dir='ltr'><strong>et</strong></span> <span class='ocrx_word' id='word_1_433' title='bbox 1122 4100 1308 4165; x_wconf 62' lang='lat' dir='ltr'><strong>damas,</strong></span> <span class='ocrx_word' id='word_1_434' title='bbox 1340 4117 1571 4170; x_wconf 89' lang='lat' dir='ltr'><strong>ovesque</strong></span> <span class='ocrx_word' id='word_1_435' title='bbox 1598 4105 1866 4163; x_wconf 84' lang='lat' dir='ltr'><strong>silvestres</strong></span> <span class='ocrx_word' id='word_1_436' title='bbox 1897 4126 1910 4161; x_wconf 90' lang='lat'><strong>:</strong></span> <span class='ocrx_word' id='word_1_437' title='bbox 1948 4120 2008 4163; x_wconf 89' lang='lat' dir='ltr'><strong>ut</strong></span> 
     </span>
    </p>
   </div>
   <div class='ocr_carea' id='block_1_60' title="bbox 450 4185 2006 4256">
    <p class='ocr_par' dir='ltr' id='par_1_60' title="bbox 450 4185 2006 4256">
     <span class='ocr_line' id='line_1_60' title="bbox 450 4185 2006 4256; baseline 0.009 -18"><span class='ocrx_word' id='word_1_438' title='bbox 450 4199 560 4238; x_wconf 89' lang='lat' dir='ltr'><strong>non</strong></span> <span class='ocrx_word' id='word_1_439' title='bbox 589 4185 743 4239; x_wconf 88' lang='lat' dir='ltr'><strong>facile</strong></span> <span class='ocrx_word' id='word_1_440' title='bbox 772 4186 1042 4241; x_wconf 86' lang='lat' dir='ltr'><strong>deleretur</strong></span> <span class='ocrx_word' id='word_1_441' title='bbox 1067 4202 1234 4256; x_wconf 90' lang='lat' dir='ltr'><strong>genus</strong></span> <span class='ocrx_word' id='word_1_442' title='bbox 1261 4204 1462 4255; x_wconf 87' lang='lat' dir='ltr'><strong>earum,</strong></span> <span class='ocrx_word' id='word_1_443' title='bbox 1496 4206 1525 4244; x_wconf 91' lang='lat' dir='ltr'><strong>a</strong></span> <span class='ocrx_word' id='word_1_444' title='bbox 1553 4191 1886 4250; x_wconf 88' lang='lat' dir='ltr'><strong>carnificibus</strong></span> <span class='ocrx_word' id='word_1_445' title='bbox 1909 4212 2006 4251; x_wconf 87' lang='lat' dir='ltr'><strong>ex-</strong></span> 
     </span>
    </p>
   </div>
   <div class='ocr_carea' id='block_1_61' title="bbox 447 4272 2005 4345">
    <p class='ocr_par' dir='ltr' id='par_1_61' title="bbox 447 4272 2005 4345">
     <span class='ocr_line' id='line_1_61' title="bbox 447 4272 2005 4345; baseline 0.009 -19"><span class='ocrx_word' id='word_1_446' title='bbox 447 4288 670 4344; x_wconf 90' lang='lat' dir='ltr'><strong>pensum</strong></span> <span class='ocrx_word' id='word_1_447' title='bbox 699 4272 842 4328; x_wconf 89' lang='lat' dir='ltr'><strong>feris.</strong></span> <span class='ocrx_word' id='word_1_448' title='bbox 873 4273 964 4327; x_wconf 66' lang='lat' dir='ltr'><strong>Ha:</strong></span> <span class='ocrx_word' id='word_1_449' title='bbox 991 4285 1168 4329; x_wconf 90' lang='lat' dir='ltr'><strong>autem</strong></span> <span class='ocrx_word' id='word_1_450' title='bbox 1197 4292 1313 4345; x_wconf 64' lang='lat' dir='ltr'><strong>quae</strong></span> <span class='ocrx_word' id='word_1_451' title='bbox 1341 4278 1698 4335; x_wconf 84' lang='lat' dir='ltr'><strong>devoratrices</strong></span> <span class='ocrx_word' id='word_1_452' title='bbox 1725 4293 1848 4338; x_wconf 90' lang='lat' dir='ltr'><strong>sunt</strong></span> <span class='ocrx_word' id='word_1_453' title='bbox 1875 4287 2005 4340; x_wconf 88' lang='lat' dir='ltr'><strong>alia-</strong></span> 
     </span>
    </p>
   </div>
   <div class='ocr_carea' id='block_1_62' title="bbox 444 4362 2002 4430">
    <p class='ocr_par' dir='ltr' id='par_1_62' title="bbox 444 4362 2002 4430">
     <span class='ocr_line' id='line_1_62' title="bbox 444 4362 2002 4430; baseline 0.008 -13"><span class='ocrx_word' id='word_1_454' title='bbox 444 4378 582 4428; x_wconf 85' lang='lat' dir='ltr'><strong>rum,</strong></span> <span class='ocrx_word' id='word_1_455' title='bbox 613 4362 902 4418; x_wconf 88' lang='lat' dir='ltr'><strong>steriliores</strong></span> <span class='ocrx_word' id='word_1_456' title='bbox 945 4365 1226 4419; x_wconf 91' lang='lat' dir='ltr'><strong>habentur.</strong></span> <span class='ocrx_word' id='word_1_457' title='bbox 1281 4364 1411 4418; x_wconf 89' lang='lat' dir='ltr'><strong>Nam</strong></span> <span class='ocrx_word' id='word_1_458' title='bbox 1457 4367 1684 4424; x_wconf 83' lang='lat' dir='ltr'><strong>denique</strong></span> <span class='ocrx_word' id='word_1_459' title='bbox 1727 4372 1868 4427; x_wconf 91' lang='lat' dir='ltr'><strong>leoni</strong></span> <span class='ocrx_word' id='word_1_460' title='bbox 1915 4377 2002 4430; x_wconf 82' lang='lat' dir='ltr'><strong>vix</strong></span> 
     </span>
    </p>
   </div>
   <div class='ocr_carea' id='block_1_63' title="bbox 517 4599 3193 4680">
    <p class='ocr_par' dir='ltr' id='par_1_63' title="bbox 517 4599 3193 4680">
     <span class='ocr_line' id='line_1_63' title="bbox 517 4599 3193 4680; baseline 0.004 -25"><span class='ocrx_word' id='word_1_461' title='bbox 517 4612 542 4640; x_wconf 73' lang='grc' dir='ltr'>ι</span> <span class='ocrx_word' id='word_1_462' title='bbox 571 4603 786 4680; x_wconf 59' lang='lat' dir='ltr'><strong>Antiqui</strong></span> <span class='ocrx_word' id='word_1_463' title='bbox 810 4601 928 4680; x_wconf 87' lang='lat' dir='ltr'><strong>duo_</strong></span> <span class='ocrx_word' id='word_1_464' title='bbox 945 4600 1063 4654; x_wconf 91' lang='lat' dir='ltr'><strong>libri</strong></span> <span class='ocrx_word' id='word_1_465' title='bbox 1089 4607 1144 4653; x_wconf 92' lang='lat' dir='ltr'><strong>et</strong></span> <span class='ocrx_word' id='word_1_466' title='bbox 1164 4599 1311 4680; x_wconf 82' lang='lat' dir='ltr'><strong>editi,</strong></span> <span class='ocrx_word' id='word_1_467' title='bbox 1334 4599 1395 4680; x_wconf 55' lang='lat' dir='ltr'><strong>at;</strong></span> <span class='ocrx_word' id='word_1_468' title='bbox 1417 4603 1636 4680; x_wconf 61' lang='lat' dir='ltr'><strong>nomine,</strong></span> <span class='ocrx_word' id='word_1_469' title='bbox 1665 4603 1766 4659; x_wconf 92' lang='lat' dir='ltr'><strong>hoc</strong></span> <span class='ocrx_word' id='word_1_470' title='bbox 1790 4615 1871 4680; x_wconf 81' lang='lat' dir='ltr'><strong>est</strong></span> <span class='ocrx_word' id='word_1_471' title='bbox 1891 4625 1998 4677; x_wconf 70' lang='lat' dir='ltr'><strong>prae</strong></span> <span class='ocrx_word' id='word_1_472' title='bbox 2025 4616 2075 4674; x_wconf 85' lang='lat' dir='ltr'><strong>D</strong></span> <span class='ocrx_word' id='word_1_473' title='bbox 2101 4611 2245 4665; x_wconf 81' lang='lat' dir='ltr'><strong>(iani.</strong></span> <span class='ocrx_word' id='word_1_474' title='bbox 2277 4609 2560 4680; x_wconf 84' lang='lat' dir='ltr'><strong>Aliquanto</strong></span> <span class='ocrx_word' id='word_1_475' title='bbox 2595 4617 2715 4680; x_wconf 85' lang='lat' dir='ltr'><strong>post</strong></span> <span class='ocrx_word' id='word_1_476' title='bbox 2738 4609 2889 4665; x_wconf 90' lang='lat' dir='ltr'><strong>Colb.</strong></span> <span class='ocrx_word' id='word_1_477' title='bbox 2916 4613 3193 4672; x_wconf 84' lang='lat' dir='ltr'><strong>secundus,</strong></span> 
     </span>
    </p>
   </div>
   <div class='ocr_carea' id='block_1_64' title="bbox 445 4670 1998 4739">
    <p class='ocr_par' dir='ltr' id='par_1_64' title="bbox 445 4670 1998 4739">
     <span class='ocr_line' id='line_1_64' title="bbox 445 4670 1998 4739; baseline 0.002 -13"><span class='ocrx_word' id='word_1_478' title='bbox 445 4673 672 4735; x_wconf 81' lang='lat' dir='ltr'><strong>homine,</strong></span> <span class='ocrx_word' id='word_1_479' title='bbox 707 4671 782 4723; x_wconf 89' lang='lat' dir='ltr'><strong>uti</strong></span> <span class='ocrx_word' id='word_1_480' title='bbox 811 4671 967 4739; x_wconf 90' lang='lat' dir='ltr'><strong>paulo</strong></span> <span class='ocrx_word' id='word_1_481' title='bbox 996 4680 1118 4722; x_wconf 86' lang='lat' dir='ltr'><strong>ante</strong></span> <span class='ocrx_word' id='word_1_482' title='bbox 1147 4670 1412 4739; x_wconf 86' lang='lat' dir='ltr'><strong>admonui.</strong></span> <span class='ocrx_word' id='word_1_483' title='bbox 1439 4670 1588 4723; x_wconf 93' lang='lat' dir='ltr'><strong>Colb.</strong></span> <span class='ocrx_word' id='word_1_484' title='bbox 1621 4670 1900 4739; x_wconf 67' lang='lat' dir='ltr'><strong>secundus,</strong></span> <span class='ocrx_word' id='word_1_485' title='bbox 1930 4680 1998 4730; x_wconf 86' lang='lat' dir='ltr'><strong>ad</strong></span> 
     </span>
    </p>
   </div>
   <div class='ocr_carea' id='block_1_65' title="bbox 445 4738 1996 4810">
    <p class='ocr_par' dir='ltr' id='par_1_65' title="bbox 445 4738 1996 4810">
     <span class='ocr_line' id='line_1_65' title="bbox 445 4738 1996 4810; baseline 0.003 -16"><span class='ocrx_word' id='word_1_486' title='bbox 445 4742 719 4810; x_wconf 66' lang='lat' dir='ltr'><strong>hominem.</strong></span> <span class='ocrx_word' id='word_1_487' title='bbox 741 4738 846 4792; x_wconf 90' lang='lat' dir='ltr'><strong>Sed</strong></span> <span class='ocrx_word' id='word_1_488' title='bbox 867 4739 1094 4810; x_wconf 80' lang='lat' dir='ltr'><strong>arbitror</strong></span> <span class='ocrx_word' id='word_1_489' title='bbox 1116 4739 1184 4810; x_wconf 84' lang='lat' dir='ltr'><strong>ita</strong></span> <span class='ocrx_word' id='word_1_490' title='bbox 1209 4738 1550 4810; x_wconf 84' lang='lat' dir='ltr'><strong>emendatum</strong></span> <span class='ocrx_word' id='word_1_491' title='bbox 1571 4756 1688 4810; x_wconf 81' lang='lat' dir='ltr'><strong>esse</strong></span> <span class='ocrx_word' id='word_1_492' title='bbox 1708 4758 1736 4794; x_wconf 89' lang='lat' dir='ltr'><strong>a</strong></span> <span class='ocrx_word' id='word_1_493' title='bbox 1761 4738 1996 4810; x_wconf 80' lang='lat' dir='ltr'><strong>librario,</strong></span> 
     </span>
    </p>
   </div>
   <div class='ocr_carea' id='block_1_66' title="bbox 443 4808 1996 4875">
    <p class='ocr_par' dir='ltr' id='par_1_66' title="bbox 443 4808 1996 4875">
     <span class='ocr_line' id='line_1_66' title="bbox 443 4808 1996 4875; baseline 0.004 -13"><span class='ocrx_word' id='word_1_494' title='bbox 443 4819 536 4862; x_wconf 88' lang='lat' dir='ltr'><strong>aut</strong></span> <span class='ocrx_word' id='word_1_495' title='bbox 564 4812 629 4863; x_wconf 92' lang='lat' dir='ltr'><strong>ab</strong></span> <span class='ocrx_word' id='word_1_496' title='bbox 658 4809 761 4862; x_wconf 91' lang='lat' dir='ltr'><strong>alio</strong></span> <span class='ocrx_word' id='word_1_497' title='bbox 803 4808 1008 4875; x_wconf 87' lang='lat' dir='ltr'><strong>quovis,</strong></span> <span class='ocrx_word' id='word_1_498' title='bbox 1056 4809 1146 4874; x_wconf 92' lang='lat' dir='ltr'><strong>qui</strong></span> <span class='ocrx_word' id='word_1_499' title='bbox 1189 4809 1294 4859; x_wconf 89' lang='lat' dir='ltr'><strong>vim</strong></span> <span class='ocrx_word' id='word_1_500' title='bbox 1340 4808 1541 4861; x_wconf 76' lang='lat' dir='ltr'><strong>vocula:</strong></span> <span class='ocrx_word' id='word_1_501' title='bbox 1586 4809 1648 4862; x_wconf 89' lang='lat' dir='ltr'><strong>ab</strong></span> <span class='ocrx_word' id='word_1_502' title='bbox 1689 4827 1796 4864; x_wconf 88' lang='lat' dir='ltr'><strong>non</strong></span> <span class='ocrx_word' id='word_1_503' title='bbox 1839 4808 1996 4868; x_wconf 58' lang='lat' dir='ltr'><strong>intel;</strong></span> 
     </span>
    </p>
   </div>
   <div class='ocr_carea' id='block_1_67' title="bbox 441 4879 652 4946">
    <p class='ocr_par' dir='ltr' id='par_1_67' title="bbox 441 4879 652 4946">
     <span class='ocr_line' id='line_1_67' title="bbox 441 4879 652 4946; baseline 0 -13"><span class='ocrx_word' id='word_1_504' title='bbox 441 4879 652 4946; x_wconf 82' lang='lat' dir='ltr'><strong>ligeret.</strong></span> 
     </span>
    </p>
   </div>
   <div class='ocr_carea' id='block_1_68' title="bbox 512 4944 1293 5015">
    <p class='ocr_par' dir='ltr' id='par_1_68' title="bbox 512 4944 1293 5015">
     <span class='ocr_line' id='line_1_68' title="bbox 512 4944 1293 5015; baseline -0.003 -16"><span class='ocrx_word' id='word_1_505' title='bbox 512 4948 538 4985; x_wconf 70' lang='grc' dir='ltr'>δ</span> <span class='ocrx_word' id='word_1_506' title='bbox 569 4945 753 5015; x_wconf 85' lang='lat' dir='ltr'><strong>Codex</strong></span> <span class='ocrx_word' id='word_1_507' title='bbox 781 4961 933 5010; x_wconf 91' lang='lat' dir='ltr'><strong>unus,</strong></span> <span class='ocrx_word' id='word_1_508' title='bbox 962 4944 1045 5015; x_wconf 86' lang='lat' dir='ltr'><strong>qui.</strong></span> <span class='ocrx_word' id='word_1_509' title='bbox 1067 4945 1293 5013; x_wconf 80' lang='lat' dir='ltr'><strong>vestigia.</strong></span> 
     </span>
    </p>
   </div>
   <div class='ocr_carea' id='block_1_69' title="bbox 514 5014 1994 5085">
    <p class='ocr_par' dir='ltr' id='par_1_69' title="bbox 514 5014 1994 5085">
     <span class='ocr_line' id='line_1_69' title="bbox 514 5014 1994 5085; baseline 0.007 -19"><span class='ocrx_word' id='word_1_510' title='bbox 514 5027 535 5054; x_wconf 77' lang='grc' dir='ltr'><strong>ο</strong></span> <span class='ocrx_word' id='word_1_511' title='bbox 567 5014 920 5085; x_wconf 44' lang='grc' dir='ltr'><strong>Είιίιίκυρεεηι</strong></span> <span class='ocrx_word' id='word_1_512' title='bbox 949 5014 1144 5065; x_wconf 84' lang='lat' dir='ltr'><strong>tantum</strong></span> <span class='ocrx_word' id='word_1_513' title='bbox 1180 5014 1487 5067; x_wconf 81' lang='lat' dir='ltr'><strong>articulatim</strong></span> <span class='ocrx_word' id='word_1_514' title='bbox 1515 5032 1615 5069; x_wconf 88' lang='lat' dir='ltr'><strong>non</strong></span> <span class='ocrx_word' id='word_1_515' title='bbox 1641 5020 1892 5076; x_wconf 75' lang='lat' dir='ltr'><strong>amittens.</strong></span> <span class='ocrx_word' id='word_1_516' title='bbox 1924 5022 1994 5077; x_wconf 86' lang='lat' dir='ltr'><strong>At</strong></span> 
     </span>
    </p>
   </div>
   <div class='ocr_carea' id='block_1_70' title="bbox 440 5082 1993 5147">
    <p class='ocr_par' dir='ltr' id='par_1_70' title="bbox 440 5082 1993 5147">
     <span class='ocr_line' id='line_1_70' title="bbox 440 5082 1993 5147; baseline 0.003 -8"><span class='ocrx_word' id='word_1_517' title='bbox 440 5083 592 5140; x_wconf 88' lang='lat' dir='ltr'><strong>Colb.</strong></span> <span class='ocrx_word' id='word_1_518' title='bbox 619 5082 898 5147; x_wconf 90' lang='lat' dir='ltr'><strong>secundus,</strong></span> <span class='ocrx_word' id='word_1_519' title='bbox 930 5098 1095 5135; x_wconf 75' lang='lat' dir='ltr'><strong>vocem</strong></span> <span class='ocrx_word' id='word_1_520' title='bbox 1117 5092 1350 5136; x_wconf 82' lang='lat' dir='ltr'><strong>cantuum</strong></span> <span class='ocrx_word' id='word_1_521' title='bbox 1380 5086 1700 5139; x_wconf 81' lang='lat' dir='ltr'><strong>articulatam</strong></span> <span class='ocrx_word' id='word_1_522' title='bbox 1723 5105 1823 5141; x_wconf 85' lang='lat' dir='ltr'><strong>non</strong></span> <span class='ocrx_word' id='word_1_523' title='bbox 1847 5093 1993 5144; x_wconf 84' lang='lat' dir='ltr'><strong>emit-</strong></span> 
     </span>
    </p>
   </div>
   <div class='ocr_carea' id='block_1_71' title="bbox 378 5151 1996 5226">
    <p class='ocr_par' dir='ltr' id='par_1_71' title="bbox 378 5151 1996 5226">
     <span class='ocr_line' id='line_1_71' title="bbox 378 5151 1996 5226; baseline 0.003 -18"><span class='ocrx_word' id='word_1_524' title='bbox 378 5153 394 5163; x_wconf 86' lang='grc'><em>’</em></span> <span class='ocrx_word' id='word_1_525' title='bbox 444 5151 1225 5226; x_wconf 40' lang='lat' dir='ltr'><strong>tens.admoneboprzetcriens,</strong></span> <span class='ocrx_word' id='word_1_526' title='bbox 1241 5153 1401 5226; x_wconf 77' lang='lat' dir='ltr'><strong>videri</strong></span> <span class='ocrx_word' id='word_1_527' title='bbox 1420 5155 1681 5207; x_wconf 85' lang='lat' dir='ltr'><strong>librarium</strong></span> <span class='ocrx_word' id='word_1_528' title='bbox 1699 5166 1752 5209; x_wconf 92' lang='lat' dir='ltr'><strong>et</strong></span> <span class='ocrx_word' id='word_1_529' title='bbox 1767 5159 1850 5211; x_wconf 91' lang='lat' dir='ltr'><strong>hic</strong></span> <span class='ocrx_word' id='word_1_530' title='bbox 1867 5175 1996 5226; x_wconf 87' lang='lat' dir='ltr'><strong>quo-</strong></span> 
     </span>
    </p>
   </div>
   <div class='ocr_carea' id='block_1_72' title="bbox 441 5221 1996 5295">
    <p class='ocr_par' dir='ltr' id='par_1_72' title="bbox 441 5221 1996 5295">
     <span class='ocr_line' id='line_1_72' title="bbox 441 5221 1996 5295; baseline 0.003 -18"><span class='ocrx_word' id='word_1_531' title='bbox 441 5223 712 5295; x_wconf 82' lang='lat' dir='ltr'><strong>que_aliter</strong></span> <span class='ocrx_word' id='word_1_532' title='bbox 721 5229 877 5287; x_wconf 90' lang='lat' dir='ltr'><strong>atque</strong></span> <span class='ocrx_word' id='word_1_533' title='bbox 889 5222 939 5272; x_wconf 91' lang='lat' dir='ltr'><strong>in</strong></span> <span class='ocrx_word' id='word_1_534' title='bbox 963 5221 1067 5295; x_wconf 78' lang='lat' dir='ltr'><strong>suis</strong></span> <span class='ocrx_word' id='word_1_535' title='bbox 1079 5222 1464 5295; x_wconf 67' lang='lat' dir='ltr'><strong>exemplaribus</strong></span> <span class='ocrx_word' id='word_1_536' title='bbox 1479 5234 1745 5290; x_wconf 88' lang='lat' dir='ltr'><strong>repererat</strong></span> <span class='ocrx_word' id='word_1_537' title='bbox 1761 5221 1996 5295; x_wconf 83' lang='lat' dir='ltr'><strong>scripsis-</strong></span> 
     </span>
    </p>
   </div>
   <div class='ocr_carea' id='block_1_73' title="bbox 441 5290 1989 5358">
    <p class='ocr_par' dir='ltr' id='par_1_73' title="bbox 441 5290 1989 5358">
     <span class='ocr_line' id='line_1_73' title="bbox 441 5290 1989 5358; baseline 0.002 -12"><span class='ocrx_word' id='word_1_538' title='bbox 441 5290 520 5347; x_wconf 66' lang='lat' dir='ltr'><strong>se.</strong></span> <span class='ocrx_word' id='word_1_539' title='bbox 543 5290 705 5344; x_wconf 86' lang='lat' dir='ltr'><strong>Vetus</strong></span> <span class='ocrx_word' id='word_1_540' title='bbox 734 5300 914 5343; x_wconf 85' lang='lat' dir='ltr'><strong>noster</strong></span> <span class='ocrx_word' id='word_1_541' title='bbox 933 5290 1097 5343; x_wconf 81' lang='lat' dir='ltr'><strong>codex</strong></span> <span class='ocrx_word' id='word_1_542' title='bbox 1119 5298 1172 5342; x_wconf 91' lang='lat' dir='ltr'><strong>et</strong></span> <span class='ocrx_word' id='word_1_543' title='bbox 1191 5290 1340 5358; x_wconf 77' lang='lat' dir='ltr'><strong>Colb.</strong></span> <span class='ocrx_word' id='word_1_544' title='bbox 1365 5293 1582 5358; x_wconf 81' lang='lat' dir='ltr'><strong>primus,</strong></span> <span class='ocrx_word' id='word_1_545' title='bbox 1606 5311 1772 5346; x_wconf 79' lang='lat' dir='ltr'><strong>vocem</strong></span> <span class='ocrx_word' id='word_1_546' title='bbox 1796 5290 1989 5349; x_wconf 72' lang='lat' dir='ltr'><strong>tantum</strong></span> 
     </span>
    </p>
   </div>
   <div class='ocr_carea' id='block_1_74' title="bbox 441 5357 1989 5430">
    <p class='ocr_par' dir='ltr' id='par_1_74' title="bbox 441 5357 1989 5430">
     <span class='ocr_line' id='line_1_74' title="bbox 441 5357 1989 5430; baseline 0.004 -18"><span class='ocrx_word' id='word_1_547' title='bbox 441 5361 764 5430; x_wconf 62' lang='lat' dir='ltr'><strong>articulatam</strong></span> <span class='ocrx_word' id='word_1_548' title='bbox 796 5375 895 5411; x_wconf 86' lang='lat' dir='ltr'><strong>non</strong></span> <span class='ocrx_word' id='word_1_549' title='bbox 924 5360 1174 5411; x_wconf 81' lang='lat' dir='ltr'><strong>emittens.</strong></span> <span class='ocrx_word' id='word_1_550' title='bbox 1205 5357 1454 5426; x_wconf 78' lang='lat' dir='ltr'><strong>SuspiCOI&#39;</strong></span> <span class='ocrx_word' id='word_1_551' title='bbox 1479 5363 1747 5426; x_wconf 81' lang='lat' dir='ltr'><strong>scripsisse</strong></span> <span class='ocrx_word' id='word_1_552' title='bbox 1777 5366 1989 5430; x_wconf 85' lang='lat' dir='ltr'><strong>quidem</strong></span> 
     </span>
    </p>
   </div>
   <div class='ocr_carea' id='block_1_75' title="bbox 439 5429 1985 5496">
    <p class='ocr_par' dir='ltr' id='par_1_75' title="bbox 439 5429 1985 5496">
     <span class='ocr_line' id='line_1_75' title="bbox 439 5429 1985 5496; baseline 0.001 -12"><span class='ocrx_word' id='word_1_553' title='bbox 439 5429 792 5489; x_wconf 82' lang='lat' dir='ltr'><strong>Eustathium,</strong></span> <span class='ocrx_word' id='word_1_554' title='bbox 826 5445 992 5480; x_wconf 79' lang='lat' dir='ltr'><strong>vocem</strong></span> <span class='ocrx_word' id='word_1_555' title='bbox 1023 5436 1214 5479; x_wconf 87' lang='lat' dir='ltr'><strong>tantum</strong></span> <span class='ocrx_word' id='word_1_556' title='bbox 1236 5444 1334 5481; x_wconf 90' lang='lat' dir='ltr'><strong>non</strong></span> <span class='ocrx_word' id='word_1_557' title='bbox 1371 5431 1691 5482; x_wconf 81' lang='lat' dir='ltr'><strong>articulatam</strong></span> <span class='ocrx_word' id='word_1_558' title='bbox 1717 5429 1985 5496; x_wconf 78' lang='lat' dir='ltr'><strong>emittens;</strong></span> 
     </span>
    </p>
   </div>
   <div class='ocr_carea' id='block_1_76' title="bbox 439 5496 1989 5569">
    <p class='ocr_par' dir='ltr' id='par_1_76' title="bbox 439 5496 1989 5569">
     <span class='ocr_line' id='line_1_76' title="bbox 439 5496 1989 5569; baseline 0.003 -17"><span class='ocrx_word' id='word_1_559' title='bbox 439 5497 534 5552; x_wconf 88' lang='lat' dir='ltr'><strong>sed</strong></span> <span class='ocrx_word' id='word_1_560' title='bbox 549 5515 665 5569; x_wconf 61' lang='grc' dir='ltr'><strong>μοι]</strong></span> <span class='ocrx_word' id='word_1_561' title='bbox 694 5506 972 5569; x_wconf 82' lang='lat' dir='ltr'><strong>propterea</strong></span> <span class='ocrx_word' id='word_1_562' title='bbox 1002 5497 1106 5549; x_wconf 85' lang='lat' dir='ltr'><strong>vim</strong></span> <span class='ocrx_word' id='word_1_563' title='bbox 1137 5497 1415 5549; x_wconf 88' lang='lat' dir='ltr'><strong>verborum</strong></span> <span class='ocrx_word' id='word_1_564' title='bbox 1445 5496 1744 5552; x_wconf 67' lang='lat' dir='ltr'><strong>Graecorum</strong></span> <span class='ocrx_word' id='word_1_565' title='bbox 1775 5518 1989 5569; x_wconf 83' lang='lat' dir='ltr'><strong>expres-</strong></span> 
     </span>
    </p>
   </div>
   <div class='ocr_carea' id='block_1_77' title="bbox 439 5566 1986 5637">
    <p class='ocr_par' dir='ltr' id='par_1_77' title="bbox 439 5566 1986 5637">
     <span class='ocr_line' id='line_1_77' title="bbox 439 5566 1986 5637; baseline 0.003 -18"><span class='ocrx_word' id='word_1_566' title='bbox 439 5569 524 5620; x_wconf 88' lang='lat' dir='ltr'><strong>sit.</strong></span> <span class='ocrx_word' id='word_1_567' title='bbox 543 5566 676 5620; x_wconf 92' lang='lat' dir='ltr'><strong>Sunt</strong></span> <span class='ocrx_word' id='word_1_568' title='bbox 691 5576 864 5620; x_wconf 87' lang='lat' dir='ltr'><strong>autem</strong></span> <span class='ocrx_word' id='word_1_569' title='bbox 885 5568 1014 5628; x_wconf 67' lang='lat' dir='ltr'><strong>hinc,</strong></span> <span class='ocrx_word' id='word_1_570' title='bbox 1033 5570 1301 5635; x_wconf 76' lang='grc' dir='ltr'><strong>μονονουχὶ</strong></span> <span class='ocrx_word' id='word_1_571' title='bbox 1316 5572 1402 5622; x_wconf 73' lang='grc' dir='ltr'><strong>τήν</strong></span> <span class='ocrx_word' id='word_1_572' title='bbox 1424 5569 1794 5637; x_wconf 43' lang='lat' dir='ltr'><strong>avellar/tarum</strong></span> <span class='ocrx_word' id='word_1_573' title='bbox 1810 5566 1986 5637; x_wconf 60' lang='grc' dir='ltr'><strong>φῖρινὴν,</strong></span> 
     </span>
    </p>
   </div>
   <div class='ocr_carea' id='block_1_78' title="bbox 440 5635 1991 5703">
    <p class='ocr_par' dir='ltr' id='par_1_78' title="bbox 440 5635 1991 5703">
     <span class='ocr_line' id='line_1_78' title="bbox 440 5635 1991 5703; baseline 0 -13"><span class='ocrx_word' id='word_1_574' title='bbox 440 5653 568 5703; x_wconf 83' lang='lat' dir='ltr'><strong>ctc.,</strong></span> <span class='ocrx_word' id='word_1_575' title='bbox 593 5639 822 5690; x_wconf 74' lang='lat' dir='ltr'><strong>amittens</strong></span> <span class='ocrx_word' id='word_1_576' title='bbox 849 5651 1014 5690; x_wconf 83' lang='lat' dir='ltr'><strong>vocem</strong></span> <span class='ocrx_word' id='word_1_577' title='bbox 1041 5643 1232 5687; x_wconf 85' lang='lat' dir='ltr'><strong>tantum</strong></span> <span class='ocrx_word' id='word_1_578' title='bbox 1260 5651 1359 5688; x_wconf 89' lang='lat' dir='ltr'><strong>non</strong></span> <span class='ocrx_word' id='word_1_579' title='bbox 1391 5635 1679 5703; x_wconf 81' lang='lat' dir='ltr'><strong>adjunctam</strong></span> <span class='ocrx_word' id='word_1_580' title='bbox 1715 5641 1927 5692; x_wconf 83' lang='lat' dir='ltr'><strong>ratiocin</strong></span> <span class='ocrx_word' id='word_1_581' title='bbox 1939 5635 1991 5678; x_wconf 62' lang='lat'><strong>~4-</strong></span> 
     </span>
    </p>
   </div>
   <div class='ocr_carea' id='block_1_79' title="bbox 2117 1850 3686 1922">
    <p class='ocr_par' dir='ltr' id='par_1_79' title="bbox 2117 1850 3686 1922">
     <span class='ocr_line' id='line_1_79' title="bbox 2117 1850 3686 1922; baseline 0.004 -20"><span class='ocrx_word' id='word_1_582' title='bbox 2117 1865 2261 1916; x_wconf 88' lang='lat' dir='ltr'><strong>nem,</strong></span> <span class='ocrx_word' id='word_1_583' title='bbox 2299 1850 2738 1917; x_wconf 90' lang='lat' dir='ltr'><strong>stomachumque</strong></span> <span class='ocrx_word' id='word_1_584' title='bbox 2765 1850 2925 1904; x_wconf 88' lang='lat' dir='ltr'><strong>certis</strong></span> <span class='ocrx_word' id='word_1_585' title='bbox 2953 1851 3270 1904; x_wconf 90' lang='lat' dir='ltr'><strong>animalibus</strong></span> <span class='ocrx_word' id='word_1_586' title='bbox 3296 1850 3461 1916; x_wconf 88' lang='lat' dir='ltr'><strong>dedit,</strong></span> <span class='ocrx_word' id='word_1_587' title='bbox 3502 1861 3686 1922; x_wconf 78' lang='lat' dir='ltr'><strong>utpote</strong></span> 
     </span>
    </p>
   </div>
   <div class='ocr_carea' id='block_1_80' title="bbox 2117 1937 3682 2008">
    <p class='ocr_par' dir='ltr' id='par_1_80' title="bbox 2117 1937 3682 2008">
     <span class='ocr_line' id='line_1_80' title="bbox 2117 1937 3682 2008; baseline 0.002 -16"><span class='ocrx_word' id='word_1_588' title='bbox 2117 1938 2450 1992; x_wconf 88' lang='lat' dir='ltr'><strong>necessarios</strong></span> <span class='ocrx_word' id='word_1_589' title='bbox 2484 1954 2610 1991; x_wconf 90' lang='lat' dir='ltr'><strong>usus</strong></span> <span class='ocrx_word' id='word_1_590' title='bbox 2639 1937 2981 2007; x_wconf 72' lang='lat' dir='ltr'><strong>pnebentem.</strong></span> <span class='ocrx_word' id='word_1_591' title='bbox 3012 1938 3259 1993; x_wconf 91' lang='lat' dir='ltr'><strong>Camelus</strong></span> <span class='ocrx_word' id='word_1_592' title='bbox 3295 1939 3455 2008; x_wconf 87' lang='lat' dir='ltr'><strong>igitur</strong></span> <span class='ocrx_word' id='word_1_593' title='bbox 3484 1941 3682 1996; x_wconf 83' lang='lat' dir='ltr'><strong>idcirco</strong></span> 
     </span>
    </p>
   </div>
   <div class='ocr_carea' id='block_1_81' title="bbox 2115 2031 3683 2100">
    <p class='ocr_par' dir='ltr' id='par_1_81' title="bbox 2115 2031 3683 2100">
     <span class='ocr_line' id='line_1_81' title="bbox 2115 2031 3683 2100; baseline 0.002 -16"><span class='ocrx_word' id='word_1_594' title='bbox 2115 2032 2329 2098; x_wconf 88' lang='lat' dir='ltr'><strong>longum</strong></span> <span class='ocrx_word' id='word_1_595' title='bbox 2359 2039 2540 2099; x_wconf 88' lang='lat' dir='ltr'><strong>guttur</strong></span> <span class='ocrx_word' id='word_1_596' title='bbox 2569 2031 2729 2084; x_wconf 87' lang='lat' dir='ltr'><strong>habet</strong></span> <span class='ocrx_word' id='word_1_597' title='bbox 2765 2048 2777 2083; x_wconf 94' lang='lat'>:</span> <span class='ocrx_word' id='word_1_598' title='bbox 2811 2039 2868 2084; x_wconf 93' lang='lat' dir='ltr'><strong>ut</strong></span> <span class='ocrx_word' id='word_1_599' title='bbox 2895 2040 3226 2100; x_wconf 64' lang='lat' dir='ltr'><strong>coaequatum</strong></span> <span class='ocrx_word' id='word_1_600' title='bbox 3254 2033 3499 2100; x_wconf 89' lang='lat' dir='ltr'><strong>pedibus,</strong></span> <span class='ocrx_word' id='word_1_601' title='bbox 3531 2033 3683 2088; x_wconf 84' lang='lat' dir='ltr'><strong>facile</strong></span> 
     </span>
    </p>
   </div>
   <div class='ocr_carea' id='block_1_82' title="bbox 2115 2121 3685 2191">
    <p class='ocr_par' dir='ltr' id='par_1_82' title="bbox 2115 2121 3685 2191">
     <span class='ocr_line' id='line_1_82' title="bbox 2115 2121 3685 2191; baseline 0.001 -15"><span class='ocrx_word' id='word_1_602' title='bbox 2115 2137 2292 2176; x_wconf 88' lang='lat' dir='ltr'><strong>escam</strong></span> <span class='ocrx_word' id='word_1_603' title='bbox 2319 2137 2477 2189; x_wconf 90' lang='lat' dir='ltr'><strong>quam</strong></span> <span class='ocrx_word' id='word_1_604' title='bbox 2499 2122 2686 2191; x_wconf 70' lang='lat' dir='ltr'><strong>qumrit</strong></span> <span class='ocrx_word' id='word_1_605' title='bbox 2707 2122 3009 2188; x_wconf 84' lang='lat' dir='ltr'><strong>attingeret.</strong></span> <span class='ocrx_word' id='word_1_606' title='bbox 3031 2121 3214 2175; x_wconf 85' lang='lat' dir='ltr'><strong>Brevis</strong></span> <span class='ocrx_word' id='word_1_607' title='bbox 3238 2131 3415 2176; x_wconf 89' lang='lat' dir='ltr'><strong>autem</strong></span> <span class='ocrx_word' id='word_1_608' title='bbox 3432 2124 3685 2178; x_wconf 86' lang='lat' dir='ltr'><strong>humeris-</strong></span> 
     </span>
    </p>
   </div>
   <div class='ocr_carea' id='block_1_83' title="bbox 2115 2215 3685 2282">
    <p class='ocr_par' dir='ltr' id='par_1_83' title="bbox 2115 2215 3685 2282">
     <span class='ocr_line' id='line_1_83' title="bbox 2115 2215 3685 2282; baseline 0.001 -15"><span class='ocrx_word' id='word_1_609' title='bbox 2115 2229 2218 2282; x_wconf 93' lang='lat' dir='ltr'><strong>que</strong></span> <span class='ocrx_word' id='word_1_610' title='bbox 2249 2229 2530 2282; x_wconf 88' lang='lat' dir='ltr'><strong>suppressa</strong></span> <span class='ocrx_word' id='word_1_611' title='bbox 2573 2215 2751 2268; x_wconf 83' lang='lat' dir='ltr'><strong>cervix</strong></span> <span class='ocrx_word' id='word_1_612' title='bbox 2774 2228 3016 2267; x_wconf 90' lang='lat' dir='ltr'><strong>ursorum</strong></span> <span class='ocrx_word' id='word_1_613' title='bbox 3057 2222 3156 2279; x_wconf 72' lang='lat' dir='ltr'><strong>est,</strong></span> <span class='ocrx_word' id='word_1_614' title='bbox 3180 2215 3411 2282; x_wconf 91' lang='lat' dir='ltr'><strong>itemque</strong></span> <span class='ocrx_word' id='word_1_615' title='bbox 3435 2215 3612 2269; x_wconf 91' lang='lat' dir='ltr'><strong>leonis</strong></span> <span class='ocrx_word' id='word_1_616' title='bbox 3635 2225 3685 2270; x_wconf 89' lang='lat' dir='ltr'><strong>et</strong></span> 
     </span>
    </p>
   </div>
   <div class='ocr_carea' id='block_1_84' title="bbox 2117 2304 3686 2374">
    <p class='ocr_par' dir='ltr' id='par_1_84' title="bbox 2117 2304 3686 2374">
     <span class='ocr_line' id='line_1_84' title="bbox 2117 2304 3686 2374; baseline 0.002 -18"><span class='ocrx_word' id='word_1_617' title='bbox 2117 2305 2354 2374; x_wconf 84' lang='lat' dir='ltr'><strong>tygridis,</strong></span> <span class='ocrx_word' id='word_1_618' title='bbox 2371 2313 2424 2358; x_wconf 90' lang='lat' dir='ltr'><strong>et</strong></span> <span class='ocrx_word' id='word_1_619' title='bbox 2444 2305 2691 2357; x_wconf 90' lang='lat' dir='ltr'><strong>similium</strong></span> <span class='ocrx_word' id='word_1_620' title='bbox 2708 2304 2955 2364; x_wconf 85' lang='lat' dir='ltr'><strong>ferarum,</strong></span> <span class='ocrx_word' id='word_1_621' title='bbox 2974 2305 3164 2372; x_wconf 91' lang='lat' dir='ltr'><strong>quibus</strong></span> <span class='ocrx_word' id='word_1_622' title='bbox 3185 2305 3411 2358; x_wconf 86' lang='lat' dir='ltr'><strong>herbosa</strong></span> <span class='ocrx_word' id='word_1_623' title='bbox 3433 2322 3541 2358; x_wconf 82' lang='lat' dir='ltr'><strong>non</strong></span> <span class='ocrx_word' id='word_1_624' title='bbox 3563 2312 3686 2359; x_wconf 89' lang='lat' dir='ltr'><strong>sunt</strong></span> 
     </span>
    </p>
   </div>
   <div class='ocr_carea' id='block_1_85' title="bbox 2116 2395 3680 2463">
    <p class='ocr_par' dir='ltr' id='par_1_85' title="bbox 2116 2395 3680 2463">
     <span class='ocr_line' id='line_1_85' title="bbox 2116 2395 3680 2463; baseline 0.002 -15"><span class='ocrx_word' id='word_1_625' title='bbox 2116 2396 2386 2461; x_wconf 89' lang='lat' dir='ltr'><strong>alimenta,</strong></span> <span class='ocrx_word' id='word_1_626' title='bbox 2405 2411 2503 2449; x_wconf 91' lang='lat' dir='ltr'><strong>nec</strong></span> <span class='ocrx_word' id='word_1_627' title='bbox 2523 2395 2721 2451; x_wconf 88' lang='lat' dir='ltr'><strong>habent</strong></span> <span class='ocrx_word' id='word_1_628' title='bbox 2741 2396 2970 2463; x_wconf 86' lang='lat' dir='ltr'><strong>aliquam</strong></span> <span class='ocrx_word' id='word_1_629' title='bbox 2993 2399 3362 2449; x_wconf 88' lang='lat' dir='ltr'><strong>necessitatem</strong></span> <span class='ocrx_word' id='word_1_630' title='bbox 3389 2397 3680 2451; x_wconf 90' lang='lat' dir='ltr'><strong>inclinandi</strong></span> 
     </span>
    </p>
   </div>
   <div class='ocr_carea' id='block_1_86' title="bbox 2116 2487 3681 2556">
    <p class='ocr_par' dir='ltr' id='par_1_86' title="bbox 2116 2487 3681 2556">
     <span class='ocr_line' id='line_1_86' title="bbox 2116 2487 3681 2556; baseline 0.002 -16"><span class='ocrx_word' id='word_1_631' title='bbox 2116 2501 2176 2540; x_wconf 92' lang='lat' dir='ltr'><strong>se</strong></span> <span class='ocrx_word' id='word_1_632' title='bbox 2203 2487 2269 2539; x_wconf 92' lang='lat' dir='ltr'><strong>ad</strong></span> <span class='ocrx_word' id='word_1_633' title='bbox 2295 2495 2489 2540; x_wconf 89' lang='lat' dir='ltr'><strong>terram</strong></span> <span class='ocrx_word' id='word_1_634' title='bbox 2516 2505 2528 2539; x_wconf 93' lang='lat'><strong>:</strong></span> <span class='ocrx_word' id='word_1_635' title='bbox 2557 2488 2754 2556; x_wconf 84' lang='lat' dir='ltr'><strong>quippe</strong></span> <span class='ocrx_word' id='word_1_636' title='bbox 2778 2502 2895 2554; x_wconf 46' lang='lat' dir='ltr'><strong>qua).</strong></span> <span class='ocrx_word' id='word_1_637' title='bbox 2924 2503 3085 2541; x_wconf 90' lang='lat' dir='ltr'><strong>carne</strong></span> <span class='ocrx_word' id='word_1_638' title='bbox 3115 2497 3418 2541; x_wconf 86' lang='lat' dir='ltr'><strong>vescuntur.</strong></span> <span class='ocrx_word' id='word_1_639' title='bbox 3451 2488 3592 2554; x_wconf 91' lang='lat' dir='ltr'><strong>Quid</strong></span> <span class='ocrx_word' id='word_1_640' title='bbox 3615 2491 3681 2543; x_wconf 93' lang='lat' dir='ltr'><strong>de</strong></span> 
     </span>
    </p>
   </div>
   <div class='ocr_carea' id='block_1_87' title="bbox 2115 2574 3685 2646">
    <p class='ocr_par' dir='ltr' id='par_1_87' title="bbox 2115 2574 3685 2646">
     <span class='ocr_line' id='line_1_87' title="bbox 2115 2574 3685 2646; baseline 0.001 -17"><span class='ocrx_word' id='word_1_641' title='bbox 2115 2577 2452 2646; x_wconf 89' lang='lat' dir='ltr'><strong>promuscide</strong></span> <span class='ocrx_word' id='word_1_642' title='bbox 2478 2577 2749 2645; x_wconf 90' lang='lat' dir='ltr'><strong>elephanti</strong></span> <span class='ocrx_word' id='word_1_643' title='bbox 2776 2577 3030 2641; x_wconf 91' lang='lat' dir='ltr'><strong>dicamus,</strong></span> <span class='ocrx_word' id='word_1_644' title='bbox 3061 2578 3150 2644; x_wconf 90' lang='lat' dir='ltr'><strong>qui</strong></span> <span class='ocrx_word' id='word_1_645' title='bbox 3199 2593 3318 2630; x_wconf 90' lang='lat' dir='ltr'><strong>cum</strong></span> <span class='ocrx_word' id='word_1_646' title='bbox 3349 2578 3591 2631; x_wconf 87' lang='lat' dir='ltr'><strong>omnium</strong></span> <span class='ocrx_word' id='word_1_647' title='bbox 3618 2574 3685 2632; x_wconf 88' lang='lat' dir='ltr'><strong>sit</strong></span> 
     </span>
    </p>
   </div>
   <div class='ocr_carea' id='block_1_88' title="bbox 2114 2667 3686 2738">
    <p class='ocr_par' dir='ltr' id='par_1_88' title="bbox 2114 2667 3686 2738">
     <span class='ocr_line' id='line_1_88' title="bbox 2114 2667 3686 2738; baseline 0 -16"><span class='ocrx_word' id='word_1_648' title='bbox 2114 2668 2376 2722; x_wconf 87' lang='lat' dir='ltr'><strong>maximus</strong></span> <span class='ocrx_word' id='word_1_649' title='bbox 2402 2667 2717 2732; x_wconf 90' lang='lat' dir='ltr'><strong>belluarum,</strong></span> <span class='ocrx_word' id='word_1_650' title='bbox 2747 2669 3142 2736; x_wconf 74' lang='lat' dir='ltr'><strong>visentibusque</strong></span> <span class='ocrx_word' id='word_1_651' title='bbox 3169 2668 3434 2731; x_wconf 88' lang='lat' dir='ltr'><strong>terribilis,</strong></span> <span class='ocrx_word' id='word_1_652' title='bbox 3468 2685 3570 2738; x_wconf 89' lang='lat' dir='ltr'><strong>par</strong></span> <span class='ocrx_word' id='word_1_653' title='bbox 3592 2667 3686 2722; x_wconf 88' lang='lat' dir='ltr'><strong>fuit</strong></span> 
     </span>
    </p>
   </div>
   <div class='ocr_carea' id='block_1_89' title="bbox 2116 2753 3688 2828">
    <p class='ocr_par' dir='ltr' id='par_1_89' title="bbox 2116 2753 3688 2828">
     <span class='ocr_line' id='line_1_89' title="bbox 2116 2753 3688 2828; baseline 0 -15"><span class='ocrx_word' id='word_1_654' title='bbox 2116 2767 2174 2813; x_wconf 89' lang='lat' dir='ltr'><strong>ut</strong></span> <span class='ocrx_word' id='word_1_655' title='bbox 2207 2759 2460 2813; x_wconf 91' lang='lat' dir='ltr'><strong>membris</strong></span> <span class='ocrx_word' id='word_1_656' title='bbox 2487 2759 2802 2812; x_wconf 89' lang='lat' dir='ltr'><strong>immanibus</strong></span> <span class='ocrx_word' id='word_1_657' title='bbox 2831 2757 3184 2812; x_wconf 87' lang='lat' dir='ltr'><strong>formaretur?</strong></span> <span class='ocrx_word' id='word_1_658' title='bbox 3215 2759 3449 2824; x_wconf 88' lang='lat' dir='ltr'><strong>Quorum</strong></span> <span class='ocrx_word' id='word_1_659' title='bbox 3480 2753 3688 2828; x_wconf 78' lang='lat' dir='ltr'><strong>magni-</strong></span> 
     </span>
    </p>
   </div>
   <div class='ocr_carea' id='block_1_90' title="bbox 2115 2848 3687 2918">
    <p class='ocr_par' dir='ltr' id='par_1_90' title="bbox 2115 2848 3687 2918">
     <span class='ocr_line' id='line_1_90' title="bbox 2115 2848 3687 2918; baseline 0.001 -14"><span class='ocrx_word' id='word_1_660' title='bbox 2115 2851 2282 2905; x_wconf 84' lang='lat' dir='ltr'><strong>tudini</strong></span> <span class='ocrx_word' id='word_1_661' title='bbox 2311 2851 2354 2904; x_wconf 91' lang='lat' dir='ltr'><strong>si</strong></span> <span class='ocrx_word' id='word_1_662' title='bbox 2383 2851 2562 2904; x_wconf 80' lang='lat' dir='ltr'><strong>cervix</strong></span> <span class='ocrx_word' id='word_1_663' title='bbox 2598 2848 2784 2903; x_wconf 85' lang='lat' dir='ltr'><strong>fuis&#39;set</strong></span> <span class='ocrx_word' id='word_1_664' title='bbox 2805 2849 3160 2918; x_wconf 68' lang='lat' dir='ltr'><strong>mquiparans,</strong></span> <span class='ocrx_word' id='word_1_665' title='bbox 3193 2850 3477 2906; x_wconf 78' lang='lat' dir='ltr'><strong>immobilis</strong></span> <span class='ocrx_word' id='word_1_666' title='bbox 3517 2851 3687 2905; x_wconf 84' lang='lat' dir='ltr'><strong>habe-</strong></span> 
     </span>
    </p>
   </div>
   <div class='ocr_carea' id='block_1_91' title="bbox 2113 2938 3684 3008">
    <p class='ocr_par' dir='ltr' id='par_1_91' title="bbox 2113 2938 3684 3008">
     <span class='ocr_line' id='line_1_91' title="bbox 2113 2938 3684 3008; baseline -0.001 -14"><span class='ocrx_word' id='word_1_667' title='bbox 2113 2947 2278 3003; x_wconf 89' lang='lat' dir='ltr'><strong>retur,</strong></span> <span class='ocrx_word' id='word_1_668' title='bbox 2311 2939 2543 3008; x_wconf 91' lang='lat' dir='ltr'><strong>pondere</strong></span> <span class='ocrx_word' id='word_1_669' title='bbox 2569 2939 2682 3007; x_wconf 92' lang='lat' dir='ltr'><strong>ipso</strong></span> <span class='ocrx_word' id='word_1_670' title='bbox 2709 2938 2956 2992; x_wconf 90' lang='lat' dir='ltr'><strong>deorsum</strong></span> <span class='ocrx_word' id='word_1_671' title='bbox 2992 2947 3263 2993; x_wconf 86' lang='lat' dir='ltr'><strong>curvatus.</strong></span> <span class='ocrx_word' id='word_1_672' title='bbox 3311 2939 3460 2992; x_wconf 87' lang='lat' dir='ltr'><strong>Nunc</strong></span> <span class='ocrx_word' id='word_1_673' title='bbox 3503 2950 3684 2994; x_wconf 87' lang='lat' dir='ltr'><strong>autem</strong></span> 
     </span>
    </p>
   </div>
   <div class='ocr_carea' id='block_1_92' title="bbox 2114 3030 3685 3100">
    <p class='ocr_par' dir='ltr' id='par_1_92' title="bbox 2114 3030 3685 3100">
     <span class='ocr_line' id='line_1_92' title="bbox 2114 3030 3685 3100; baseline 0 -16"><span class='ocrx_word' id='word_1_674' title='bbox 2114 3031 2300 3100; x_wconf 90' lang='lat' dir='ltr'><strong>paucis</strong></span> <span class='ocrx_word' id='word_1_675' title='bbox 2327 3031 2535 3084; x_wconf 89' lang='lat' dir='ltr'><strong>ossibus</strong></span> <span class='ocrx_word' id='word_1_676' title='bbox 2564 3030 2799 3083; x_wconf 88' lang='lat' dir='ltr'><strong>cervices</strong></span> <span class='ocrx_word' id='word_1_677' title='bbox 2837 3036 2892 3083; x_wconf 88' lang='lat' dir='ltr'><strong>et</strong></span> <span class='ocrx_word' id='word_1_678' title='bbox 2917 3039 3076 3098; x_wconf 88' lang='lat' dir='ltr'><strong>caput</strong></span> <span class='ocrx_word' id='word_1_679' title='bbox 3105 3030 3355 3083; x_wconf 83' lang='lat' dir='ltr'><strong>innexum</strong></span> <span class='ocrx_word' id='word_1_680' title='bbox 3395 3032 3564 3100; x_wconf 66' lang='lat' dir='ltr'><strong>spinaa</strong></span> <span class='ocrx_word' id='word_1_681' title='bbox 3597 3049 3685 3086; x_wconf 81' lang='lat' dir='ltr'><strong>co-</strong></span> 
     </span>
    </p>
   </div>
   <div class='ocr_carea' id='block_1_93' title="bbox 2037 3100 3679 3188">
    <p class='ocr_par' dir='ltr' id='par_1_93' title="bbox 2037 3100 3679 3188">
     <span class='ocr_line' id='line_1_93' title="bbox 2037 3100 3679 3188; baseline 0.002 -15"><span class='ocrx_word' id='word_1_682' title='bbox 2037 3100 2084 3163; x_wconf 68' lang='grc' dir='ltr'><strong>(ἶ</strong></span> <span class='ocrx_word' id='word_1_683' title='bbox 2116 3121 2296 3185; x_wconf 68' lang='lat' dir='ltr'><strong>hazret,</strong></span> <span class='ocrx_word' id='word_1_684' title='bbox 2327 3120 2593 3188; x_wconf 84' lang='lat' dir='ltr'><strong>habetque</strong></span> <span class='ocrx_word' id='word_1_685' title='bbox 2621 3120 3014 3188; x_wconf 90' lang='lat' dir='ltr'><strong>promuscidem</strong></span> <span class='ocrx_word' id='word_1_686' title='bbox 3041 3116 3396 3174; x_wconf 90' lang='lat' dir='ltr'><strong>ministerium</strong></span> <span class='ocrx_word' id='word_1_687' title='bbox 3422 3123 3525 3176; x_wconf 91' lang='lat' dir='ltr'><strong>sibi</strong></span> <span class='ocrx_word' id='word_1_688' title='bbox 3553 3119 3679 3177; x_wconf 89' lang='lat' dir='ltr'><strong>colli</strong></span> 
     </span>
    </p>
   </div>
   <div class='ocr_carea' id='block_1_94' title="bbox 2113 3210 3682 3284">
    <p class='ocr_par' dir='ltr' id='par_1_94' title="bbox 2113 3210 3682 3284">
     <span class='ocr_line' id='line_1_94' title="bbox 2113 3210 3682 3284; baseline 0.002 -19"><span class='ocrx_word' id='word_1_689' title='bbox 2113 3212 2366 3279; x_wconf 87' lang='lat' dir='ltr'><strong>longioris</strong></span> <span class='ocrx_word' id='word_1_690' title='bbox 2386 3211 2706 3279; x_wconf 85' lang='lat' dir='ltr'><strong>expleutem,</strong></span> <span class='ocrx_word' id='word_1_691' title='bbox 2732 3226 2850 3279; x_wconf 75' lang='lat' dir='ltr'><strong>qum</strong></span> <span class='ocrx_word' id='word_1_692' title='bbox 2871 3221 3079 3279; x_wconf 83' lang='lat' dir='ltr'><strong>pastum</strong></span> <span class='ocrx_word' id='word_1_693' title='bbox 3107 3210 3132 3247; x_wconf 67' lang='grc' dir='ltr'><strong>ιι</strong></span> <span class='ocrx_word' id='word_1_694' title='bbox 3158 3213 3384 3281; x_wconf 88' lang='lat' dir='ltr'><strong>percipit</strong></span> <span class='ocrx_word' id='word_1_695' title='bbox 3411 3223 3466 3266; x_wconf 89' lang='lat' dir='ltr'><strong>et</strong></span> <span class='ocrx_word' id='word_1_696' title='bbox 3487 3230 3682 3284; x_wconf 75' lang='lat' dir='ltr'><strong>aquam</strong></span> 
     </span>
    </p>
   </div>
   <div class='ocr_carea' id='block_1_95' title="bbox 2111 3293 3656 3371">
    <p class='ocr_par' dir='ltr' id='par_1_95' title="bbox 2111 3293 3656 3371">
     <span class='ocr_line' id='line_1_95' title="bbox 2111 3293 3656 3371; baseline 0.003 -17"><span class='ocrx_word' id='word_1_697' title='bbox 2111 3301 2293 3354; x_wconf 87' lang='lat' dir='ltr'><strong>trahit.</strong></span> <span class='ocrx_word' id='word_1_698' title='bbox 2320 3293 2592 3370; x_wconf 86' lang='lat' dir='ltr'><strong>Pedesque</strong></span> <span class='ocrx_word' id='word_1_699' title='bbox 2624 3301 2738 3369; x_wconf 86' lang='lat' dir='ltr'><strong>ejus</strong></span> <span class='ocrx_word' id='word_1_700' title='bbox 2767 3301 2924 3354; x_wconf 88' lang='lat' dir='ltr'><strong>nullis</strong></span> <span class='ocrx_word' id='word_1_701' title='bbox 2952 3296 3313 3368; x_wconf 84' lang='lat' dir='ltr'><strong>geniculorum</strong></span> <span class='ocrx_word' id='word_1_702' title='bbox 3343 3303 3656 3371; x_wconf 85' lang='lat' dir='ltr'><strong>conjungun</strong></span> 
     </span>
    </p>
   </div>
   <div class='ocr_carea' id='block_1_96' title="bbox 2111 3390 3684 3462">
    <p class='ocr_par' dir='ltr' id='par_1_96' title="bbox 2111 3390 3684 3462">
     <span class='ocr_line' id='line_1_96' title="bbox 2111 3390 3684 3462; baseline 0.003 -18"><span class='ocrx_word' id='word_1_703' title='bbox 2111 3399 2196 3446; x_wconf 90' lang='lat' dir='ltr'><strong>tur</strong></span> <span class='ocrx_word' id='word_1_704' title='bbox 2223 3390 2479 3452; x_wconf 90' lang='lat' dir='ltr'><strong>articulis,</strong></span> <span class='ocrx_word' id='word_1_705' title='bbox 2513 3399 2570 3444; x_wconf 91' lang='lat' dir='ltr'><strong>ut</strong></span> <span class='ocrx_word' id='word_1_706' title='bbox 2596 3399 2845 3458; x_wconf 87' lang='lat' dir='ltr'><strong>tanquam</strong></span> <span class='ocrx_word' id='word_1_707' title='bbox 2873 3393 3131 3446; x_wconf 71' lang='lat' dir='ltr'><strong>columna:</strong></span> <span class='ocrx_word' id='word_1_708' title='bbox 3164 3393 3402 3462; x_wconf 73' lang='lat' dir='ltr'><strong>qumdam</strong></span> <span class='ocrx_word' id='word_1_709' title='bbox 3445 3398 3684 3460; x_wconf 58' lang='lat' dir='ltr'><strong>gravitaa</strong></span> 
     </span>
    </p>
   </div>
   <div class='ocr_carea' id='block_1_97' title="bbox 2111 3481 3682 3552">
    <p class='ocr_par' dir='ltr' id='par_1_97' title="bbox 2111 3481 3682 3552">
     <span class='ocr_line' id='line_1_97' title="bbox 2111 3481 3682 3552; baseline 0.002 -18"><span class='ocrx_word' id='word_1_710' title='bbox 2111 3489 2217 3534; x_wconf 91' lang='lat' dir='ltr'><strong>tem</strong></span> <span class='ocrx_word' id='word_1_711' title='bbox 2244 3482 2529 3550; x_wconf 89' lang='lat' dir='ltr'><strong>superjecti</strong></span> <span class='ocrx_word' id='word_1_712' title='bbox 2557 3481 2808 3550; x_wconf 88' lang='lat' dir='ltr'><strong>ponderis</strong></span> <span class='ocrx_word' id='word_1_713' title='bbox 2836 3483 3226 3536; x_wconf 91' lang='lat' dir='ltr'><strong>subvectarent.</strong></span> <span class='ocrx_word' id='word_1_714' title='bbox 3271 3481 3328 3535; x_wconf 93' lang='lat' dir='ltr'><strong>Si</strong></span> <span class='ocrx_word' id='word_1_715' title='bbox 3370 3484 3515 3536; x_wconf 89' lang='lat' dir='ltr'><strong>enim</strong></span> <span class='ocrx_word' id='word_1_716' title='bbox 3555 3499 3682 3552; x_wconf 85' lang='lat' dir='ltr'><strong>gra-</strong></span> 
     </span>
    </p>
   </div>
   <div class='ocr_carea' id='block_1_98' title="bbox 2109 3571 3682 3638">
    <p class='ocr_par' dir='ltr' id='par_1_98' title="bbox 2109 3571 3682 3638">
     <span class='ocr_line' id='line_1_98' title="bbox 2109 3571 3682 3638; baseline 0.003 -14"><span class='ocrx_word' id='word_1_717' title='bbox 2109 3571 2229 3625; x_wconf 87' lang='lat' dir='ltr'><strong>cilia</strong></span> <span class='ocrx_word' id='word_1_718' title='bbox 2282 3572 2630 3638; x_wconf 87' lang='lat' dir='ltr'><strong>nutantiaque</strong></span> <span class='ocrx_word' id='word_1_719' title='bbox 2681 3571 2794 3638; x_wconf 85' lang='lat' dir='ltr'><strong>ejus</strong></span> <span class='ocrx_word' id='word_1_720' title='bbox 2841 3572 3064 3625; x_wconf 89' lang='lat' dir='ltr'><strong>fuissent</strong></span> <span class='ocrx_word' id='word_1_721' title='bbox 3109 3588 3297 3635; x_wconf 92' lang='lat' dir='ltr'><strong>crura,</strong></span> <span class='ocrx_word' id='word_1_722' title='bbox 3342 3574 3459 3627; x_wconf 89' lang='lat' dir='ltr'><strong>sine</strong></span> <span class='ocrx_word' id='word_1_723' title='bbox 3512 3574 3682 3629; x_wconf 88' lang='lat' dir='ltr'><strong>dubio</strong></span> 
     </span>
    </p>
   </div>
   <div class='ocr_carea' id='block_1_99' title="bbox 2108 3657 3682 3732">
    <p class='ocr_par' dir='ltr' id='par_1_99' title="bbox 2108 3657 3682 3732">
     <span class='ocr_line' id='line_1_99' title="bbox 2108 3657 3682 3732; baseline 0.003 -19"><span class='ocrx_word' id='word_1_724' title='bbox 2108 3657 2396 3726; x_wconf 87' lang='lat' dir='ltr'><strong>ejectiones</strong></span> <span class='ocrx_word' id='word_1_725' title='bbox 2437 3660 2802 3727; x_wconf 87' lang='lat' dir='ltr'><strong>juncturarum</strong></span> <span class='ocrx_word' id='word_1_726' title='bbox 2850 3669 3123 3728; x_wconf 88' lang='lat' dir='ltr'><strong>pateretur</strong></span> <span class='ocrx_word' id='word_1_727' title='bbox 3165 3661 3434 3725; x_wconf 88' lang='lat' dir='ltr'><strong>assiduas,</strong></span> <span class='ocrx_word' id='word_1_728' title='bbox 3487 3672 3682 3732; x_wconf 89' lang='lat' dir='ltr'><strong>utpote</strong></span> 
     </span>
    </p>
   </div>
   <div class='ocr_carea' id='block_1_100' title="bbox 2109 3745 3682 3817">
    <p class='ocr_par' dir='ltr' id='par_1_100' title="bbox 2109 3745 3682 3817">
     <span class='ocr_line' id='line_1_100' title="bbox 2109 3745 3682 3817; baseline 0.006 -18"><span class='ocrx_word' id='word_1_729' title='bbox 2109 3762 2217 3801; x_wconf 92' lang='lat' dir='ltr'><strong>non</strong></span> <span class='ocrx_word' id='word_1_730' title='bbox 2236 3745 2612 3802; x_wconf 84' lang='lat' dir='ltr'><strong>sufﬁcientium</strong></span> <span class='ocrx_word' id='word_1_731' title='bbox 2649 3748 2845 3801; x_wconf 89' lang='lat' dir='ltr'><strong>molem</strong></span> <span class='ocrx_word' id='word_1_732' title='bbox 2871 3757 3071 3802; x_wconf 89' lang='lat' dir='ltr'><strong>tantam</strong></span> <span class='ocrx_word' id='word_1_733' title='bbox 3095 3751 3390 3817; x_wconf 87' lang='lat' dir='ltr'><strong>sublevare,</strong></span> <span class='ocrx_word' id='word_1_734' title='bbox 3417 3771 3541 3807; x_wconf 91' lang='lat' dir='ltr'><strong>cum</strong></span> <span class='ocrx_word' id='word_1_735' title='bbox 3571 3771 3682 3809; x_wconf 62' lang='lat' dir='ltr'><strong>sun</strong></span> 
     </span>
    </p>
   </div>
   <div class='ocr_carea' id='block_1_101' title="bbox 2107 3837 3676 3913">
    <p class='ocr_par' dir='ltr' id='par_1_101' title="bbox 2107 3837 3676 3913">
     <span class='ocr_line' id='line_1_101' title="bbox 2107 3837 3676 3913; baseline 0.004 -21"><span class='ocrx_word' id='word_1_736' title='bbox 2107 3845 2274 3907; x_wconf 84' lang='lat' dir='ltr'><strong>geret.</strong></span> <span class='ocrx_word' id='word_1_737' title='bbox 2303 3837 2484 3906; x_wconf 82' lang='lat' dir='ltr'><strong>itaque</strong></span> <span class='ocrx_word' id='word_1_738' title='bbox 2509 3838 2658 3892; x_wconf 88' lang='lat' dir='ltr'><strong>vides</strong></span> <span class='ocrx_word' id='word_1_739' title='bbox 2678 3837 2946 3906; x_wconf 91' lang='lat' dir='ltr'><strong>quomodo</strong></span> <span class='ocrx_word' id='word_1_740' title='bbox 2967 3840 3108 3892; x_wconf 90' lang='lat' dir='ltr'><strong>velut</strong></span> <span class='ocrx_word' id='word_1_741' title='bbox 3130 3841 3366 3908; x_wconf 60' lang='lat' dir='ltr'><strong>quaadam</strong></span> <span class='ocrx_word' id='word_1_742' title='bbox 3393 3859 3676 3913; x_wconf 77' lang='lat' dir='ltr'><strong>corporea:</strong></span> 
     </span>
    </p>
   </div>
   <div class='ocr_carea' id='block_1_102' title="bbox 2108 3923 3673 3997">
    <p class='ocr_par' dir='ltr' id='par_1_102' title="bbox 2108 3923 3673 3997">
     <span class='ocr_line' id='line_1_102' title="bbox 2108 3923 3673 3997; baseline 0.004 -15"><span class='ocrx_word' id='word_1_743' title='bbox 2108 3937 2279 3982; x_wconf 87' lang='lat' dir='ltr'><strong>turres</strong></span> <span class='ocrx_word' id='word_1_744' title='bbox 2303 3923 2429 3982; x_wconf 92' lang='lat' dir='ltr'><strong>belli</strong></span> <span class='ocrx_word' id='word_1_745' title='bbox 2459 3937 2698 3997; x_wconf 88' lang='lat' dir='ltr'><strong>tempore</strong></span> <span class='ocrx_word' id='word_1_746' title='bbox 2728 3930 2971 3983; x_wconf 91' lang='lat' dir='ltr'><strong>locantur</strong></span> <span class='ocrx_word' id='word_1_747' title='bbox 2990 3939 3112 3983; x_wconf 87' lang='lat' dir='ltr'><strong>ante</strong></span> <span class='ocrx_word' id='word_1_748' title='bbox 3135 3932 3322 3994; x_wconf 91' lang='lat' dir='ltr'><strong>aciem,</strong></span> <span class='ocrx_word' id='word_1_749' title='bbox 3349 3933 3432 3986; x_wconf 92' lang='lat' dir='ltr'><strong>vel</strong></span> <span class='ocrx_word' id='word_1_750' title='bbox 3457 3945 3673 3988; x_wconf 88' lang='lat' dir='ltr'><strong>montes</strong></span> 
     </span>
    </p>
   </div>
   <div class='ocr_carea' id='block_1_103' title="bbox 2106 4019 3670 4091">
    <p class='ocr_par' dir='ltr' id='par_1_103' title="bbox 2106 4019 3670 4091">
     <span class='ocr_line' id='line_1_103' title="bbox 2106 4019 3670 4091; baseline 0.004 -21"><span class='ocrx_word' id='word_1_751' title='bbox 2106 4019 2325 4071; x_wconf 89' lang='lat' dir='ltr'><strong>animati</strong></span> <span class='ocrx_word' id='word_1_752' title='bbox 2375 4027 2735 4086; x_wconf 90' lang='lat' dir='ltr'><strong>opponuntur,</strong></span> <span class='ocrx_word' id='word_1_753' title='bbox 2777 4019 3006 4072; x_wconf 89' lang='lat' dir='ltr'><strong>hostium</strong></span> <span class='ocrx_word' id='word_1_754' title='bbox 3061 4021 3385 4074; x_wconf 88' lang='lat' dir='ltr'><strong>munimenta</strong></span> <span class='ocrx_word' id='word_1_755' title='bbox 3439 4025 3670 4091; x_wconf 86' lang='lat' dir='ltr'><strong>rupturi.</strong></span> 
     </span>
    </p>
   </div>
   <div class='ocr_carea' id='block_1_104' title="bbox 2105 4103 3672 4176">
    <p class='ocr_par' dir='ltr' id='par_1_104' title="bbox 2105 4103 3672 4176">
     <span class='ocr_line' id='line_1_104' title="bbox 2105 4103 3672 4176; baseline 0.004 -17"><span class='ocrx_word' id='word_1_756' title='bbox 2105 4105 2340 4172; x_wconf 90' lang='lat' dir='ltr'><strong>Quorum</strong></span> <span class='ocrx_word' id='word_1_757' title='bbox 2387 4103 2431 4161; x_wconf 88' lang='lat' dir='ltr'><strong>si</strong></span> <span class='ocrx_word' id='word_1_758' title='bbox 2483 4107 2832 4175; x_wconf 86' lang='lat' dir='ltr'><strong>magnitudini</strong></span> <span class='ocrx_word' id='word_1_759' title='bbox 2883 4107 3187 4161; x_wconf 89' lang='lat' dir='ltr'><strong>fundamina</strong></span> <span class='ocrx_word' id='word_1_760' title='bbox 3234 4123 3507 4176; x_wconf 88' lang='lat' dir='ltr'><strong>gressuum</strong></span> <span class='ocrx_word' id='word_1_761' title='bbox 3563 4129 3672 4167; x_wconf 89' lang='lat' dir='ltr'><strong>non</strong></span> 
     </span>
    </p>
   </div>
   <div class='ocr_carea' id='block_1_105' title="bbox 2105 4197 3673 4262">
    <p class='ocr_par' dir='ltr' id='par_1_105' title="bbox 2105 4197 3673 4262">
     <span class='ocr_line' id='line_1_105' title="bbox 2105 4197 3673 4262; baseline 0.003 -12"><span class='ocrx_word' id='word_1_762' title='bbox 2105 4197 2427 4250; x_wconf 86' lang='lat' dir='ltr'><strong>haberentur</strong></span> <span class='ocrx_word' id='word_1_763' title='bbox 2461 4197 2715 4262; x_wconf 77' lang='lat' dir='ltr'><strong>aequalia,</strong></span> <span class='ocrx_word' id='word_1_764' title='bbox 2745 4197 3052 4251; x_wconf 85' lang='lat' dir='ltr'><strong>nullatenus</strong></span> <span class='ocrx_word' id='word_1_765' title='bbox 3099 4205 3247 4250; x_wconf 89' lang='lat' dir='ltr'><strong>tanta</strong></span> <span class='ocrx_word' id='word_1_766' title='bbox 3295 4201 3673 4255; x_wconf 81' lang='lat' dir='ltr'><strong>membrositas</strong></span> 
     </span>
    </p>
   </div>
   <div class='ocr_carea' id='block_1_106' title="bbox 2103 4285 3672 4357">
    <p class='ocr_par' dir='ltr' id='par_1_106' title="bbox 2103 4285 3672 4357">
     <span class='ocr_line' id='line_1_106' title="bbox 2103 4285 3672 4357; baseline 0.003 -17"><span class='ocrx_word' id='word_1_767' title='bbox 2103 4295 2424 4356; x_wconf 89' lang='lat' dir='ltr'><strong>portaretur.</strong></span> <span class='ocrx_word' id='word_1_768' title='bbox 2471 4285 2660 4339; x_wconf 87' lang='lat' dir='ltr'><strong>Fertur</strong></span> <span class='ocrx_word' id='word_1_769' title='bbox 2713 4290 2728 4323; x_wconf 73' lang='grc' dir='ltr'>ι</span> <span class='ocrx_word' id='word_1_770' title='bbox 2783 4295 2958 4340; x_wconf 88' lang='lat' dir='ltr'><strong>autem</strong></span> <span class='ocrx_word' id='word_1_771' title='bbox 3007 4289 3348 4357; x_wconf 90' lang='lat' dir='ltr'><strong>elephantum</strong></span> <span class='ocrx_word' id='word_1_772' title='bbox 3399 4297 3672 4344; x_wconf 82' lang='lat' dir='ltr'><strong>trecentos</strong></span> 
     </span>
    </p>
   </div>
   <div class='ocr_carea' id='block_1_107' title="bbox 2104 4375 3670 4448">
    <p class='ocr_par' dir='ltr' id='par_1_107' title="bbox 2104 4375 3670 4448">
     <span class='ocr_line' id='line_1_107' title="bbox 2104 4375 3670 4448; baseline 0.004 -18"><span class='ocrx_word' id='word_1_773' title='bbox 2104 4391 2274 4430; x_wconf 89' lang='lat' dir='ltr'><strong>annos</strong></span> <span class='ocrx_word' id='word_1_774' title='bbox 2301 4380 2354 4428; x_wconf 88' lang='lat' dir='ltr'><strong>et</strong></span> <span class='ocrx_word' id='word_1_775' title='bbox 2383 4375 2610 4443; x_wconf 91' lang='lat' dir='ltr'><strong>amplius</strong></span> <span class='ocrx_word' id='word_1_776' title='bbox 2637 4377 2846 4441; x_wconf 85' lang='lat' dir='ltr'><strong>vivere,</strong></span> <span class='ocrx_word' id='word_1_777' title='bbox 2875 4377 3276 4445; x_wconf 86' lang='lat' dir='ltr'><strong>ministerioque</strong></span> <span class='ocrx_word' id='word_1_778' title='bbox 3317 4381 3670 4448; x_wconf 88' lang='lat' dir='ltr'><strong>promuscidis</strong></span> 
     </span>
    </p>
   </div>
   <div class='ocr_carea' id='block_1_108' title="bbox 3225 4615 3666 4686">
    <p class='ocr_par' dir='ltr' id='par_1_108' title="bbox 3225 4615 3666 4686">
     <span class='ocr_line' id='line_1_108' title="bbox 3225 4615 3666 4686; baseline 0.011 -19"><span class='ocrx_word' id='word_1_779' title='bbox 3225 4631 3324 4684; x_wconf 84' lang='lat' dir='ltr'><strong>quo</strong></span> <span class='ocrx_word' id='word_1_780' title='bbox 3360 4615 3523 4669; x_wconf 75' lang='lat' dir='ltr'><strong>bestia</strong></span> <span class='ocrx_word' id='word_1_781' title='bbox 3551 4635 3666 4686; x_wconf 72' lang='lat' dir='ltr'><strong>qua!</strong></span> 
     </span>
    </p>
   </div>
   <div class='ocr_carea' id='block_1_109' title="bbox 2098 4678 3668 4754">
    <p class='ocr_par' dir='ltr' id='par_1_109' title="bbox 2098 4678 3668 4754">
     <span class='ocr_line' id='line_1_109' title="bbox 2098 4678 3668 4754; baseline 0.006 -22"><span class='ocrx_word' id='word_1_782' title='bbox 2098 4678 2582 4754; x_wconf 52' lang='lat' dir='ltr'><strong>lustraturizbierit.</strong></span> <span class='ocrx_word' id='word_1_783' title='bbox 2609 4678 2807 4741; x_wconf 68' lang='lat' dir='ltr'><strong>Gtmce,</strong></span> <span class='ocrx_word' id='word_1_784' title='bbox 2851 4684 2915 4754; x_wconf 46' lang='grc' dir='ltr'><strong>εζρΑ</strong></span> <span class='ocrx_word' id='word_1_785' title='bbox 2933 4685 3114 4754; x_wconf 73' lang='grc' dir='ltr'><strong>θηρίον.</strong></span> <span class='ocrx_word' id='word_1_786' title='bbox 3144 4678 3341 4738; x_wconf 79' lang='lat' dir='ltr'><strong>Ibidem</strong></span> <span class='ocrx_word' id='word_1_787' title='bbox 3379 4686 3535 4753; x_wconf 81' lang='lat' dir='ltr'><strong>editi,</strong></span> <span class='ocrx_word' id='word_1_788' title='bbox 3563 4678 3668 4741; x_wconf 68' lang='grc' dir='ltr'><strong>ἠε-ε</strong></span> 
     </span>
    </p>
   </div>
   <div class='ocr_carea' id='block_1_110' title="bbox 2097 4748 3020 4812">
    <p class='ocr_par' dir='ltr' id='par_1_110' title="bbox 2097 4748 3020 4812">
     <span class='ocr_line' id='line_1_110' title="bbox 2097 4748 3020 4812; baseline 0.004 -12"><span class='ocrx_word' id='word_1_789' title='bbox 2097 4749 2276 4803; x_wconf 82' lang='lat' dir='ltr'><strong>ullum.</strong></span> <span class='ocrx_word' id='word_1_790' title='bbox 2309 4748 2451 4802; x_wconf 89' lang='lat' dir='ltr'><strong>Libri</strong></span> <span class='ocrx_word' id='word_1_791' title='bbox 2481 4759 2706 4812; x_wconf 87' lang='lat' dir='ltr'><strong>veteres,</strong></span> <span class='ocrx_word' id='word_1_792' title='bbox 2743 4765 2834 4802; x_wconf 88' lang='lat' dir='ltr'><strong>nec</strong></span> <span class='ocrx_word' id='word_1_793' title='bbox 2856 4748 3020 4804; x_wconf 81' lang='lat' dir='ltr'><strong>illum.</strong></span> 
     </span>
    </p>
   </div>
   <div class='ocr_carea' id='block_1_111' title="bbox 2169 4816 3664 4887">
    <p class='ocr_par' dir='ltr' id='par_1_111' title="bbox 2169 4816 3664 4887">
     <span class='ocr_line' id='line_1_111' title="bbox 2169 4816 3664 4887; baseline 0.005 -17"><span class='ocrx_word' id='word_1_794' title='bbox 2169 4816 2193 4854; x_wconf 72' lang='grc' dir='ltr'><em>ά</em></span> <span class='ocrx_word' id='word_1_795' title='bbox 2226 4818 2364 4870; x_wconf 81' lang='lat' dir='ltr'><strong>Editi</strong></span> <span class='ocrx_word' id='word_1_796' title='bbox 2389 4827 2442 4870; x_wconf 90' lang='lat' dir='ltr'><strong>et</strong></span> <span class='ocrx_word' id='word_1_797' title='bbox 2460 4818 2564 4871; x_wconf 91' lang='lat' dir='ltr'><strong>duo</strong></span> <span class='ocrx_word' id='word_1_798' title='bbox 2589 4833 2737 4881; x_wconf 89' lang='lat' dir='ltr'><strong>mss.,</strong></span> <span class='ocrx_word' id='word_1_799' title='bbox 2766 4817 2925 4887; x_wconf 64' lang='lat' dir='ltr'><strong>cubile</strong></span> <span class='ocrx_word' id='word_1_800' title='bbox 2947 4822 3183 4887; x_wconf 84' lang='lat' dir='ltr'><strong>reperiat.</strong></span> <span class='ocrx_word' id='word_1_801' title='bbox 3214 4819 3278 4874; x_wconf 78' lang='lat' dir='ltr'><strong>At</strong></span> <span class='ocrx_word' id='word_1_802' title='bbox 3295 4821 3446 4876; x_wconf 89' lang='lat' dir='ltr'><strong>Colb.</strong></span> <span class='ocrx_word' id='word_1_803' title='bbox 3471 4839 3664 4878; x_wconf 85' lang='lat' dir='ltr'><strong>secun-</strong></span> 
     </span>
    </p>
   </div>
   <div class='ocr_carea' id='block_1_112' title="bbox 2096 4883 3666 4957">
    <p class='ocr_par' dir='ltr' id='par_1_112' title="bbox 2096 4883 3666 4957">
     <span class='ocr_line' id='line_1_112' title="bbox 2096 4883 3666 4957; baseline 0.006 -20"><span class='ocrx_word' id='word_1_804' title='bbox 2096 4883 2214 4949; x_wconf 89' lang='lat' dir='ltr'><strong>dus,</strong></span> <span class='ocrx_word' id='word_1_805' title='bbox 2247 4889 2439 4940; x_wconf 75' lang='lat' dir='ltr'><strong>civilem</strong></span> <span class='ocrx_word' id='word_1_806' title='bbox 2481 4888 2720 4954; x_wconf 73' lang='lat' dir='ltr'><strong>reperiat.</strong></span> <span class='ocrx_word' id='word_1_807' title='bbox 2771 4885 2899 4940; x_wconf 88' lang='lat' dir='ltr'><strong>Utra</strong></span> <span class='ocrx_word' id='word_1_808' title='bbox 2929 4883 3086 4943; x_wconf 77' lang='lat' dir='ltr'><strong>lectio</strong></span> <span class='ocrx_word' id='word_1_809' title='bbox 3130 4893 3293 4956; x_wconf 88' lang='lat' dir='ltr'><strong>magis</strong></span> <span class='ocrx_word' id='word_1_810' title='bbox 3321 4893 3562 4957; x_wconf 87' lang='lat' dir='ltr'><strong>eligenda</strong></span> <span class='ocrx_word' id='word_1_811' title='bbox 3593 4896 3666 4947; x_wconf 88' lang='lat' dir='ltr'><strong>sit</strong></span> 
     </span>
    </p>
   </div>
   <div class='ocr_carea' id='block_1_113' title="bbox 2099 4956 3664 5022">
    <p class='ocr_par' dir='ltr' id='par_1_113' title="bbox 2099 4956 3664 5022">
     <span class='ocr_line' id='line_1_113' title="bbox 2099 4956 3664 5022; baseline 0.007 -17"><span class='ocrx_word' id='word_1_812' title='bbox 2099 4957 2307 5009; x_wconf 89' lang='lat' dir='ltr'><strong>nescio:</strong></span> <span class='ocrx_word' id='word_1_813' title='bbox 2333 4956 2422 5008; x_wconf 91' lang='lat' dir='ltr'><strong>sed</strong></span> <span class='ocrx_word' id='word_1_814' title='bbox 2444 4957 2609 5022; x_wconf 91' lang='lat' dir='ltr'><strong>probe</strong></span> <span class='ocrx_word' id='word_1_815' title='bbox 2630 4957 2740 5008; x_wconf 88' lang='lat' dir='ltr'><strong>scio</strong></span> <span class='ocrx_word' id='word_1_816' title='bbox 2762 4964 3002 5009; x_wconf 89' lang='lat' dir='ltr'><strong>neutram</strong></span> <span class='ocrx_word' id='word_1_817' title='bbox 3024 4959 3087 5010; x_wconf 88' lang='lat' dir='ltr'><strong>ad</strong></span> <span class='ocrx_word' id='word_1_818' title='bbox 3110 4958 3348 5012; x_wconf 53' lang='lat' dir='ltr'><strong>Cinneam</strong></span> <span class='ocrx_word' id='word_1_819' title='bbox 3369 4956 3664 5017; x_wconf 85' lang='lat' dir='ltr'><strong>dictionem</strong></span> 
     </span>
    </p>
   </div>
   <div class='ocr_carea' id='block_1_114' title="bbox 2096 5023 3661 5095">
    <p class='ocr_par' dir='ltr' id='par_1_114' title="bbox 2096 5023 3661 5095">
     <span class='ocr_line' id='line_1_114' title="bbox 2096 5023 3661 5095; baseline 0.008 -22"><span class='ocrx_word' id='word_1_820' title='bbox 2096 5025 2486 5095; x_wconf 82' lang='lat' dir='ltr'><strong>accommodari</strong></span> <span class='ocrx_word' id='word_1_821' title='bbox 2517 5025 2622 5076; x_wconf 91' lang='lat' dir='ltr'><strong>ullo</strong></span> <span class='ocrx_word' id='word_1_822' title='bbox 2663 5023 2822 5076; x_wconf 88' lang='lat' dir='ltr'><strong>modo</strong></span> <span class='ocrx_word' id='word_1_823' title='bbox 2863 5040 3037 5092; x_wconf 84' lang='lat' dir='ltr'><strong>posse,</strong></span> <span class='ocrx_word' id='word_1_824' title='bbox 3084 5044 3202 5080; x_wconf 90' lang='lat' dir='ltr'><strong>cum</strong></span> <span class='ocrx_word' id='word_1_825' title='bbox 3233 5030 3370 5095; x_wconf 88' lang='lat' dir='ltr'><strong>apud</strong></span> <span class='ocrx_word' id='word_1_826' title='bbox 3400 5029 3661 5085; x_wconf 83' lang='lat' dir='ltr'><strong>Basilium</strong></span> 
     </span>
    </p>
   </div>
   <div class='ocr_carea' id='block_1_115' title="bbox 2090 5093 3440 5166">
    <p class='ocr_par' dir='ltr' id='par_1_115' title="bbox 2090 5093 3440 5166">
     <span class='ocr_line' id='line_1_115' title="bbox 2090 5093 3440 5166; baseline 0.006 -23"><span class='ocrx_word' id='word_1_827' title='bbox 2090 5093 2352 5166; x_wconf 58' lang='lat' dir='ltr'><strong>scripturn</strong></span> <span class='ocrx_word' id='word_1_828' title='bbox 2371 5093 2457 5166; x_wconf 79' lang='lat' dir='ltr'><strong>sit,</strong></span> <span class='ocrx_word' id='word_1_829' title='bbox 2491 5097 2708 5166; x_wconf 55' lang='lat' dir='ltr'><strong>sopierat</strong></span> <span class='ocrx_word' id='word_1_830' title='bbox 2736 5095 2791 5166; x_wconf 60' lang='lat' dir='ltr'><strong>ro</strong></span> <span class='ocrx_word' id='word_1_831' title='bbox 2820 5097 3008 5166; x_wconf 51' lang='grc' dir='ltr'><strong>ἀληᾷἐς,</strong></span> <span class='ocrx_word' id='word_1_832' title='bbox 3040 5113 3208 5148; x_wconf 79' lang='lat' dir='ltr'><strong>verum</strong></span> <span class='ocrx_word' id='word_1_833' title='bbox 3239 5093 3440 5166; x_wconf 63' lang='lat' dir='ltr'><strong>repetit.</strong></span> 
     </span>
    </p>
   </div>
   <div class='ocr_carea' id='block_1_116' title="bbox 2166 5161 3441 5231">
    <p class='ocr_par' dir='ltr' id='par_1_116' title="bbox 2166 5161 3441 5231">
     <span class='ocr_line' id='line_1_116' title="bbox 2166 5161 3441 5231; baseline 0.007 -19"><span class='ocrx_word' id='word_1_834' title='bbox 2166 5171 2189 5231; x_wconf 62' lang='grc' dir='ltr'><em>ς</em></span> <span class='ocrx_word' id='word_1_835' title='bbox 2219 5161 2375 5231; x_wconf 64' lang='grc' dir='ltr'><strong>Εόἰιί,</strong></span> <span class='ocrx_word' id='word_1_836' title='bbox 2402 5161 2642 5213; x_wconf 74' lang='lat' dir='ltr'><strong>lacerare.</strong></span> <span class='ocrx_word' id='word_1_837' title='bbox 2672 5161 2882 5229; x_wconf 87' lang='lat' dir='ltr'><strong>Antiqui</strong></span> <span class='ocrx_word' id='word_1_838' title='bbox 2903 5163 3006 5215; x_wconf 88' lang='lat' dir='ltr'><strong>duo</strong></span> <span class='ocrx_word' id='word_1_839' title='bbox 3037 5166 3174 5231; x_wconf 89' lang='lat' dir='ltr'><strong>lihri,</strong></span> <span class='ocrx_word' id='word_1_840' title='bbox 3205 5161 3441 5220; x_wconf 75' lang='lat' dir='ltr'><strong>lacerari.</strong></span> 
     </span>
    </p>
   </div>
   <div class='ocr_carea' id='block_1_117' title="bbox 2169 5227 3658 5303">
    <p class='ocr_par' dir='ltr' id='par_1_117' title="bbox 2169 5227 3658 5303">
     <span class='ocr_line' id='line_1_117' title="bbox 2169 5227 3658 5303; baseline 0.007 -24"><span class='ocrx_word' id='word_1_841' title='bbox 2169 5227 2188 5265; x_wconf 69' lang='grc' dir='ltr'><em>τ</em></span> <span class='ocrx_word' id='word_1_842' title='bbox 2217 5229 2355 5303; x_wconf 58' lang='lat' dir='ltr'><strong>Editj</strong></span> <span class='ocrx_word' id='word_1_843' title='bbox 2375 5271 2387 5292; x_wconf 95' lang='lat'><strong>,</strong></span> <span class='ocrx_word' id='word_1_844' title='bbox 2409 5231 2492 5303; x_wconf 69' lang='lat' dir='ltr'><strong>ita</strong></span> <span class='ocrx_word' id='word_1_845' title='bbox 2533 5227 2902 5303; x_wconf 60' lang='lat' dir='ltr'><strong>pecorum.</strong></span> <span class='ocrx_word' id='word_1_846' title='bbox 2939 5233 3044 5285; x_wconf 91' lang='lat' dir='ltr'><strong>duo</strong></span> <span class='ocrx_word' id='word_1_847' title='bbox 3074 5227 3223 5295; x_wconf 81' lang='lat' dir='ltr'><strong>mss.,</strong></span> <span class='ocrx_word' id='word_1_848' title='bbox 3255 5239 3365 5302; x_wconf 83' lang='lat' dir='ltr'><strong>ipsa</strong></span> <span class='ocrx_word' id='word_1_849' title='bbox 3397 5250 3658 5303; x_wconf 71' lang='lat' dir='ltr'><strong>pecorum.</strong></span> 
     </span>
    </p>
   </div>
   <div class='ocr_carea' id='block_1_118' title="bbox 2123 5298 3660 5420">
    <p class='ocr_par' dir='ltr' id='par_1_118' title="bbox 2123 5298 3660 5420">
     <span class='ocr_line' id='line_1_118' title="bbox 2123 5298 3660 5420; baseline 0.008 -72"><span class='ocrx_word' id='word_1_850' title='bbox 2123 5306 2188 5420; x_wconf 45' lang='lat' dir='ltr'><strong>.bk</strong></span> <span class='ocrx_word' id='word_1_851' title='bbox 2217 5298 2347 5350; x_wconf 80' lang='lat' dir='ltr'><strong>illud</strong></span> <span class='ocrx_word' id='word_1_852' title='bbox 2377 5300 2486 5350; x_wconf 82' lang='lat' dir='ltr'><strong>sine</strong></span> <span class='ocrx_word' id='word_1_853' title='bbox 2513 5313 2669 5350; x_wconf 86' lang='lat' dir='ltr'><strong>causa</strong></span> <span class='ocrx_word' id='word_1_854' title='bbox 2697 5299 2988 5354; x_wconf 85' lang='lat' dir='ltr'><strong>addidimus</strong></span> <span class='ocrx_word' id='word_1_855' title='bbox 3008 5317 3075 5355; x_wconf 82' lang='lat' dir='ltr'><strong>ex</strong></span> <span class='ocrx_word' id='word_1_856' title='bbox 3096 5298 3300 5356; x_wconf 83' lang='lat' dir='ltr'><strong>duobus</strong></span> <span class='ocrx_word' id='word_1_857' title='bbox 3329 5298 3478 5358; x_wconf 79' lang='lat' dir='ltr'><strong>libris</strong></span> <span class='ocrx_word' id='word_1_858' title='bbox 3509 5317 3660 5360; x_wconf 78' lang='lat' dir='ltr'><strong>vete-</strong></span> 
     </span>
     <span class='ocr_line' id='line_1_119' title="bbox 2123 5383 2259 5419; baseline 0.007 -1"><span class='ocrx_word' id='word_1_859' title='bbox 2123 5383 2136 5418; x_wconf 89' lang='grc' dir='ltr'><strong><em>ι</em></strong></span> <span class='ocrx_word' id='word_1_860' title='bbox 2179 5383 2259 5419; x_wconf 83' lang='lat' dir='ltr'><strong>us.</strong></span> 
     </span>
    </p>
   </div>
   <div class='ocr_carea' id='block_1_119' title="bbox 2093 5381 2259 5419">
    <p class='ocr_par' dir='ltr' id='par_1_119' title="bbox 2093 5381 2259 5419">
     <span class='ocr_line' id='line_1_120' title="bbox 2093 5381 2259 5419; baseline 0.006 -1"><span class='ocrx_word' id='word_1_861' title='bbox 2093 5381 2259 5419; x_wconf 82' lang='lat' dir='ltr'><strong>l&#39;lDUS.</strong></span> 
     </span>
    </p>
   </div>
   <div class='ocr_carea' id='block_1_120' title="bbox 2163 5433 3659 5556">
    <p class='ocr_par' dir='ltr' id='par_1_120' title="bbox 2163 5433 3659 5556">
     <span class='ocr_line' id='line_1_121' title="bbox 2163 5433 3659 5556; baseline 0.008 -71"><span class='ocrx_word' id='word_1_862' title='bbox 2163 5433 2378 5515; x_wconf 46' lang='lat' dir='ltr'><strong>§_Editi,</strong></span> <span class='ocrx_word' id='word_1_863' title='bbox 2375 5437 2652 5556; x_wconf 29' lang='lat' dir='ltr'><strong>(Intercepit:</strong></span> <span class='ocrx_word' id='word_1_864' title='bbox 2666 5434 2807 5488; x_wconf 89' lang='lat' dir='ltr'><strong>Libri</strong></span> <span class='ocrx_word' id='word_1_865' title='bbox 2829 5439 3048 5504; x_wconf 87' lang='lat' dir='ltr'><strong>antiqui,</strong></span> <span class='ocrx_word' id='word_1_866' title='bbox 3077 5441 3307 5508; x_wconf 75' lang='lat' dir='ltr'><strong>percipit.</strong></span> <span class='ocrx_word' id='word_1_867' title='bbox 3343 5440 3510 5495; x_wconf 84' lang='lat' dir='ltr'><strong>Paulo</strong></span> <span class='ocrx_word' id='word_1_868' title='bbox 3537 5453 3659 5510; x_wconf 64' lang='lat' dir='ltr'><strong>post</strong></span> 
     </span>
     <span class='ocr_line' id='line_1_122' title="bbox 2163 5507 3659 5556; baseline 0.001 -1"><span class='ocrx_word' id='word_1_869' title='bbox 2163 5513 2238 5556; x_wconf 80' lang='grc' dir='ltr'><strong>ιιι.</strong></span> <span class='ocrx_word' id='word_1_870' title='bbox 2270 5522 2369 5556; x_wconf 76' lang='lat' dir='ltr'><strong>non</strong></span> <span class='ocrx_word' id='word_1_871' title='bbox 2411 5521 2509 5556; x_wconf 74' lang='lat' dir='ltr'><strong>eris</strong></span> <span class='ocrx_word' id='word_1_872' title='bbox 2537 5507 2892 5556; x_wconf 76' lang='lat' dir='ltr'><strong>subiectarent.</strong></span> <span class='ocrx_word' id='word_1_873' title='bbox 2923 5508 2989 5556; x_wconf 86' lang='lat' dir='ltr'><strong>At</strong></span> <span class='ocrx_word' id='word_1_874' title='bbox 3017 5512 3183 5556; x_wconf 82' lang='lat' dir='ltr'><strong>nostri</strong></span> <span class='ocrx_word' id='word_1_875' title='bbox 3217 5521 3321 5556; x_wconf 75' lang='lat' dir='ltr'><strong>tres</strong></span> <span class='ocrx_word' id='word_1_876' title='bbox 3347 5528 3501 5556; x_wconf 59' lang='grc' dir='ltr'><strong>ιιιςς--</strong></span> <span class='ocrx_word' id='word_1_877' title='bbox 3533 5512 3659 5556; x_wconf 70' lang='lat' dir='ltr'><strong>sub.</strong></span> 
     </span>
    </p>
   </div>
   <div class='ocr_carea' id='block_1_121' title="bbox 2091 5503 3659 5576">
    <p class='ocr_par' dir='ltr' id='par_1_121' title="bbox 2091 5503 3659 5576">
     <span class='ocr_line' id='line_1_123' title="bbox 2091 5503 3659 5576; baseline 0.008 -21"><span class='ocrx_word' id='word_1_878' title='bbox 2091 5503 2238 5566; x_wconf 88' lang='lat' dir='ltr'><strong>editi,</strong></span> <span class='ocrx_word' id='word_1_879' title='bbox 2270 5503 2509 5572; x_wconf 86' lang='lat' dir='ltr'><strong>ponderis</strong></span> <span class='ocrx_word' id='word_1_880' title='bbox 2537 5503 2892 5573; x_wconf 64' lang='lat' dir='ltr'><strong>eubjectai&#39;ertt.</strong></span> <span class='ocrx_word' id='word_1_881' title='bbox 2923 5503 2989 5560; x_wconf 75' lang='lat' dir='ltr'><strong>At</strong></span> <span class='ocrx_word' id='word_1_882' title='bbox 3017 5503 3183 5562; x_wconf 82' lang='lat' dir='ltr'><strong>nostri</strong></span> <span class='ocrx_word' id='word_1_883' title='bbox 3216 5503 3321 5564; x_wconf 84' lang='lat' dir='ltr'><strong>tres</strong></span> <span class='ocrx_word' id='word_1_884' title='bbox 3346 5528 3502 5576; x_wconf 84' lang='lat' dir='ltr'><strong>mss.,</strong></span> <span class='ocrx_word' id='word_1_885' title='bbox 3533 5503 3659 5567; x_wconf 71' lang='grc' dir='ltr'><strong>ἐςυῦ-</strong></span> 
     </span>
    </p>
   </div>
   <div class='ocr_carea' id='block_1_122' title="bbox 2088 5579 2362 5625">
    <p class='ocr_par' dir='ltr' id='par_1_122' title="bbox 2088 5579 2362 5625">
     <span class='ocr_line' id='line_1_124' title="bbox 2088 5579 2362 5625; baseline -0.004 -1"><span class='ocrx_word' id='word_1_886' title='bbox 2088 5579 2362 5625; x_wconf 73' lang='lat' dir='ltr'><strong>necterent.</strong></span> 
     </span>
    </p>
   </div>
   <div class='ocr_carea' id='block_1_123' title="bbox 2081 5641 3088 5702">
    <p class='ocr_par' dir='ltr' id='par_1_123' title="bbox 2081 5641 3088 5702">
     <span class='ocr_line' id='line_1_125' title="bbox 2081 5641 3088 5702; baseline 0.005 -7"><span class='ocrx_word' id='word_1_887' title='bbox 2081 5700 2083 5702; x_wconf 50' lang='grc'>,</span> <span class='ocrx_word' id='word_1_888' title='bbox 2169 5641 2185 5678; x_wconf 70' lang='grc' dir='ltr'><strong>λ</strong></span> <span class='ocrx_word' id='word_1_889' title='bbox 2216 5641 2365 5696; x_wconf 86' lang='lat' dir='ltr'><strong>Colb.</strong></span> <span class='ocrx_word' id='word_1_890' title='bbox 2396 5641 2678 5698; x_wconf 87' lang='lat' dir='ltr'><strong>secundus.</strong></span> <span class='ocrx_word' id='word_1_891' title='bbox 2713 5644 2876 5697; x_wconf 74' lang='lat' dir='ltr'><strong>ferunt</strong></span> <span class='ocrx_word' id='word_1_892' title='bbox 2904 5653 3088 5700; x_wconf 74' lang='lat' dir='ltr'><strong>autem.</strong></span> 
     </span>
    </p>
   </div>
  </div>
