3824 6214
148 330 256 390 983

936 320 1305 381 EUSTATllll
1347 315 1755 376 HEXAEMERI
1798 310 2286 374 METAPHBASIS
2319 308 2520 365 LIBER
2558 305 2654 363 IX.

3313 301 3423 362 966

163 456 344 510 cibum
373 453 610 519 sibimet,
639 459 698 505 ut
725 450 974 512 diximus,
999 447 1313 509 admovere;
1338 457 1430 512 qui
1456 447 1604 496 velut
1633 454 1748 494 ser-
1773 441 1821 500 Α
1847 438 1973 494 licta
2000 439 2386 508 contemplans,
2418 439 2620 492 tardior
2646 445 2728 492 est
2754 449 2878 505 erga
2905 449 3126 492 suorum
3155 433 3422 502 cognitio-

169 553 310 616 pens'
328 545 545 614 quidam
575 544 822 598 sinuosus
853 546 908 594 et
946 539 1209 601 lubricus,
1259 536 1365 590 huc
1408 541 1574 602 atque
1621 532 1747 585 illuc

169 637 422 692 ﬂectitur.
452 635 529 689 lta
554 649 713 688 verus
744 639 826 686 est
853 644 1030 684 sermo
1051 628 1143 698 qui
1176 626 1365 682 asserit
1396 623 1526 677 nihil
1554 622 1748 682 minus,

171 718 308 772 nihil
327 714 664 784 superﬂuum
684 714 735 767 in
751 725 778 753 α
795 728 975 766 rerum
994 721 1242 766 creatura
1261 710 1663 780 reperiri.llanc
1683 720 1761 764 ta-

173 827 300 865 men
337 808 504 878 752
533 808 705 876 ipsam
723 805 958 860 belluam
980 814 1086 859 tam
1122 805 1391 875 ingentem
1419 802 1562 856 Deus
1583 801 1767 868 subje-

175 914 324 957 ctam
342 901 500 954 nobis
512 912 632 953 esse
645 897 921 967 praicepit:
939 904 996 949 ut
1010 905 1065 950 et
1087 896 1228 965 quod
1261 896 1548 950 doceretur
1561 893 1764 946 intelli-

179 1005 292 1062 gat,
320 1003 380 1048 et
397 993 524 1047 dum
543 991 768 1046 caeditur
788 987 1333 1057 patiatur,manifesle
1348 987 1632 1042 declarans
1644 998 1772 1040 cun-

175 1097 259 1136 rta
283 1085 447 1138 nobis
462 1084 586 1137 ideo
606 1083 770 1138 fuisse
785 1083 1086 1154 subiugata,
1105 1083 1229 1152 quia
1251 1097 1348 1135 nos
1369 1080 1435 1158 ad
1472 1077 1767 1146 imaginem

177 1167 270 1225 Dei
300 1168 434 1222 facti
459 1182 664 1233 sumus,
695 1173 749 1219 et
775 1179 882 1219 non
913 1163 1083 1217 solum
1106 1162 1158 1214 in
1186 1160 1428 1214 maximis
1447 1158 1760 1211 animalibus

177 1259 295 1326 ejus
315 1256 740 1310 inaestimabilem
760 1252 1074 1321 sapientiam
1095 1264 1376 1320 possumus
1391 1246 1759 1315 contemplari,

179 1347 273 1403 sal
290 1347 346 1400 in
371 1345 608 1399 minimis
623 1356 837 1412 quoque
852 1340 1090 1394 bestiolis
1106 1337 1293 1393 eadem
1309 1335 1647 1390 considerare
1661 1334 1764 1387 mi-

181 1436 392 1491 racula.
422 1433 574 1488 Sicut
593 1433 733 1486 enim
756 1446 863 1485 non
887 1429 1017 1484 satis
1036 1428 1271 1482 admiror
1299 1439 1613 1492 magnorum
1641 1437 1764 1476 ver—

182 1525 320 1580 tices
345 1523 612 1578 montium
637 1521 784 1589 quia,
807 1534 927 1574 cum
947 1517 1177 1587 proximi
1202 1515 1428 1570 nubibus
1449 1514 1760 1575 habeantur,

183 1613 424 1669 assiduis
450 1610 664 1664 ﬂatibus
710 1607 1052 1676 gravissimas
1092 1604 1367 1674 perferunt
1393 1593 1762 1670 tempestates,

186 1704 270 1758 vel
291 1719 324 1758 e
345 1710 536 1757 contra
566 1699 933 1770 speluncarum
953 1695 1278 1759 cavationes,
1305 1692 1428 1760 quia
1459 1706 1564 1744 non
1594 1689 1765 1744 solum

1850 545 1972 584 nem
1997 530 2284 594 vitiorum,
2331 528 2473 582 unde
2518 527 2680 582 etiam
2725 541 2866 581 nunc
2908 539 3126 594 quoque
3168 523 3424 579 velociter

1851 621 2037 674 alienis
2062 620 2269 674 actibus
2306 618 2322 656 ί
2361 633 2540 674 sermo
2566 617 2824 682 decursis,
2851 616 3096 670 obtusior
3117 615 3344 669 habetur
3367 621 3426 669 et

1851 712 2051 782 pigrior
2091 711 2158 764 ad
2203 709 2556 765 examinanda
2601 723 2721 777 quae
2766 713 2935 766 sunt;
2969 714 3026 760 et
3067 722 3175 759 non
3221 715 3330 758 tam
3357 721 3425 760 ex

1853 801 2239 855 elementorum
2280 798 2668 866 compositione
2695 804 2942 864 reputare
2971 811 3252 863 possumus
3283 793 3428 847 Con-

1854 891 2104 956 ditorem,
2128 905 2288 958 quam
2309 889 2470 943 etiam
2499 902 2567 942 ex
2593 894 2776 940 nostra
2801 886 3038 954 ipsorum
3067 884 3422 938 formatione:

1855 981 1902 1035 si
1929 989 2108 1034 tamen
2143 994 2202 1033 se
2247 979 2478 1047 quisque
2502 977 2632 1031 velit
2658 974 2952 1044 prudenter
2978 973 3262 1042 inspicere,
3288 973 3425 1026 sicut

1857 1071 1986 1126 dicit
2004 1070 2266 1140 propheta
2291 1087 2304 1122 :
2337 1069 2620 1139 Miriﬁcata
2652 1077 2730 1121 est
2759 1068 2900 1121 notio
2931 1075 3020 1117 tua
3051 1082 3115 1118 ex
3142 1081 3222 1117 me
3252 1062 3407 1132 (Psal

1859 1176 2110 1223 cxxxvru,
2133 1159 2219 1229 6);
2264 1159 2316 1213 id
2345 1167 2454 1224 est,
2495 1158 2621 1212 dum
2663 1173 2749 1212 me
2777 1159 2949 1226 ipsum
2980 1156 3208 1218 intueor,
3241 1153 3414 1208 ineffa-

1861 1251 1981 1306 bilis
2008 1259 2112 1303 tuze
2157 1249 2431 1318 sapientia:
2472 1248 2620 1302 disco
2673 1247 2944 1300 virtutem.
2998 1243 3068 1296 Et
3111 1243 3243 1296 dixit
3264 1241 3428 1304 Deus,

1864 1341 2116 1412 faciamus
2157 1339 2428 1393 hominem.
2481 1337 2582 1392 Ubi
2611 1345 2730 1392 sunt
2777 1352 2920 1390 nunc
2961 1334 3127 1390 Judtni
3151 1374 3165 1399 ,
3208 1335 3346 1403 quit!
3380 1333 3431 1386 in

1863 1430 2208 1498 sequentibus
2263 1430 2406 1484 velut
2455 1444 2554 1498 per
2597 1427 2856 1497 quasdam
2903 1441 3162 1481 cavernas
3212 1422 3433 1477 Deitatis

1865 1520 1985 1574 luce
2012 1518 2264 1586 fulgente,
2292 1519 2631 1588 secundaque
2667 1532 2899 1586 persona
2927 1531 3046 1586 qua:
3069 1515 3289 1584 mystice
3315 1512 3436 1580 qui-

1865 1610 1987 1664 dem
2011 1610 2331 1672 declaratur,
2384 1609 2610 1664 necdum
2654 1617 2834 1663 tamen
2863 1606 3142 1662 manifeste
3169 1605 3434 1674 conspici-

1868 1710 1975 1762 tur,
2003 1702 2370 1769 repugnabant
2392 1699 2632 1754 dicentes
2651 1698 2863 1754 sibimet
2884 1699 3057 1767 ipsum
3085 1697 3229 1764 loqui
3251 1695 3436 1760 Deum,

186 1802 478 1849 ventorum
504 1789 744 1845 fremitus
772 1788 973 1842 evitare
993 1785 1187 1851 solent,
1216 1785 1410 1852 quibus
1438 1780 1604 1835 ardua
1627 1795 1762 1849 qua-
1797 1793 1837 1850 Β
1866 1792 2118 1861 quoniam
2164 1791 2277 1859 ipse
2318 1790 2454 1844 dixit
2491 1797 2546 1844 ει
2590 1790 2703 1859 ipse
2750 1789 2908 1856 fecit,
2940 1787 3065 1840 pia;
3091 1787 3198 1851 lux,
3230 1795 3280 1838 ει
3301 1787 3438 1856 [πω

189 1883 419 1947 tiuutur,
441 1880 536 1936 sed
555 1879 878 1948 sempiterna
899 1876 1059 1930 etiam
1078 1873 1106 1912 δ
1133 1873 1388 1942 temperie
1406 1870 1766 1937 gratulantur:

189 1975 268 2031 sic
294 1983 350 2028 et
380 1974 436 2026 in
463 1971 769 2025 animalium
794 1967 996 2031 forma,
1032 1981 1137 2021 non
1165 1973 1368 2018 tantam
1396 1962 1770 2017 vastitudinem

190 2062 464 2133 elephanti
491 2069 699 2128 stupeo,
736 2066 996 2127 quantum
1018 2071 1244 2119 murem,
1273 2055 1366 2122 qui
1393 2052 1770 2108 formidolosus

191 2153 484 2222 elephanto
529 2158 642 2212 est,
688 2148 774 2202 vel
817 2147 1062 2201 aculeum
1107 2144 1511 2199 subtilissimum
1551 2142 1768 2210 scorpii,

192 2256 354 2310 quem
385 2249 639 2308 tanquam
667 2237 899 2292 ﬁstulam
927 2233 1212 2304 quamdam
1239 2233 1499 2302 sapientia
1526 2229 1770 2300 perfora-

200 2330 277 2385 vit
306 2327 545 2394 artiﬁcis,
569 2335 628 2381 ut
649 2341 743 2396 per
763 2340 880 2380 eam
902 2325 1048 2378 virus
1067 2339 1096 2378 a
1119 2338 1177 2378 se
1195 2322 1487 2376 vulneratis
1511 2320 1770 2389 injiceret.

199 2418 306 2473 Sed
337 2417 512 2471 nullus
559 2416 629 2470 ob
675 2416 778 2470 hoc
825 2413 1181 2484 reprehendat
1215 2411 1598 2466 Conditorem:
1628 2409 1773 2479 quod

199 2512 324 2565 vita:
371 2518 570 2563 nostra:
614 2507 813 2562 bestias
839 2521 1140 2560 venenosas
1186 2504 1444 2558 adhibuit.
1474 2502 1552 2556 Ita
1579 2513 1600 2542 ο
1631 2503 1774 2556 enim

197 2601 317 2668 quis
343 2608 400 2654 et
428 2605 815 2669 praeceptorem
843 2595 1170 2651 insimulabit
1214 2594 1471 2648 infantum
1491 2632 1505 2659 ,
1536 2593 1628 2662 qui
1653 2591 1774 2647 offi-

197 2692 283 2745 cia
310 2705 409 2744 eos
436 2688 728 2757 disciplina:
755 2685 1024 2741 custodire
1049 2684 1401 2754 compellens,
1434 2683 1678 2737 lascivias
1721 2689 1777 2736 et

200 2779 580 2850 protervitates
607 2778 817 2832 illorum
846 2777 1005 2830 minis
1033 2775 1450 2842 verberibusque
1479 2775 1723 2841 castigat.

270 2869 323 2923 6.
367 2869 506 2935 Quin
533 2869 714 2937 potius
747 2865 1136 2921 confessionem
1166 2864 1291 2918 fidei
1335 2864 1490 2918 nobis
1521 2863 1774 2931 intelligi-

203 2973 319 3013 mus
360 2973 452 3012 res
488 2956 677 3010 noxias
707 2955 960 3009 indicare.
1004 2954 1060 3008 Si
1089 2954 1232 3008 enim
1260 2952 1486 3007 confidis
1515 2953 1566 3007 in
1596 2952 1779 3007 Domi-

204 3063 352 3114 num,
385 3063 537 3116 super
569 3045 797 3115 aspidem
835 3053 882 3096 et
909 3043 1206 3097 basiliscum
1233 3043 1540 3108 ambulabis,
1573 3053 1622 3096 et
1648 3059 1774 3096 con-

1869 1890 1947 1934 est
1985 1880 2109 1933 lux?
2147 1879 2312 1933 Erant
2363 1878 2574 1947 quidem
2625 1878 2680 1931 in
2725 1885 3014 1947 promptu,
3047 1883 3102 1929 et
3143 1889 3284 1928 nunc
3322 1886 3442 1940 quas

1869 1971 2031 2025 modo
2079 1968 2422 2039 proferuntur
2469 1967 2536 2021 ab
2586 1967 2665 2021 eis
2705 1966 2936 2034 ineptiae.
2969 1964 3098 2030 Quis
3123 1963 3263 2017 enim
3292 1960 3441 2014 faber

1867 2060 2119 2115 ferrarius
2142 2097 2158 2124 ,
2187 2067 2280 2113 aut
2308 2057 2674 2126 carpentarius
2696 2097 2711 2121 ,
2744 2063 2836 2109 aut
2875 2055 3145 2109 coriorum
3170 2050 3442 2105 confector

1869 2151 2015 2204 solus
2043 2151 2096 2204 in
2123 2165 2222 2204 suo
2263 2148 2561 2203 consistens
2607 2146 2906 2214 ergastulo,
2934 2144 3022 2198 cui
3053 2144 3077 2179 ιι
3107 2143 3284 2196 uullu‘s
3311 2139 3442 2194 artis

1868 2243 2050 2297 socius
2093 2249 2289 2310 praesto
2317 2248 2425 2301 est,
2470 2239 2683 2293 sibimet
2719 2239 2836 2306 ipse
2868 2237 3016 2301 dicit,
3048 2235 3302 2288 faciamus
3330 2231 3444 2300 gla-

1871 2333 2015 2387 dium
2041 2373 2056 2397 ,
2105 2333 2190 2387 vel
2239 2340 2474 2386 aratrum
2518 2329 2985 2400 compaginemus,
3039 2335 3130 2380 aut
3157 2327 3444 2380 formemus

1872 2422 2140 2486 calceum;
2171 2427 2226 2475 et
2260 2436 2370 2473 non
2399 2419 2567 2486 magis
2593 2419 2789 2472 tacitus
2814 2417 3047 2485 speciem
3077 2429 3237 2482 quam
3266 2421 3444 2466 mento

1873 2499 2160 2568 destinavit
2187 2512 2461 2581 inceptat?
2490 2510 2700 2564 Etenim
2722 2523 2858 2562 vana
2889 2506 3174 2576 garrulitas
3199 2513 3298 2568 est,
3344 2505 3446 2557 lio-

1873 2592 2074 2660 mimim
2101 2603 2405 2672 quempiam
2427 2640 2444 2665 ,
2485 2601 2634 2656 velut
2677 2599 2910 2669 iudicem
2946 2606 3039 2652 aut
3065 2609 3343 2652 censorem
3369 2594 3447 2648 di~

1882 2695 2067 2748 stricte
2094 2694 2307 2747 sibimet
2334 2691 2532 2760 aliquid
2570 2691 2854 2760 imperare.
2900 2686 3214 2755 Quanquam
3239 2685 3292 2739 lii
3313 2699 3447 2753 quo-

1873 2799 1981 2853 que
2025 2783 2116 2851 qui
2160 2781 2446 2836 Dominum
2493 2777 2912 2839 crucifixeruut,
2962 2777 3088 2845 quid
3126 2790 3232 2828 non
3255 2773 3447 2828 dicturi

1874 2877 2020 2940 sint,
2067 2874 2388 2928 etercitatas
2435 2871 2501 2925 ad
2547 2871 2884 2925 mendacium
2929 2869 3139 2934 linguas
3168 2866 3447 2931 habentes,

1874 2965 2000 3020 licet
2046 2978 2280 3033 praesens
2321 2978 2424 3015 vox
2466 2976 2655 3015 eorum
2699 2960 2913 3030 penitus
2953 2974 3049 3012 ora
3079 2955 3447 3026 pmcluseriti

1876 3055 1944 3108 Et
1970 3055 2102 3108 dixit
2123 3055 2282 3117 Deus,
2318 3051 2598 3105 Faciamus
2629 3050 2906 3104 hominem.
2947 3047 3130 3101 Donec
3157 3047 3318 3113 igitur
3344 3044 3448 3097 mi-

203 3138 430 3194 culcabis
461 3139 657 3192 leonem
695 3147 744 3191 et
771 3137 1047 3190 draconem
1079 3136 1251 3206 (Psal.
1280 3153 1368 3200 xc,
1398 3135 1507 3205 15).
1540 3135 1775 3190 Remini-

1881 3148 2023 3200 nime
2050 3145 2143 3213 qui
2170 3145 2455 3198 doceretur
2482 3141 2758 3206 existeret,
2791 3139 2842 3192 in
2863 3137 3129 3208 profundo
3153 3136 3250 3190 fuit
3271 3132 3448 3192 abdita

203 3243 360 3285 scere
389 3242 618 3296 namque
646 3225 914 3297 quomodo
943 3224 1141 3280 Paulus
1169 3242 1290 3280 cum
1323 3226 1461 3294 ligna
1483 3228 1766 3295 colligeret

205 3336 392 3376 morsu
433 3320 632 3389 vipera:
677 3319 944 3373 sauciatus
966 3357 982 3382 ,
1016 3317 1145 3370 nihil
1175 3317 1406 3371 lmsionis
1435 3318 1675 3386 accepit:
1707 3317 1776 3371 ob

209 3412 314 3468 hoc
341 3413 578 3475 scilicet,
611 3411 753 3480 quod
777 3409 898 3464 ﬁdei
930 3410 1121 3478 plenus
1162 3410 1242 3463 vir
1289 3409 1377 3463 ille
1415 3411 1779 3465 sanctissimus

208 3501 236 3542 ἀ
253 3504 570 3558 habebatur.
601 3501 695 3556 Sin
723 3509 902 3556 autem
929 3499 1094 3555 fueris
1118 3499 1367 3564 infidelis,
1389 3516 1497 3554 non
1527 3509 1637 3554 tam
1661 3515 1777 3554 ser-

209 3603 425 3665 pentem
448 3602 688 3648 metuere
711 3590 949 3657 debebis,
972 3590 1065 3644 sed
1095 3589 1460 3644 infidelitatem
1487 3591 1779 3660 propriam,

211 3697 310 3753 per
339 3699 500 3752 quam
537 3691 594 3736 tu
625 3693 675 3736 te
704 3682 816 3751 ipse
844 3681 1134 3750 perditioni
1173 3682 1464 3735 obnoxium
1491 3683 1778 3750 pcrl'ecisti.

217 3783 241 3810 ο
263 3772 369 3827 Sed
389 3788 493 3842 1am
519 3773 690 3826 sentio
710 3787 797 3826 me
837 3771 1080 3824 humana:
1110 3771 1399 3824 nativitatis
1427 3771 1607 3825 debito
1635 3772 1784 3840 ﬂagi-

215 3864 356 3929 tari,
408 3870 462 3916 et
509 3862 809 3915 auditorum
854 3874 1016 3914 voces
1043 3860 1097 3912 in
1125 3860 1378 3914 cordibus
1404 3861 1561 3915 audio
1589 3862 1783 3915 mussi-

213 3961 408 4017 tantes,
441 3967 506 4006 eo
522 3951 665 4020 quod
687 3959 869 4005 nostra
897 3949 1111 4018 quidem
1139 3951 1317 4018 qualia
1345 3951 1451 4004 sint
1477 3951 1782 4014 doceamus,

214 4051 427 4098 nosmet
453 4058 583 4098 vero
605 4043 750 4112 ipsos
780 4043 1104 4110 ignoremus.
1137 4039 1504 4095 Necessarium
1533 4051 1615 4096 est
1634 4056 1782 4108 ergo,

214 4136 409 4188 nubem
437 4135 581 4188 illam
628 4150 746 4204 qua:
800 4136 1075 4189 hominum
1103 4150 1290 4189 sensus
1314 4135 1506 4203 caligat
1533 4137 1742 4205 eripere
1770 4153 1782 4188 :

215 4242 337 4280 nam
387 4242 571 4281 revera
609 4228 845 4281 omnium
887 4243 1170 4282 causarum
1213 4227 1581 4282 diﬂicillimum
1626 4238 1708 4282 est
1730 4242 1788 4281 se

217 4317 393 4386 ipsum
421 4331 764 4386 cognoscere.
819 4316 935 4371 Non
983 4318 1126 4372 enim
1166 4319 1313 4372 solus
1351 4320 1538 4373 oculus
1585 4335 1647 4374 ea
1671 4334 1789 4389 qua:

216 4410 553 4462 extrinsecus
588 4410 850 4462 habentur
885 4409 1202 4477 inspiciens,
1243 4411 1479 4479 seipsum
1512 4427 1617 4464 non
1647 4412 1792 4466 valet

1879 3236 2188 3308 prtcdicatio
2217 3234 2460 3288 Deitatis.
2511 3230 2612 3286 Ubi
2652 3246 2780 3285 vero
2819 3229 2984 3297 carpit
3011 3228 3241 3282 hominis
3268 3239 3448 3294 exspe-

1878 3327 2013 3382 Ctari
2042 3326 2278 3389 creatio,
2307 3323 2545 3377 revelata
2575 3328 2657 3376 est
2687 3320 2838 3381 fides,
2870 3328 2925 3374 et
2954 3319 3229 3372 evidenter
3257 3317 3448 3383 dogma

1882 3416 2118 3471 veritatis
2146 3415 2381 3469 emicuit.
2437 3411 2690 3467 Ausculta
2709 3454 2722 3474 ,
2754 3408 2936 3464 Judme
2965 3408 3160 3464 Christi
3191 3420 3450 3476 repugna-

1883 3517 1988 3575 tor,
2019 3507 2291 3576 quomodo
2319 3505 2519 3559 socium
2550 3500 3000 3556 mundiftcationis
3023 3500 3326 3568 alloquitur,
3355 3511 3450 3566 per

1881 3614 2042 3668 quem
2083 3597 2276 3653 saecula
2326 3595 2481 3662 fecit,
2520 3594 2611 3663 qui
2652 3593 2760 3660 agit
2799 3591 2976 3646 omnia
3005 3590 3170 3645 verbo
3197 3590 3452 3658 potentia)

1882 3705 2024 3744 suae:
2057 3688 2151 3743 sed
2180 3697 2301 3742 tuus
2328 3687 2536 3740 animus
2560 3683 2720 3738 verba
2754 3697 2860 3736 non
2893 3681 3082 3750 recipit
3109 3679 3340 3748 pietatis.
3371 3678 3454 3732 Si-

1884 3786 1974 3832 cut
2018 3778 2161 3832 enim
2209 3776 2335 3830 fera:
2376 3791 2498 3829 cum
2546 3772 2891 3827 includuntur
2937 3771 2992 3824 in
3039 3771 3237 3832 caveis,
3269 3769 3454 3824 vulvas

1885 3887 2070 3926 earum
2115 3868 2366 3922 dentibus
2413 3865 2683 3930 exedunt,
2735 3861 3143 3916 amaritudinem
3184 3861 3455 3930 propriam

1885 3961 2315 4014 demonstrantes
2339 3998 2353 4021 ,
2385 3954 2619 4008 furorem
2661 3961 2839 4005 tamen
2878 3965 3033 4004 suum
3064 3958 3333 4018 nequeunt
3359 3964 3457 4003 cx-

1885 4051 2071 4120 plere:
2123 4049 2201 4102 sic
2244 4045 2458 4100 Judacus
2507 4042 2844 4097 adversarius
2892 4041 3158 4109 veritatis,
3191 4040 3457 4109 alligatio-

1891 4156 2014 4195 uum
2044 4146 2346 4194 coarctatus
2371 4134 2628 4203 angustiis
2645 4174 2660 4197 ,
2691 4133 2886 4186 multas
2912 4133 3104 4186 asserit
3131 4147 3249 4186 esse
3275 4145 3457 4201 perso~

1889 4247 1986 4286 nas
2005 4248 2017 4260 ·
2050 4229 2113 4284 ad
2141 4243 2272 4298 quas
2299 4226 2530 4280 Verbum
2561 4223 2654 4277 Dei
2683 4223 3008 4293 processisse
3037 4216 3312 4276 mentitur.
3357 4219 3458 4274 Fe-

1891 4327 2014 4374 runt
2044 4319 2206 4382 enim,
2234 4315 2374 4385 quod
2401 4315 2601 4382 angelis
2626 4313 2822 4366 dixerit
2845 4330 2858 4364 :
2891 4311 3171 4365 Faciamus
3187 4312 3458 4366 hominem.

1892 4411 2110 4464 Judaica
2153 4414 2278 4462 vere
2323 4405 2466 4460 fictio
2485 4446 2499 4470 ,
2531 4418 2746 4471 suaeque
2774 4403 2930 4470 digna
2952 4400 3182 4470 perfidia:
3212 4399 3459 4454 fabulosi~

219 4499 451 4554 intueri:
501 4497 597 4552 sed
637 4499 800 4552 etiam
827 4513 977 4552 mens
1020 4499 1131 4567 ipsa
1161 4500 1289 4553 satis
1318 4509 1471 4554 acute
1495 4501 1667 4554 aliena
1691 4501 1786 4555 dc-
1815 4498 1870 4559 D
1896 4504 2004 4557 tas!
2043 4501 2109 4554 Ut
2149 4515 2312 4553 unum
2355 4513 2459 4552 non
2489 4495 2779 4564 recipiant,
2829 4493 3086 4562 plurimos
3123 4491 3458 4556 confitentur,

286 4729 314 4756 ⁸·
339 4719 486 4774 Idem
511 4718 698 4781 codex,
724 4719 780 4772 in
806 4735 975 4772 rerum
1003 4726 1193 4788 natura
1217 4738 1233 4771 :
1256 4719 1348 4772 sed
1374 4727 1548 4774 tamen
1579 4721 1794 4788 vulgata

221 4789 377 4842 lectio
407 4791 461 4842 in
487 4805 580 4844 ora
612 4789 732 4842 libri
761 4797 994 4842 notatur.
1028 4787 1151 4842 Mox
1181 4789 1269 4842 ille
1299 4791 1411 4857 ipse
1435 4791 1626 4857 codex,
1655 4787 1792 4844 idem

221 4859 350 4911 quod
370 4860 596 4911 docetur.

265 4868 350 4912 tod
370 4868 596 4912 docetur.

218 4876 349 4930 quoa
370 4876 596 4912 aocetur.

287 4928 314 4966 δ
344 4927 504 4996 Editi,
539 4937 776 4996 tempore.
810 4924 954 4980 Libri
983 4933 1210 4990 veteres,
1243 4928 1500 4994 temperie.

290 5007 314 5036 α
345 4995 489 5050 Libri
518 4995 778 5064 impressi,
801 4997 876 5048 ita
894 4997 1029 5048 enim
1049 5002 1098 5048 et
1122 4998 1232 5065 quis
1263 5005 1623 5065 praeceptorem
1660 4997 1792 5050 insi-

219 5066 432 5119 mulabit
452 5067 720 5136 infantem.
749 5065 912 5136 vetus
931 5072 1116 5136 noster
1136 5064 1307 5136 codex
1329 5072 1384 5118 et
1408 5064 1559 5119 Colb.
1585 5067 1789 5134 primus

221 5142 280 5187 ut
306 5136 358 5188 in
387 5132 658 5189 contextu.
691 5134 882 5188 Statim
911 5134 1038 5188 editi
1067 5143 1122 5187 et
1149 5132 1298 5187 Colb.
1325 5136 1542 5198 primus,
1574 5132 1624 5188 et
1643 5137 1789 5189 vani-

221 5212 371 5257 tates.
401 5203 503 5274 Alii
524 5204 628 5258 duo
654 5219 802 5268 mss.,
828 5212 876 5256 et
897 5205 1269 5274 protervitatcs.
1309 5203 1508 5274 Graece,
1533 5211 1589 5260 τὸ
1610 5209 1790 5259 ἀκόλα-

222 5287 361 5327 στον.
400 5273 597 5327 Ibidem
622 5289 745 5344 mss.
777 5271 907 5344 duo,
930 5273 1293 5343 intelligamus.
1312 5271 1615 5344 Paulopost
1633 5275 1784 5330 Colb.

222 5343 505 5406 secundus,
534 5343 750 5411 confidis
771 5344 825 5396 in
854 5342 1035 5396 Deum.

293 5411 320 5449 ά
349 5411 508 5481 Editi,
541 5413 805 5465 habeatur.
837 5412 1052 5481 Antiqui
1081 5411 1186 5465 duo
1216 5411 1356 5476 libri,
1387 5412 1688 5468 habebatur.

295 5489 321 5518 ο
347 5480 487 5533 Editi
516 5490 568 5535 et
595 5481 746 5535 Colb.
774 5483 991 5550 primus,
1012 5481 1100 5533 sed
1115 5483 1228 5549 jam
1249 5499 1528 5536 sermonem
1552 5483 1788 5536 humana!

223 5553 527 5615 nativitatis,
556 5559 660 5605 etc.
703 5552 802 5603 Alii
827 5552 932 5605 duo
955 5566 1080 5604 mss.
1099 5590 1112 5613 ,
1139 5551 1228 5603 sed
1249 5552 1363 5621 jam
1391 5553 1555 5606 sentio
1582 5569 1660 5604 me
1690 5555 1786 5605 hu-

224 5632 417 5698 mana,
447 5621 746 5698 etc.,__quod
784 5635 991 5698 verum
1013 5628 1225 5698 esseAet
1261 5635 1569 5698 germanum
1599 5623 1787 5690 probat

222 5681 547 5746 lissilianum
562 5681 700 5745 illud
725 5732 739 5759 ,
791 5691 913 5746 ἀλλὰ
936 5692 1031 5764 γὰρ
1055 5681 1370 5763 «tabcscunt.
1418 5681 1614 5746 Statini
1652 5706 1781 5747 mss.

1895 4721 2032 4785 duo,
2075 4727 2256 4774 nostra
2284 4718 2506 4787 quidem.
2557 4718 2675 4773 Vox
2724 4720 2908 4773 ultima
2939 4718 2989 4772 in
3017 4718 3171 4772 editis
3198 4715 3462 4787 desidera-

1896 4790 2074 4844 batur.
2122 4789 2230 4841 Nec
2276 4785 2351 4840 ita
2397 4789 2564 4842 multo
2593 4797 2714 4858 post
2745 4789 2898 4843 Colb.
2927 4788 3208 4850 secundus,
3242 4785 3464 4841 hominis

1896 4876 2094 4914 ιθηδιιδ.

1973 4929 1990 4966 ῐ
2025 4930 2244 5000 Αῃῑίψιί
2289 4931 2394 4985 duo
2436 4927 2556 5000 libri
2587 4927 2845 5000 etpediti,_
2863 4927 3124 5000 decursus.
3156 4925 3464 5000 Codex-no-

1893 5005 2024 5060 ster,
2056 4993 2304 5055 decursis.
2339 4998 2539 5054 Ibidem
2571 4999 2699 5065 editi
2727 5005 2783 5051 et
2808 4993 2961 5051 Colb.
2993 4999 3214 5065 primus,
3254 4993 3466 5049 habetur

1894 5077 1942 5120 et
1969 5070 2228 5138 pinguior.
2259 5070 2411 5124 Colb.
2433 5106 2448 5130 ,
2494 5064 2708 5120 habetur
2735 5084 2836 5120 non
2861 5064 3058 5136 purior.
3093 5065 3256 5118 Vetus
3285 5072 3466 5138 noster

1896 5134 2105 5203 codex',
2158 5139 2367 5193 habetur
2405 5147 2453 5191 et
2486 5138 2708 5208 pigrior:
2739 5145 2794 5190 et
2822 5134 2893 5190 ita
2919 5138 3023 5204 legi
3048 5145 3299 5205 oportere
3339 5134 3467 5188 satis

1897 5209 2130 5279 ostendit
2155 5210 2283 5264 illud
2314 5206 2514 5269 Basilii,
2544 5210 2621 5260 καί
2659 5206 2793 5262 ὖκνου
2823 5209 3037 5279 πλῄρηςτ

1971 5287 1991 5324 ts
2027 5277 2161 5332 lllud
2206 5281 2262 5332 in
2302 5272 2959 5348 sequentibus_respondet
2987 5275 3071 5329 his
3101 5272 3297 5348 (ξηροῖς
3323 5273 3468 5348 voci-

1896 5359 1998 5401 bus
2020 5387 2034 5411 ,
2065 5349 2115 5402 ἐν
2142 5359 2246 5409 τοῖς
2275 5344 2513 5408 κατόπινξ
2563 5345 2659 5400 sed
2706 5347 2884 5414 potius
2923 5344 3236 5414 vertendum
3271 5352 3389 5414 erat
3413 5344 3467 5397 in

1933 5417 2318 5471 razcedentibus.
2369 5417 2491 5469 Mox
2522 5416 2676 5478 editi,
2707 5412 2924 5468 necdum
2952 5426 3074 5467 tum.
3125 5412 3338 5480 Antiqui
3362 5413 3470 5466 duo

1921 5486 2041 5552 ibri,
2071 5489 2283 5540 necdum
2311 5497 2500 5538 tamen.
2535 5484 2640 5538 Nec
2669 5485 2740 5537 ita
2765 5485 2932 5538 multo
2957 5484 3086 5537 intra
3112 5485 3264 5536 Colb.
3289 5498 3468 5536 secunv

1889 5555 2008 5626 dus,
2023 5558 2089 5626 in
2121 5567 2382 5626 promptu,
2408 5565 2457 5607 et
2481 5565 2599 5626 tunc
2629 5570 2760 5624 qum.

1960 5622 1987 5659 ιι
2019 5621 2160 5678 Editi
2207 5621 2458 5679 et'Colb.
2509 5621 2740 5691 primus,
2791 5622 3000 5676 nullius.
3043 5623 3143 5676 Alii
3180 5621 3286 5675 duo
3317 5635 3468 5684 11153..

1889 5693 2077 5748 nullus.
2113 5694 2227 5749 Hoc
2255 5695 2371 5765 ipso
2402 5695 2455 5748 in
2486 5693 2607 5748 loco
2637 5693 2742 5747 duo
2774 5708 2924 5758 mss.,
2957 5692 3264 5758 sibimetipsi
