3824 6214
372 273 482 334 967

1320 276 1657 335 APPENDIX
1695 275 1980 334 OPERUM
2018 276 2076 333 S.
2119 275 2365 334 BASlLll
2400 275 2641 334 MAGNL

3530 272 3647 336 968

378 414 653 483 ﬁliumque
686 415 894 471 famulis
916 429 1015 485 per
1038 414 1502 484 participationem
1529 413 1800 482 dignitatis
1827 425 1957 465 aSCl-
1982 422 2029 471 Α
2058 423 2410 477 personarum
2470 405 2807 462 multitudine
2849 405 3168 461 declinares.
3232 404 3315 457 Ad
3353 405 3627 476 imaginet!

382 512 547 563 Icunt
566 543 586 573 ,
635 511 693 558 et
735 512 762 543 ι
791 505 1120 560 conlibertus
1162 512 1377 558 nostros
1423 512 1668 556 auctores
1712 502 1959 555 humana:

391 592 903 667 753formationis
939 590 1198 654 cilicium,
1235 589 1575 659 hominisque
1606 590 1966 658 perfectorem

384 687 577 742 volunt
591 686 797 755 angelis
811 698 1120 753 coaequare,
1152 698 1276 737 cum
1292 682 1362 737 sit
1381 681 1676 737 absurdum
1691 694 1750 736 ut
1765 680 1959 737 (tuteli-

385 767 480 827 bet
516 769 722 825 factura
765 772 939 841 possit
976 772 1199 840 aequalis
1234 787 1352 827 esse
1380 773 1592 827 facturi.
1634 772 1959 827 Considere-

385 873 503 914 mus
529 874 743 929 quoque
778 862 1096 929 sequentia:
1127 861 1406 915 Faciamus
1444 863 1703 915 hominem
1741 862 1810 914 ad
1836 863 1963 914 ima-

384 965 553 1020 ginem
597 960 847 1005 nostram.
896 950 1034 1017 Quid
1077 952 1406 1019 respondes?
1453 951 1698 1019 Nunquid
1744 950 1840 1004 Dei
1903 958 1961 1004 et

384 1040 696 1106 angelorum
734 1056 841 1095 una
881 1042 1056 1109 imago
1105 1043 1220 1096 est?
1266 1041 1399 1095 Nam
1429 1040 1603 1096 Patris
1630 1056 1849 1096 necesse
1876 1049 1961 1095 est

383 1129 627 1183 eamdem
666 1145 785 1185 esse
822 1144 984 1198 quam
1012 1130 1163 1197 Filii,
1194 1133 1271 1186 sic
1299 1139 1505 1195 tamen,
1538 1138 1596 1184 ut
1622 1129 1735 1185 Deo
1764 1130 1959 1185 decens

383 1216 709 1286 intelligatur
747 1234 867 1273 esse
896 1220 1092 1287 ﬁgura,
1123 1220 1174 1273 id
1198 1228 1280 1274 est
1297 1259 1313 1285 ,
1342 1221 1371 1257 ιι
1403 1235 1511 1274 non
1538 1221 1593 1273 in
1620 1219 1807 1274 habitu
1834 1236 1958 1275 cor-

384 1322 571 1377 poreo,
595 1309 691 1364 sed
719 1309 773 1363 in
792 1309 973 1363 divina
1001 1309 1329 1379 proprietate
1355 1310 1673 1364 consistens.
1705 1309 1959 1377 Ausculta

386 1406 446 1452 tu
474 1399 670 1465 etiam,
722 1401 815 1468 qui
862 1400 929 1454 dc
972 1416 1112 1455 nova
1157 1401 1562 1455 circumcisione
1595 1401 1958 1470 progrederis,

385 1487 644 1543 Judaismi
675 1490 875 1544 cultum
903 1490 1002 1543 sub
1021 1487 1432 1543 Christianitatis
1455 1490 1793 1544 simulatione
1813 1506 1961 1545 com-

385 1577 665 1632 mendans.
704 1577 803 1632 Cui
831 1578 990 1642 dicit,
1015 1578 1096 1630 Ad
1122 1580 1400 1648 imaginem
1432 1586 1661 1632 nostram
1702 1577 1888 1649 (Hebr.
1918 1594 1955 1644 ι,

384 1667 464 1739 5),
494 1669 598 1722 nisi
637 1668 1015 1726 illuminationi
1043 1670 1253 1738 gloriae,
1299 1677 1354 1723 et
1383 1671 1537 1723 titulo
1563 1678 1800 1739 paterna:
1826 1669 1956 1723 sub-

385 1759 633 1824 stantiae,
680 1774 801 1828 quae
843 1768 926 1814 est
973 1760 1150 1827 imago
1195 1758 1289 1813 Dei
1341 1761 1655 1814 invisibilis?
1682 1760 1803 1814 Sua:
1827 1775 1957 1828 ergo

385 1846 624 1916 loquitur
650 1848 895 1915 imagini,
926 1863 1046 1917 quae
1069 1847 1203 1902 dixit
1227 1866 1240 1900 :
1280 1847 1393 1919 Ego
1420 1857 1470 1901 et
1503 1848 1662 1901 Pater
1682 1864 1840 1901 unum
1863 1865 1955 1901 su—

385 1954 498 1993 mus
527 1938 706 2010 (Joan.
738 1956 791 2005 x,
823 1939 946 2008 30);
980 1948 1054 2004 et,
1088 1937 1189 2003 Qui
1215 1957 1294 1993 me
1316 1941 1448 1992 ridet
1475 1949 1523 1992 et
1551 1938 1763 1992 Patrem
1789 1955 1957 1991 meum

385 2026 523 2082 videt
554 2027 732 2098 (Joan.
762 2044 869 2091 xiv,
902 2029 979 2097 9),
1010 2029 1137 2083 huic
1174 2028 1338 2083 dicit:
1380 2027 1663 2081 Faciamus
1699 2028 1955 2081 hominem

384 2118 456 2172 ad
498 2120 773 2190 imaginem
822 2102 1075 2173 nosiram.
1124 2118 1338 2174 Etenim
1376 2120 1466 2173 ubi
1503 2120 1677 2173 unitas
1713 2118 1957 2186 imaginis

386 2215 499 2275 est,
549 2209 684 2263 nihil
730 2216 910 2278 patest
948 2224 1068 2264 esse
1093 2209 1369 2264 dissimile.
1417 2208 1532 2263 Non
1559 2209 1703 2264 enim
1728 2209 1864 2262 dixit
1891 2208 1957 2261 ad

386 2297 647 2365 imagines
673 2307 887 2353 nostras
909 2337 924 2364 ,
970 2300 1109 2354 sicut
1135 2307 1191 2354 et
1216 2298 1492 2368 Scriptura
1520 2306 1750 2352 testatur
1774 2315 1787 2350 :
1812 2297 1960 2351 Fecit

387 2384 547 2452 Deus,
578 2389 770 2456 inquit,
803 2389 1090 2442 hominem:
1123 2404 1231 2443 non
1261 2391 1508 2459 fecerunt.
1553 2388 1851 2442 Prudenter
1876 2389 1959 2441 vi-

389 2479 523 2531 tavit
547 2494 691 2533 nunc
723 2478 1118 2533 multitudinem
1158 2494 1509 2549 personarum
1539 2496 1552 2531 :
1584 2486 1644 2531 ut
1675 2490 1696 2517 ο
1724 2478 1815 2532 ubi
1842 2478 1960 2546 qui—

386 2565 510 2622 dem
532 2565 775 2621 Judaeum
801 2567 1188 2636 confunderet,
1216 2570 1305 2624 hic
1329 2569 1488 2622 ritum
1523 2568 1836 2637 gentilitatis
1864 2583 1960 2622 ex-

389 2655 650 2712 cluderet.
679 2657 806 2712 ldeo
832 2660 1271 2713 commemoravit
1291 2660 1583 2723 unitatem,
1612 2667 1671 2713 ut
1695 2667 1751 2712 et
1769 2659 1957 2713 Filium

387 2745 548 2802 simul
572 2764 692 2804 esse
714 2764 837 2805 cum
875 2749 1035 2806 Patre
1061 2764 1447 2820 cognosceres:
1473 2759 1528 2805 et
1557 2752 1850 2821 periculum
1893 2751 1960 2806 de

460 2894 488 2923 ι
515 2884 656 2957 Editi
679 2928 695 2953 ,
742 2897 925 2941 etcum
953 2886 1138 2943 liberos
1164 2896 1384 2942 nostros.
1431 2887 1582 2942 Colb.
1623 2887 1857 2957 primus,
1905 2895 1954 2939 et
1984 2889 2029 2951 C

387 2971 504 3010 cum
531 2953 737 3010 libertos
761 2968 983 3012 nostros.
1030 2958 1197 3013 Vetus
1232 2966 1416 3011 noster
1447 2953 1652 3018 codex,
1703 2966 1752 3009 et
1790 2958 1955 3011 conli-

386 3025 555 3079 berto:
582 3036 802 3081 nostros.
844 3026 1061 3091 Graece,
1105 3033 1191 3083 καὶ
1219 3031 1339 3086 τοὺς
1370 3027 1692 3091 ὁμοδούλους.
1747 3028 1872 3082 llaec
1898 3034 1953 3081 et

386 3095 591 3221 £32333
635 3096 817 3151 omnia
856 3097 924 3153 ad
969 3096 1131 3153 ﬁnem
1171 3113 1341 3167 usque
1378 3095 1572 3152 desunt
1596 3098 1651 3150 in
1677 3097 1831 3152 Colb.
1861 3112 1951 3151 sc-

456 3205 670 3307 Ῐίυιξᾷἰεί,
701 3233 758 3288 id
783 3244 876 3299 est,
906 3251 1009 3290 non
1039 3233 1235 3307 (rabitui
1262 3253 1524 3307 corporeo.
1553 3234 1620 3289 At
1649 3237 1819 3291 nostri
1843 3235 1948 3290 duo

384 3315 536 3368 ωδε..
565 3304 623 3358 id
645 3313 742 3371 est,
768 3321 871 3360 non
891 3308 947 3359 in
969 3305 1146 3359 habitu
1172 3304 1436 3376 corporeo.

2058 496 2160 551 Dei
2202 499 2322 568 fecit
2368 498 2644 550 hominem.
2697 495 2928 548 Rursum
2975 504 3319 563 cooperantts
3347 509 3632 563 persona!!-

2058 586 2282 639 inducit.
2330 585 2445 639 Non
2476 587 2619 639 enim
2658 585 2832 638 dixit:
2860 578 3005 637 Fecit
3043 577 3113 637 ad
3148 584 3432 655 imaginem
3465 600 3630 639 suam.

2058 676 2153 731 sed
2181 677 2249 729 ad
2282 678 2558 746 imaginem
2587 675 2704 730 Dei.
2752 675 2821 729 Et
2850 676 2903 728 in
2931 690 3039 743 quo
3067 676 3280 744 quidem
3310 676 3627 744 dispositum

2059 772 2143 819 est
2169 766 2367 819 habere
2412 767 2681 819 hominem
2728 766 3009 831 imaginem
3043 761 3165 826 Dei,
3220 765 3304 819 vel
3355 766 3619 834 quomodr

2060 853 2087 891 ἀ
2101 854 2290 923 recipit
2309 853 2706 907 similitudinem
2724 853 3038 916 Divinitatis,
3054 852 3109 905 in
3125 852 3475 920 sequentibus
3488 852 3613 907 Cbri

2058 952 2144 997 sto
2166 958 2380 997 sensum
2425 943 2685 1009 largiente
2730 942 3050 1007 narrabitur,
3094 956 3236 996 nunc
3261 956 3393 996 vero
3423 951 3627 998 tantum

2060 1031 2259 1086 dixisse
2285 1029 2550 1095 sufﬁciet,
2598 1031 2723 1099 quia
2751 1046 2854 1084 una
2882 1031 3057 1097 imago
3085 1039 3187 1084 est.
3230 1031 3350 1084 Tibi
3377 1046 3509 1085 vero
3534 1047 3630 1087 ct"

2061 1123 2247 1176 incidit
2272 1122 2328 1175 in
2371 1130 2608 1175 mentem
2637 1160 2653 1185 ,
2701 1128 2809 1173 tam
2858 1121 3117 1187 sacrilege
3151 1120 3545 1189 blasphemare,
3572 1127 3632 1182 ιιι

2059 1213 2266 1267 diceres
2301 1211 2493 1266 Filium
2522 1210 2666 1264 Patri
2696 1225 2816 1265 esse
2841 1211 3190 1265 dissimilem?
3217 1210 3261 1263 Ο
3280 1212 3516 1265 animum
3553 1213 3608 1266 ir:

2058 1303 2300 1372 gratum!
2345 1302 2743 1358 similitudinem
2792 1302 2888 1356 Dei
2926 1315 3087 1370 quam
3115 1308 3173 1355 tu
3194 1300 3309 1369 ipse
3334 1303 3632 1371 sumpsisti.

2058 1394 2455 1450 benefactorem
2486 1401 2633 1446 tuum
2664 1391 2862 1445 habere
2884 1406 2992 1445 non
3020 1393 3242 1459 pateris.
3283 1390 3352 1443 Et
3385 1392 3481 1445 tibi
3507 1392 3636 1460 qui-

2058 1485 2180 1539 dem
2224 1484 2499 1553 proprium
2539 1483 2620 1536 vis
2660 1496 2778 1535 esse
2818 1481 2960 1549 quod
2988 1481 3056 1535 de
3082 1480 3284 1535 caelesti
3308 1483 3481 1548 gratia
3505 1498 3636 1551 per-

2058 1576 2287 1644 cepisti,
2331 1575 2439 1628 lilio
2483 1583 2663 1627 autem
2709 1572 3109 1627 similitudinem
3155 1580 3345 1625 natura
3394 1572 3636 1637 insitam,

2058 1677 2180 1718 cum
2225 1664 2468 1730 genitore
2512 1678 2618 1716 non
2664 1662 2793 1716 sinis
2834 1676 2952 1716 esse
2992 1676 3351 1716 communem.
3394 1660 3639 1729 Sedjam

2060 1754 2216 1807 nobis
2252 1753 2522 1807 silentium
2559 1766 2784 1820 vespere
2821 1761 3031 1821 tempus
3073 1750 3264 1805 indicit
3291 1768 3307 1829 ς
3333 1752 3534 1805 dudum
3568 1752 3638 1808 ad

2061 1860 2309 1898 occasum
2349 1843 2463 1897 sole
2510 1843 2751 1912 delapso.
2812 1842 3150 1913 Quapropter
3192 1843 3281 1899 hie
3324 1858 3421 1897 nos
3466 1845 3638 1899 etiam

2058 1935 2321 1989 sermonis
2346 1944 2369 1970 ο
2394 1933 2659 1988 curricula
2707 1933 3082 2001 terminemus,
3123 1933 3208 1986 his
3255 1933 3639 2002 contentiqua

2057 2025 2197 2079 dicta
2229 2032 2373 2079 sunt.
2422 2023 2652 2077 Tantum
2683 2022 2826 2076 enim
2861 2023 2915 2076 in
2942 2023 3225 2091 praesentia
3259 2022 3639 2090 disseruimus,

2059 2126 2317 2184 quantum
2339 2116 2691 2169 intentionem
2712 2123 2943 2168 vestram
2965 2129 3247 2183 possumus
3272 2128 3482 2168 acuere.
3514 2111 3640 2167 Ple-

2056 2208 2263 2261 niorem
2308 2221 2437 2260 vero
2484 2205 2553 2260 de
2593 2205 2881 2274 propositis
2908 2206 3255 2274 quaestionem
3283 2205 3412 2257 alias
3429 2203 3594 2257 vobis
3617 2243 3635 2266 ,

2056 2304 2241 2352 sancto
2267 2295 2464 2365 Spiritu
2487 2296 2508 2334 τ
2534 2294 3215 2364 astipulante,.reddemus.
3253 2295 3327 2348 lte
3356 2309 3495 2348 nunc
3521 2308 3631 2346 ex-

2056 2388 2337 2455 sultantes,
2366 2397 2421 2440 et
2445 2401 2543 2455 pro
2565 2385 2792 2455 dapibus
2821 2386 3053 2454 copiosis
3079 2385 3357 2454 pomisque
3380 2383 3633 2446 diversis,

2058 2478 2318 2531 memoria
2366 2478 2656 2541 relatorum
2686 2491 2901 2531 mensas
2928 2483 3136 2530 vestras
3164 2475 3429 2528 instruite.
3456 2472 3635 2527 ’ϐοησ-

2062 2569 2313 2624 fundatur
2340 2568 2559 2637 impius,
2611 2568 2893 2621 erubescat
2925 2566 3167 2629 Judmus,
3204 2566 3433 2619 exsultet
3453 2563 3636 2631 justus

2063 2659 2528 2730 praedicationibus
2549 2659 2787 2712 veritatis
2812 2676 2832 2721 :_
2850 2658 3174 2725 glorificatur
3193 2657 3466 2720 Dominus,
3486 2672 3636 2711 nunc

2064 2759 2120 2805 et
2143 2763 2354 2818 semper
2377 2755 2433 2801 et
2459 2749 2514 2801 in
2540 2748 2735 2803 smcula
2763 2747 3097 2802 saeculorum.
3129 2746 3320 2801 Amen.

2132 2896 2153 2920 ο
2185 2881 2325 2935 Editi
2356 2891 2410 2935 et
2430 2881 2607 2948 Colb.,
2640 2893 2694 2935 ut
2714 2881 2804 2935 ibi.
2830 2881 2994 2936 Vetus
3021 2890 3204 2935 noster
3229 2880 3418 2943 codex,
3448 2887 3502 2930 nt
3521 2876 3635 2935 ubi.-

2127 2953 2151 2990 ἀ
2184 2953 2365 3007 Codex
2394 2962 2593 3014 noster,
2626 2953 2832 3018 recepit.

2129 3034 2154 3061 ε
2186 3022 2325 3075 Editi
2344 3063 2358 3084 ,
2392 3039 2594 3075 armum
2619 3022 2967 3076 terminemus.
3012 3020 3156 3075 Libri
3185 3027 3391 3075 veteres
3410 3060 3428 3087 ,
3460 3019 3632 3071 cirri-

2055 3094 2174 3149 cuia
2200 3095 2551 3145 terminemus.

2132 3164 2151 3202 ί
2186 3161 2328 3216 Editi
2387 3164 2684 3216 stivulante.
2738 3160 2807 3216 At
2848 3161 3016 3216 nostri
3058 3160 3165 3215 duo
3192 3174 3347 3221 mss,
3391 3156 3635 3215 adstipu-

2053 3234 2213 3288 tante.
