3824 6214
119 259 220 315 969

137 423 458 440 μ

1209 259 1299 316 AD
1341 260 1668 316 HOMILIAS
1708 261 1774 317 IN
1817 261 2311 319 ΗΕΧΑΕΜΕΒΟΝ.

3280 279 3386 335 970

1561 579 1932 638 MONlTUM.

190 881 465 933 Auctores
498 877 656 932 nobis
685 874 837 931 fuere
872 874 1072 928 eruditi
1105 873 1326 944 quidam
1366 873 1635 937 homines,
1675 883 1734 926 nt
1760 874 1884 944 viri
1933 873 2236 929 doctissimi
2300 873 2477 930 Ducaai
2531 872 2699 929 Notas
2735 875 2834 928 hoc
2883 875 3004 928 loco
3055 875 3378 930 ederem-is:

121 951 213 1004 sed
244 950 299 1002 id
343 959 528 1003 tanien
560 945 888 1001 incommodi
937 942 1224 999 mouemus
1253 948 1517 1012 futurum,
1545 947 1689 1014 quod
1724 942 1842 1011 ejus
1885 955 2028 998 nota:
2060 946 2126 998 ad
2154 955 2398 999 nostram
2433 945 2721 1000 editionem
2767 946 2962 1013 saepius
2987 961 3090 1001 non
3118 948 3384 1015 quadrent

125 1035 219 1074 nec
251 1021 534 1088 quadrare
567 1017 795 1088 possint,
821 1017 890 1070 ob
924 1030 1120 1070 novam
1159 1016 1687 1100 interpretationem.

792 1257 1233 1458 Nom:
1310 1340 2146 1454 FBONTONIS
2234 1339 2778 1456 DUCZEI.

1501 1576 2007 1624 BURDEGALENSIS

1211 1729 1642 1789 SOCIETATIS
1681 1729 1859 1789 JESU
1896 1728 2295 1790 THEOLOGI.

192 2053 381 2107 Basilii
438 2050 612 2121 Magni
668 2049 1018 2106 Casariensis
1063 2048 1456 2119 archiepiscopi
1518 2067 1704 2120 opera,
1736 2059 1782 2118 Α
1820 2051 2025 2108 viribus
2052 2066 2178 2106 eum
2211 2052 2578 2123 mquiparasse
2600 2051 2911 2108 contendat.
2942 2055 3262 2113 Communis
3283 2058 3383 2126 igi-

124 2159 278 2214 quem
324 2144 526 2198 merito
559 2140 753 2196 Suidas
781 2140 952 2210 ἄνδρα
978 2139 1411 2212 ὲλλογιμώτατον
1431 2182 1444 2206 ,
1480 2143 1575 2196 καὶ
1604 2143 1709 2197 πά-

124 2254 222 2309 σης
256 2235 512 2299 παιδείας
540 2237 620 2298 είς
645 2234 812 2305 ἄκρον
836 2231 1160 2304 ὲληλακότα,
1193 2252 1214 2286 ι
1248 2235 1422 2288 virum
1450 2234 1708 2304 cloquen-

126 2330 419 2394 tissimum,
452 2336 507 2382 et
553 2328 622 2381 ad
662 2326 871 2395 apicem
923 2327 1117 2382 omnis
1150 2326 1474 2381 eruditionis
1511 2341 1706 2390 prove-

126 2431 289 2488 ctum,
316 2441 335 2474 ι
364 2421 538 2477 fuisse
567 2419 719 2485 dicit,
739 2432 860 2473 cum
885 2426 1013 2472 ante
1031 2433 1202 2474 annos
1227 2419 1488 2474 tredecim
1517 2417 1708 2472 Latine

128 2521 335 2567 tantum
382 2509 722 2565 Parisienses
773 2507 1109 2574 edidissent,
1150 2518 1308 2563 notas
1355 2507 1459 2563 illis
1499 2508 1708 2578 aliquas

128 2605 446 2661 attexeudas
497 2603 842 2667 censuimus,
886 2603 1084 2671 quibus
1131 2618 1198 2658 ex
1253 2603 1539 2658 collatione
1583 2619 1706 2658 cum

126 2697 313 2754 Greco
339 2709 493 2752 textu
519 2697 632 2751 loca
661 2710 764 2750 non
791 2711 959 2766 pauca
989 2697 1043 2750 in
1070 2694 1518 2764 interpretatione
1546 2696 1706 2749 resti-

130 2803 238 2846 tuta
271 2799 404 2845 sunt
433 2791 518 2844 vel
562 2789 852 2855 illustrata,
883 2798 940 2843 et
971 2789 1190 2844 easdem
1231 2802 1398 2852 nunc,
1435 2803 1557 2841 cum
1588 2786 1706 2841 haec

127 2883 535 2940 Graeco-Latina
574 2893 876 2952 pararetur,
910 2881 1182 2936 recenseri
1222 2889 1278 2935 et
1302 2879 1491 2951 augeri
1524 2894 1707 2948 operte

136 2975 364 3041 pretium
396 2974 667 3026 duximus.
693 2968 827 3024 Nam
863 2987 984 3024 cum
1009 2969 1410 3025 Frobenianam
1444 2969 1709 3024 Basilien-

130 3078 237 3118 sem
261 3063 511 3118 Graecam
538 3061 829 3116 editionem
855 3060 982 3114 anni
1019 3059 1156 3114 1552
1176 3075 1204 3112 a
1229 3058 1360 3112 viris
1385 3057 1705 3126 quibusdam

130 3154 532 3220 eruditissimis,
556 3169 682 3209 cum
713 3153 1097 3221 manuscriptis
1119 3151 1400 3206 codicibus
1425 3149 1701 3211 collatam,

131 3254 182 3298 et
209 3245 379 3298 variis
409 3242 730 3298 lectionibus
762 3241 815 3295 in
854 3241 1098 3310 margine
1124 3248 1397 3303 ornatam,
1424 3253 1489 3294 ex
1520 3237 1704 3307 Anglia

134 3336 350 3391 missam
372 3338 732 3406 accepissent,
773 3348 913 3389 nova
942 3333 1218 3404 diligentia
1241 3332 1458 3386 labores
1484 3331 1702 3393 Illorum

1813 2155 1897 2198 tur
1929 2145 2124 2198 harum
2163 2145 2507 2198 homiliarum
2539 2144 2726 2199 titulus
2749 2145 2802 2198 in
2829 2147 3041 2201 excusis
3065 2154 3120 2202 et
3145 2161 3276 2202 mss.
3298 2158 3384 2202 est

1810 2239 1914 2303 Εἰς
1927 2237 2041 2305 τὴν
2055 2235 2421 2306 Ἑξαήμερον
2440 2237 2664 2305 ὁμιλία,
2696 2237 2803 2302 vel,
2825 2237 2954 2292 utin
2980 2237 3256 2303 Modicam,
3277 2237 3382 2309 τῆς

1821 2327 2160 2400 Ἐξαημέροιι
2185 2328 2372 2400 ὁμιλία
2393 2329 2607 2402 πρώτη.
2637 2329 2996 2396 Quamobrem
3029 2331 3281 2386 vitandus
3299 2340 3382 2385 est

1809 2437 1966 2476 error
1999 2421 2216 2476 Henrici
2259 2421 2550 2490 Stephani,
2583 2421 2670 2491 qui
2705 2421 2760 2475 in
2796 2419 3068 2475 Thesauro
3107 2421 3384 2477 contendit

1808 2515 2042 2583 spatium
2075 2513 2201 2568 illud
2225 2528 2322 2570 sex
2348 2514 2577 2578 dierum,
2607 2528 2714 2582 quo
2737 2513 2984 2568 conditus
3007 2512 3109 2568 fuit
3131 2515 3385 2583 mundus,

1806 2603 1869 2657 τὸ
1909 2603 2246 2674 Ἐξαήμερον
2279 2604 2368 2658 hic
2397 2602 2686 2673 appellari,
2718 2603 2860 2658 unde
2895 2602 3082 2658 Basilii
3123 2611 3386 2658 tractatus

1807 2699 1913 2762 Εὶς
1933 2695 1999 2749 τὸ
2043 2695 2404 2766 Ἐξαήμερον
2423 2711 2436 2724 ο
2468 2710 2641 2764 neque
2670 2697 2814 2749 enim
2837 2694 3082 2749 absolute
3102 2694 3164 2748 τὸ
3227 2695 3386 2760 Ἐξα-

1807 2789 2012 2859 ήμερον
2035 2789 2303 2858 appellant
2340 2787 2550 2854 Patres,
2583 2789 2676 2842 sed
2705 2787 2921 2858 ὁμιλίας
2961 2789 3063 2853 Εις
3084 2785 3196 2856 τὴν
3225 2787 3385 2852 Ἑξα-

1806 2879 2054 2950 ήμερον,
2075 2881 2312 2948 intelligo
2338 2880 2716 2950 κοσμοποιίαν,
2737 2879 2816 2932 vel
2844 2880 3226 2951 δημιουργίαν,
3262 2899 3283 2933 ι
3318 2882 3384 2936 de

1808 2973 2084 3026 creatione
2110 2973 2318 3035 mundi,
2342 2989 2362 3022 ι
2400 2971 2482 3025 vel
2517 2990 2537 3022 ι
2567 2971 2782 3042 opificio
2826 2973 3009 3026 mundi
3048 2988 3144 3026 sex
3193 2973 3384 3029 dielms

1808 3071 2074 3126 absoluto.
2107 3089 2126 3124 ι
2170 3068 2418 3126 Clemens
2451 3069 2710 3124 Alexand.
2746 3070 2840 3125 lib.
2875 3086 2930 3125 νι
2957 3069 3160 3129 Strom.
3187 3074 3298 3126 :"H
3325 3091 3383 3126 τε

1807 3161 1916 3234 γὰρ
1963 3161 2290 3231 κοσμοποιία
2321 3163 2378 3214 ὲν
2407 3160 2464 3227 ἓξ
2493 3159 2814 3232 περαιοῦται
2856 3162 3114 3234 ἡμέραις·
3155 3182 3174 3215 ι
3201 3162 3384 3219 Mundi

1807 3256 1951 3310 enim
1985 3255 2191 3308 creatio
2221 3267 2317 3307 sex
2348 3253 2539 3308 diebus
2569 3252 2888 3308 absolvitur.
2915 3273 2934 3306 ι
2977 3254 3130 3308 Philo
3165 3254 3386 3310 Judants

1809 3346 1902 3402 lib.
1936 3361 1975 3400 ll
2010 3344 2084 3397 De
2122 3345 2226 3398 vita
2263 3343 2425 3398 .llosis
2457 3357 2478 3397 :
2505 3343 2705 3414 Νόμων
2736 3343 2896 3414 ἱερῶν
2929 3343 3250 3416 ἀλληγορίαι
3276 3345 3385 3400 τῶν

130 3427 481 3482 etiiuulandos
503 3435 784 3492 curarunt,
816 3433 872 3481 et
908 3425 1077 3480 libros
1105 3425 1360 3478 adversus
1387 3420 1705 3476 Eunomium

1813 3400 1954 3510 μετὰ
1971 3437 2071 3508 τὴν
2099 3437 2260 3506 Ἑξαή
2271 3451 2455 3507 μερον’
2485 3453 2505 3486 ‹
2529 3400 3267 3506 sacrmlegisallegoriznuposl
3289 3452 3384 3492 sex

133 3536 200 3573 ιιι
218 3520 364 3590 regis
393 3519 840 3574 Christianissimi
871 3518 1150 3573 codicibus
1177 3514 1480 3578 emendari,
1511 3528 1708 3569 novas-

132 3627 233 3681 que
255 3613 440 3668 varias
461 3612 721 3666 lectiones
749 3611 802 3664 in
832 3610 1070 3679 reliquos
1091 3606 1280 3661 Basilii
1309 3605 1477 3660 libros
1501 3619 1568 3659 ex
1601 3603 1709 3658 illis

134 3703 302 3776 colligi
327 3721 342 3757 :
363 3708 506 3774 quod
527 3703 651 3758 dum
679 3701 757 3766 fit,
785 3700 914 3756 illud
941 3699 1102 3754 simul
1138 3695 1572 3751 animadversum
1602 3702 1705 3758 est,

135 3811 254 3849 num
284 3797 501 3850 sincere
519 3793 698 3848 omnia
716 3807 783 3848 ex
799 3791 1105 3862 archetypis
1121 3803 1186 3844 ac
1206 3788 1344 3843 bona
1365 3785 1465 3841 fide
1483 3785 1710 3840 fuissent

132 3889 427 3958 descripta.
467 3887 574 3942 Sed
623 3886 880 3956 quoniam
913 3883 1104 3938 Latina
1138 3880 1454 3937 earumdem
1480 3893 1705 3948 operum

134 3977 508 4051 interpretatio
540 3977 717 4034 fuerat
759 3977 828 4032 ab
864 3975 970 4030 illis
1013 3975 1066 4028 in
1107 3971 1346 4028 homiliis
1398 3979 1606 4024 tantum
1653 3969 1706 4020 in

1811 3528 2019 3583 dierum
2047 3542 2204 3597 Opus.
2238 3545 2256 3578 ι
2297 3527 2652 3594 Hieronymus
2679 3524 2733 3578 in
2767 3522 3060 3605 catalogo:
3095 3545 3113 3577 ι
3151 3527 3384 3583 Basilius

1809 3620 2054 3690 egregios
2085 3629 2272 3673 contra
2321 3615 2640 3671 Eunomium
2675 3605 2973 3672 elaboravit
3005 3619 3194 3685 libros,
3222 3629 3279 3675 et
3325 3623 3384 3674 in

1811 3707 2175 3762 Hexaemeron
2201 3707 2454 3762 homilias
2474 3705 2564 3759 IX.
2594 3725 2612 3758 ι
2643 3705 2984 3774 Sophronius
3012 3706 3202 3764 Graece
3224 3710 3385 3765 inter-

1809 3809 2049 3871 pretatur
2072 3818 2088 3854 :
2115 3798 2392 3863 Βασίλειος
2425 3797 2577 3852 κατὰ
2593 3797 2888 3868 Εὐνομίου
2913 3798 3226 3872 ἐξαιρέτους
3255 3818 3382 3856 συν·

1809 3890 1966 3958 ἐταξε
1991 3891 2200 3960 λόγους,
2229 3891 2322 3944 καὶ
2361 3891 2464 3956 Εἰς
2505 3888 2622 3958 τὴν
2667 3888 3027 3959 Ἑξαήμερον
3065 3893 3283 3964 ὁμιλίας
3315 3894 3380 3949 θ’.

1808 3980 1938 4035 Item
1974 3980 2025 4034 in
2048 3978 2333 4049 Hippolyto
2351 3996 2370 4034 :
2395 3999 2414 4031 ι
2443 3979 2760 4050 Hippolytus
2775 3982 2996 4051 scripsit
3036 3983 3088 4037 in
3105 3983 3385 4054 Ἑξαήμε-

140 4069 400 4136 Psalmos,
431 4079 486 4124 et
506 4069 693 4139 paucis
721 4066 1235 4122 commentariorum
1263 4065 1322 4116 in
1350 4061 1552 4121 Isaiam
1577 4061 1705 4116 locis

1809 4087 1936 4140 ρον,
1965 4089 1984 4122 ι
2012 4071 2375 4141 Sophronius,
2402 4074 2484 4134 είς
2507 4069 2624 4138 τὴν
2661 4071 3039 4141 Ἐξαήμερον.
3064 4073 3386 4132 Anastasius

139 4164 412 4235 recognita
451 4172 505 4216 et
541 4160 850 4224 emendata,
885 4157 1194 4212 faciendum
1241 4155 1370 4210 illud
1405 4155 1559 4210 nobis
1591 4154 1708 4208 exi-

135 4254 492 4319 stimavimus,
529 4262 587 4308 ut
611 4253 730 4322 pari
763 4251 942 4306 studio
974 4249 1276 4320 praecipuas
1300 4247 1417 4318 ejus
1447 4247 1704 4301 lucubra-

138 4345 306 4403 tiones
337 4346 606 4401 illustrare
631 4357 978 4406 conaremur,
1018 4353 1072 4396 et
1099 4355 1288 4395 eorum
1318 4340 1560 4394 omnium
1586 4355 1707 4408 qua:

137 4439 348 4495 fuerant
376 4456 405 4493 a
440 4438 594 4494 nobis
634 4437 938 4501 immutata,
970 4433 1234 4488 rationem
1276 4431 1362 4486 his
1389 4431 1540 4487 Notis
1580 4431 1704 4486 red-

1810 4162 2020 4217 Sinaita
2071 4163 2124 4216 in
2154 4163 2473 4232 praefatione
2507 4162 2964 4231 Explanationum
3011 4167 3066 4218 in
3101 4165 3342 4222 Genesim
3364 4183 3383 4220 :

1807 4253 1943 4325 Περὶ
1987 4251 2097 4306 τῶν
2151 4253 2210 4306 ὲν
2247 4255 2314 4325 τῇ
2357 4253 2700 4323 Ἐξαημέρῳ
2737 4254 2949 4318 πολλοῖς
2971 4258 3380 4329 ἀπορουμένωνο

1812 4363 1832 4396 ι
1866 4346 2062 4400 Eorum
2087 4344 2153 4398 de
2177 4345 2372 4414 quibus
2399 4345 2675 4398 dubitatur
2699 4359 2729 4399 a
2750 4345 2932 4400 multis
2957 4347 3008 4399 in
3035 4346 3380 4414 llexaemero,

1806 4435 1860 4490 id
1891 4445 1992 4499 est,
2026 4436 2077 4487 in
2107 4434 2383 4490 creatione
2410 4447 2502 4488 sex
2530 4434 2764 4488 diermn.
2794 4453 2812 4486 ι
2843 4434 3072 4490 Photius
3100 4437 3152 4490 in
3182 4435 3384 4491 Biblio-

139 4532 407 4598 deremus,
435 4547 498 4586 ac
527 4530 573 4585 si
606 4545 711 4598 qua
761 4527 899 4582 forte
949 4534 1207 4580 currente
1254 4523 1421 4594 praelo
1476 4522 1705 4579 fuissent

1809 4530 1997 4584 theca:
2037 4525 2375 4598 ’Δνεγνὼσθη
2407 4527 2691 4580 Βασιλείου
2722 4527 2816 4582 τοῦ
2870 4526 3156 4581 θεσπεσίου
3188 4527 3256 4580 τὰ
3286 4529 3381 4591 Εἰς

141 4624 310 4678 minus
342 4631 594 4676 accurate
623 4633 883 4689 expensa,
921 4631 1358 4672 recenseremus.
1397 4615 1529 4672 Cum
1558 4617 1703 4670 enim
1805 4621 1904 4694 τὴν
1945 4620 2303 4692 Ἐξαήμερονο
2338 4637 2355 4670 ι
2384 4618 2636 4689 Legimus
2664 4621 2806 4674 beati
2841 4619 3018 4674 Basilii
3084 4634 3222 4688 opus
3285 4635 3381 4674 sex

137 4715 224 4769 vix
250 4715 419 4786 possit
449 4713 571 4782 qnis
606 4712 792 4766 multis
831 4710 987 4765 annis
1023 4708 1146 4764 Vitae
1183 4724 1294 4764 sua:
1321 4710 1482 4763 unius
1512 4721 1575 4763 ex
1604 4707 1705 4762 Pa-
1729 4749 1772 4805 α
1809 4715 2016 4768 dierum
2038 4753 2054 4776 ,
2097 4728 2192 4768 seu
2243 4711 2310 4765 de
2343 4711 2526 4764 mundi
2575 4711 2806 4765 fabrica.
2842 4729 2861 4763 ι
2900 4709 3138 4764 Vocatur
3166 4721 3222 4764 et
3263 4711 3382 4780 ipsa

137 4807 304 4861 tribus
323 4819 548 4875 operum
585 4804 1084 4872 interpretationem
1135 4800 1368 4866 emetiri,
1403 4814 1470 4854 ne
1499 4800 1701 4854 diutius
1736 4798 1772 4805 “
1805 4804 2150 4858 homiliarum
2170 4800 2436 4867 collectio,
2466 4801 2584 4854 sive
2603 4798 2761 4854 Liber
2781 4801 2841 4853 de
2861 4816 3012 4870 opere
3034 4816 3126 4854 sea:
3153 4802 3379 4863 dierum,

137 4909 316 4950 eorum
363 4891 795 4950 Graeco-Latinas
841 4889 1107 4946 editiones
1150 4887 1393 4942 Eccmsia
1434 4885 1698 4955 requirat,
1811 4897 1877 4952 Ἡ
1913 4895 2290 4964 Ἑξαήμερος,
2322 4903 2432 4946 uta
2461 4891 2723 4962 Gregorio
2740 4891 3078 4947 Nazianzeno
3103 4903 3240 4948 orat.
3271 4892 3376 4948 20:

138 4988 257 5043 boni
290 4987 534 5058 profecto
572 4983 962 5040 consulendum
993 4991 1100 5042 est,
1131 4981 1176 5034 si
1218 4986 1450 5047 recepta:
1474 4975 1588 5046 jam
1619 4977 1704 5031 iu-

1809 4991 1966 5043 Ὀταν
1988 4987 2100 5054 τὴν
2120 4984 2476 5053 Ἑξαήμερον
2497 4981 2661 5036 αὐτοῦ
2711 4982 3191 5055 μεταχειρίζωμαι,
3242 4985 3381 5054 μετὰ

139 5082 544 5150 terpretationes
583 5093 651 5134 ex
699 5077 929 5130 adverso
973 5072 1147 5127 (ἱναιοὶ
1190 5080 1369 5125 textus
1415 5070 1705 5140 recognitte

1809 5079 1893 5134 τοῦ
1941 5079 2158 5133 κτίστου
2197 5078 2439 5146 γίνομαι·
2490 5094 2507 5125 ι
2543 5074 2679 5128 Cum
2740 5073 3103 5129 Hexaemeron
3150 5075 3292 5130 illius
3325 5075 3379 5128 in

136 5175 479 5229 collocentur.
505 5172 677 5238 Quam
707 5169 777 5222 ad
803 5183 916 5222 rem
942 5163 1279 5220 commodius
1303 5162 1704 5232 exsequendam
1802 5181 1996 5222 "ianus
2020 5181 2194 5228 sumo,
2227 5180 2348 5218 cum
2377 5172 2620 5217 creatore
2641 5163 2960 5234 conjungor.
2989 5163 3381 5233 DHiCI‘Ollyllrus

140 5281 269 5320 novo
301 5267 518 5332 insuper
544 5261 714 5328 adjnti
741 5259 983 5314 subsidio
1009 5272 1220 5320 sumus,
1254 5269 1376 5309 cum
1407 5255 1701 5309 immortali
1801 5259 1960 5327 epist.
1994 5256 2100 5311 55:
2143 5274 2162 5307 ι
2198 5254 2380 5323 Nuper
2423 5263 2647 5309 sanctus
2681 5255 3002 5308 Ambrosius
3057 5255 3134 5309 sic
3166 5253 3378 5307 Hexae-

138 5358 392 5414 benelicio
425 5355 488 5411 V.
523 5356 588 5411 (1.
615 5352 821 5409 Nicolai
865 5351 1026 5407 Fabri
1074 5347 1168 5402 τοῦ
1202 5345 1509 5418 μακαρίτου
1544 5357 1701 5402 vetus
1799 5365 1978 5403 meron
2009 5345 2262 5417 Origenis
2302 5345 2636 5415 compilavit,
2667 5355 2726 5398 ut
2753 5345 2922 5412 magis
2955 5344 3224 5415 Hippolyti
3254 5359 3380 5398 sen-

141 5449 394 5506 Eustathii
428 5448 806 5518 interpretatio
835 5457 1028 5499 novem
1055 5440 1408 5496 homiliarutn
1442 5439 1496 5492 in
1532 5437 1702 5492 Gene-
1803 5442 1998 5496 tentias
2021 5440 2311 5509 Basiliique
2337 5448 2620 5506 sequatur.
2645 5457 2664 5489 ι
2691 5436 2848 5498 Beda:
2873 5452 3089 5506 quoque
3125 5438 3215 5492 hic
3248 5435 3375 5489 titu-

137 5543 232 5597 εἰσι
263 5543 543 5612 prodierit,
576 5553 736 5609 quem
773 5545 918 5593 tanta
959 5536 1118 5590 laude
1153 5531 1515 5587 Cassiodorus
1546 5546 1700 5587 com-
1801 5531 1884 5586 lus
1908 5542 1990 5586 est
2015 5531 2138 5586 libri
2169 5531 2223 5584 in
2251 5527 2528 5584 Cenesim:
2575 5526 2960 5591 Hexaemeron,
3019 5529 3128 5580 sive
3189 5529 3253 5580 de
3277 5539 3370 5580 se:

139 5637 368 5705 utendat,
402 5647 458 5692 ut
501 5631 775 5705 ingenium
807 5629 1105 5686 doctissimi
1141 5627 1242 5682 viri
1283 5623 1544 5682 facundiae
1589 5638 1701 5679 sua:
1801 5623 2002 5678 dierum
2057 5621 2318 5676 creatione
2360 5617 2585 5674 libellus.
2622 5619 3044 5688 Antiquissimus
3106 5619 3373 5680 omnium,

444 5731 716 5790 Ριτιιοι.
751 5726 866 5787 Gn.
906 5721 1108 5784 XXX.

3021 5711 3093 5770 3i
