3824 6214
140 275 241 328 975

1245 267 1335 320 AD
1376 267 1702 324 HOMILIAS
1740 265 1808 321 IN
1850 265 2348 322 IIEXAEMERON.

3300 267 3405 320 ςηι

143 389 228 443 cui
287 387 516 442 lectioni
557 385 882 457 astipulatur
925 384 1269 449 Eustathius,
1311 403 1330 436 ι
1357 385 1507 450 Quod
1557 384 1730 453 plani-
1759 390 1806 446 Α
1834 384 2146 437 damentum
2178 391 2232 436 et
2263 381 2483 450 gradus.
2510 399 2530 433 ι
2572 380 2889 437 Eustathius
2939 381 3134 436 melius
3181 395 3406 451 expres-

144 482 246 534 ties
275 494 475 534 eorum
527 479 689 533 nullis
730 479 923 532 mediis
961 476 1325 546 interpolatur
1362 475 1674 530 obstaculis.
1709 493 1728 524 ι

144 571 296 637 Quod
350 572 626 638 sequitur,
686 570 878 623 vitiose
925 569 1208 638 legebatur
1257 577 1442 631 antea,
1489 566 1588 636 τὴν
1636 564 1732 618 τοῦ

145 663 353 732 κόσμου
383 663 625 734 ἄναρχον
650 662 745 715 καὶ
779 659 1047 723 ἀτελεύτ..
1078 662 1171 714 sed
1208 660 1495 713 restitutus
1539 666 1623 711 est
1649 672 1734 711 eo-

146 755 396 808 rumdem
458 757 720 808 librorum
778 754 1105 807 auctoritate
1155 751 1328 806 locus.
1385 749 1555 804 Paulo
1613 758 1733 818 post

146 861 193 898 (ο.
222 847 277 908 1,
302 847 370 899 ΕΞ
401 846 514 918 γὰρ
540 847 737 918 ἀρχήν,
767 847 962 900 horum
991 844 1500 914 interpretationem
1527 844 1732 898 clarius

146 936 481 992 efferendum
513 939 845 993 censuimus.

213 1029 330 1083 Col.
365 1030 438 1082 12
466 1031 512 1083 A
543 1029 630 1083 lO.
661 1028 1041 1098 Expunximus
1077 1029 1214 1084 duas
1238 1043 1400 1084 voces
1432 1029 1728 1092 addititias,

150 1137 168 1169 ι
194 1133 318 1172 cum
353 1119 489 1183 Deo,
523 1138 542 1172 ›
583 1133 720 1188 quas
744 1119 932 1173 Grzeea
960 1133 1066 1172 non
1095 1119 1404 1185 requirunt,
1432 1133 1606 1188 neque
1638 1133 1732 1172 ve-

147 1221 232 1265 tus
264 1210 546 1279 interpres
575 1210 896 1264 Eustathius
930 1209 1197 1278 agnoscit,
1237 1228 1255 1260 (
1287 1209 1600 1279 Rerumque
1634 1225 1732 1278 per

147 1311 330 1372 partes
387 1303 768 1356 institutarum
815 1311 1059 1356 actorem
1114 1301 1672 1369 dispensatoremque.
1707 1319 1726 1352 ι

146 1395 338 1449 Cicero
372 1394 678 1447 Academia.
733 1391 1082 1462 qumslionum
1116 1391 1208 1446 lib.
1239 1380 1296 1445 ni
1328 1411 1340 1445 :
1386 1409 1404 1442 ι
1432 1391 1636 1446 Zenoni
1676 1401 1733 1446 et

147 1485 374 1554 reliquis
416 1483 535 1538 fere
579 1482 782 1537 Stoicis
811 1483 984 1535 :ether
1017 1482 1236 1536 videtur
1277 1496 1523 1538 summus
1566 1482 1729 1548 Deus,

149 1585 328 1630 mente
369 1574 652 1642 praeditus,
690 1587 795 1642 qua
826 1573 1009 1627 omnia
1048 1584 1326 1641 regantur.
1355 1591 1374 1622 ι
1409 1571 1554 1627 Idem
1584 1573 1679 1627 lib.
1712 1589 1729 1627 ι

149 1667 221 1720 De
250 1677 452 1720 natura
501 1669 720 1720 deorum
753 1681 772 1718 :
808 1685 826 1716 ‹
860 1665 1193 1736 Chrysippus
1244 1666 1488 1735 diSputat
1527 1668 1730 1723 aethera

1836 471 1928 536 sit,
1964 494 1986 518 ε
2010 472 2404 526 munimentum
2436 482 2491 525 et
2527 471 2924 539 fulcimentum,
2947 491 2967 524 ι
3002 483 3058 528 et
3083 472 3404 529 Cornarius.

1840 580 1858 612 ι
1881 561 2031 616 basis
2059 577 2129 615 ac
2182 563 2613 616 fundamentum.
2638 581 2657 614 ι
2694 562 2905 633 Βάθρον
2943 563 3030 618 hic
3062 577 3168 617 non
3202 559 3410 632 κλίμαξ

1833 661 1940 715 est,
1978 653 2073 707 sed
2103 652 2375 724 θεμέλιος,
2415 653 2449 724 ἢ
2493 653 2760 726 ἓδρασμα,
2811 673 2829 706 ι
2853 655 3276 719 ﬁrmamentum,
3315 666 3410 707 aut

1832 744 2267 800 fundamentum.
2299 765 2317 797 ι
2371 745 2463 801 Sic
2511 746 2564 800 in
2608 746 2712 800 hac
2746 747 2862 816 ipsa
2910 746 3132 802 homilia
3160 754 3216 801 et
3249 745 3406 816 pagi-

1834 850 1924 898 na,
1958 834 2200 906 θεμέλιοί
2237 853 2380 900 τινες
2406 835 2502 890 καὶ
2540 836 2804 907 κρηπῖδες
2843 837 3242 910 προκατεϐλήθ.

1904 923 2023 978 Col.
2067 924 2133 976 l8
2167 924 2210 978 A
2235 924 2286 980 ὅ.
2335 923 2403 977 1η
2452 941 2682 979 summa.
2720 925 3077 983 Eustathius:
3108 947 3127 980 ι
3153 929 3406 984 Summa-

1836 1013 1954 1079 tim,
2005 1015 2060 1069 id
2112 1023 2219 1080 est,
2271 1016 2448 1082 brevi,
2502 1018 2860 1087 subitoque.»
2923 1019 3256 1076 Cornarius:
3294 1023 3403 1076 «In

1834 1119 2045 1159 summa
2085 1105 2218 1161 fecit
2251 1107 2413 1174 Deus,
2439 1108 2543 1163 hoc
2567 1113 3044 1173 est,coacervatim
3083 1123 3138 1166 et
3165 1113 3338 1167 brevi.
3375 1132 3395 1162 ι

1833 1197 2144 1266 Κεφάλαιον
2173 1198 2261 1252 hic
2288 1214 2553 1254 summam
2584 1202 2793 1255 numeri
2825 1202 2906 1256 vel
2937 1205 3196 1272 temporis
3224 1218 3404 1270 sonat,

1832 1304 1936 1358 qua
1988 1291 2208 1344 notione
2260 1305 2402 1358 saepe
2449 1305 2610 1346 voces
2667 1291 2907 1347 Hebraeae
2952 1302 3150 1354 unum
3184 1305 3238 1350 et
3271 1306 3405 1355 Wrﬁ

1835 1381 2176 1450 accipiuntur
2231 1383 2284 1436 in
2337 1383 2641 1458 Scriptura,
2673 1394 2728 1438 et
2765 1399 2795 1438 a
2837 1384 2980 1439 LXX
3033 1401 3179 1442 nunc
3233 1391 3405 1456 κεφά-

1832 1471 2000 1538 λαιον,
2054 1488 2198 1528 nunc
2245 1474 2412 1545 ἀρχή,
2474 1491 2618 1529 nunc
2683 1475 3038 1548 συλλογισμός
3098 1489 3404 1544 vertuntur,

1833 1564 2288 1634 quemadmodum
2320 1566 2466 1621 etab
2493 1567 2711 1636 Aquila,
2753 1569 3126 1625 Theodotione
3165 1580 3221 1625 et
3253 1570 3407 1642 Sym-

1834 1659 2051 1720 macho,
2089 1673 2225 1727 quos
2271 1659 2359 1714 hic
2411 1661 2697 1730 designare
2741 1663 2958 1718 videtur
3010 1663 3258 1731 Basilius,
3295 1665 3406 1720 Nn-

147 1775 264 1815 esse
291 1775 445 1823 eum,
476 1774 636 1828 quem
664 1759 910 1813 homines
938 1759 1125 1814 Jovem
1154 1758 1510 1828 appellarent.
1536 1779 1556 1811 ι
1582 1759 1726 1815 Idem

1840 1763 1966 1803 mer.
1998 1764 2072 1815 tv,
2101 1751 2136 1802 2
2165 1766 2179 1801 :
2206 1749 2362 1804 Λάϐε
2384 1749 2451 1803 τὸ
2486 1749 2816 1820 κεφάλαιον
2857 1751 2976 1807 τῶν
3015 1753 3162 1808 υἱῶν
3207 1756 3402 1812 Καάθ-

147 1855 242 1916 ait,
302 1851 592 1906 Platonem
630 1851 683 1904 in
717 1848 916 1904 Timaeo
974 1851 1192 1917 dicere,
1251 1851 1511 1904 mundum
1562 1850 1730 1906 Deum

147 1957 287 2007 esse,
319 1952 377 1998 et
409 1941 606 1996 cadum
637 1949 691 1996 et
723 1951 894 2008 astra,
931 1950 986 1996 et
1034 1950 1235 1996 terram
1268 1956 1281 1992 :
1309 1942 1560 2011 idemque
1609 1942 1733 1997 Pla-

150 2034 262 2088 toni
310 2033 506 2088 tribuit
547 2031 770 2086 Preclus
823 2041 1143 2099 argumento
1182 2030 1274 2094 20,
1314 2047 1474 2100 quem
1528 2033 1734 2087 refutat

151 2126 482 2182 Benedictus
503 2125 759 2180 Pererius
788 2124 885 2180 lib.
913 2141 982 2179 xv
1031 2124 1106 2178 De
1137 2125 1412 2195 principiis
1441 2142 1615 2180 rerum
1636 2143 1734 2180 na-

151 2221 432 2282 turalium,
473 2233 594 2286 cap.
636 2218 690 2273 4.

218 2316 352 2372 Ibid.
388 2314 432 2368 Β
458 2315 514 2367 2.
560 2313 715 2368 Ἀλλ’
751 2316 806 2367 οι
841 2311 962 2366 τῶν
985 2313 1242 2382 ἄστρων.
1291 2313 1550 2368 Fortasse
1595 2314 1731 2368 scri-

153 2407 413 2470 bendum,
443 2405 592 2459 άλλοι
643 2403 753 2458 τῶν
794 2405 1064 2476 ἀστέρων,
1102 2407 1242 2474 quod
1288 2407 1480 2460 suadet
1534 2406 1731 2460 Eusta-

158 2499 301 2553 thius
329 2509 556 2552 vertens
585 2515 600 2552 :
639 2514 658 2547 ι
681 2497 786 2552 Alii
819 2497 1098 2551 stellarum
1152 2497 1436 2551 intervalla
1480 2497 1730 2552 dinume-

182 2600 292 2644 ant.
321 2609 340 2641 ι

218 2677 358 2735 Ibid.
398 2677 440 2728 Β
473 2677 527 2732 5.
567 2678 695 2744 Τοῖς
728 2676 844 2747 μέν
865 2680 989 2732 εἱσι
1018 2679 1388 2747 φαινόμενοι.
1434 2678 1548 2732 Duo
1579 2677 1735 2748 Regii

153 2771 262 2834 τοῖς
293 2770 400 2840 μέν
436 2771 543 2823 εἰσι
570 2771 814 2841 φανεροί.
846 2769 1192 2824 Eustathius:
1230 2789 1246 2821 ι
1275 2769 1331 2824 1η
1363 2771 1529 2825 certis
1555 2770 1735 2838 suspi~

154 2861 372 2913 citantur
407 2861 740 2924 hominibus,
772 2859 928 2914 nobis
955 2868 1132 2913 autem
1163 2860 1430 2913 habentur
1463 2860 1678 2929 ignotae.
1709 2877 1730 2908 ι

158 2949 243 3004 Sic
281 2952 430 3005 enim
466 2952 863 3006 emendandum
894 2965 992 3020 pro
1029 2967 1047 3001 ι
1078 2951 1464 3018 suscipiuntur.
1497 2969 1516 3000 ι

223 3041 358 3098 lbitl.
399 3042 438 3094 Β
481 3041 534 3095 8.
593 3041 1004 3096 Declinationes.
1050 3041 1356 3103 Basiliens.,
1398 3039 1734 3112 στηριγμοὺς

157 3133 248 3185 καὶ
303 3132 676 3196 ἀποκλείσεις.
733 3131 1071 3194 Eustathius,
1130 3132 1523 3200 praeclusiones.
1556 3132 1729 3198 Quam

157 3227 441 3282 lectionem
503 3235 721 3279 secutus
778 3222 1392 3293 Tilmannusediderat
1457 3225 1728 3287 stationes,

158 3317 504 3379 exclusiones,
542 3322 596 3364 et
627 3322 916 3366 annotarat
943 3310 1337 3382 Argyropylum
1383 3312 1575 3381 legisse
1599 3313 1733 3365 dno-

158 3408 400 3472 κλίσεις·
439 3414 600 3474 prout
639 3414 692 3459 et
745 3405 798 3457 in
842 3407 1051 3459 duobus
1125 3405 1306 3474 llegiis
1355 3421 1482 3458 mss.
1535 3420 1730 3459 exara-

163 3512 272 3554 tum
309 3501 434 3562 fuit,
467 3499 585 3552 ideo
609 3496 990 3550 declinationes
1023 3496 1366 3565 interpretati
1403 3512 1611 3551 sumus.
1640 3497 1734 3550 Est

164 3592 302 3645 enim
351 3589 635 3645 declinatio
683 3588 823 3656 apud
866 3587 1168 3656 astrologos
1206 3587 1373 3641 stella:
1418 3586 1500 3641 vel
1546 3590 1730 3657 puncti

162 3684 422 3752 cclipticxe
461 3681 717 3736 distantia
747 3680 815 3732 ab
844 3690 1118 3747 aequatore
1148 3694 1338 3733 versus
1377 3679 1603 3732 alterum
1636 3693 1731 3748 po-

164 3775 332 3829 lorum
367 3772 572 3826 mundi.
613 3769 937 3824 Aristoteles
969 3770 1034 3823 de
1067 3769 1178 3824 sole
1211 3784 1402 3839 agens,
1437 3770 1727 3838 Problem,

162 3877 291 3920 Sect.
336 3864 426 3929 15,
462 3861 635 3931 probl.
673 3863 740 3914 t5:
784 3859 1070 3930 Ἀπείρους
1099 3858 1206 3930 γὰρ
1247 3859 1521 3928 ἐγκλίσεις
1559 3862 1732 3930 ὲγχω-

168 3959 246 4024 ρεί
274 3956 440 4010 αὐτὸν
492 3953 772 4023 κλιθῆναγ
829 3970 848 4003 t
889 3951 1022 4006 Cum
1055 3950 1168 4004 ﬁeri
1222 3950 1412 4018 possit,
1447 3951 1733 4005 utinlinito

167 4062 390 4104 numero
444 4045 748 4100 inclinetur.
774 4062 793 4094 ι
851 4041 1165 4097 Cleomedes
1215 4042 1312 4096 lib.
1350 4058 1365 4095 ι
1396 4041 1688 4111 Geograph.
1712 4058 1732 4096 :

166 4141 285 4205 Τοῖς
311 4139 592 4210 τροπικοῖς
625 4133 1017 4204 πλαγιώτερος,
1051 4135 1144 4186 καὶ
1170 4134 1262 4186 ἐπὶ
1284 4134 1462 4187 πλεῖον
1483 4136 1734 4204 ἐγκεκλι-

170 4232 323 4300 μένος
353 4227 716 4299 παράκειται·
755 4243 773 4276 t
798 4225 1041 4293 Tropicis
1070 4239 1196 4280 vero
1221 4226 1512 4294 obliquior,
1539 4239 1592 4282 et
1617 4245 1734 4282 ma-

168 4324 246 4390 gis
295 4322 590 4376 inclinatus
632 4317 880 4373 accubat.
911 4335 930 4368 ι
971 4316 1063 4371 Sic
1118 4315 1352 4372 Basilius
1389 4319 1502 4386 ipse
1545 4320 1729 4374 infra:

167 4416 278 4469 Οὐκ
316 4413 568 4484 ἔχουσαν,
599 4412 734 4464 ὅπου
788 4407 984 4479 μᾶλλον
1023 4408 1310 4479 ἀποκλιθῇ.
1360 4407 1512 4474 Quod
1552 4412 1732 4479 sequi-

169 4517 252 4561 tur
281 4523 293 4557 :
342 4507 465 4559 Ἐπὶ
494 4504 564 4557 τὰ
599 4502 986 4573 προηγούμενα
1023 4501 1259 4573 κίνησιν,
1299 4501 1589 4557 Cornarius
1612 4519 1730 4556 ver-

173 4601 230 4654 Iit
258 4617 272 4652 :
313 4617 333 4651 ι
365 4599 566 4652 Motum
599 4599 840 4650 omnium
893 4597 955 4648 ad
991 4594 1286 4663 prmeuntia
1320 4609 1384 4649 ac
1415 4594 1738 4662 primordia-

171 4693 269 4759 lia;
293 4713 312 4745 ι
349 4690 734 4754 Muntacutius,
770 4707 788 4739 ι
813 4698 1012 4741 motum
1047 4688 1098 4739 in
1131 4687 1530 4742 antecedentia.
1557 4705 1576 4737 ι

236 4785 354 4840 Col.
390 4784 455 4836 l3
482 4783 529 4836 A
558 4783 611 4835 6.
654 4779 1062 4848 Ὑπέρχρονος.
1109 4778 1184 4832 Ita
1229 4779 1334 4832 duo
1374 4777 1492 4833 RR.
1525 4794 1633 4832 non
1682 4788 1742 4834 ut

172 4875 477 4940 Basiliens.,
513 4874 891 4946 ὑπερχρόνιος.
922 4873 1240 4940 Quanquam
1295 4880 1584 4939 utrumque
1631 4872 1743 4924 usi-

175 4981 362 5034 talum,
392 4982 449 5022 ut
486 4968 763 5037 ῑσόχρονος
803 4976 857 5020 et
902 4963 1219 5035 ἰσοχρόνιος.
1263 4959 1522 5022 Subinde,
1558 4979 1576 5012 t
1601 4961 1743 5030 quod

175 5078 385 5132 semper
437 5071 677 5130 urgetur.
707 5079 726 5111 ι
790 5058 1061 5127 lnterpres
1109 5065 1346 5110 verterat
1380 5073 1393 5108 :
1422 5072 1441 5106 ι
1466 5055 1745 5108 Accedens

176 5170 386 5225 semper
419 5165 470 5208 et
505 5168 655 5207 more
705 5152 920 5205 fluentis
973 5165 1126 5218 aquae
1167 5147 1445 5213 recedens,
1493 5161 1590 5200 nec
1647 5161 1745 5200 un-

175 5264 332 5316 quam
369 5263 400 5300 a
427 5255 606 5316 empto
642 5259 805 5299 cursu
849 5242 1110 5296 restitans
1159 5249 1253 5292 aut
1281 5239 1692 5306 eonqttiescens.
1719 5255 1738 5288 ι

175 5340 464 5395 Carnarius
491 5339 711 5408 prapius
744 5339 809 5389 ad
843 5346 1074 5389 mentem
1107 5331 1375 5386 auctoris:
1415 5349 1434 5382 ς
1460 5329 1744 5384 Festinans

177 5446 388 5502 semper
418 5447 481 5485 ac
514 5429 906 5499 praeterﬂuens,
937 5443 1000 5482 ae
1031 5441 1296 5494 nusquam
1329 5439 1357 5476 a
1399 5437 1559 5476 cursu
1593 5423 1744 5490 quie-

180 5539 352 5579 scens.
387 5522 497 5578 Nos
527 5520 868 5574 Eustathium
900 5519 1070 5574 secuti
1105 5531 1311 5571 sumus.
1356 5533 1375 5565 ι

243 5617 360 5671 Col.
399 5615 461 5668 15
491 5613 538 5667 Δ
576 5613 630 5667 5.
663 5611 991 5678 Principium
1033 5611 1145 5662 vice.
1174 5606 1352 5660 Locus
1401 5613 1485 5658 est
1514 5604 1745 5659 Prover-

178 5708 311 5764 bior.
357 5724 470 5776 xvi,
502 5707 552 5761 ὅ.
583 5705 746 5759 I‘nulo
778 5712 918 5772 post,
959 5701 1162 5773 κρηπὶς
1204 5699 1295 5752 καὶ
1323 5695 1544 5769 βάθρον,
1581 5715 1598 5747 ‹
1627 5700 1744 5751 l‘uu.

1769 4461 1816 4516 D

1833 1839 2022 1908 Accipe
2084 1857 2343 1895 summam
2412 1841 2649 1909 ﬁliorum
2709 1843 2901 1898 Caatlt.
2957 1844 3194 1917 ,Vulgata
3267 1864 3406 1917 quo-

1832 1947 1937 2001 que
1964 1931 2157 1986 Latina
2195 1953 2213 1984 ι
2239 1947 2506 1988 summam
2533 1953 2552 1988 ι
2590 1937 2772 2001 vertit,
2808 1947 2863 1991 et
2914 1916 3181 2007 interpres
3217 1916 3407 2008 Orige—

1833 2024 1938 2088 nis,
1974 2040 2338 2090 «numerum;
2387 2045 2406 2078 ι
2463 2025 2683 2081 Numer.
2730 2043 2766 2089 ι,
2824 2029 2859 2082 2
2889 2047 2903 2083 :
2931 2028 3152 2084 Λάϐετε
3205 2032 3408 2100 ἀρχὴν

1832 2114 2038 2183 πάσης
2106 2116 2470 2187 συναγωγῆς
2507 2134 2520 2147 °
2592 2117 2821 2185 Accipite
2904 2138 3163 2176 summam
3237 2128 3407 2178 omnis

1832 2203 2291 2272 congregationis;
2353 2205 2518 2260 Exodi
2552 2223 2680 2270 xxx,
2724 2210 2789 2263 12
2837 2229 2851 2264 :
2905 2211 3040 2266 Ἐὰν
3075 2214 3270 2282 λάϐῃς
3299 2217 3409 2268 τὸν

1833 2294 2258 2364 συλλογισμὸν
2316 2295 2436 2349 τῶν
2477 2297 2624 2351 υἱῶν
2664 2300 2900 2368 Ἰσραήλ
2922 2319 2936 2333 ·
3004 2303 3135 2358 Cum
3186 2310 3408 2376 accipies

1833 2387 2273 2452 computationem
2315 2386 2546 2454 ﬁliorum
2600 2389 2794 2444 Israel.
2855 2391 2945 2448 Sic
2985 2394 3212 2452 inferius
3258 2397 3412 2455 Basi-

1831 2477 1936 2531 lius
1965 2479 2100 2532 dixit
2132 2496 2144 2533 :
2179 2481 2237 2533 ὲν
2266 2481 2548 2552 κεφαλαίῳ
2597 2485 2997 2556 παραδεδόσθαι
3045 2489 3275 2560 οὐρανοῦ
3319 2494 3412 2546 καὶ

1834 2569 1941 2639 γῆς
1976 2569 2218 2642 ποίησιν.
2246 2573 2316 2625 At
2343 2572 2715 2630 Ecclesiastici
2741 2593 2896 2641 xvm,
2928 2579 2979 2644 1,
3002 2582 3264 2651 scriptum
3286 2596 3366 2640 cst
3394 2603 3408 2636 :

1845 2664 1899 2716 Ὁ
1929 2663 2042 2724 ζῶν
2086 2667 2173 2730 εὶς
2219 2665 2327 2718 τὸν
2359 2667 2564 2732 αἰῶνα,
2593 2669 2797 2723 ἔκτισε
2833 2672 2907 2725 τὰ
2945 2673 3143 2729 πάντα
3199 2677 3409 2747 κοινῇ·

1837 2756 1941 2822 Qui
1992 2758 2112 2812 vivit
2159 2759 2215 2812 in
2269 2768 2555 2826 wlernum,
2593 2762 2783 2814 creavit
2834 2764 3010 2816 omnia
3066 2766 3243 2820 simul.
3301 2768 3414 2822 Hoc

1835 2857 1941 2913 est,
1978 2849 2184 2914 pariter
2225 2848 2310 2902 vel
2360 2851 2744 2916 communiter,
2779 2853 2953 2921 inquit
2983 2852 3276 2912 Jansenius
3303 2873 3316 2908 :
3347 2876 3415 2912 ne

1837 2939 1958 3006 quis
1990 2953 2057 2993 ex
2102 2940 2208 2993 hoc
2256 2939 2479 3009 colligat
2516 2942 2698 2995 omnia
2735 2943 2894 2996 simul
2936 2945 3125 3000 eodem
3173 2957 3414 3018 tempore

1836 3046 1958 3086 esse
1993 3033 2236 3099 condita,
2271 3034 2730 3102 quemadmodum
2761 3050 2828 3089 ex
2861 3038 3049 3092 eodem
3091 3038 3210 3095 loco
3250 3043 3413 3098 intel-

1761 3098 1802 3156 ο
1840 3123 1973 3178 lexit
2019 3123 2076 3178 S.
2125 3098 2479 3192 Augustinus,
2521 3127 2701 3180 omnia
2749 3141 2910 3196 opera
2940 3133 3256 3198 creationis,
3293 3153 3416 3206 qua:

1841 3231 1935 3272 sex
1979 3216 2169 3271 diebus
2219 3215 2364 3270 facta
2414 3230 2932 3288 commemorantur,
2983 3221 3144 3278 simul
3201 3242 3417 3297 unoque

1844 3317 2084 3378 tempore
2118 3307 2260 3362 facta
2293 3321 2436 3372 esse,
2465 3308 2559 3362 lib.
2595 3325 2646 3362 iv
2671 3309 2748 3363 De
2772 3307 2960 3365 Genesi
2975 3314 3044 3366 ad
3068 3315 3149 3369 lit.
3180 3332 3300 3386 cap,
3319 3321 3413 3386 55,-

1841 3416 2014 3468 neque
2035 3401 2226 3456 «simul
2253 3421 2272 3452 ι
2300 3401 2557 3470 temporis
2576 3402 2905 3458 identitatem
2921 3405 3008 3460 hic
3031 3407 3297 3477 designat,
3319 3418 3414 3467 sed

1845 3495 2096 3550 universa
2142 3497 2260 3550 sine
2301 3495 2622 3564 exceptione
2662 3498 3098 3566 comprehendit.
3131 3501 3237 3557 Sed
3264 3503 3414 3559 fave-

1842 3593 1925 3638 ret
1963 3584 2253 3654 Angustini
2305 3585 2590 3640 sententiae
2637 3586 2752 3640 haec
2793 3585 3008 3641 illorum
3053 3590 3412 3663 interpretum

1842 3672 2074 3736 ἐκδοσις,
2125 3673 2281 3739 cujus
2323 3674 2536 3729 videtur
2578 3675 2835 3730 habuisse
2879 3678 3127 3732 notitiam
3181 3683 3414 3740 Aeacius

1842 3765 1896 3818 in
1930 3765 2032 3819 hoc
2060 3765 2278 3820 Catenae
2303 3765 2619 3821 Graecorum
2650 3768 2703 3820 in
2735 3767 2978 3823 Genesim
3003 3771 3142 3836 loco,
3169 3775 3260 3844 qui
3287 3792 3414 3844 per-

1841 3871 2024 3926 peram
2079 3858 2218 3926 apnd
2268 3857 2622 3913 Franciscum
2691 3860 2998 3932 Zephyrum
3071 3866 3419 3926 Theodoreto

1843 3947 2118 4001 tribuitur.
2158 3947 2250 4001 Sic
2276 3949 2421 4002 enim
2461 3958 2641 4005 textus
2688 3949 2910 4008 Grtceus
2949 3971 3009 4010 se
3045 3957 3210 4014 habet
3241 3961 3292 4015 in
3324 3978 3417 4016 co-

1843 4039 1964 4095 dice
2019 4040 2372 4095 illustrissimi
2429 4043 2721 4098 cardiualis
2763 4044 2992 4102 Jocusaai
3031 4065 3047 4103 :
3087 4051 3419 4126 Ἐρωτητέον

1841 4131 2003 4186 πάλιν
2039 4131 2257 4195 αὐτοὺς,
2299 4133 2526 4204 πότερον
2575 4135 2691 4205 ἅμα
2725 4137 2901 4191 πάντα
2932 4139 3418 4218 δεδημιούργηται,

1842 4225 1876 4295 ἢ
1908 4223 2059 4289 τάξει
2097 4227 2192 4279 καὶ
2237 4226 2361 4296 ὁδῷ.
2384 4229 2496 4280 Καὶ
2526 4230 2575 4280 εἰ
2607 4229 2706 4299 μὲν
2739 4231 2799 4283 τὸ
2824 4231 3038 4303 πρῶτον
3070 4237 3298 4298 εἴποιεν,
3326 4238 3424 4308 δῆ-

1842 4318 1953 4382 λον,
1973 4319 2053 4371 ὅτι
2077 4317 2292 4373 ἅπαντα
2311 4319 2616 4391 δημιουργή
2627 4339 2722 4385 σας
2743 4325 3052 4378 κατέπαυσε
3080 4327 3247 4381 πάλαι
3265 4331 3420 4394 ποτὲ,

1845 4409 1936 4462 καὶ
1967 4409 2087 4460 ὅσον
2109 4409 2166 4460 ὲν
2199 4409 2380 4471 αὐτοῖς
2415 4409 2508 4462 νῦν
2546 4411 2714 4480 ἀργὸς
2741 4412 2817 4464 ὢν
2856 4416 3128 4484 τυγχάνει.
3161 4417 3223 4469 Εἰ
3262 4417 3320 4470 δὲ
3357 4419 3420 4470 τὸ

1840 4501 2091 4571 δεύτερον
2137 4499 2344 4570 ἐροῦσι,
2374 4501 2435 4552 τὸ
2462 4500 2612 4565 τάξει
2641 4504 2734 4556 καὶ
2778 4503 2882 4574 ὁδῷ
2909 4505 3281 4578 δημιουργεῖν,
3307 4525 3422 4563 και·

1842 4594 1931 4665 ρὸς
1965 4592 2162 4654 αὐτοὺς
2195 4591 2505 4662 μεμνῆσθαι
2533 4592 2626 4646 τοῦ
2657 4593 2717 4660 ἐξ
2745 4594 2921 4666 ἀρχῆς
2966 4595 3413 4667 ὡμολογημένον,

1839 4687 1914 4749 ὡς
1935 4685 2035 4738 οὐκ
2063 4684 2128 4738 ἂν
2154 4685 2239 4755 εἴη
2261 4684 2462 4755 ἄπειρα
2501 4686 2569 4738 τὰ
2596 4686 3125 4757 δεδημιουργημένα.
3164 4709 3182 4740 ι
3211 4691 3418 4746 Itursus

1844 4780 2216 4847 interrogandi
2254 4788 2404 4839 sunt,
2438 4794 2565 4831 num
2602 4781 2786 4833 omnia
2815 4781 2976 4833 simul
3006 4781 3147 4835 facta
3177 4784 3312 4850 sint,
3346 4799 3414 4837 an

1843 4871 2102 4939 deinceps
2123 4879 2180 4924 et
2210 4878 2630 4937 consequenter.
2652 4868 2730 4923 Ae
2758 4870 2801 4924 si
2827 4872 2977 4938 prius
3000 4873 3220 4940 quidem
3257 4875 3414 4928 dixe-

1840 4961 1971 5026 rint,
2000 4960 2206 5014 nemini
2238 4959 2462 5015 dubium
2491 4969 2596 5025 est,
2635 4960 2767 5028 quin
2796 4960 2940 5016 Deus
2967 4963 3220 5018 omnibus
3263 4979 3418 5020 crea-

1841 5054 1912 5109 tis
1940 5053 2264 5121 jampridem
2301 5051 2591 5121 quieverit,
2622 5051 2793 5105 vitam
2824 5068 2994 5116 nunc,
3028 5064 3292 5122 quantum
3347 5059 3414 5110 ad

1841 5160 1936 5201 eos
1964 5147 2185 5208 attinet,
2211 5145 2446 5199 otiosam
2474 5144 2699 5212 degens.
2734 5142 2829 5199 Sin
2854 5143 3128 5214 posterius
3157 5145 3419 5212 dixerint,

1840 5246 1898 5294 et
1933 5239 2182 5293 ordinem
2217 5252 2280 5292 ac
2313 5251 2663 5305 progressum
2714 5238 3006 5307 quemdam
3047 5236 3102 5290 in
3136 5239 3418 5293 creatione

1841 5344 2023 5385 rerum
2059 5336 2376 5397 agnoscant,
2413 5328 2525 5396 jam
2564 5328 2876 5383 meminisse
2905 5327 3124 5393 debent,
3151 5329 3293 5396 quod
3317 5329 3420 5383 ini-

1846 5421 1920 5476 tio
1958 5437 2058 5491 pro
2087 5430 2367 5490 comperto
2393 5420 2614 5482 dedere,
2656 5430 2838 5473 creata
2873 5435 2979 5474 non
2999 5435 3122 5476 esse
3147 5421 3416 5476 inﬁnita.»

1913 5513 2028 5568 Col.
2077 5513 2144 5568 18
2181 5511 2221 5565 Β
2269 5512 2359 5566 14.
2407 5511 2842 5579 Συνυπαρχεῖν.
2902 5512 3306 5567 Emendandttm
3352 5530 3420 5568 ex

1843 5606 2050 5661 duobus
2079 5606 2260 5676 Regiis
2284 5621 2412 5661 mss.
2446 5606 2830 5675 συνυπάρχειν,
2853 5617 2907 5661 et
2941 5607 3072 5676 παρ’
3101 5604 3265 5660 αὐτοῦ
3291 5623 3419 5658 συν-

1842 5697 2147 5770 ιχώρησαν,
2211 5697 2381 5755 Porro
2431 5695 2584 5763 iliud,
2616 5699 2937 5769 αὐτομάτως
2983 5698 3419 5769 παρ-ἀποστῆναι,
