3824 6214
381 267 491 326 975

1522 262 1734 321 NOTAE
1775 262 1962 320 FRON
1967 262 2104 320 TON
2110 265 2170 322 IS
2207 265 2441 322 DUCASI

3550 269 3666 325 9'76

376 385 544 442 vertit
571 379 886 448 Cornarius,
931 399 949 434 σ
977 395 1076 438 sua
1123 389 1318 451 sponte
1354 379 1724 437 substitutsse.
1758 399 1777 432 ι
1811 381 1945 436 Am-

2116 382 2304 454 κρὶκος
2337 383 2611 454 μετέωρον
2643 380 2800 453 φέρει
2855 382 2916 435 τὸ
2964 381 3144 452 σῶμα,
3178 380 3240 434 τὸ
3272 381 3330 434 δὲ
3368 381 3666 454 μετέωρον

378 477 598 534 brosius
645 475 740 530 lib.
777 491 819 540 ι,
863 492 912 530 c.
958 475 1037 531 5:
1071 494 1090 527 ι
1118 472 1372 530 Asseruit
1417 473 1564 532 enim
1619 489 1716 529 sua
1767 482 1962 543 sponte

2082 474 2160 546 δύχ
2186 476 2407 545 ἔστηκε,
2434 473 2523 528 διὰ
2552 474 2710 528 τοῦτό
2742 493 2895 546 φησι,
2926 477 3272 546 πεπήγασιν·
3316 493 3334 526 ι
3359 474 3465 528 Alii
3502 490 3664 540 vero,

382 567 710 635 subsistere;
737 584 756 618 ι
791 566 1152 622 blontacutius
1183 585 1197 620 :
1230 585 1249 618 ‹
1280 564 1399 622 Una
1433 579 1558 619 eum
1591 563 1684 620 illo
1711 573 1768 620 et
1795 563 1957 618 simul

381 659 681 715 exstitisse.
709 675 728 710 ι
764 656 976 715 Rursus
1020 658 1160 727 quod
1200 657 1447 728 sequitur
1479 671 1492 709 :
1518 653 1656 726 Οὐχὶ
1685 655 1818 708 αὐτὸ
1849 654 1966 708 τοῦ-

379 767 465 816 το,
491 752 570 806 sic
603 749 919 807 Eustathius
948 767 962 804 :
994 768 1013 802 ι
1037 749 1095 805 Id
1126 761 1230 816 est,
1273 765 1378 804 non
1406 763 1630 805 causam
1683 749 1962 820 praestitit,

381 853 442 897 ut
465 852 607 899 esset
640 842 839 911 solum,
863 844 960 899 sed
1005 843 1157 908 fecit,
1196 845 1480 906 ut'honus,
1521 843 1736 898 utilem.
1770 862 1790 896 ι
1835 844 1966 896 Am-

381 933 597 988 brosius
635 945 814 990 autem
853 952 866 990 :
903 954 921 987 σ
951 934 1070 990 Non
1127 934 1286 998 dixit,
1348 934 1476 1004 quia
1532 935 1757 990 subesse
1814 931 1963 1000 fecit,

383 1037 489 1077 non
521 1023 678 1091 dixit,
710 1024 839 1093 quia
879 1037 1100 1078 causam
1139 1025 1365 1090 mundo,
1404 1033 1464 1078 ut
1512 1033 1677 1087 esset,
1711 1024 1965 1094 praebuit,

383 1114 477 1170 sed
511 1114 659 1182 fecit,
690 1115 848 1186 quasi
879 1117 1074 1179 bonus,
1117 1116 1263 1185 quod
1300 1117 1442 1171 foret
1479 1117 1634 1173 utile.
1663 1136 1681 1170 ι
1718 1117 1967 1174 Justinus

382 1221 448 1260 ex
480 1205 703 1261 Platone
732 1207 812 1262 sic
841 1208 1144 1278 distinguit,
1175 1207 1267 1261 τὸν
1316 1209 1546 1280 ποιητὴν
1600 1210 1696 1264 καὶ¹
1744 1210 1835 1264 τὸν
1882 1210 1969 1281 δη-

387 1296 673 1368 μιουργόν,
720 1315 740 1349 ‹
774 1296 1036 1352 factorem
1090 1307 1146 1351 et
1202 1297 1471 1366 opiﬁcem,
1504 1318 1522 1351 ι
1591 1299 1642 1352 in
1701 1298 1965 1352 Cohorta—

383 1387 524 1441 tione
563 1387 634 1440 ad
661 1386 872 1442 ercoa
907 1403 926 1441 :
963 1387 1023 1440 Ὁ
1051 1387 1150 1458 μὲν
1188 1387 1297 1459 γὰρ
1337 1388 1585 1460 ποιητὴς,
1621 1389 1830 1454 οὐδενὸς
1861 1390 1970 1444 ἑτέ-

388 1497 482 1552 ρου
513 1479 927 1552 προσδεόμενος,
961 1483 1025 1534 ὲκ
1049 1482 1146 1552 τῆς
1175 1479 1368 1534 ἑαυτοῦ
1395 1482 1674 1553 δυνάμεως
1697 1483 1790 1535 καὶ
1819 1480 1969 1547 ἐξου-

386 1573 508 1637 σίας
538 1575 680 1627 ποιεῖ
711 1574 772 1626 τὸ
819 1573 1142 1645 ποιούμενον
1162 1591 1176 1604 ·
1210 1575 1238 1627 ὁ
1271 1574 1328 1626 δὲ
1373 1574 1707 1646 δημιουργὸς
1741 1575 1841 1646 τὴν
1869 1575 1970 1645 τῆς

383 1664 745 1737 δημιουργίας
785 1665 1016 1736 δύναμιν
1062 1668 1127 1719 ὲκ
1177 1666 1275 1737 τῆς
1313 1665 1446 1738 ὓλης
1499 1666 1738 1737 εἰληφὼς
1803 1685 1971 1720 κατα-

2065 567 2242 632 bases,
2274 565 2403 636 pali.
2440 565 2636 622 Fulcra
2669 567 2815 620 enim
2854 583 2919 621 ac
2971 568 3315 622 ﬁrmamenta
3377 567 3498 633 ipsa
3548 571 3668 621 cir—

2065 658 2216 714 culos
2251 657 2606 729 nuncupavit.
2665 658 2910 712 Primum
2961 659 3103 713 enim
3139 673 3202 712 ea
3242 671 3511 727 suspensa
3552 666 3666 721 est,

2068 750 2274 819 inquit;
2306 750 2527 820 quinam
2560 749 2704 804 illam
2746 749 2936 804 circuli
2969 749 3280 804 sustinent?
3311 759 3522 802 terram
3581 749 3668 801 ni-

2067 839 2263 894 mirum
2298 857 2312 892 :
2340 855 2446 894 non
2476 839 2633 909 quasi
2661 839 2737 894 illi
2771 841 2880 895 sint
2905 840 3118 909 uspiam
3141 856 3155 892 :
3177 839 3271 893 sed
3309 839 3456 908 qhod
3485 853 3556 893 ea
3589 840 3667 892 ita

2068 933 2175 987 lixa
2204 943 2258 988 et
2283 933 2498 988 stabilis
2531 943 2770 1001 maneat,
2811 942 2874 987 ut
2913 934 2956 987 si
2988 937 3276 987 desursum
3303 933 3429 986 ﬁxis
3469 944 3668 1002 gesta-

2068 1034 2219 1080 retur
2265 1025 2506 1080 circulis.
2547 1024 2678 1079 Nam
2715 1025 2842 1095 quia
2880 1024 3116 1079 circulus
3146 1023 3229 1077 vel
3265 1024 3502 1077 annulus
3534 1039 3671 1078 sus-

2069 1125 2295 1187 pensu’m
2357 1133 2554 1189 corpus
2597 1119 2832 1173 sustinet
2863 1157 2879 1181 ,
2915 1120 3055 1186 quod
3107 1127 3289 1170 autem
3330 1130 3672 1184 suspensum

2069 1215 2172 1272 est,
2209 1223 2315 1261 non
2357 1217 2485 1273 stat,
2528 1207 2731 1262 idcirco
2792 1206 2949 1271 dixit,
3002 1205 3090 1258 ﬁxi
3156 1213 3346 1258 sunt.)
3406 1201 3671 1256 Annulos

2070 1298 2346 1368 intelligit,
2387 1299 2503 1354 sive
2549 1298 2710 1353 orbes
2764 1296 2994 1360 ferreos,
3041 1295 3240 1364 quibus
3285 1308 3550 1363 conopma
3579 1292 3672 1346 vel

2069 1398 2276 1460 tapetes
2325 1390 2682 1445 tentoriorum
2723 1405 2818 1444 seu
2872 1387 3114 1444 velorum
3158 1396 3565 1441 sustentantur.
3596 1385 3675 1439 At

2070 1481 2535 1552 interpretationis
2585 1480 2794 1534 Latina:
2848 1487 3038 1532 auctor
3077 1493 3144 1531 cx
3193 1476 3424 1531 Hebraeo
3459 1477 3664 1538 vertit,

2076 1592 2094 1626 ι
2119 1589 2283 1643 super
2324 1587 2432 1642 quo
2473 1573 2631 1626 bases
2682 1570 2826 1624 illius
2859 1570 3104 1624 solidata:
3145 1577 3274 1622 sunt
3302 1585 3316 1622 :
3347 1586 3365 1619 ι
3397 1581 3524 1622 cum
3556 1581 3673 1635 quo

2074 1667 2426 1728 conveniunt,
2462 1680 2582 1734 quze
2621 1679 2686 1718 ex
2735 1662 2955 1732 Aquila,
2991 1661 3322 1732 Symmacho
3358 1660 3446 1714 vel
3474 1659 3671 1714 Theo-

386 1757 644 1822 σκευάζει
675 1757 734 1811 τὺ
760 1759 1062 1829 γινόμενον·
1088 1777 1106 1810 t
1134 1758 1334 1814 Factor
1353 1759 1592 1828 quidem,
1619 1760 1818 1814 nullius
1849 1759 1964 1812 alter

2082 1755 2294 1811 dotione
2348 1755 2766 1826 Olympiodorus
2822 1754 2876 1808 in
2930 1753 3169 1807 medium
3225 1751 3427 1807 attulit.
3471 1752 3672 1806 Eusta-

385 1849 500 1905 rius
531 1849 781 1919 indigens
806 1851 913 1914 rei,
944 1858 1138 1920 suapte
1175 1850 1376 1905 virtute
1408 1859 1464 1905 et
1487 1859 1782 1921 potestate,
1819 1853 1963 1920 quod

384 1947 538 1995 creat
583 1937 988 2006 ellicitzopilex
1035 1948 1216 1993 autem
1267 1938 1472 2007 opiﬁeii
1521 1939 1604 1993 sui
1662 1938 1866 1993 virtute
1898 1953 1965 1992 ex

383 2031 617 2087 materia
648 2039 873 2100 accepta
907 2038 1042 2102 opus
1074 2047 1231 2086 suum
1262 2031 1555 2088 construit.
1587 2049 1606 2082 ›

453 2125 572 2181 Col.
604 2124 675 2179 20
706 2126 748 2178 Α
773 2123 827 2178 8.
869 2125 964 2178 Ἐκ
993 2123 1102 2178 δύο
1132 2123 1251 2178 τῶν
1274 2123 1492 2193 ἄκρων.
1523 2124 1596 2178 lta
1625 2123 1966 2178 correximus

382 2229 452 2270 ex
479 2214 688 2270 duobus
733 2213 919 2284 Regiis
966 2213 1270 2281 codicibus,
1323 2229 1391 2268 ex
1449 2215 1647 2284 quibus
1675 2214 1840 2268 etiam
1873 2214 1966 2266 ad-

385 2306 593 2362 dendus
620 2314 702 2362 est
729 2304 990 2361 articulus
1019 2304 1114 2359 τοῦ
1159 2306 1357 2370 παντός
1377 2323 1390 2336 ·
1432 2309 1691 2361 mendose
1721 2315 1877 2360 antea
1902 2307 1967 2358 ἐκ

381 2395 479 2452 δύο
505 2395 615 2451 τῶν
646 2396 853 2468 ἀρχῶν.
889 2396 1251 2453 Eustathius:
1288 2414 1308 2448 ι
1339 2396 1416 2451 Ex
1465 2397 1675 2452 duobus
1721 2412 1964 2451 summa-

386 2489 534 2545 tibus
581 2489 865 2546 elementis
915 2489 1156 2544 omnium
1203 2489 1562 2545 substantiam
1595 2489 1842 2558 designat
1871 2504 1966 2543 ex-

385 2590 668 2637 structam.
698 2599 717 2632 »
755 2581 909 2637 Caelo
947 2581 1200 2635 nimirum
1246 2589 1300 2635 et
1348 2591 1515 2645 terra,
1545 2594 1668 2650 quae
1709 2581 1814 2636 duo
1841 2587 1970 2636 sunt

387 2681 633 2727 extrema
666 2673 767 2728 sibi
795 2674 1060 2743 opposita.

455 2761 590 2817 Ibid.
617 2761 772 2818 Β15.
808 2764 906 2832 Μὴ
943 2761 1120 2830 ζήτει.
1155 2763 1214 2819 In
1253 2763 1575 2834 quibusdam
1625 2764 1866 2835 Anglicis
1904 2764 1970 2818 li-

385 2854 500 2911 bris
524 2855 802 2925 legebatur
833 2854 909 2927 μὴ
942 2855 1126 2926 ζητεῖν
1161 2864 1212 2911 et
1251 2856 1386 2910 ἀλλὰ
1413 2862 1573 2913 νοεῖν.
1619 2861 1687 2914 At
1725 2858 1832 2912 duo
1867 2859 1970 2911 Re-

387 2945 460 3016 gii
487 2944 766 3000 Francisci
801 2945 1076 3015 vulgatam
1112 2954 1332 3004 tuentur
1358 2950 1663 3010 lectionem,
1695 2961 1750 3005 et
1774 2950 1968 3005 Eusta-

388 3038 533 3094 thius
563 3053 579 3092 :
613 3056 632 3090 ι
654 3035 770 3092 Non
795 3052 924 3109 ergo
966 3053 1180 3108 quaras
1213 3041 1280 3096 de
1307 3042 1533 3113 singulis
1561 3043 1848 3106 rationem,
1873 3041 1965 3096 sed

387 3129 478 3183 illa
525 3142 763 3199 quoque,
809 3142 931 3198 quae
983 3129 1201 3185 silentio
1256 3130 1534 3201 Scriptura
1590 3131 1854 3202 praeteriit
1899 3148 1965 3187 ex

389 3221 492 3285 his,
533 3233 654 3290 quae
700 3219 871 3274 relata
921 3229 1069 3287 sunt,
1123 3221 1350 3278 debebis
1396 3224 1701 3277 advertere.
1731 3241 1748 3274 ι
1795 3221 1964 3287 Infra,

386 3328 435 3368 c.
463 3311 520 3378 9,
563 3310 1042 3383 συμϐουλεύωμεν.
1071 3311 1384 3369 Basiliensis
1406 3315 1573 3368 editio
1598 3313 1968 3385 συμϐουλεύο-

388 3419 510 3476 μεν,
541 3411 597 3457 et
631 3403 704 3457 ita
754 3403 920 3458 codex
952 3402 1242 3460 Medicaeus
1283 3403 1500 3475 Regius.
1538 3407 1838 3462 Cornarius
1881 3407 1968 3461 in-

387 3505 759 3568 terpretatur:
790 3515 809 3547 ι
835 3495 1034 3551 Eadem
1089 3496 1206 3552 haec
1255 3497 1417 3552 etiam
1455 3498 1521 3553 de
1555 3510 1697 3552 terra
1727 3497 1968 3554 consuli-

385 3602 528 3651 mus,
562 3595 622 3641 ut
649 3602 719 3642 ne
746 3587 868 3657 quis
900 3587 1004 3643 sibi
1051 3588 1152 3658 ipsi
1188 3591 1465 3660 negotium
1505 3590 1690 3648 faciat.
1718 3610 1736 3642 ι
1767 3590 1966 3647 Ευειεο

383 3675 532 3732 thius
573 3676 788 3741 ἑαυτοῖς
822 3676 1008 3732 retulit
1052 3678 1120 3731 ad
1166 3692 1266 3732 nos
1303 3678 1450 3749 ipsos
1479 3695 1494 3732 :
1523 3696 1542 3730 ι
1568 3678 1768 3734 Eadem
1800 3681 1964 3735 etiam

384 3767 452 3823 de
483 3777 627 3824 terra
653 3768 846 3824 sentiri
877 3767 1192 3835 suademus,
1228 3768 1454 3825 minime
1494 3769 1752 3825 videlicet
1780 3772 1964 3825 discu-

384 3858 604 3922 tientes,
648 3859 829 3929 qualis
878 3859 950 3914 sit
998 3858 1118 3930 ejus
1165 3859 1493 3928 substantia,
1537 3877 1638 3916 nec
1691 3861 1966 3917 conﬁcere

381 3964 486 4004 nos
522 3950 965 4018 cogitationibus.
993 3969 1012 4003 ι
1046 3950 1200 4006 Alter
1229 3966 1357 4006 vero
1385 3953 1555 4008 codex
1584 3952 1785 4023 Regius
1814 3952 1966 4008 lien-

381 4042 624 4098 ricianus
662 4044 852 4098 habuit
893 4042 1379 4115 συμϐουλεύωμεν,
1417 4061 1540 4116 quas
1580 4047 1763 4116 potior
1804 4047 1966 4103 lectio

383 4134 620 4190 videtur.
658 4152 676 4186 ι
700 4133 828 4190 Haec
858 4136 1050 4190 eadem
1084 4146 1139 4190 et
1171 4137 1237 4191 de
1265 4145 1408 4192 terra
1454 4139 1613 4194 nobis
1659 4140 1794 4208 ipsis
1828 4153 1962 4193 cou-

383 4225 732 4292 sulamus,ut
756 4240 822 4280 ne
852 4224 972 4296 ejus
1032 4224 1205 4281 subst.
1257 4241 1312 4297 q.
1357 4226 1447 4282 illa
1482 4229 1697 4284 tandem
1741 4228 1833 4294 sit,
1867 4243 1966 4281 cur

383 4327 806 4388 perscrutemur.
848 4335 868 4366 ι

2069 1847 2214 1902 thius
2242 1848 2459 1902 demum
2503 1845 2749 1902 ediderat
2783 1862 2800 1902 :
2836 1864 2855 1897 ι
2886 1843 3062 1915 Super
3100 1845 3229 1914 quid
3301 1842 3495 1900 circuli
3544 1842 3671 1911 ejus

2069 1939 2218 1993 inﬁxi
2249 1941 2414 1995 sunt?
2439 1958 2459 1992 ›

2138 2031 2254 2086 Col.
2286 2032 2356 2086 ‘26
2395 2033 2434 2086 A
2477 2030 2531 2087 9.
2579 2029 2679 2085 Sin
2733 2031 2854 2083 hoc.
2906 2025 3122 2082 Clarius
3168 2027 3272 2084 hoc
3344 2043 3662 2092 .ornanus,

2074 2144 2092 2175 ι
2117 2123 2212 2179 Sin
2249 2127 2427 2180 minus
2453 2125 2578 2180 hoc.
2607 2143 2625 2176 ο
2656 2124 2704 2176 εἰ
2740 2121 2797 2176 δὲ
2820 2123 2919 2195 μή.
2953 2121 3290 2187 Eustathius,
3323 2140 3341 2173 ι
3367 2129 3462 2176 aut
3492 2121 3542 2176 si
3571 2136 3664 2177 sc-

2067 2229 2163 2269 cus
2196 2217 2466 2274 evenerit.
2495 2235 2514 2270 ι

2143 2305 2262 2362 Col.
2293 2306 2362 2361 27
2393 2305 2435 2362 C
2468 2305 2522 2361 '5.
2565 2305 2742 2360 Mane.
2794 2308 3071 2377 lnterpres
3121 2305 3386 2370 ediderat,
3425 2322 3445 2357 ι
3471 2305 3545 2359 ab
3575 2319 3668 2358 us-

2069 2416 2176 2472 que
2205 2400 2461 2456 nimirum
2509 2401 2770 2456 diluculo.
2801 2420 2823 2454 »
2871 2400 3190 2456 Eustathius
3232 2407 3526 2454 contentus
3563 2397 3662 2450 fuit

2069 2495 2272 2561 dicere,
2311 2511 2330 2545 ι
2358 2493 2586 2550 modicis
2622 2507 2782 2549 mane
2804 2492 3054 2549 decursis
3081 2490 3446 2548 sermonibus.
3477 2508 3496 2542 ι
3542 2490 3661 2544 νεο-

2072 2588 2296 2644 risimile
2325 2603 2560 2658 namque
2582 2598 2668 2644 est
2694 2602 2854 2642 mane
2883 2596 3128 2656 tempore
3158 2599 3326 2640 sacra:
3356 2582 3662 2648 συνάξεως,

2070 2681 2122 2735 id
2154 2689 2258 2746 est,
2289 2680 2530 2735 collectas
2569 2680 2654 2736 vel
2709 2679 2914 2744 missae,
2948 2677 3187 2732 habitam
3227 2675 3395 2730 fuisse
3432 2676 3664 2730 concio-

2071 2783 2194 2824 nem
2248 2768 2318 2824 ab
2359 2770 2616 2840 episcopo
2665 2784 2828 2823 unam
2890 2779 3134 2836 tempore
3189 2764 3664 2834 Quadragcsima,

2071 2871 2236 2931 atque
2259 2860 2487 2915 alterum
2531 2861 2631 2915 sub
2674 2861 2844 2928 ipsam
2879 2873 3162 2928 vesperam
3191 2874 3208 2914 :
3242 2857 3372 2912 hinc
3405 2856 3544 2912 illud
3579 2867 3665 2912 est

2071 2952 2262 3007 homil.
2309 2952 2344 3006 ὃ
2389 2969 2404 3007 :
2451 2951 2563 3022 Τὴν
2617 2951 2714 3021 μὲν
2770 2948 2998 3020 ἑωθινὴν
3049 2949 3256 3022 τροφὴν
3288 2947 3398 3002 τῶν
3443 2947 3663 3018 ψυχῶν,

2070 3045 2169 3116 τὴν
2227 3042 2285 3098 δὲ
2341 3043 2635 3114 ὲσπερινὴν
2690 3041 3051 3113 εὐφροσύνην,
3102 3051 3159 3096 ει
3215 3039 3401 3096 homil.
3452 3040 3487 3095 9
3538 3057 3555 3092 :
3599 3039 3664 3094 Ἱι

2070 3134 2268 3206 ἑωθινὴ
2300 3133 2406 3187 τῶν
2439 3133 2620 3202 λόγων
2660 3132 2933 3204 τράπεζα.
2963 3133 3230 3188 Caeterum
3278 3130 3430 3196 illud,
3463 3131 3662 3202 ὁμοτί-

2072 3243 2208 3298 μως,
2239 3242 2289 3278 c.
2341 3224 2397 3291 6,
2448 3223 2738 3278 dilucidius
2775 3223 2936 3277 vertit
2971 3222 3313 3286 Eustathius,
3357 3240 3375 3273 ε
3402 3222 3523 3290 pari
3559 3223 3660 3275 ho-

2069 3332 2202 3373 nore
2254 3316 2610 3372 constructis.
2638 3333 2658 3367 ι
2719 3313 3056 3377 Cornarius,
3117 3331 3138 3364 ι
3168 3312 3417 3381 utrisque
3452 3313 3664 3382 pariter

2067 3408 2244 3473 factis,
2276 3425 2294 3458 ι
2325 3407 2376 3461 id
2407 3415 2493 3461 est
2534 3405 2648 3475 pari
2674 3406 2849 3475 jussu,
2888 3417 2945 3460 et
2982 3406 3172 3460 eodem
3211 3415 3478 3473 tempore.

2137 3504 2256 3560 Col.
2281 3503 2344 3558 51
2374 3503 2420 3557 Α
2451 3501 2502 3558 5.
2566 3501 2719 3568 Quod
2745 3503 2793 3554 ai
2829 3501 3062 3569 ingenita
3126 3508 3225 3554 est.
3284 3498 3664 3569 Argyropylus

2067 3603 2330 3662 verterat,
2366 3603 2426 3648 ut
2477 3607 2542 3648 ex
2598 3592 3000 3662 antiquioribus
3057 3591 3269 3646 Latinis
3315 3590 3661 3645 editionibus

2068 3686 2322 3740 admonet
2355 3681 2722 3738 Montacutius
2751 3703 2762 3736 :
2793 3699 2812 3732 ι
2843 3679 2900 3735 Si
2933 3682 3097 3750 igitur
3127 3681 3246 3734 haec
3271 3679 3514 3749 ingenita
3544 3690 3658 3745 est,

2068 3789 2265 3844 nempe
2323 3774 2574 3838 materia,
2621 3773 2688 3827 de
2728 3787 2834 3843 qua
2881 3773 3033 3842 prius
3076 3786 3255 3826 sermo
3288 3776 3431 3834 erat,
3484 3786 3654 3837 quam

2067 3865 2363 3936 ingenitam
2431 3863 2737 3934 philosophi
2793 3862 3288 3932 pronuntiabant.»
3345 3859 3656 3916 Carnarius

2068 3957 2253 4011 itidem
2289 3973 2302 4008 :
2340 3971 2360 4007 ι
2385 3955 2441 4010 Si
2475 3955 2696 4025 quidem
2734 3954 2902 4025 igitur
2948 3955 3190 4020 ingenita
3227 3961 3314 4006 est
3360 3951 3500 4017 hare,
3549 3950 3658 4017 pri-

2066 4065 2212 4104 mum
2246 4049 2464 4117 quidem
2497 4047 2760 4117 aequalem
2799 4061 2924 4100 cum
2979 4047 3088 4100 Deo
3141 4045 3279 4099 senii
3327 4042 3653 4114 dignitatem

2067 4141 2306 4198 habebit.
2340 4160 2359 4193 ι
2387 4139 2710 4194 Eustathius
2739 4156 2754 4192 :
2793 4157 2812 4189 ι
2837 4139 3011 4204 Quam
3045 4137 3087 4192 si
3140 4136 3442 4191 dixerimus
3494 4134 3651 4206 inge-

2068 4234 2257 4298 nitam,
2291 4231 2410 4287 sine
2443 4231 2606 4286 dubio
2645 4229 2918 4299 coacquari
2983 4228 3093 4284 Deo
3157 4227 3211 4282 in
3265 4227 3650 4296 promerendis

2066 4328 2369 4380 aestimatur
2404 4322 2719 4379 honoribus.
2755 4339 2778 4373 ι

449 4407 566 4465 Col.
593 4408 655 4463 2|
688 4408 730 4462 B
784 4407 872 4464 12.
911 4407 1158 4478 Ὺποθῇς
1193 4407 1372 4474 αὐτῷ.
1406 4407 1691 4463 Medicaaus
1721 4423 1772 4464 et
1811 4409 1959 4464 lien-

2139 4416 2255 4472 Col.
2285 4415 2348 4468 '51
2392 4412 2434 4469 C
2492 4413 2543 4467 7.
2588 4412 2779 4467 Melius
2816 4418 3088 4480 expressit
3135 4423 3249 4464 ιιαξο
3299 4407 3648 4471 Cornarius.

379 4500 481 4558 ric.
527 4501 734 4574 ὑποθῇς
783 4500 981 4573 ἐαυτῷ.
1043 4500 1161 4567 Quo
1217 4511 1379 4570 pacto
1421 4500 1634 4555 videtur
1676 4511 1961 4554 exaratum

379 4593 669 4650 oﬂ'endisse
713 4592 1105 4665 Argvmpylus,
1142 4608 1263 4646 cum
1309 4591 1490 4656 vertit,
1525 4611 1543 4643 ε
1572 4591 1831 4647 statueris
1878 4603 1964 4647 te-

380 4700 567 4742 cum.»
605 4685 964 4742 Eustathius:
998 4702 1018 4736 ι
1042 4683 1198 4752 Quod
1245 4685 1290 4739 si
1326 4699 1522 4754 aquam
1571 4682 1820 4752 posueris
1851 4693 1962 4738 ter-

381 4791 528 4834 rena:
559 4777 846 4832 stabilitati
890 4791 1014 4832 esse
1051 4775 1345 4831 subditam.
1370 4795 1388 4828 ι
1422 4773 1742 4830 Ambrosius
1785 4777 1881 4833 lib.
1920 4792 1960 4839 ι,

379 4882 501 4938 cap.
530 4867 562 4922 6
591 4886 604 4922 :
639 4886 657 4920 ι
682 4867 788 4922 Aut
813 4867 1083 4938 quomodo
1113 4868 1158 4923 si
1187 4882 1352 4938 super
1382 4881 1574 4937 aquas,
1600 4881 1710 4921 non
1747 4867 1963 4922 demer-

380 4971 539 5038 gatur
577 4961 630 5014 in
663 4976 856 5026 aquam
881 4961 1063 5031 gravis
1089 4961 1242 5013 ruina
1275 4972 1577 5015 terrarum.
1615 4977 1636 5011 ι

449 5056 567 5111 Col.
603 5056 674 5110 24
718 5057 764 5109 Α
797 5056 849 5109 ὁ.
893 5056 1017 5109 Ἐπὶ
1051 5055 1215 5122 τινος
1267 5058 1321 5108 oI
1373 5055 1589 5123 κρίκοι.
1644 5054 1820 5110 Locus
1867 5065 1954 5110 est

378 5148 480 5205 Job
536 5163 766 5210 xxxviii,
825 5147 880 5211 6,
939 5148 990 5201 in
1058 5161 1217 5217 quem
1272 5155 1421 5200 notat
1493 5145 1956 5216 Olympiodorus:

379 5239 444 5293 Οἱ
499 5238 557 5292 δὲ
602 5237 750 5294 ἄλλοι
803 5238 988 5310 βάσεις
1019 5239 1069 5291 oi
1129 5238 1468 5309 κατάπηγες.
1518 5237 1759 5309 Κρίκους
1812 5236 1958 5303 λέγει

378 5331 505 5395 τοὺς
549 5329 1056 5403 ἀναδαστακτῆρας.
1092 5331 1316 5402 Πρῶτον
1365 5331 1466 5401 μὲν
1511 5329 1785 5402 ὲκκρεμές
1817 5330 1955 5394 ἐστι,

377 5417 542 5495 φησί·
575 5425 716 5477 ποῖοι
755 5423 935 5494 κρίκοι
975 5423 1144 5494 αὐτὴν
1193 5425 1449 5494 φέρουσι;
1497 5421 1596 5492 τὴν
1623 5421 1729 5492 γῆν
1776 5420 1958 5491 δηλον-

378 5515 460 5568 ότι
497 5556 512 5579 ,
565 5515 663 5586 οὐχ
727 5517 802 5579 ὡς
856 5515 1061 5569 τούτων
1119 5515 1324 5583 ὄντων,
1386 5513 1501 5568 ἀλλ’
1565 5513 1639 5576 ὡς
1693 5512 1956 5581 ἀσφαλῶς

2069 4523 2228 4577 quam
2263 4503 2665 4577 Argyropylus:
2697 4521 2715 4555 ι
2747 4503 2826 4558 Ex
2863 4503 2967 4557 hoc
2999 4510 3179 4556 autem
3211 4502 3481 4572 contingit
3515 4502 3648 4571 ipsis

2067 4613 2267 4669 negare
2303 4613 2552 4668 magnum
2584 4595 2755 4650 Deum
2795 4594 3200 4650 consﬁtutionis
3232 4609 3415 4648 rerum
3455 4594 3645 4664 praesi-

2067 4692 2186 4747 dem
2215 4683 2376 4746 esse.
2411 4709 2429 4742 ι
2472 4689 2838 4759 Corrigendus
2883 4701 3044 4756 porro
3095 4686 3458 4752 Eustathius,
3507 4688 3646 4756 apud

2066 4795 2225 4851 quem
2259 4779 2539 4848 legendum
2576 4796 2589 4831 :
2629 4795 2649 4828 ι
2673 4776 2811 4832 llinc
2850 4775 2958 4830 illis
3006 4775 3132 4828 data
3173 4773 3386 4829 occasio
3418 4773 3644 4842 negandi

2066 4873 2242 4929 causis
2274 4870 2440 4925 Deum
2495 4883 2726 4940 praeesse
2757 4867 3042 4921 mundanis
3064 4905 3080 4930 ,
3119 4884 3139 4918 ι
3173 4880 3271 4935 pro
3300 4883 3319 4916 ι
3360 4863 3650 4920 occasione

2065 4962 2255 5032 grandi
2289 4961 2488 5016 causis.
2533 4979 2553 5010 ι

2134 5054 2266 5110 lbid.
2303 5053 2348 5108 D
2375 5053 2428 5108 5.
2472 5050 2852 5106 Ventilabrum.
2913 5063 3224 5104 anmannus
3258 5054 3548 5102 annotarat
3585 5063 3641 5100 Ill

2065 5148 2208 5202 hunc
2273 5146 2495 5209 locum,
2558 5145 2752 5215 legisse
2804 5141 3202 5214 Argyropylum
3258 5139 3490 5210 ἄροτρον
3547 5151 3643 5206 pro

2062 5239 2252 5302 πτύον,
2321 5247 2673 5302 aratrumque
2733 5235 3002 5298 vertisse,
3059 5249 3165 5287 non
3225 5229 3636 5284 ventilabrum:

2062 5327 2399 5398 Hesychius:
2434 5325 2628 5378 Πτύον·
2689 5325 2866 5390 ξύλον,
2917 5327 2978 5378 ὲν
3025 5317 3070 5392 ᾧ
3114 5321 3499 5393 διαχωρίζουσι
3549 5318 3640 5373 τὸν

2063 5421 2205 5472 σῖτον
2248 5418 2359 5471 ἀπὸ
2382 5419 2476 5471 τοῦ
2504 5417 2727 5488 ἀχύρουο
2763 5436 2781 5467 ι
2807 5415 3059 5486 Liguum,
3096 5415 3147 5467 in
3177 5429 3283 5482 quo
3309 5413 3638 5467 frumentum

2059 5526 2089 5564 a
2121 5511 2274 5582 palea
2309 5522 2580 5580 separant.
2611 5529 2629 5561 ι
2668 5510 2771 5561 Alii
2807 5508 2997 5564 volunt
3036 5508 3212 5577 palam
3238 5506 3471 5576 ligneam
3497 5519 3634 5569 esse,

378 5604 519 5660 οὕτω
551 5605 844 5678 βεϐηκυίας
874 5607 1063 5677 αὐτῆς,
1109 5605 1297 5677 ὥσπερ
1354 5602 1420 5657 ἂν
1465 5604 1515 5656 εί
1572 5603 1754 5672 κρίκοι
1814 5598 1956 5673 ἦσαν

2082 5619 2164 5672 [ua
2209 5603 2417 5658 semina
2461 5618 2526 5656 ex
2577 5616 2771 5656 acervo
2817 5612 3094 5655 sumentes
3127 5599 3378 5669 agricolas
3422 5601 3492 5654 ab
3530 5613 3630 5652 una

379 5696 581 5754 ἄνωθεν
652 5697 1007 5763 ϐαστάζοντες
1054 5697 1149 5754 καὶ
1210 5696 1536 5766 πεπηγότες.
1583 5693 1804 5766 Ἐπειδή
1847 5695 1954 5768 γὰρ

2082 5711 2198 5752 n-ea:
2225 5695 2571 5756 extremitate
2606 5695 2658 5749 in
2690 5693 2912 5748 alteram
2946 5702 3134 5750 contra
3162 5703 3377 5747 ventum
3403 5689 3625 5760 jactant.
