  <div class='ocr_page' id='page_1' title='image "/cluster/home/n/w/nwhite01/storage/ocr_20150623/30/nnc1.0046978810/510.png"; bbox 0 0 3824 6214; ppageno 0'>
   <div class='ocr_carea' id='block_1_1' title="bbox 139 388 237 448">
    <p class='ocr_par' dir='ltr' id='par_1_1' title="bbox 139 388 237 448">
     <span class='ocr_line' id='line_1_1' title="bbox 139 388 237 448; baseline -0.041 0"><span class='ocrx_word' id='word_1_1' title='bbox 139 388 237 448; x_wconf 79' lang='lat'><strong>977</strong></span> 
     </span>
    </p>
   </div>
   <div class='ocr_carea' id='block_1_2' title="bbox 1232 385 2336 447">
    <p class='ocr_par' dir='ltr' id='par_1_2' title="bbox 1232 385 2336 447">
     <span class='ocr_line' id='line_1_2' title="bbox 1232 385 2336 447; baseline 0.005 -5"><span class='ocrx_word' id='word_1_2' title='bbox 1232 387 1326 442; x_wconf 87' lang='lat' dir='ltr'><strong>AD</strong></span> <span class='ocrx_word' id='word_1_3' title='bbox 1365 385 1692 444; x_wconf 74' lang='lat' dir='ltr'><strong>IIOMILIAS</strong></span> <span class='ocrx_word' id='word_1_4' title='bbox 1731 387 1797 444; x_wconf 88' lang='lat' dir='ltr'><strong>IN</strong></span> <span class='ocrx_word' id='word_1_5' title='bbox 1838 385 2336 447; x_wconf 71' lang='lat' dir='ltr'><strong>HEXAEMERON.</strong></span> 
     </span>
    </p>
   </div>
   <div class='ocr_carea' id='block_1_3' title="bbox 3291 389 3396 446">
    <p class='ocr_par' dir='ltr' id='par_1_3' title="bbox 3291 389 3396 446">
     <span class='ocr_line' id='line_1_3' title="bbox 3291 389 3396 446; baseline 0.019 -2"><span class='ocrx_word' id='word_1_6' title='bbox 3291 389 3396 446; x_wconf 82' lang='lat'><strong>9&#39;78</strong></span> 
     </span>
    </p>
   </div>
   <div class='ocr_carea' id='block_1_4' title="bbox 142 503 3396 582">
    <p class='ocr_par' dir='ltr' id='par_1_4' title="bbox 142 503 3396 582">
     <span class='ocr_line' id='line_1_4' title="bbox 142 503 3396 582; baseline -0.001 -20"><span class='ocrx_word' id='word_1_7' title='bbox 142 516 189 554; x_wconf 79' lang='lat' dir='ltr'>III</span> <span class='ocrx_word' id='word_1_8' title='bbox 221 507 320 562; x_wconf 90' lang='lat' dir='ltr'><strong>ista</strong></span> <span class='ocrx_word' id='word_1_9' title='bbox 357 507 708 563; x_wconf 87' lang='lat' dir='ltr'><strong>ventilatione</strong></span> <span class='ocrx_word' id='word_1_10' title='bbox 731 523 758 562; x_wconf 90' lang='lat' dir='ltr'><strong>a</strong></span> <span class='ocrx_word' id='word_1_11' title='bbox 790 507 1012 579; x_wconf 83' lang='lat' dir='ltr'><strong>pulvere</strong></span> <span class='ocrx_word' id='word_1_12' title='bbox 1040 518 1094 563; x_wconf 91' lang='lat' dir='ltr'><strong>et</strong></span> <span class='ocrx_word' id='word_1_13' title='bbox 1119 509 1366 564; x_wconf 85' lang='lat' dir='ltr'><strong>aceribus</strong></span> <span class='ocrx_word' id='word_1_14' title='bbox 1400 520 1716 580; x_wconf 77' lang='lat' dir='ltr'><strong>purgentur.</strong></span> <span class='ocrx_word' id='word_1_15' title='bbox 1748 515 1792 572; x_wconf 80' lang='grc' dir='ltr'>Α</span> <span class='ocrx_word' id='word_1_16' title='bbox 1823 511 2128 582; x_wconf 90' lang='lat' dir='ltr'><strong>prehendit.</strong></span> <span class='ocrx_word' id='word_1_17' title='bbox 2156 531 2174 564; x_wconf 78' lang='grc' dir='ltr'><strong>ι</strong></span> <span class='ocrx_word' id='word_1_18' title='bbox 2211 511 2280 566; x_wconf 85' lang='grc' dir='ltr'>Ει</span> <span class='ocrx_word' id='word_1_19' title='bbox 2303 512 2445 568; x_wconf 88' lang='lat' dir='ltr'><strong>hanc</strong></span> <span class='ocrx_word' id='word_1_20' title='bbox 2475 509 2642 566; x_wconf 77' lang='lat' dir='ltr'><strong>tuisse</strong></span> <span class='ocrx_word' id='word_1_21' title='bbox 2673 509 2962 564; x_wconf 90' lang='lat' dir='ltr'><strong>lectionem</strong></span> <span class='ocrx_word' id='word_1_22' title='bbox 3007 514 3186 562; x_wconf 81' lang='lat' dir='ltr'><strong>textus</strong></span> <span class='ocrx_word' id='word_1_23' title='bbox 3213 503 3396 561; x_wconf 79' lang='lat' dir='ltr'><strong>Basilii</strong></span> 
     </span>
    </p>
   </div>
   <div class='ocr_carea' id='block_1_5' title="bbox 144 598 1710 670">
    <p class='ocr_par' dir='ltr' id='par_1_5' title="bbox 144 598 1710 670">
     <span class='ocr_line' id='line_1_5' title="bbox 144 598 1710 670; baseline 0.001 -18"><span class='ocrx_word' id='word_1_24' title='bbox 144 598 454 654; x_wconf 90' lang='lat' dir='ltr'><strong>Eustathius</strong></span> <span class='ocrx_word' id='word_1_25' title='bbox 504 618 517 654; x_wconf 93' lang='lat'><strong>:</strong></span> <span class='ocrx_word' id='word_1_26' title='bbox 569 617 588 650; x_wconf 91' lang='lat'><strong>«</strong></span> <span class='ocrx_word' id='word_1_27' title='bbox 639 600 733 656; x_wconf 91' lang='lat' dir='ltr'><strong>Sic</strong></span> <span class='ocrx_word' id='word_1_28' title='bbox 785 600 1211 670; x_wconf 82' lang='lat' dir='ltr'><strong>agricultoribus</strong></span> <span class='ocrx_word' id='word_1_29' title='bbox 1277 603 1658 657; x_wconf 85' lang='lat' dir='ltr'><strong>ventilabrum.</strong></span> <span class='ocrx_word' id='word_1_30' title='bbox 1690 621 1710 654; x_wconf 74' lang='grc' dir='ltr'><strong>ι</strong></span> 
     </span>
    </p>
   </div>
   <div class='ocr_carea' id='block_1_6' title="bbox 141 688 1714 764">
    <p class='ocr_par' dir='ltr' id='par_1_6' title="bbox 141 688 1714 764">
     <span class='ocr_line' id='line_1_6' title="bbox 141 688 1714 764; baseline 0.003 -20"><span class='ocrx_word' id='word_1_31' title='bbox 141 688 302 744; x_wconf 89' lang='lat' dir='ltr'><strong>Paulo</strong></span> <span class='ocrx_word' id='word_1_32' title='bbox 331 700 458 759; x_wconf 89' lang='lat' dir='ltr'><strong>post</strong></span> <span class='ocrx_word' id='word_1_33' title='bbox 479 705 528 746; x_wconf 87' lang='lat' dir='ltr'><strong>c.</strong></span> <span class='ocrx_word' id='word_1_34' title='bbox 570 689 623 754; x_wconf 77' lang='grc'><strong>1,</strong></span> <span class='ocrx_word' id='word_1_35' title='bbox 666 707 771 747; x_wconf 92' lang='lat' dir='ltr'><strong>non</strong></span> <span class='ocrx_word' id='word_1_36' title='bbox 810 693 1035 764; x_wconf 78' lang='grc' dir='ltr'><strong>ἁρρήτῳ</strong></span> <span class='ocrx_word' id='word_1_37' title='bbox 1067 703 1127 747; x_wconf 92' lang='lat' dir='ltr'><strong>ut</strong></span> <span class='ocrx_word' id='word_1_38' title='bbox 1160 702 1278 748; x_wconf 85' lang='lat' dir='ltr'><strong>erat</strong></span> <span class='ocrx_word' id='word_1_39' title='bbox 1320 692 1375 747; x_wconf 89' lang='lat' dir='ltr'><strong>in</strong></span> <span class='ocrx_word' id='word_1_40' title='bbox 1416 693 1576 748; x_wconf 84' lang='lat' dir='ltr'><strong>Basil.</strong></span> <span class='ocrx_word' id='word_1_41' title='bbox 1620 693 1714 749; x_wconf 85' lang='lat' dir='ltr'><strong>sed</strong></span> 
     </span>
    </p>
   </div>
   <div class='ocr_carea' id='block_1_7' title="bbox 140 781 1714 854">
    <p class='ocr_par' dir='ltr' id='par_1_7' title="bbox 140 781 1714 854">
     <span class='ocr_line' id='line_1_7' title="bbox 140 781 1714 854; baseline 0.004 -20"><span class='ocrx_word' id='word_1_42' title='bbox 140 783 399 854; x_wconf 77' lang='grc' dir='ltr'><strong>ἀρῤήκτῳ</strong></span> <span class='ocrx_word' id='word_1_43' title='bbox 436 781 718 852; x_wconf 86' lang='lat' dir='ltr'><strong>legendum</strong></span> <span class='ocrx_word' id='word_1_44' title='bbox 767 799 829 838; x_wconf 83' lang='lat' dir='ltr'><strong>ex</strong></span> <span class='ocrx_word' id='word_1_45' title='bbox 879 785 1087 840; x_wconf 92' lang='lat' dir='ltr'><strong>duobus</strong></span> <span class='ocrx_word' id='word_1_46' title='bbox 1127 781 1312 854; x_wconf 84' lang='lat' dir='ltr'><strong>Reg‘iis</strong></span> <span class='ocrx_word' id='word_1_47' title='bbox 1343 800 1473 839; x_wconf 88' lang='lat' dir='ltr'><strong>mss.</strong></span> <span class='ocrx_word' id='word_1_48' title='bbox 1521 785 1714 840; x_wconf 90' lang='lat' dir='ltr'><strong>Eusta-</strong></span> 
     </span>
    </p>
   </div>
   <div class='ocr_carea' id='block_1_8' title="bbox 144 872 1708 946">
    <p class='ocr_par' dir='ltr' id='par_1_8' title="bbox 144 872 1708 946">
     <span class='ocr_line' id='line_1_8' title="bbox 144 872 1708 946; baseline 0.003 -20"><span class='ocrx_word' id='word_1_49' title='bbox 144 875 281 927; x_wconf 89' lang='lat' dir='ltr'><strong>thius</strong></span> <span class='ocrx_word' id='word_1_50' title='bbox 305 889 321 928; x_wconf 87' lang='lat'><strong>:</strong></span> <span class='ocrx_word' id='word_1_51' title='bbox 345 872 784 928; x_wconf 73' lang='lat' dir='ltr'><strong>«Inviolabiiibus</strong></span> <span class='ocrx_word' id='word_1_52' title='bbox 803 873 1080 946; x_wconf 83' lang='lat' dir='ltr'><strong>cujusdam</strong></span> <span class='ocrx_word' id='word_1_53' title='bbox 1108 876 1410 930; x_wconf 62' lang='lat' dir='ltr'><strong>concordiae</strong></span> <span class='ocrx_word' id='word_1_54' title='bbox 1429 875 1676 932; x_wconf 80' lang='lat' dir='ltr'><strong>vinculis.</strong></span> <span class='ocrx_word' id='word_1_55' title='bbox 1690 895 1708 929; x_wconf 75' lang='grc' dir='ltr'><strong>ι</strong></span> 
     </span>
    </p>
   </div>
   <div class='ocr_carea' id='block_1_9' title="bbox 207 963 1717 1041">
    <p class='ocr_par' dir='ltr' id='par_1_9' title="bbox 207 963 1717 1041">
     <span class='ocr_line' id='line_1_9' title="bbox 207 963 1717 1041; baseline 0.003 -21"><span class='ocrx_word' id='word_1_56' title='bbox 207 963 325 1020; x_wconf 90' lang='lat' dir='ltr'><strong>Col.</strong></span> <span class='ocrx_word' id='word_1_57' title='bbox 356 966 430 1021; x_wconf 75' lang='lat'><strong>53</strong></span> <span class='ocrx_word' id='word_1_58' title='bbox 456 965 498 1022; x_wconf 88' lang='lat' dir='ltr'>C</span> <span class='ocrx_word' id='word_1_59' title='bbox 525 967 580 1021; x_wconf 83' lang='grc'><strong>5.</strong></span> <span class='ocrx_word' id='word_1_60' title='bbox 619 966 786 1021; x_wconf 77' lang='lat' dir='ltr'><strong>Juxta</strong></span> <span class='ocrx_word' id='word_1_61' title='bbox 825 968 1204 1038; x_wconf 78' lang='lat' dir='ltr'><strong>intelligentiw.</strong></span> <span class='ocrx_word' id='word_1_62' title='bbox 1243 968 1629 1041; x_wconf 84' lang='lat' dir='ltr'><strong>Argyropylus,</strong></span> <span class='ocrx_word' id='word_1_63' title='bbox 1660 981 1717 1026; x_wconf 90' lang='lat' dir='ltr'><strong>ut</strong></span> 
     </span>
    </p>
   </div>
   <div class='ocr_carea' id='block_1_10' title="bbox 143 1055 1716 1129">
    <p class='ocr_par' dir='ltr' id='par_1_10' title="bbox 143 1055 1716 1129">
     <span class='ocr_line' id='line_1_10' title="bbox 143 1055 1716 1129; baseline 0.004 -20"><span class='ocrx_word' id='word_1_64' title='bbox 143 1065 319 1110; x_wconf 91' lang='lat' dir='ltr'><strong>monet</strong></span> <span class='ocrx_word' id='word_1_65' title='bbox 369 1055 757 1125; x_wconf 81' lang='lat' dir='ltr'><strong>Montacutius,</strong></span> <span class='ocrx_word' id='word_1_66' title='bbox 800 1059 1048 1114; x_wconf 82' lang='lat' dir='ltr'><strong>ediderat</strong></span> <span class='ocrx_word' id='word_1_67' title='bbox 1095 1078 1114 1112; x_wconf 92' lang='lat'><strong>«</strong></span> <span class='ocrx_word' id='word_1_68' title='bbox 1141 1075 1250 1129; x_wconf 67' lang='lat' dir='ltr'><strong>prae</strong></span> <span class='ocrx_word' id='word_1_69' title='bbox 1294 1060 1596 1116; x_wconf 88' lang='lat' dir='ltr'><strong>intellectus</strong></span> <span class='ocrx_word' id='word_1_70' title='bbox 1631 1062 1716 1116; x_wconf 90' lang='lat' dir='ltr'><strong>sui</strong></span> 
     </span>
    </p>
   </div>
   <div class='ocr_carea' id='block_1_11' title="bbox 145 1149 1714 1222">
    <p class='ocr_par' dir='ltr' id='par_1_11' title="bbox 145 1149 1714 1222">
     <span class='ocr_line' id='line_1_11' title="bbox 145 1149 1714 1222; baseline 0.004 -20"><span class='ocrx_word' id='word_1_71' title='bbox 145 1149 356 1204; x_wconf 85' lang='lat' dir='ltr'><strong>ratione</strong></span> <span class='ocrx_word' id='word_1_72' title='bbox 394 1151 751 1218; x_wconf 86' lang='lat' dir='ltr'><strong>contendunt,</strong></span> <span class='ocrx_word' id='word_1_73' title='bbox 774 1170 793 1204; x_wconf 79' lang='grc' dir='ltr'><strong>ι</strong></span> <span class='ocrx_word' id='word_1_74' title='bbox 829 1151 924 1206; x_wconf 88' lang='lat' dir='ltr'><strong>sed</strong></span> <span class='ocrx_word' id='word_1_75' title='bbox 959 1152 1140 1208; x_wconf 85' lang='lat' dir='ltr'><strong>ethoc</strong></span> <span class='ocrx_word' id='word_1_76' title='bbox 1173 1156 1350 1207; x_wconf 90' lang='lat' dir='ltr'><strong>minus</strong></span> <span class='ocrx_word' id='word_1_77' title='bbox 1380 1163 1547 1222; x_wconf 88' lang='lat' dir='ltr'><strong>recte,</strong></span> <span class='ocrx_word' id='word_1_78' title='bbox 1591 1168 1714 1208; x_wconf 92' lang='lat' dir='ltr'><strong>cum</strong></span> 
     </span>
    </p>
   </div>
   <div class='ocr_carea' id='block_1_12' title="bbox 144 1241 1718 1309">
    <p class='ocr_par' dir='ltr' id='par_1_12' title="bbox 144 1241 1718 1309">
     <span class='ocr_line' id='line_1_12' title="bbox 144 1241 1718 1309; baseline 0.004 -16"><span class='ocrx_word' id='word_1_79' title='bbox 144 1241 227 1296; x_wconf 88' lang='lat' dir='ltr'><strong>hic</strong></span> <span class='ocrx_word' id='word_1_80' title='bbox 257 1241 476 1296; x_wconf 78' lang='grc' dir='ltr'>διάνοια</span> <span class='ocrx_word' id='word_1_81' title='bbox 503 1257 606 1296; x_wconf 93' lang='lat' dir='ltr'><strong>non</strong></span> <span class='ocrx_word' id='word_1_82' title='bbox 637 1242 992 1309; x_wconf 89' lang='lat' dir='ltr'><strong>intellectum,</strong></span> <span class='ocrx_word' id='word_1_83' title='bbox 1024 1246 1116 1299; x_wconf 88' lang='lat' dir='ltr'><strong>sed</strong></span> <span class='ocrx_word' id='word_1_84' title='bbox 1157 1261 1374 1301; x_wconf 81' lang='lat' dir='ltr'><strong>sensum</strong></span> <span class='ocrx_word' id='word_1_85' title='bbox 1418 1255 1473 1301; x_wconf 91' lang='lat' dir='ltr'><strong>et</strong></span> <span class='ocrx_word' id='word_1_86' title='bbox 1499 1254 1718 1300; x_wconf 90' lang='lat' dir='ltr'><strong>senten-</strong></span> 
     </span>
    </p>
   </div>
   <div class='ocr_carea' id='block_1_13' title="bbox 146 1333 1718 1403">
    <p class='ocr_par' dir='ltr' id='par_1_13' title="bbox 146 1333 1718 1403">
     <span class='ocr_line' id='line_1_13' title="bbox 146 1333 1718 1403; baseline 0.003 -17"><span class='ocrx_word' id='word_1_87' title='bbox 146 1335 264 1388; x_wconf 91' lang='lat' dir='ltr'><strong>tiam</strong></span> <span class='ocrx_word' id='word_1_88' title='bbox 325 1333 552 1389; x_wconf 91' lang='lat' dir='ltr'><strong>indicet.</strong></span> <span class='ocrx_word' id='word_1_89' title='bbox 615 1333 933 1390; x_wconf 80' lang='lat' dir='ltr'><strong>Eustathius</strong></span> <span class='ocrx_word' id='word_1_90' title='bbox 990 1337 1165 1403; x_wconf 82' lang='lat' dir='ltr'><strong>dixit,</strong></span> <span class='ocrx_word' id='word_1_91' title='bbox 1223 1336 1575 1391; x_wconf 68' lang='lat' dir='ltr'><strong>«obscuritas</strong></span> <span class='ocrx_word' id='word_1_92' title='bbox 1633 1348 1718 1390; x_wconf 87' lang='lat' dir='ltr'><strong>est</strong></span> 
     </span>
    </p>
   </div>
   <div class='ocr_carea' id='block_1_14' title="bbox 143 1425 1718 1498">
    <p class='ocr_par' dir='ltr' id='par_1_14' title="bbox 143 1425 1718 1498">
     <span class='ocr_line' id='line_1_14' title="bbox 143 1425 1718 1498; baseline 0.002 -19"><span class='ocrx_word' id='word_1_93' title='bbox 143 1427 438 1480; x_wconf 90' lang='lat' dir='ltr'><strong>secundum</strong></span> <span class='ocrx_word' id='word_1_94' title='bbox 496 1425 764 1480; x_wconf 85' lang='lat' dir='ltr'><strong>rationem</strong></span> <span class='ocrx_word' id='word_1_95' title='bbox 810 1441 1031 1493; x_wconf 91' lang='lat' dir='ltr'><strong>sensus;</strong></span> <span class='ocrx_word' id='word_1_96' title='bbox 1062 1445 1081 1478; x_wconf 70' lang='grc' dir='ltr'><strong>ι</strong></span> <span class='ocrx_word' id='word_1_97' title='bbox 1124 1426 1459 1494; x_wconf 6' lang='lat' dir='ltr'><strong>Cgornarius,</strong></span> <span class='ocrx_word' id='word_1_98' title='bbox 1518 1427 1718 1498; x_wconf 89' lang='lat' dir='ltr'><strong>«juxta</strong></span> 
     </span>
    </p>
   </div>
   <div class='ocr_carea' id='block_1_15' title="bbox 143 1517 1720 1589">
    <p class='ocr_par' dir='ltr' id='par_1_15' title="bbox 143 1517 1720 1589">
     <span class='ocr_line' id='line_1_15' title="bbox 143 1517 1720 1589; baseline 0.003 -19"><span class='ocrx_word' id='word_1_99' title='bbox 143 1517 426 1572; x_wconf 74' lang='lat' dir='ltr'><strong>sententia:</strong></span> <span class='ocrx_word' id='word_1_100' title='bbox 479 1518 942 1587; x_wconf 84' lang='lat' dir='ltr'><strong>consequentiam,</strong></span> <span class='ocrx_word' id='word_1_101' title='bbox 969 1537 989 1571; x_wconf 70' lang='grc' dir='ltr'><strong>ι</strong></span> <span class='ocrx_word' id='word_1_102' title='bbox 1035 1517 1160 1589; x_wconf 90' lang='lat' dir='ltr'><strong>quia</strong></span> <span class='ocrx_word' id='word_1_103' title='bbox 1193 1518 1448 1574; x_wconf 90' lang='lat' dir='ltr'><strong>nimirum</strong></span> <span class='ocrx_word' id='word_1_104' title='bbox 1486 1521 1720 1575; x_wconf 69' lang='lat' dir='ltr'><strong>tenebrae</strong></span> 
     </span>
    </p>
   </div>
   <div class='ocr_carea' id='block_1_16' title="bbox 144 1603 1721 1680">
    <p class='ocr_par' dir='ltr' id='par_1_16' title="bbox 144 1603 1721 1680">
     <span class='ocr_line' id='line_1_16' title="bbox 144 1603 1721 1680; baseline 0.003 -20"><span class='ocrx_word' id='word_1_105' title='bbox 144 1607 240 1661; x_wconf 90' lang='lat' dir='ltr'><strong>luci</strong></span> <span class='ocrx_word' id='word_1_106' title='bbox 283 1617 667 1678; x_wconf 82' lang='lat' dir='ltr'><strong>opponuntur;</strong></span> <span class='ocrx_word' id='word_1_107' title='bbox 705 1617 761 1664; x_wconf 89' lang='lat' dir='ltr'><strong>et</strong></span> <span class='ocrx_word' id='word_1_108' title='bbox 791 1609 1048 1676; x_wconf 65' lang='lat' dir='ltr'><strong>tenebras,</strong></span> <span class='ocrx_word' id='word_1_109' title='bbox 1093 1624 1320 1679; x_wconf 89' lang='lat' dir='ltr'><strong>quarum</strong></span> <span class='ocrx_word' id='word_1_110' title='bbox 1357 1603 1609 1680; x_wconf 84' lang='lat' dir='ltr'><strong>princeps</strong></span> <span class='ocrx_word' id='word_1_111' title='bbox 1638 1618 1721 1666; x_wconf 90' lang='lat' dir='ltr'><strong>est</strong></span> 
     </span>
    </p>
   </div>
   <div class='ocr_carea' id='block_1_17' title="bbox 145 1699 905 1762">
    <p class='ocr_par' dir='ltr' id='par_1_17' title="bbox 145 1699 905 1762">
     <span class='ocr_line' id='line_1_17' title="bbox 145 1699 905 1762; baseline 0.001 -8"><span class='ocrx_word' id='word_1_112' title='bbox 145 1699 388 1754; x_wconf 86' lang='lat' dir='ltr'><strong>diabolus</strong></span> <span class='ocrx_word' id='word_1_113' title='bbox 410 1739 425 1762; x_wconf 87' lang='lat'><strong>,</strong></span> <span class='ocrx_word' id='word_1_114' title='bbox 457 1700 567 1754; x_wconf 91' lang='lat' dir='ltr'><strong>Deo</strong></span> <span class='ocrx_word' id='word_1_115' title='bbox 593 1702 905 1756; x_wconf 67' lang='lat' dir='ltr'><strong>contrariae.</strong></span> 
     </span>
    </p>
   </div>
   <div class='ocr_carea' id='block_1_18' title="bbox 210 1787 1717 1863">
    <p class='ocr_par' dir='ltr' id='par_1_18' title="bbox 210 1787 1717 1863">
     <span class='ocr_line' id='line_1_18' title="bbox 210 1787 1717 1863; baseline 0.003 -20"><span class='ocrx_word' id='word_1_116' title='bbox 210 1787 344 1843; x_wconf 79' lang='lat' dir='ltr'><strong>Ibid.</strong></span> <span class='ocrx_word' id='word_1_117' title='bbox 396 1787 440 1844; x_wconf 92' lang='lat' dir='ltr'><strong><em>C</em></strong></span> <span class='ocrx_word' id='word_1_118' title='bbox 488 1788 576 1843; x_wconf 74' lang='grc'><strong>12.</strong></span> <span class='ocrx_word' id='word_1_119' title='bbox 617 1788 752 1860; x_wconf 86' lang='lat' dir='ltr'><strong>Lupi</strong></span> <span class='ocrx_word' id='word_1_120' title='bbox 793 1807 996 1861; x_wconf 80' lang='lat' dir='ltr'><strong>graves.</strong></span> <span class='ocrx_word' id='word_1_121' title='bbox 1035 1791 1356 1848; x_wconf 83' lang='lat' dir='ltr'><strong>Addidimus</strong></span> <span class='ocrx_word' id='word_1_122' title='bbox 1401 1794 1717 1863; x_wconf 88' lang='lat' dir='ltr'><strong>epithetum,</strong></span> 
     </span>
    </p>
   </div>
   <div class='ocr_carea' id='block_1_19' title="bbox 1821 598 3402 674">
    <p class='ocr_par' dir='ltr' id='par_1_19' title="bbox 1821 598 3402 674">
     <span class='ocr_line' id='line_1_19' title="bbox 1821 598 3402 674; baseline -0.003 -16"><span class='ocrx_word' id='word_1_123' title='bbox 1821 617 1886 658; x_wconf 85' lang='lat' dir='ltr'><strong>ex</strong></span> <span class='ocrx_word' id='word_1_124' title='bbox 1923 603 2208 659; x_wconf 87' lang='lat' dir='ltr'><strong>Enstathio</strong></span> <span class='ocrx_word' id='word_1_125' title='bbox 2235 604 2430 674; x_wconf 87' lang='lat' dir='ltr'><strong>conjici</strong></span> <span class='ocrx_word' id='word_1_126' title='bbox 2460 612 2640 673; x_wconf 92' lang='lat' dir='ltr'><strong>potest</strong></span> <span class='ocrx_word' id='word_1_127' title='bbox 2663 644 2679 668; x_wconf 89' lang='lat'><strong>,</strong></span> <span class='ocrx_word' id='word_1_128' title='bbox 2711 601 2802 671; x_wconf 90' lang='lat' dir='ltr'><strong>qui</strong></span> <span class='ocrx_word' id='word_1_129' title='bbox 2845 599 3005 654; x_wconf 80' lang='lat' dir='ltr'><strong>vertit</strong></span> <span class='ocrx_word' id='word_1_130' title='bbox 3038 617 3051 652; x_wconf 91' lang='lat'><strong>:</strong></span> <span class='ocrx_word' id='word_1_131' title='bbox 3089 617 3107 650; x_wconf 92' lang='lat'><strong>«</strong></span> <span class='ocrx_word' id='word_1_132' title='bbox 3135 598 3209 654; x_wconf 88' lang='lat' dir='ltr'><strong>Ut</strong></span> <span class='ocrx_word' id='word_1_133' title='bbox 3234 600 3402 668; x_wconf 84' lang='lat' dir='ltr'><strong>possit</strong></span> 
     </span>
    </p>
   </div>
   <div class='ocr_carea' id='block_1_20' title="bbox 1824 691 3398 763">
    <p class='ocr_par' dir='ltr' id='par_1_20' title="bbox 1824 691 3398 763">
     <span class='ocr_line' id='line_1_20' title="bbox 1824 691 3398 763; baseline -0.003 -15"><span class='ocrx_word' id='word_1_134' title='bbox 1824 707 1911 756; x_wconf 91' lang='lat' dir='ltr'><strong>ea,</strong></span> <span class='ocrx_word' id='word_1_135' title='bbox 1941 707 2061 763; x_wconf 72' lang='lat' dir='ltr'><strong>quae</strong></span> <span class='ocrx_word' id='word_1_136' title='bbox 2087 697 2426 751; x_wconf 82' lang='lat' dir='ltr'><strong>extrinsecus</strong></span> <span class='ocrx_word' id='word_1_137' title='bbox 2456 695 2730 750; x_wconf 82' lang='lat' dir='ltr'><strong>habentur</strong></span> <span class='ocrx_word' id='word_1_138' title='bbox 2762 693 2830 748; x_wconf 90' lang='lat' dir='ltr'><strong>ab</strong></span> <span class='ocrx_word' id='word_1_139' title='bbox 2866 691 3212 747; x_wconf 88' lang='lat' dir='ltr'><strong>interioribus</strong></span> <span class='ocrx_word' id='word_1_140' title='bbox 3238 703 3398 760; x_wconf 87' lang='lat' dir='ltr'><strong>sepa-</strong></span> 
     </span>
    </p>
   </div>
   <div class='ocr_carea' id='block_1_21' title="bbox 1824 783 3399 858">
    <p class='ocr_par' dir='ltr' id='par_1_21' title="bbox 1824 783 3399 858">
     <span class='ocr_line' id='line_1_21' title="bbox 1824 783 3399 858; baseline -0.001 -19"><span class='ocrx_word' id='word_1_141' title='bbox 1824 801 1966 843; x_wconf 89' lang='lat' dir='ltr'><strong>rare.</strong></span> <span class='ocrx_word' id='word_1_142' title='bbox 1998 805 2018 838; x_wconf 72' lang='grc' dir='ltr'><strong>ι</strong></span> <span class='ocrx_word' id='word_1_143' title='bbox 2062 787 2302 858; x_wconf 87' lang='lat' dir='ltr'><strong>Denique</strong></span> <span class='ocrx_word' id='word_1_144' title='bbox 2348 785 2806 856; x_wconf 83' lang='grc' dir='ltr'>ἐναπολειφθέντα</span> <span class='ocrx_word' id='word_1_145' title='bbox 2850 785 2991 840; x_wconf 89' lang='lat' dir='ltr'><strong>idem</strong></span> <span class='ocrx_word' id='word_1_146' title='bbox 3029 783 3399 839; x_wconf 89' lang='lat' dir='ltr'><strong>Theodoretus</strong></span> 
     </span>
    </p>
   </div>
   <div class='ocr_carea' id='block_1_22' title="bbox 1821 874 3229 949">
    <p class='ocr_par' dir='ltr' id='par_1_22' title="bbox 1821 874 3229 949">
     <span class='ocr_line' id='line_1_22' title="bbox 1821 874 3229 949; baseline -0.001 -19"><span class='ocrx_word' id='word_1_147' title='bbox 1821 875 1986 931; x_wconf 87' lang='lat' dir='ltr'><strong>habet</strong></span> <span class='ocrx_word' id='word_1_148' title='bbox 2016 892 2137 931; x_wconf 90' lang='lat' dir='ltr'><strong>cum</strong></span> <span class='ocrx_word' id='word_1_149' title='bbox 2161 879 2368 935; x_wconf 83' lang='lat' dir='ltr'><strong>duobus</strong></span> <span class='ocrx_word' id='word_1_150' title='bbox 2396 879 2596 949; x_wconf 83' lang='lat' dir='ltr'><strong>Regiis,</strong></span> <span class='ocrx_word' id='word_1_151' title='bbox 2631 893 2734 933; x_wconf 91' lang='lat' dir='ltr'><strong>non</strong></span> <span class='ocrx_word' id='word_1_152' title='bbox 2766 874 3229 947; x_wconf 80' lang='grc' dir='ltr'>ἐναποληφθέντα.</span> 
     </span>
    </p>
   </div>
   <div class='ocr_carea' id='block_1_23' title="bbox 1894 968 3400 1041">
    <p class='ocr_par' dir='ltr' id='par_1_23' title="bbox 1894 968 3400 1041">
     <span class='ocr_line' id='line_1_23' title="bbox 1894 968 3400 1041; baseline 0.002 -17"><span class='ocrx_word' id='word_1_153' title='bbox 1894 968 2010 1024; x_wconf 92' lang='lat' dir='ltr'><strong>Col.</strong></span> <span class='ocrx_word' id='word_1_154' title='bbox 2036 971 2108 1024; x_wconf 77' lang='grc'><strong>45</strong></span> <span class='ocrx_word' id='word_1_155' title='bbox 2143 971 2187 1024; x_wconf 78' lang='grc' dir='ltr'><strong>Α</strong></span> <span class='ocrx_word' id='word_1_156' title='bbox 2230 973 2315 1027; x_wconf 79' lang='lat' dir='ltr'><strong>M.</strong></span> <span class='ocrx_word' id='word_1_157' title='bbox 2353 971 2456 1028; x_wconf 87' lang='lat' dir='ltr'><strong>Sed</strong></span> <span class='ocrx_word' id='word_1_158' title='bbox 2490 974 2590 1027; x_wconf 82' lang='lat' dir='ltr'><strong>uiri</strong></span> <span class='ocrx_word' id='word_1_159' title='bbox 2636 971 2778 1041; x_wconf 82' lang='lat' dir='ltr'><strong>Syri.</strong></span> <span class='ocrx_word' id='word_1_160' title='bbox 2819 971 3122 1025; x_wconf 87' lang='lat' dir='ltr'><strong>Annotarat</strong></span> <span class='ocrx_word' id='word_1_161' title='bbox 3162 970 3218 1025; x_wconf 91' lang='lat' dir='ltr'><strong>in</strong></span> <span class='ocrx_word' id='word_1_162' title='bbox 3255 970 3400 1027; x_wconf 88' lang='lat' dir='ltr'><strong>hunc</strong></span> 
     </span>
    </p>
   </div>
   <div class='ocr_carea' id='block_1_24' title="bbox 1821 1057 3400 1134">
    <p class='ocr_par' dir='ltr' id='par_1_24' title="bbox 1821 1057 3400 1134">
     <span class='ocr_line' id='line_1_24' title="bbox 1821 1057 3400 1134; baseline 0.003 -22"><span class='ocrx_word' id='word_1_163' title='bbox 1821 1057 1998 1112; x_wconf 90' lang='lat' dir='ltr'><strong>locum</strong></span> <span class='ocrx_word' id='word_1_164' title='bbox 2029 1059 2364 1128; x_wconf 91' lang='lat' dir='ltr'><strong>Tilmannus,</strong></span> <span class='ocrx_word' id='word_1_165' title='bbox 2409 1061 2493 1118; x_wconf 86' lang='lat' dir='ltr'><strong>vel</strong></span> <span class='ocrx_word' id='word_1_166' title='bbox 2524 1062 2660 1117; x_wconf 92' lang='lat' dir='ltr'><strong>alius</strong></span> <span class='ocrx_word' id='word_1_167' title='bbox 2687 1061 2980 1131; x_wconf 90' lang='lat' dir='ltr'><strong>quispiam,</strong></span> <span class='ocrx_word' id='word_1_168' title='bbox 3021 1059 3268 1131; x_wconf 75' lang='lat' dir='ltr'><strong>Ephrtem</strong></span> <span class='ocrx_word' id='word_1_169' title='bbox 3299 1061 3400 1134; x_wconf 82' lang='lat' dir='ltr'><strong>Sy-</strong></span> 
     </span>
    </p>
   </div>
   <div class='ocr_carea' id='block_1_25' title="bbox 1827 1149 3401 1223">
    <p class='ocr_par' dir='ltr' id='par_1_25' title="bbox 1827 1149 3401 1223">
     <span class='ocr_line' id='line_1_25' title="bbox 1827 1149 3401 1223; baseline 0.005 -21"><span class='ocrx_word' id='word_1_170' title='bbox 1827 1164 1944 1202; x_wconf 90' lang='lat' dir='ltr'><strong>rum</strong></span> <span class='ocrx_word' id='word_1_171' title='bbox 1980 1149 2407 1219; x_wconf 85' lang='lat' dir='ltr'><strong>intelligendum,</strong></span> <span class='ocrx_word' id='word_1_172' title='bbox 2457 1168 2618 1222; x_wconf 91' lang='lat' dir='ltr'><strong>quem</strong></span> <span class='ocrx_word' id='word_1_173' title='bbox 2659 1153 2751 1208; x_wconf 87' lang='lat' dir='ltr'><strong>alii</strong></span> <span class='ocrx_word' id='word_1_174' title='bbox 2795 1153 2999 1208; x_wconf 87' lang='lat' dir='ltr'><strong>addunt</strong></span> <span class='ocrx_word' id='word_1_175' title='bbox 3041 1151 3302 1223; x_wconf 63' lang='lat' dir='ltr'><strong>aequalem</strong></span> <span class='ocrx_word' id='word_1_176' title='bbox 3345 1161 3401 1210; x_wconf 84' lang='lat' dir='ltr'><strong>et</strong></span> 
     </span>
    </p>
   </div>
   <div class='ocr_carea' id='block_1_26' title="bbox 1822 1240 3400 1310">
    <p class='ocr_par' dir='ltr' id='par_1_26' title="bbox 1822 1240 3400 1310">
     <span class='ocr_line' id='line_1_26' title="bbox 1822 1240 3400 1310; baseline 0.006 -18"><span class='ocrx_word' id='word_1_177' title='bbox 1822 1255 2082 1310; x_wconf 84' lang='lat' dir='ltr'><strong>perquam</strong></span> <span class='ocrx_word' id='word_1_178' title='bbox 2112 1240 2432 1300; x_wconf 82' lang='lat' dir='ltr'><strong>familiarem</strong></span> <span class='ocrx_word' id='word_1_179' title='bbox 2457 1244 2624 1300; x_wconf 84' lang='lat' dir='ltr'><strong>fuisse</strong></span> <span class='ocrx_word' id='word_1_180' title='bbox 2658 1244 2890 1308; x_wconf 87' lang='lat' dir='ltr'><strong>Basilio;</strong></span> <span class='ocrx_word' id='word_1_181' title='bbox 2929 1244 3112 1300; x_wconf 86' lang='lat' dir='ltr'><strong>sedet</strong></span> <span class='ocrx_word' id='word_1_182' title='bbox 3137 1244 3400 1302; x_wconf 89' lang='lat' dir='ltr'><strong>Diodorus</strong></span> 
     </span>
    </p>
   </div>
   <div class='ocr_carea' id='block_1_27' title="bbox 1825 1320 3400 1397">
    <p class='ocr_par' dir='ltr' id='par_1_27' title="bbox 1825 1320 3400 1397">
     <span class='ocr_line' id='line_1_27' title="bbox 1825 1320 3400 1397; baseline 0.002 -10"><span class='ocrx_word' id='word_1_183' title='bbox 1825 1331 2111 1387; x_wconf 77' lang='lat' dir='ltr'><strong>Tarsensis</strong></span> <span class='ocrx_word' id='word_1_184' title='bbox 2145 1332 2284 1387; x_wconf 91' lang='lat' dir='ltr'><strong>idem</strong></span> <span class='ocrx_word' id='word_1_185' title='bbox 2319 1336 2386 1391; x_wconf 91' lang='lat' dir='ltr'><strong>de</strong></span> <span class='ocrx_word' id='word_1_186' title='bbox 2414 1336 2578 1390; x_wconf 89' lang='lat' dir='ltr'><strong>verbo</strong></span> <span class='ocrx_word' id='word_1_187' title='bbox 2612 1335 2877 1391; x_wconf 84' lang='lat' dir='ltr'><strong>Hebraico</strong></span> <span class='ocrx_word' id='word_1_188' title='bbox 2913 1345 3126 1397; x_wconf 66' lang='grc' dir='ltr'>ηειτπω</span> <span class='ocrx_word' id='word_1_189' title='bbox 3159 1335 3318 1390; x_wconf 91' lang='lat' dir='ltr'><strong>docet</strong></span> <span class='ocrx_word' id='word_1_190' title='bbox 3344 1320 3400 1390; x_wconf 86' lang='lat' dir='ltr'><strong>i&#39;n</strong></span> 
     </span>
    </p>
   </div>
   <div class='ocr_carea' id='block_1_28' title="bbox 1824 1425 3400 1501">
    <p class='ocr_par' dir='ltr' id='par_1_28' title="bbox 1824 1425 3400 1501">
     <span class='ocr_line' id='line_1_28' title="bbox 1824 1425 3400 1501; baseline -0.002 -18"><span class='ocrx_word' id='word_1_191' title='bbox 1824 1427 2028 1484; x_wconf 87' lang='lat' dir='ltr'><strong>Catena</strong></span> <span class='ocrx_word' id='word_1_192' title='bbox 2072 1425 2308 1499; x_wconf 87' lang='lat' dir='ltr'><strong>Zephyri</strong></span> <span class='ocrx_word' id='word_1_193' title='bbox 2343 1447 2357 1483; x_wconf 88' lang='lat'><strong>:</strong></span> <span class='ocrx_word' id='word_1_194' title='bbox 2389 1427 2650 1483; x_wconf 85' lang='grc' dir='ltr'>Βούλεται</span> <span class='ocrx_word' id='word_1_195' title='bbox 2689 1431 2722 1500; x_wconf 85' lang='grc' dir='ltr'>ἡ</span> <span class='ocrx_word' id='word_1_196' title='bbox 2760 1428 3024 1501; x_wconf 79' lang='grc' dir='ltr'><strong>Ἐὕραῖκὴ</strong></span> <span class='ocrx_word' id='word_1_197' title='bbox 3061 1427 3204 1494; x_wconf 82' lang='grc' dir='ltr'><strong>λέξις</strong></span> <span class='ocrx_word' id='word_1_198' title='bbox 3236 1427 3270 1498; x_wconf 85' lang='grc' dir='ltr'>ὴ</span> <span class='ocrx_word' id='word_1_199' title='bbox 3306 1426 3400 1481; x_wconf 77' lang='grc' dir='ltr'><strong>τοῦ</strong></span> 
     </span>
    </p>
   </div>
   <div class='ocr_carea' id='block_1_29' title="bbox 1827 1518 3404 1596">
    <p class='ocr_par' dir='ltr' id='par_1_29' title="bbox 1827 1518 3404 1596">
     <span class='ocr_line' id='line_1_29' title="bbox 1827 1518 3404 1596; baseline -0.003 -19"><span class='ocrx_word' id='word_1_200' title='bbox 1827 1523 2126 1596; x_wconf 81' lang='grc' dir='ltr'>ἐπεφέρετο</span> <span class='ocrx_word' id='word_1_201' title='bbox 2159 1521 2465 1594; x_wconf 78' lang='grc' dir='ltr'><strong>σημαίνειν,</strong></span> <span class='ocrx_word' id='word_1_202' title='bbox 2504 1523 2586 1576; x_wconf 81' lang='grc' dir='ltr'><strong>ὅτι</strong></span> <span class='ocrx_word' id='word_1_203' title='bbox 2633 1522 2881 1592; x_wconf 83' lang='grc' dir='ltr'>καθάπερ</span> <span class='ocrx_word' id='word_1_204' title='bbox 2914 1520 3064 1592; x_wconf 75' lang='grc' dir='ltr'><strong>ὅρνις</strong></span> <span class='ocrx_word' id='word_1_205' title='bbox 3095 1519 3178 1574; x_wconf 85' lang='grc' dir='ltr'><strong>ὠὰ</strong></span> <span class='ocrx_word' id='word_1_206' title='bbox 3208 1518 3404 1574; x_wconf 79' lang='grc' dir='ltr'>θάλπει</span> 
     </span>
    </p>
   </div>
   <div class='ocr_carea' id='block_1_30' title="bbox 1826 1608 3401 1685">
    <p class='ocr_par' dir='ltr' id='par_1_30' title="bbox 1826 1608 3401 1685">
     <span class='ocr_line' id='line_1_30' title="bbox 1826 1608 3401 1685; baseline -0.002 -20"><span class='ocrx_word' id='word_1_207' title='bbox 1826 1615 1944 1677; x_wconf 87' lang='grc' dir='ltr'><strong>ταῖς</strong></span> <span class='ocrx_word' id='word_1_208' title='bbox 1977 1612 2233 1685; x_wconf 80' lang='grc' dir='ltr'><strong>πτέρυξιν</strong></span> <span class='ocrx_word' id='word_1_209' title='bbox 2269 1612 2491 1676; x_wconf 83' lang='grc' dir='ltr'>ἁπαλῶς</span> <span class='ocrx_word' id='word_1_210' title='bbox 2519 1611 2872 1682; x_wconf 74' lang='grc' dir='ltr'><strong>ἐφαπτομένη</strong></span> <span class='ocrx_word' id='word_1_211' title='bbox 2903 1611 2983 1672; x_wconf 77' lang='grc' dir='ltr'><strong>εἰς</strong></span> <span class='ocrx_word' id='word_1_212' title='bbox 3001 1609 3063 1663; x_wconf 84' lang='grc' dir='ltr'>τὸ</span> <span class='ocrx_word' id='word_1_213' title='bbox 3096 1608 3401 1677; x_wconf 80' lang='grc' dir='ltr'><strong>ζωογονεῖν·</strong></span> 
     </span>
    </p>
   </div>
   <div class='ocr_carea' id='block_1_31' title="bbox 1826 1699 3406 1775">
    <p class='ocr_par' dir='ltr' id='par_1_31' title="bbox 1826 1699 3406 1775">
     <span class='ocr_line' id='line_1_31' title="bbox 1826 1699 3406 1775; baseline 0 -19"><span class='ocrx_word' id='word_1_214' title='bbox 1826 1703 1969 1757; x_wconf 75' lang='grc' dir='ltr'>οὕτω</span> <span class='ocrx_word' id='word_1_215' title='bbox 2008 1705 2100 1758; x_wconf 79' lang='grc' dir='ltr'>καὶ</span> <span class='ocrx_word' id='word_1_216' title='bbox 2133 1704 2192 1758; x_wconf 78' lang='grc' dir='ltr'><strong>τὸ</strong></span> <span class='ocrx_word' id='word_1_217' title='bbox 2223 1703 2450 1775; x_wconf 81' lang='grc' dir='ltr'><strong>Πνεῦμα</strong></span> <span class='ocrx_word' id='word_1_218' title='bbox 2485 1702 2790 1774; x_wconf 79' lang='grc' dir='ltr'>ἐπεφέρετο</span> <span class='ocrx_word' id='word_1_219' title='bbox 2821 1704 2934 1766; x_wconf 88' lang='grc' dir='ltr'><strong>τοῖς</strong></span> <span class='ocrx_word' id='word_1_220' title='bbox 2965 1700 3122 1755; x_wconf 75' lang='grc' dir='ltr'>ὕδασι</span> <span class='ocrx_word' id='word_1_221' title='bbox 3167 1699 3406 1765; x_wconf 81' lang='grc' dir='ltr'><strong>ζωοθαλ-</strong></span> 
     </span>
    </p>
   </div>
   <div class='ocr_carea' id='block_1_32' title="bbox 1828 1791 3404 1864">
    <p class='ocr_par' dir='ltr' id='par_1_32' title="bbox 1828 1791 3404 1864">
     <span class='ocr_line' id='line_1_32' title="bbox 1828 1791 3404 1864; baseline -0.001 -17"><span class='ocrx_word' id='word_1_222' title='bbox 1828 1795 1986 1849; x_wconf 80' lang='grc' dir='ltr'><strong>ποῦν·</strong></span> <span class='ocrx_word' id='word_1_223' title='bbox 2041 1813 2061 1847; x_wconf 94' lang='lat'><strong>«</strong></span> <span class='ocrx_word' id='word_1_224' title='bbox 2098 1795 2361 1850; x_wconf 88' lang='lat' dir='ltr'><strong>Hebraica</strong></span> <span class='ocrx_word' id='word_1_225' title='bbox 2395 1795 2559 1850; x_wconf 89' lang='lat' dir='ltr'><strong>dictio</strong></span> <span class='ocrx_word' id='word_1_226' title='bbox 2585 1809 2683 1863; x_wconf 91' lang='lat' dir='ltr'><strong>pro</strong></span> <span class='ocrx_word' id='word_1_227' title='bbox 2713 1809 2820 1864; x_wconf 86' lang='lat' dir='ltr'><strong>qua</strong></span> <span class='ocrx_word' id='word_1_228' title='bbox 2847 1808 2943 1849; x_wconf 91' lang='lat' dir='ltr'><strong>nos</strong></span> <span class='ocrx_word' id='word_1_229' title='bbox 2977 1793 3238 1848; x_wconf 88' lang='lat' dir='ltr'><strong>habemus</strong></span> <span class='ocrx_word' id='word_1_230' title='bbox 3261 1791 3404 1848; x_wconf 81' lang='lat' dir='ltr'><strong>fere-</strong></span> 
     </span>
    </p>
   </div>
   <div class='ocr_carea' id='block_1_33' title="bbox 145 1874 3406 1956">
    <p class='ocr_par' dir='ltr' id='par_1_33' title="bbox 145 1874 3406 1956">
     <span class='ocr_line' id='line_1_33' title="bbox 145 1874 3406 1956; baseline 0.003 -29"><span class='ocrx_word' id='word_1_231' title='bbox 145 1880 281 1946; x_wconf 84' lang='lat' dir='ltr'><strong>quod</strong></span> <span class='ocrx_word' id='word_1_232' title='bbox 305 1887 391 1933; x_wconf 88' lang='lat' dir='ltr'><strong>est</strong></span> <span class='ocrx_word' id='word_1_233' title='bbox 418 1879 658 1934; x_wconf 89' lang='lat' dir='ltr'><strong>additum</strong></span> <span class='ocrx_word' id='word_1_234' title='bbox 689 1889 743 1936; x_wconf 90' lang='lat' dir='ltr'><strong>et</strong></span> <span class='ocrx_word' id='word_1_235' title='bbox 777 1881 1032 1936; x_wconf 89' lang='lat' dir='ltr'><strong>Actorum</strong></span> <span class='ocrx_word' id='word_1_236' title='bbox 1060 1898 1155 1946; x_wconf 79' lang='lat' dir='ltr'><strong>xx,</strong></span> <span class='ocrx_word' id='word_1_237' title='bbox 1177 1881 1247 1938; x_wconf 76' lang='lat'><strong>29</strong></span> <span class='ocrx_word' id='word_1_238' title='bbox 1282 1899 1294 1935; x_wconf 91' lang='lat'><strong>:</strong></span> <span class='ocrx_word' id='word_1_239' title='bbox 1322 1885 1726 1940; x_wconf 80' lang='grc' dir='ltr'>Εὶσελεύσον-</span> <span class='ocrx_word' id='word_1_240' title='bbox 1756 1874 1798 1930; x_wconf 83' lang='grc' dir='ltr'><strong>Β</strong></span> <span class='ocrx_word' id='word_1_241' title='bbox 1827 1885 2010 1950; x_wconf 89' lang='lat' dir='ltr'><strong>batur,</strong></span> <span class='ocrx_word' id='word_1_242' title='bbox 2042 1885 2170 1940; x_wconf 90' lang='lat' dir='ltr'><strong>illud</strong></span> <span class='ocrx_word' id='word_1_243' title='bbox 2201 1901 2298 1956; x_wconf 91' lang='lat' dir='ltr'><strong>per</strong></span> <span class='ocrx_word' id='word_1_244' title='bbox 2318 1900 2376 1940; x_wconf 92' lang='lat' dir='ltr'><strong>se</strong></span> <span class='ocrx_word' id='word_1_245' title='bbox 2407 1885 2623 1940; x_wconf 89' lang='lat' dir='ltr'><strong>videtur</strong></span> <span class='ocrx_word' id='word_1_246' title='bbox 2656 1882 2987 1953; x_wconf 81' lang='lat' dir='ltr'><strong>signiﬁcare,</strong></span> <span class='ocrx_word' id='word_1_247' title='bbox 3021 1882 3163 1952; x_wconf 92' lang='lat' dir='ltr'><strong>quod</strong></span> <span class='ocrx_word' id='word_1_248' title='bbox 3197 1881 3342 1937; x_wconf 90' lang='lat' dir='ltr'><strong>sicut</strong></span> <span class='ocrx_word' id='word_1_249' title='bbox 3373 1895 3406 1936; x_wconf 69' lang='grc' dir='ltr'><strong>ε</strong></span> 
     </span>
    </p>
   </div>
   <div class='ocr_carea' id='block_1_34' title="bbox 142 1968 1723 2042">
    <p class='ocr_par' dir='ltr' id='par_1_34' title="bbox 142 1968 1723 2042">
     <span class='ocr_line' id='line_1_34' title="bbox 142 1968 1723 2042; baseline 0.004 -20"><span class='ocrx_word' id='word_1_250' title='bbox 142 1986 234 2024; x_wconf 82' lang='grc' dir='ltr'>ται</span> <span class='ocrx_word' id='word_1_251' title='bbox 254 1969 412 2039; x_wconf 86' lang='grc' dir='ltr'><strong>μετὰ</strong></span> <span class='ocrx_word' id='word_1_252' title='bbox 430 1968 545 2038; x_wconf 82' lang='grc' dir='ltr'><strong>τὴν</strong></span> <span class='ocrx_word' id='word_1_253' title='bbox 577 1969 788 2040; x_wconf 64' lang='grc' dir='ltr'><strong>ἄφιξίν</strong></span> <span class='ocrx_word' id='word_1_254' title='bbox 812 1989 933 2042; x_wconf 87' lang='grc' dir='ltr'><strong>μου</strong></span> <span class='ocrx_word' id='word_1_255' title='bbox 961 1974 1137 2027; x_wconf 75' lang='grc' dir='ltr'>λύκοι</span> <span class='ocrx_word' id='word_1_256' title='bbox 1164 1973 1399 2042; x_wconf 71' lang='grc' dir='ltr'><strong>,βαρεῖςο</strong></span> <span class='ocrx_word' id='word_1_257' title='bbox 1443 1973 1723 2029; x_wconf 85' lang='lat' dir='ltr'><strong>Intrabunt</strong></span> 
     </span>
    </p>
   </div>
   <div class='ocr_carea' id='block_1_35' title="bbox 144 2062 1724 2137">
    <p class='ocr_par' dir='ltr' id='par_1_35' title="bbox 144 2062 1724 2137">
     <span class='ocr_line' id='line_1_35' title="bbox 144 2062 1724 2137; baseline 0.005 -24"><span class='ocrx_word' id='word_1_258' title='bbox 144 2069 256 2129; x_wconf 84' lang='lat' dir='ltr'><strong>post</strong></span> <span class='ocrx_word' id='word_1_259' title='bbox 298 2062 672 2116; x_wconf 77' lang='lat' dir='ltr'><strong>discessionem</strong></span> <span class='ocrx_word' id='word_1_260' title='bbox 718 2079 887 2116; x_wconf 87' lang='lat' dir='ltr'><strong>meam</strong></span> <span class='ocrx_word' id='word_1_261' title='bbox 930 2062 1040 2130; x_wconf 85' lang='lat' dir='ltr'><strong>lupi</strong></span> <span class='ocrx_word' id='word_1_262' title='bbox 1076 2081 1316 2133; x_wconf 77' lang='lat' dir='ltr'><strong>rapaces.</strong></span> <span class='ocrx_word' id='word_1_263' title='bbox 1359 2064 1438 2120; x_wconf 84' lang='lat' dir='ltr'><strong>Ita</strong></span> <span class='ocrx_word' id='word_1_264' title='bbox 1480 2065 1724 2137; x_wconf 79' lang='lat' dir='ltr'><strong>Vulgata,</strong></span> 
     </span>
    </p>
   </div>
   <div class='ocr_carea' id='block_1_36' title="bbox 144 2152 1725 2227">
    <p class='ocr_par' dir='ltr' id='par_1_36' title="bbox 144 2152 1725 2227">
     <span class='ocr_line' id='line_1_36' title="bbox 144 2152 1725 2227; baseline 0.006 -23"><span class='ocrx_word' id='word_1_265' title='bbox 144 2152 596 2220; x_wconf 88' lang='lat' dir='ltr'><strong>quemadmodum</strong></span> <span class='ocrx_word' id='word_1_266' title='bbox 640 2161 693 2207; x_wconf 89' lang='lat' dir='ltr'><strong>et</strong></span> <span class='ocrx_word' id='word_1_267' title='bbox 733 2153 1052 2210; x_wconf 83' lang='lat' dir='ltr'><strong>Eustathius</strong></span> <span class='ocrx_word' id='word_1_268' title='bbox 1100 2156 1205 2210; x_wconf 90' lang='lat' dir='ltr'><strong>hoc</strong></span> <span class='ocrx_word' id='word_1_269' title='bbox 1249 2156 1388 2221; x_wconf 87' lang='lat' dir='ltr'><strong>loco,</strong></span> <span class='ocrx_word' id='word_1_270' title='bbox 1432 2175 1452 2209; x_wconf 94' lang='lat'><strong>«</strong></span> <span class='ocrx_word' id='word_1_271' title='bbox 1480 2157 1572 2227; x_wconf 89' lang='lat' dir='ltr'><strong>qui</strong></span> <span class='ocrx_word' id='word_1_272' title='bbox 1615 2173 1725 2212; x_wconf 93' lang='lat' dir='ltr'><strong>non</strong></span> 
     </span>
    </p>
   </div>
   <div class='ocr_carea' id='block_1_37' title="bbox 147 2241 1722 2318">
    <p class='ocr_par' dir='ltr' id='par_1_37' title="bbox 147 2241 1722 2318">
     <span class='ocr_line' id='line_1_37' title="bbox 147 2241 1722 2318; baseline 0.006 -24"><span class='ocrx_word' id='word_1_273' title='bbox 147 2241 251 2309; x_wconf 90' lang='lat' dir='ltr'><strong>lupi</strong></span> <span class='ocrx_word' id='word_1_274' title='bbox 290 2250 568 2310; x_wconf 79' lang='lat' dir='ltr'><strong>raptores,</strong></span> <span class='ocrx_word' id='word_1_275' title='bbox 601 2242 929 2299; x_wconf 88' lang='lat' dir='ltr'><strong>dilaniantes</strong></span> <span class='ocrx_word' id='word_1_276' title='bbox 951 2246 1204 2316; x_wconf 79' lang='lat' dir='ltr'><strong>gregem?</strong></span> <span class='ocrx_word' id='word_1_277' title='bbox 1235 2266 1255 2300; x_wconf 72' lang='grc' dir='ltr'><strong>ι</strong></span> <span class='ocrx_word' id='word_1_278' title='bbox 1284 2246 1431 2302; x_wconf 92' lang='lat' dir='ltr'><strong>Idem</strong></span> <span class='ocrx_word' id='word_1_279' title='bbox 1467 2248 1722 2318; x_wconf 74' lang='lat' dir='ltr'><strong>subiicit:</strong></span> 
     </span>
    </p>
   </div>
   <div class='ocr_carea' id='block_1_38' title="bbox 152 2330 1728 2399">
    <p class='ocr_par' dir='ltr' id='par_1_38' title="bbox 152 2330 1728 2399">
     <span class='ocr_line' id='line_1_38' title="bbox 152 2330 1728 2399; baseline 0.007 -17"><span class='ocrx_word' id='word_1_280' title='bbox 152 2348 171 2382; x_wconf 94' lang='lat'><strong>«</strong></span> <span class='ocrx_word' id='word_1_281' title='bbox 203 2330 338 2385; x_wconf 89' lang='lat' dir='ltr'><strong>Hinc</strong></span> <span class='ocrx_word' id='word_1_282' title='bbox 373 2330 666 2387; x_wconf 79' lang='lat' dir='ltr'><strong>Marcionis</strong></span> <span class='ocrx_word' id='word_1_283' title='bbox 694 2343 750 2388; x_wconf 91' lang='lat' dir='ltr'><strong>et</strong></span> <span class='ocrx_word' id='word_1_284' title='bbox 776 2333 1149 2399; x_wconf 84' lang='lat' dir='ltr'><strong>Valentini,et</strong></span> <span class='ocrx_word' id='word_1_285' title='bbox 1177 2337 1529 2393; x_wconf 81' lang='lat' dir='ltr'><strong>exsecrabilis</strong></span> <span class='ocrx_word' id='word_1_286' title='bbox 1560 2337 1728 2392; x_wconf 83' lang='lat' dir='ltr'><strong>Mani-</strong></span> 
     </span>
    </p>
   </div>
   <div class='ocr_carea' id='block_1_39' title="bbox 149 2423 1726 2501">
    <p class='ocr_par' dir='ltr' id='par_1_39' title="bbox 149 2423 1726 2501">
     <span class='ocr_line' id='line_1_39' title="bbox 149 2423 1726 2501; baseline 0.006 -25"><span class='ocrx_word' id='word_1_287' title='bbox 149 2423 421 2478; x_wconf 66' lang='lat' dir='ltr'><strong>clrmorum</strong></span> <span class='ocrx_word' id='word_1_288' title='bbox 447 2433 596 2480; x_wconf 88' lang='lat' dir='ltr'><strong>secta</strong></span> <span class='ocrx_word' id='word_1_289' title='bbox 625 2425 890 2481; x_wconf 86' lang='lat' dir='ltr'><strong>manavit.</strong></span> <span class='ocrx_word' id='word_1_290' title='bbox 916 2444 935 2479; x_wconf 72' lang='grc' dir='ltr'><strong>ι</strong></span> <span class='ocrx_word' id='word_1_291' title='bbox 971 2427 1126 2497; x_wconf 92' lang='lat' dir='ltr'><strong>Apud</strong></span> <span class='ocrx_word' id='word_1_292' title='bbox 1157 2427 1550 2500; x_wconf 83' lang='lat' dir='ltr'><strong>Argyropylum</strong></span> <span class='ocrx_word' id='word_1_293' title='bbox 1584 2431 1726 2501; x_wconf 85' lang='lat' dir='ltr'><strong>lege-</strong></span> 
     </span>
    </p>
   </div>
   <div class='ocr_carea' id='block_1_40' title="bbox 148 2514 1732 2584">
    <p class='ocr_par' dir='ltr' id='par_1_40' title="bbox 148 2514 1732 2584">
     <span class='ocr_line' id='line_1_40' title="bbox 148 2514 1732 2584; baseline 0.007 -15"><span class='ocrx_word' id='word_1_294' title='bbox 148 2514 301 2570; x_wconf 85' lang='lat' dir='ltr'><strong>batur</strong></span> <span class='ocrx_word' id='word_1_295' title='bbox 342 2534 362 2567; x_wconf 95' lang='lat'><strong>«</strong></span> <span class='ocrx_word' id='word_1_296' title='bbox 396 2514 779 2584; x_wconf 81' lang='lat' dir='ltr'><strong>Valentiniani,</strong></span> <span class='ocrx_word' id='word_1_297' title='bbox 813 2535 833 2571; x_wconf 76' lang='grc' dir='ltr'><strong>ι</strong></span> <span class='ocrx_word' id='word_1_298' title='bbox 888 2519 980 2573; x_wconf 78' lang='grc' dir='ltr'>εοιΙ</span> <span class='ocrx_word' id='word_1_299' title='bbox 1013 2529 1202 2575; x_wconf 84' lang='lat' dir='ltr'><strong>auctor</strong></span> <span class='ocrx_word' id='word_1_300' title='bbox 1230 2521 1450 2577; x_wconf 47' lang='lat' dir='ltr'><strong>haeresis</strong></span> <span class='ocrx_word' id='word_1_301' title='bbox 1479 2522 1580 2578; x_wconf 82' lang='lat' dir='ltr'><strong>fuit</strong></span> <span class='ocrx_word' id='word_1_302' title='bbox 1625 2523 1732 2580; x_wconf 88' lang='lat' dir='ltr'><strong>Va-</strong></span> 
     </span>
    </p>
   </div>
   <div class='ocr_carea' id='block_1_41' title="bbox 148 2605 1303 2679">
    <p class='ocr_par' dir='ltr' id='par_1_41' title="bbox 148 2605 1303 2679">
     <span class='ocr_line' id='line_1_41' title="bbox 148 2605 1303 2679; baseline 0.008 -20"><span class='ocrx_word' id='word_1_303' title='bbox 148 2605 417 2671; x_wconf 87' lang='lat' dir='ltr'><strong>lentinus,</strong></span> <span class='ocrx_word' id='word_1_304' title='bbox 446 2616 746 2664; x_wconf 86' lang='lat' dir='ltr'><strong>sectatores</strong></span> <span class='ocrx_word' id='word_1_305' title='bbox 774 2609 892 2679; x_wconf 89' lang='lat' dir='ltr'><strong>ejus</strong></span> <span class='ocrx_word' id='word_1_306' title='bbox 920 2609 1303 2668; x_wconf 86' lang='lat' dir='ltr'><strong>Valentiniani.</strong></span> 
     </span>
    </p>
   </div>
   <div class='ocr_carea' id='block_1_42' title="bbox 215 2697 1729 2766">
    <p class='ocr_par' dir='ltr' id='par_1_42' title="bbox 215 2697 1729 2766">
     <span class='ocr_line' id='line_1_42' title="bbox 215 2697 1729 2766; baseline 0.009 -14"><span class='ocrx_word' id='word_1_307' title='bbox 215 2697 334 2752; x_wconf 89' lang='lat' dir='ltr'><strong>Col.</strong></span> <span class='ocrx_word' id='word_1_308' title='bbox 364 2697 436 2754; x_wconf 79' lang='grc'><strong>59</strong></span> <span class='ocrx_word' id='word_1_309' title='bbox 463 2698 502 2751; x_wconf 89' lang='grc' dir='ltr'><strong><em>Β</em></strong></span> <span class='ocrx_word' id='word_1_310' title='bbox 530 2698 584 2753; x_wconf 88' lang='grc'><strong>5.</strong></span> <span class='ocrx_word' id='word_1_311' title='bbox 632 2699 701 2754; x_wconf 86' lang='grc' dir='ltr'><strong>Τὸ</strong></span> <span class='ocrx_word' id='word_1_312' title='bbox 736 2701 947 2758; x_wconf 78' lang='grc' dir='ltr'><strong>κακόν.</strong></span> <span class='ocrx_word' id='word_1_313' title='bbox 989 2701 1138 2757; x_wconf 91' lang='lat' dir='ltr'><strong>Istud</strong></span> <span class='ocrx_word' id='word_1_314' title='bbox 1164 2703 1327 2759; x_wconf 84' lang='lat' dir='ltr'><strong>etiam</strong></span> <span class='ocrx_word' id='word_1_315' title='bbox 1359 2719 1425 2760; x_wconf 88' lang='lat' dir='ltr'><strong>ex</strong></span> <span class='ocrx_word' id='word_1_316' title='bbox 1453 2707 1729 2766; x_wconf 89' lang='lat' dir='ltr'><strong>codicibus</strong></span> 
     </span>
    </p>
   </div>
   <div class='ocr_carea' id='block_1_43' title="bbox 148 2789 1730 2866">
    <p class='ocr_par' dir='ltr' id='par_1_43' title="bbox 148 2789 1730 2866">
     <span class='ocr_line' id='line_1_43' title="bbox 148 2789 1730 2866; baseline 0.008 -22"><span class='ocrx_word' id='word_1_317' title='bbox 148 2789 366 2858; x_wconf 89' lang='lat' dir='ltr'><strong>scriptis</strong></span> <span class='ocrx_word' id='word_1_318' title='bbox 395 2790 636 2846; x_wconf 89' lang='lat' dir='ltr'><strong>additum</strong></span> <span class='ocrx_word' id='word_1_319' title='bbox 666 2792 862 2848; x_wconf 90' lang='lat' dir='ltr'><strong>asserit</strong></span> <span class='ocrx_word' id='word_1_320' title='bbox 886 2792 1248 2851; x_wconf 80' lang='lat' dir='ltr'><strong>Montacutius</strong></span> <span class='ocrx_word' id='word_1_321' title='bbox 1267 2835 1282 2860; x_wconf 93' lang='lat'><strong>,</strong></span> <span class='ocrx_word' id='word_1_322' title='bbox 1315 2798 1459 2866; x_wconf 90' lang='lat' dir='ltr'><strong>quod</strong></span> <span class='ocrx_word' id='word_1_323' title='bbox 1490 2800 1594 2856; x_wconf 93' lang='lat' dir='ltr'><strong>duo</strong></span> <span class='ocrx_word' id='word_1_324' title='bbox 1624 2799 1730 2856; x_wconf 87' lang='lat' dir='ltr'><strong>Re-</strong></span> 
     </span>
    </p>
   </div>
   <div class='ocr_carea' id='block_1_44' title="bbox 147 2882 1732 2962">
    <p class='ocr_par' dir='ltr' id='par_1_44' title="bbox 147 2882 1732 2962">
     <span class='ocr_line' id='line_1_44' title="bbox 147 2882 1732 2962; baseline 0.008 -27"><span class='ocrx_word' id='word_1_325' title='bbox 147 2882 217 2951; x_wconf 73' lang='lat' dir='ltr'><strong>gii</strong></span> <span class='ocrx_word' id='word_1_326' title='bbox 246 2884 421 2937; x_wconf 89' lang='lat' dir='ltr'><strong>nostri</strong></span> <span class='ocrx_word' id='word_1_327' title='bbox 453 2897 560 2937; x_wconf 92' lang='lat' dir='ltr'><strong>non</strong></span> <span class='ocrx_word' id='word_1_328' title='bbox 607 2893 942 2954; x_wconf 88' lang='lat' dir='ltr'><strong>agnoscunt,</strong></span> <span class='ocrx_word' id='word_1_329' title='bbox 987 2887 1082 2942; x_wconf 88' lang='lat' dir='ltr'><strong>sed</strong></span> <span class='ocrx_word' id='word_1_330' title='bbox 1109 2885 1452 2956; x_wconf 86' lang='lat' dir='ltr'><strong>Eustathius,</strong></span> <span class='ocrx_word' id='word_1_331' title='bbox 1497 2890 1732 2962; x_wconf 78' lang='lat' dir='ltr'><strong>«Neque</strong></span> 
     </span>
    </p>
   </div>
   <div class='ocr_carea' id='block_1_45' title="bbox 147 2973 1732 3050">
    <p class='ocr_par' dir='ltr' id='par_1_45' title="bbox 147 2973 1732 3050">
     <span class='ocr_line' id='line_1_45' title="bbox 147 2973 1732 3050; baseline 0.009 -24"><span class='ocrx_word' id='word_1_332' title='bbox 147 2973 292 3028; x_wconf 87' lang='lat' dir='ltr'><strong>enim</strong></span> <span class='ocrx_word' id='word_1_333' title='bbox 338 2973 386 3030; x_wconf 91' lang='lat' dir='ltr'><strong>si</strong></span> <span class='ocrx_word' id='word_1_334' title='bbox 433 2973 634 3028; x_wconf 89' lang='lat' dir='ltr'><strong>malum</strong></span> <span class='ocrx_word' id='word_1_335' title='bbox 674 2989 742 3030; x_wconf 90' lang='lat' dir='ltr'><strong>ex</strong></span> <span class='ocrx_word' id='word_1_336' title='bbox 776 2977 1101 3033; x_wconf 89' lang='lat' dir='ltr'><strong>necessitate</strong></span> <span class='ocrx_word' id='word_1_337' title='bbox 1142 2978 1518 3050; x_wconf 84' lang='lat' dir='ltr'><strong>descenderet,</strong></span> <span class='ocrx_word' id='word_1_338' title='bbox 1549 2992 1732 3041; x_wconf 89' lang='lat' dir='ltr'><strong>tantus</strong></span> 
     </span>
    </p>
   </div>
   <div class='ocr_carea' id='block_1_46' title="bbox 149 3065 1734 3145">
    <p class='ocr_par' dir='ltr' id='par_1_46' title="bbox 149 3065 1734 3145">
     <span class='ocr_line' id='line_1_46' title="bbox 149 3065 1734 3145; baseline 0.009 -28"><span class='ocrx_word' id='word_1_339' title='bbox 149 3065 502 3133; x_wconf 80' lang='lat' dir='ltr'><strong>peccantibus</strong></span> <span class='ocrx_word' id='word_1_340' title='bbox 534 3067 711 3137; x_wconf 88' lang='lat' dir='ltr'><strong>legum</strong></span> <span class='ocrx_word' id='word_1_341' title='bbox 753 3081 929 3124; x_wconf 91' lang='lat' dir='ltr'><strong>metus</strong></span> <span class='ocrx_word' id='word_1_342' title='bbox 962 3069 1320 3126; x_wconf 85' lang='lat' dir='ltr'><strong>incumberet.</strong></span> <span class='ocrx_word' id='word_1_343' title='bbox 1360 3091 1380 3124; x_wconf 76' lang='grc' dir='ltr'><strong>ι</strong></span> <span class='ocrx_word' id='word_1_344' title='bbox 1417 3071 1587 3130; x_wconf 91' lang='lat' dir='ltr'><strong>Paulo</strong></span> <span class='ocrx_word' id='word_1_345' title='bbox 1612 3085 1734 3145; x_wconf 89' lang='lat' dir='ltr'><strong>post</strong></span> 
     </span>
    </p>
   </div>
   <div class='ocr_carea' id='block_1_47' title="bbox 149 3158 1733 3236">
    <p class='ocr_par' dir='ltr' id='par_1_47' title="bbox 149 3158 1733 3236">
     <span class='ocr_line' id='line_1_47' title="bbox 149 3158 1733 3236; baseline 0.008 -25"><span class='ocrx_word' id='word_1_346' title='bbox 149 3158 499 3213; x_wconf 83' lang='lat' dir='ltr'><strong>scribendum</strong></span> <span class='ocrx_word' id='word_1_347' title='bbox 568 3158 673 3214; x_wconf 90' lang='lat' dir='ltr'><strong>hoc</strong></span> <span class='ocrx_word' id='word_1_348' title='bbox 723 3159 863 3226; x_wconf 91' lang='lat' dir='ltr'><strong>loco,</strong></span> <span class='ocrx_word' id='word_1_349' title='bbox 928 3178 948 3212; x_wconf 96' lang='lat'><strong>«</strong></span> <span class='ocrx_word' id='word_1_350' title='bbox 981 3161 1308 3232; x_wconf 80' lang='lat' dir='ltr'><strong>immineret,</strong></span> <span class='ocrx_word' id='word_1_351' title='bbox 1367 3178 1542 3236; x_wconf 67' lang='lat' dir='ltr'><strong>positae</strong></span> <span class='ocrx_word' id='word_1_352' title='bbox 1604 3182 1733 3223; x_wconf 85' lang='lat' dir='ltr'><strong>vero</strong></span> 
     </span>
    </p>
   </div>
   <div class='ocr_carea' id='block_1_48' title="bbox 143 3250 1267 3319">
    <p class='ocr_par' dir='ltr' id='par_1_48' title="bbox 143 3250 1267 3319">
     <span class='ocr_line' id='line_1_48' title="bbox 143 3250 1267 3319; baseline 0.005 -17"><span class='ocrx_word' id='word_1_353' title='bbox 143 3250 473 3319; x_wconf 73' lang='lat' dir='ltr'><strong>iudiciorum</strong></span> <span class='ocrx_word' id='word_1_354' title='bbox 505 3259 612 3304; x_wconf 89' lang='lat' dir='ltr'><strong>tam</strong></span> <span class='ocrx_word' id='word_1_355' title='bbox 643 3251 983 3308; x_wconf 88' lang='lat' dir='ltr'><strong>inevitabiles</strong></span> <span class='ocrx_word' id='word_1_356' title='bbox 1009 3265 1214 3311; x_wconf 87' lang='lat' dir='ltr'><strong>essent.</strong></span> <span class='ocrx_word' id='word_1_357' title='bbox 1247 3275 1267 3308; x_wconf 83' lang='grc'>›</span> 
     </span>
    </p>
   </div>
   <div class='ocr_carea' id='block_1_49' title="bbox 213 3335 1731 3418">
    <p class='ocr_par' dir='ltr' id='par_1_49' title="bbox 213 3335 1731 3418">
     <span class='ocr_line' id='line_1_49' title="bbox 213 3335 1731 3418; baseline 0.007 -25"><span class='ocrx_word' id='word_1_358' title='bbox 213 3335 358 3395; x_wconf 79' lang='lat' dir='ltr'><strong>Ibid.</strong></span> <span class='ocrx_word' id='word_1_359' title='bbox 415 3339 455 3394; x_wconf 89' lang='lat' dir='ltr'>C</span> <span class='ocrx_word' id='word_1_360' title='bbox 503 3340 590 3394; x_wconf 73' lang='grc'><strong>12.</strong></span> <span class='ocrx_word' id='word_1_361' title='bbox 633 3337 694 3395; x_wconf 87' lang='lat' dir='ltr'><strong>Si</strong></span> <span class='ocrx_word' id='word_1_362' title='bbox 740 3342 866 3412; x_wconf 84' lang='lat' dir='ltr'><strong>quid</strong></span> <span class='ocrx_word' id='word_1_363' title='bbox 923 3353 1036 3397; x_wconf 86' lang='lat' dir='ltr'><strong>erat</strong></span> <span class='ocrx_word' id='word_1_364' title='bbox 1107 3353 1250 3400; x_wconf 87' lang='lat' dir='ltr'><strong>ante.</strong></span> <span class='ocrx_word' id='word_1_365' title='bbox 1315 3345 1614 3418; x_wconf 89' lang='lat' dir='ltr'><strong>Exscripsit</strong></span> <span class='ocrx_word' id='word_1_366' title='bbox 1666 3351 1731 3403; x_wconf 88' lang='lat' dir='ltr'><strong>ad</strong></span> 
     </span>
    </p>
   </div>
   <div class='ocr_carea' id='block_1_50' title="bbox 147 3431 1736 3511">
    <p class='ocr_par' dir='ltr' id='par_1_50' title="bbox 147 3431 1736 3511">
     <span class='ocr_line' id='line_1_50' title="bbox 147 3431 1736 3511; baseline 0.008 -29"><span class='ocrx_word' id='word_1_367' title='bbox 147 3431 374 3485; x_wconf 88' lang='lat' dir='ltr'><strong>verbum</strong></span> <span class='ocrx_word' id='word_1_368' title='bbox 407 3431 551 3486; x_wconf 88' lang='lat' dir='ltr'><strong>hunc</strong></span> <span class='ocrx_word' id='word_1_369' title='bbox 577 3431 754 3488; x_wconf 91' lang='lat' dir='ltr'><strong>locum</strong></span> <span class='ocrx_word' id='word_1_370' title='bbox 788 3448 956 3505; x_wconf 89' lang='lat' dir='ltr'><strong>usque</strong></span> <span class='ocrx_word' id='word_1_371' title='bbox 981 3435 1049 3490; x_wconf 88' lang='lat' dir='ltr'><strong>ad</strong></span> <span class='ocrx_word' id='word_1_372' title='bbox 1084 3436 1207 3491; x_wconf 86' lang='lat' dir='ltr'><strong>illas</strong></span> <span class='ocrx_word' id='word_1_373' title='bbox 1229 3437 1517 3504; x_wconf 83' lang='lat' dir='ltr'><strong>dictiones,</strong></span> <span class='ocrx_word' id='word_1_374' title='bbox 1553 3439 1736 3511; x_wconf 78' lang='grc' dir='ltr'>σῶμα·</span> 
     </span>
    </p>
   </div>
   <div class='ocr_carea' id='block_1_51' title="bbox 146 3521 1736 3597">
    <p class='ocr_par' dir='ltr' id='par_1_51' title="bbox 146 3521 1736 3597">
     <span class='ocr_line' id='line_1_51' title="bbox 146 3521 1736 3597; baseline 0.009 -24"><span class='ocrx_word' id='word_1_375' title='bbox 146 3536 239 3584; x_wconf 80' lang='grc' dir='ltr'><strong>τος</strong></span> <span class='ocrx_word' id='word_1_376' title='bbox 272 3521 624 3595; x_wconf 83' lang='grc' dir='ltr'>παρυπέστη,</span> <span class='ocrx_word' id='word_1_377' title='bbox 668 3524 1060 3595; x_wconf 88' lang='lat' dir='ltr'><strong>Theodoretus,</strong></span> <span class='ocrx_word' id='word_1_378' title='bbox 1091 3530 1391 3597; x_wconf 68' lang='lat' dir='ltr'><strong>quazstione</strong></span> <span class='ocrx_word' id='word_1_379' title='bbox 1419 3530 1452 3585; x_wconf 90' lang='lat'><strong>6</strong></span> <span class='ocrx_word' id='word_1_380' title='bbox 1483 3533 1538 3586; x_wconf 84' lang='lat' dir='ltr'><strong>in</strong></span> <span class='ocrx_word' id='word_1_381' title='bbox 1569 3531 1736 3587; x_wconf 87' lang='lat' dir='ltr'><strong>Gene-</strong></span> 
     </span>
    </p>
   </div>
   <div class='ocr_carea' id='block_1_52' title="bbox 147 3612 1738 3691">
    <p class='ocr_par' dir='ltr' id='par_1_52' title="bbox 147 3612 1738 3691">
     <span class='ocr_line' id='line_1_52' title="bbox 147 3612 1738 3691; baseline 0.009 -25"><span class='ocrx_word' id='word_1_382' title='bbox 147 3612 272 3680; x_wconf 84' lang='lat' dir='ltr'><strong>sim,</strong></span> <span class='ocrx_word' id='word_1_383' title='bbox 318 3622 377 3667; x_wconf 93' lang='lat' dir='ltr'><strong>et</strong></span> <span class='ocrx_word' id='word_1_384' title='bbox 420 3613 671 3683; x_wconf 83' lang='lat' dir='ltr'><strong>quamvis</strong></span> <span class='ocrx_word' id='word_1_385' title='bbox 711 3615 798 3670; x_wconf 92' lang='lat' dir='ltr'><strong>hic</strong></span> <span class='ocrx_word' id='word_1_386' title='bbox 836 3615 910 3670; x_wconf 91' lang='lat' dir='ltr'><strong>ita</strong></span> <span class='ocrx_word' id='word_1_387' title='bbox 954 3616 1186 3675; x_wconf 88' lang='lat' dir='ltr'><strong>Basilius</strong></span> <span class='ocrx_word' id='word_1_388' title='bbox 1221 3619 1367 3691; x_wconf 90' lang='lat' dir='ltr'><strong>loqui</strong></span> <span class='ocrx_word' id='word_1_389' title='bbox 1399 3622 1646 3677; x_wconf 87' lang='lat' dir='ltr'><strong>videatur</strong></span> <span class='ocrx_word' id='word_1_390' title='bbox 1671 3624 1738 3680; x_wconf 92' lang='lat' dir='ltr'><strong>de</strong></span> 
     </span>
    </p>
   </div>
   <div class='ocr_carea' id='block_1_53' title="bbox 150 3701 1738 3775">
    <p class='ocr_par' dir='ltr' id='par_1_53' title="bbox 150 3701 1738 3775">
     <span class='ocr_line' id='line_1_53' title="bbox 150 3701 1738 3775; baseline 0.009 -22"><span class='ocrx_word' id='word_1_391' title='bbox 150 3701 468 3772; x_wconf 89' lang='lat' dir='ltr'><strong>angelorum</strong></span> <span class='ocrx_word' id='word_1_392' title='bbox 514 3703 829 3758; x_wconf 87' lang='lat' dir='ltr'><strong>exsistentia</strong></span> <span class='ocrx_word' id='word_1_393' title='bbox 879 3716 1006 3761; x_wconf 82' lang='lat' dir='ltr'><strong>ante</strong></span> <span class='ocrx_word' id='word_1_394' title='bbox 1056 3709 1239 3764; x_wconf 89' lang='lat' dir='ltr'><strong>mundi</strong></span> <span class='ocrx_word' id='word_1_395' title='bbox 1284 3711 1634 3775; x_wconf 86' lang='lat' dir='ltr'><strong>creationem,</strong></span> <span class='ocrx_word' id='word_1_396' title='bbox 1679 3722 1738 3768; x_wconf 90' lang='lat' dir='ltr'><strong>ut</strong></span> 
     </span>
    </p>
   </div>
   <div class='ocr_carea' id='block_1_54' title="bbox 150 3793 1736 3873">
    <p class='ocr_par' dir='ltr' id='par_1_54' title="bbox 150 3793 1736 3873">
     <span class='ocr_line' id='line_1_54' title="bbox 150 3793 1736 3873; baseline 0.008 -27"><span class='ocrx_word' id='word_1_397' title='bbox 150 3793 385 3858; x_wconf 86' lang='lat' dir='ltr'><strong>dubitet,</strong></span> <span class='ocrx_word' id='word_1_398' title='bbox 442 3793 526 3847; x_wconf 87' lang='lat' dir='ltr'><strong>vel</strong></span> <span class='ocrx_word' id='word_1_399' title='bbox 583 3810 650 3849; x_wconf 85' lang='lat' dir='ltr'><strong>ex</strong></span> <span class='ocrx_word' id='word_1_400' title='bbox 704 3797 1079 3866; x_wconf 90' lang='lat' dir='ltr'><strong>suppositione</strong></span> <span class='ocrx_word' id='word_1_401' title='bbox 1129 3801 1196 3854; x_wconf 90' lang='lat' dir='ltr'><strong>de</strong></span> <span class='ocrx_word' id='word_1_402' title='bbox 1245 3801 1310 3856; x_wconf 92' lang='lat' dir='ltr'><strong>iis</strong></span> <span class='ocrx_word' id='word_1_403' title='bbox 1365 3812 1736 3873; x_wconf 86' lang='lat' dir='ltr'><strong>agat:tamen</strong></span> 
     </span>
    </p>
   </div>
   <div class='ocr_carea' id='block_1_55' title="bbox 151 3885 1734 3964">
    <p class='ocr_par' dir='ltr' id='par_1_55' title="bbox 151 3885 1734 3964">
     <span class='ocr_line' id='line_1_55' title="bbox 151 3885 1734 3964; baseline 0.008 -25"><span class='ocrx_word' id='word_1_404' title='bbox 151 3885 377 3940; x_wconf 89' lang='lat' dir='ltr'><strong>homilia</strong></span> <span class='ocrx_word' id='word_1_405' title='bbox 410 3887 437 3940; x_wconf 85' lang='grc'><strong>1</strong></span> <span class='ocrx_word' id='word_1_406' title='bbox 475 3887 696 3943; x_wconf 89' lang='lat' dir='ltr'><strong>disertis</strong></span> <span class='ocrx_word' id='word_1_407' title='bbox 728 3890 910 3944; x_wconf 89' lang='lat' dir='ltr'><strong>verbis</strong></span> <span class='ocrx_word' id='word_1_408' title='bbox 933 3900 986 3945; x_wconf 89' lang='lat' dir='ltr'><strong>et</strong></span> <span class='ocrx_word' id='word_1_409' title='bbox 1014 3891 1133 3947; x_wconf 90' lang='lat' dir='ltr'><strong>sine</strong></span> <span class='ocrx_word' id='word_1_410' title='bbox 1156 3893 1490 3950; x_wconf 89' lang='lat' dir='ltr'><strong>dubitatione</strong></span> <span class='ocrx_word' id='word_1_411' title='bbox 1520 3898 1734 3964; x_wconf 90' lang='lat' dir='ltr'><strong>asserit,</strong></span> 
     </span>
    </p>
   </div>
   <div class='ocr_carea' id='block_1_56' title="bbox 153 3975 1736 4054">
    <p class='ocr_par' dir='ltr' id='par_1_56' title="bbox 153 3975 1736 4054">
     <span class='ocr_line' id='line_1_56' title="bbox 153 3975 1736 4054; baseline 0.01 -26"><span class='ocrx_word' id='word_1_412' title='bbox 153 3975 206 4028; x_wconf 93' lang='lat' dir='ltr'><strong>in</strong></span> <span class='ocrx_word' id='word_1_413' title='bbox 245 3976 454 4032; x_wconf 91' lang='lat' dir='ltr'><strong>lumine</strong></span> <span class='ocrx_word' id='word_1_414' title='bbox 476 3988 690 4034; x_wconf 90' lang='lat' dir='ltr'><strong>creatos</strong></span> <span class='ocrx_word' id='word_1_415' title='bbox 713 3978 880 4036; x_wconf 81' lang='lat' dir='ltr'><strong>fuisse</strong></span> <span class='ocrx_word' id='word_1_416' title='bbox 903 3982 1183 4036; x_wconf 87' lang='lat' dir='ltr'><strong>beatarum</strong></span> <span class='ocrx_word' id='word_1_417' title='bbox 1211 3989 1468 4040; x_wconf 88' lang='lat' dir='ltr'><strong>mentium</strong></span> <span class='ocrx_word' id='word_1_418' title='bbox 1499 3987 1736 4054; x_wconf 89' lang='lat' dir='ltr'><strong>ordines,</strong></span> 
     </span>
    </p>
   </div>
   <div class='ocr_carea' id='block_1_57' title="bbox 150 4067 1738 4145">
    <p class='ocr_par' dir='ltr' id='par_1_57' title="bbox 150 4067 1738 4145">
     <span class='ocr_line' id='line_1_57' title="bbox 150 4067 1738 4145; baseline 0.011 -29"><span class='ocrx_word' id='word_1_419' title='bbox 150 4081 276 4136; x_wconf 75' lang='lat' dir='ltr'><strong>pag.</strong></span> <span class='ocrx_word' id='word_1_420' title='bbox 340 4067 560 4132; x_wconf 70' lang='lat' dir='ltr'><strong>5:T&amp;;</strong></span> <span class='ocrx_word' id='word_1_421' title='bbox 614 4069 839 4139; x_wconf 81' lang='grc' dir='ltr'>λογικὰς</span> <span class='ocrx_word' id='word_1_422' title='bbox 905 4073 999 4125; x_wconf 78' lang='grc' dir='ltr'><strong>καὶ</strong></span> <span class='ocrx_word' id='word_1_423' title='bbox 1049 4074 1314 4144; x_wconf 83' lang='grc' dir='ltr'><strong>ἀοράτους</strong></span> <span class='ocrx_word' id='word_1_424' title='bbox 1378 4076 1590 4145; x_wconf 83' lang='grc' dir='ltr'>φύσεις,</span> <span class='ocrx_word' id='word_1_425' title='bbox 1642 4080 1738 4134; x_wconf 72' lang='grc' dir='ltr'><strong>καὶ</strong></span> 
     </span>
    </p>
   </div>
   <div class='ocr_carea' id='block_1_58' title="bbox 152 4158 1735 4240">
    <p class='ocr_par' dir='ltr' id='par_1_58' title="bbox 152 4158 1735 4240">
     <span class='ocr_line' id='line_1_58' title="bbox 152 4158 1735 4240; baseline 0.01 -31"><span class='ocrx_word' id='word_1_426' title='bbox 152 4160 339 4212; x_wconf 82' lang='grc' dir='ltr'>πᾶσαν</span> <span class='ocrx_word' id='word_1_427' title='bbox 367 4159 468 4230; x_wconf 79' lang='grc' dir='ltr'><strong>τὴν</strong></span> <span class='ocrx_word' id='word_1_428' title='bbox 494 4158 604 4213; x_wconf 81' lang='grc' dir='ltr'><strong>τῶν</strong></span> <span class='ocrx_word' id='word_1_429' title='bbox 627 4160 834 4231; x_wconf 79' lang='grc' dir='ltr'><strong>νοητῶν</strong></span> <span class='ocrx_word' id='word_1_430' title='bbox 855 4161 1235 4236; x_wconf 82' lang='grc' dir='ltr'>διακόσμησιν.</span> <span class='ocrx_word' id='word_1_431' title='bbox 1260 4166 1378 4234; x_wconf 86' lang='lat' dir='ltr'><strong>Quo</strong></span> <span class='ocrx_word' id='word_1_432' title='bbox 1405 4167 1605 4224; x_wconf 79' lang='lat' dir='ltr'><strong>factum</strong></span> <span class='ocrx_word' id='word_1_433' title='bbox 1631 4181 1735 4240; x_wconf 91' lang='lat' dir='ltr'><strong>est,</strong></span> 
     </span>
    </p>
   </div>
   <div class='ocr_carea' id='block_1_59' title="bbox 151 4252 1735 4324">
    <p class='ocr_par' dir='ltr' id='par_1_59' title="bbox 151 4252 1735 4324">
     <span class='ocr_line' id='line_1_59' title="bbox 151 4252 1735 4324; baseline 0.01 -20"><span class='ocrx_word' id='word_1_434' title='bbox 151 4261 212 4304; x_wconf 86' lang='lat' dir='ltr'><strong>ut</strong></span> <span class='ocrx_word' id='word_1_435' title='bbox 261 4252 380 4306; x_wconf 60' lang='lat' dir='ltr'><strong>haec</strong></span> <span class='ocrx_word' id='word_1_436' title='bbox 425 4252 478 4306; x_wconf 93' lang='lat' dir='ltr'><strong>in</strong></span> <span class='ocrx_word' id='word_1_437' title='bbox 526 4267 680 4307; x_wconf 91' lang='lat' dir='ltr'><strong>suam</strong></span> <span class='ocrx_word' id='word_1_438' title='bbox 717 4256 1073 4324; x_wconf 66' lang='lat' dir='ltr'><strong>qua-stionem</strong></span> <span class='ocrx_word' id='word_1_439' title='bbox 1105 4268 1314 4314; x_wconf 79' lang='lat' dir='ltr'><strong>sextam</strong></span> <span class='ocrx_word' id='word_1_440' title='bbox 1356 4261 1602 4317; x_wconf 85' lang='lat' dir='ltr'><strong>inserere</strong></span> <span class='ocrx_word' id='word_1_441' title='bbox 1627 4279 1735 4320; x_wconf 92' lang='lat' dir='ltr'><strong>non</strong></span> 
     </span>
    </p>
   </div>
   <div class='ocr_carea' id='block_1_60' title="bbox 151 4345 1737 4424">
    <p class='ocr_par' dir='ltr' id='par_1_60' title="bbox 151 4345 1737 4424">
     <span class='ocr_line' id='line_1_60' title="bbox 151 4345 1737 4424; baseline 0.008 -28"><span class='ocrx_word' id='word_1_442' title='bbox 151 4345 487 4399; x_wconf 79' lang='lat' dir='ltr'><strong>dubitaverit</strong></span> <span class='ocrx_word' id='word_1_443' title='bbox 525 4345 936 4413; x_wconf 89' lang='lat' dir='ltr'><strong>Theodoretus,</strong></span> <span class='ocrx_word' id='word_1_444' title='bbox 985 4359 1272 4420; x_wconf 87' lang='lat' dir='ltr'><strong>postquam</strong></span> <span class='ocrx_word' id='word_1_445' title='bbox 1327 4351 1538 4410; x_wconf 84' lang='lat' dir='ltr'><strong>dixerat</strong></span> <span class='ocrx_word' id='word_1_446' title='bbox 1587 4370 1737 4424; x_wconf 70' lang='lat' dir='ltr'><strong>qua:-</strong></span> 
     </span>
    </p>
   </div>
   <div class='ocr_carea' id='block_1_61' title="bbox 149 4437 1737 4518">
    <p class='ocr_par' dir='ltr' id='par_1_61' title="bbox 149 4437 1737 4518">
     <span class='ocr_line' id='line_1_61' title="bbox 149 4437 1737 4518; baseline 0.006 -28"><span class='ocrx_word' id='word_1_447' title='bbox 149 4438 330 4492; x_wconf 88' lang='lat' dir='ltr'><strong>stione</strong></span> <span class='ocrx_word' id='word_1_448' title='bbox 381 4437 537 4492; x_wconf 87' lang='lat' dir='ltr'><strong>tertia</strong></span> <span class='ocrx_word' id='word_1_449' title='bbox 567 4455 580 4492; x_wconf 92' lang='lat'><strong>:</strong></span> <span class='ocrx_word' id='word_1_450' title='bbox 612 4437 1152 4516; x_wconf 85' lang='grc' dir='ltr'>Συνομολογουμένου</span> <span class='ocrx_word' id='word_1_451' title='bbox 1184 4441 1242 4496; x_wconf 85' lang='grc' dir='ltr'>δὲ</span> <span class='ocrx_word' id='word_1_452' title='bbox 1268 4443 1458 4498; x_wconf 83' lang='grc' dir='ltr'><strong>τούτου</strong></span> <span class='ocrx_word' id='word_1_453' title='bbox 1479 4487 1494 4509; x_wconf 90' lang='grc'><em>,</em></span> <span class='ocrx_word' id='word_1_454' title='bbox 1528 4445 1607 4517; x_wconf 87' lang='grc' dir='ltr'><strong>τῷ</strong></span> <span class='ocrx_word' id='word_1_455' title='bbox 1639 4447 1737 4518; x_wconf 81' lang='grc' dir='ltr'><strong>τῆς</strong></span> 
     </span>
    </p>
   </div>
   <div class='ocr_carea' id='block_1_62' title="bbox 1760 3208 1808 3272">
    <p class='ocr_par' dir='ltr' id='par_1_62' title="bbox 1760 3208 1808 3272">
     <span class='ocr_line' id='line_1_62' title="bbox 1760 3208 1808 3272; baseline 0 0"><span class='ocrx_word' id='word_1_456' title='bbox 1760 3208 1808 3272; x_wconf 89' lang='lat' dir='ltr'><strong><em>C</em></strong></span> 
     </span>
    </p>
   </div>
   <div class='ocr_carea' id='block_1_63' title="bbox 1825 1973 3400 2046">
    <p class='ocr_par' dir='ltr' id='par_1_63' title="bbox 1825 1973 3400 2046">
     <span class='ocr_line' id='line_1_63' title="bbox 1825 1973 3400 2046; baseline 0 -18"><span class='ocrx_word' id='word_1_457' title='bbox 1825 1975 2020 2046; x_wconf 90' lang='lat' dir='ltr'><strong>gallina</strong></span> <span class='ocrx_word' id='word_1_458' title='bbox 2054 1976 2305 2032; x_wconf 81' lang='lat' dir='ltr'><strong>foventur</strong></span> <span class='ocrx_word' id='word_1_459' title='bbox 2331 1991 2456 2043; x_wconf 86' lang='lat' dir='ltr'><strong>ova,</strong></span> <span class='ocrx_word' id='word_1_460' title='bbox 2493 1975 2618 2031; x_wconf 90' lang='lat' dir='ltr'><strong>dum</strong></span> <span class='ocrx_word' id='word_1_461' title='bbox 2666 1973 2767 2030; x_wconf 90' lang='lat' dir='ltr'><strong>alis</strong></span> <span class='ocrx_word' id='word_1_462' title='bbox 2806 1973 2874 2028; x_wconf 90' lang='lat' dir='ltr'><strong>ab</strong></span> <span class='ocrx_word' id='word_1_463' title='bbox 2908 1989 2972 2030; x_wconf 89' lang='lat' dir='ltr'><strong>ea</strong></span> <span class='ocrx_word' id='word_1_464' title='bbox 3004 1973 3202 2028; x_wconf 87' lang='lat' dir='ltr'><strong>leniter</strong></span> <span class='ocrx_word' id='word_1_465' title='bbox 3230 1980 3400 2028; x_wconf 88' lang='lat' dir='ltr'><strong>attre-</strong></span> 
     </span>
    </p>
   </div>
   <div class='ocr_carea' id='block_1_64' title="bbox 1825 2063 3408 2135">
    <p class='ocr_par' dir='ltr' id='par_1_64' title="bbox 1825 2063 3408 2135">
     <span class='ocr_line' id='line_1_64' title="bbox 1825 2063 3408 2135; baseline -0.002 -11"><span class='ocrx_word' id='word_1_466' title='bbox 1825 2077 2066 2132; x_wconf 79' lang='lat' dir='ltr'><strong>CIantur,</strong></span> <span class='ocrx_word' id='word_1_467' title='bbox 2099 2075 2160 2122; x_wconf 92' lang='lat' dir='ltr'><strong>ut</strong></span> <span class='ocrx_word' id='word_1_468' title='bbox 2184 2067 2422 2122; x_wconf 88' lang='lat' dir='ltr'><strong>animata</strong></span> <span class='ocrx_word' id='word_1_469' title='bbox 2452 2065 2748 2122; x_wconf 88' lang='lat' dir='ltr'><strong>reddantur</strong></span> <span class='ocrx_word' id='word_1_470' title='bbox 2776 2083 2790 2118; x_wconf 89' lang='lat'><strong>:</strong></span> <span class='ocrx_word' id='word_1_471' title='bbox 2819 2065 2890 2119; x_wconf 89' lang='lat' dir='ltr'><strong>ita</strong></span> <span class='ocrx_word' id='word_1_472' title='bbox 2922 2078 3136 2135; x_wconf 86' lang='lat' dir='ltr'><strong>quoque</strong></span> <span class='ocrx_word' id='word_1_473' title='bbox 3166 2063 3408 2134; x_wconf 76' lang='lat' dir='ltr'><strong>Spiritus</strong></span> 
     </span>
    </p>
   </div>
   <div class='ocr_carea' id='block_1_65' title="bbox 1827 2156 3399 2228">
    <p class='ocr_par' dir='ltr' id='par_1_65' title="bbox 1827 2156 3399 2228">
     <span class='ocr_line' id='line_1_65' title="bbox 1827 2156 3399 2228; baseline -0.004 -14"><span class='ocrx_word' id='word_1_474' title='bbox 1827 2173 1990 2228; x_wconf 91' lang='lat' dir='ltr'><strong>super</strong></span> <span class='ocrx_word' id='word_1_475' title='bbox 2009 2173 2176 2228; x_wconf 88' lang='lat' dir='ltr'><strong>aquas</strong></span> <span class='ocrx_word' id='word_1_476' title='bbox 2204 2158 2500 2222; x_wconf 82' lang='lat' dir='ltr'><strong>ferebatur,</strong></span> <span class='ocrx_word' id='word_1_477' title='bbox 2526 2166 2584 2213; x_wconf 93' lang='lat' dir='ltr'><strong>ut</strong></span> <span class='ocrx_word' id='word_1_478' title='bbox 2609 2171 2709 2212; x_wconf 91' lang='lat' dir='ltr'><strong>suo</strong></span> <span class='ocrx_word' id='word_1_479' title='bbox 2733 2156 2851 2212; x_wconf 87' lang='lat' dir='ltr'><strong>illas</strong></span> <span class='ocrx_word' id='word_1_480' title='bbox 2871 2165 3057 2227; x_wconf 80' lang='lat' dir='ltr'><strong>tepore</strong></span> <span class='ocrx_word' id='word_1_481' title='bbox 3078 2156 3399 2212; x_wconf 63' lang='lat' dir='ltr'><strong>animaret.»</strong></span> 
     </span>
    </p>
   </div>
   <div class='ocr_carea' id='block_1_66' title="bbox 1828 2246 3408 2321">
    <p class='ocr_par' dir='ltr' id='par_1_66' title="bbox 1828 2246 3408 2321">
     <span class='ocr_line' id='line_1_66' title="bbox 1828 2246 3408 2321; baseline -0.001 -17"><span class='ocrx_word' id='word_1_482' title='bbox 1828 2249 2192 2321; x_wconf 84' lang='lat' dir='ltr'><strong>Hieronymus</strong></span> <span class='ocrx_word' id='word_1_483' title='bbox 2239 2250 2291 2303; x_wconf 92' lang='lat' dir='ltr'><strong>in</strong></span> <span class='ocrx_word' id='word_1_484' title='bbox 2331 2249 2532 2316; x_wconf 65' lang='grc' dir='ltr'>ρεισκε.</span> <span class='ocrx_word' id='word_1_485' title='bbox 2587 2247 2863 2304; x_wconf 78' lang='lat' dir='ltr'><strong>Hebraicis</strong></span> <span class='ocrx_word' id='word_1_486' title='bbox 2891 2264 2913 2303; x_wconf 89' lang='lat'><strong>:</strong></span> <span class='ocrx_word' id='word_1_487' title='bbox 2949 2247 3103 2304; x_wconf 89' lang='lat' dir='ltr'><strong>«Pro</strong></span> <span class='ocrx_word' id='word_1_488' title='bbox 3148 2261 3214 2304; x_wconf 89' lang='lat' dir='ltr'><strong>eo</strong></span> <span class='ocrx_word' id='word_1_489' title='bbox 3260 2246 3408 2318; x_wconf 70' lang='lat' dir='ltr'><strong>quod</strong></span> 
     </span>
    </p>
   </div>
   <div class='ocr_carea' id='block_1_67' title="bbox 1829 2337 3403 2411">
    <p class='ocr_par' dir='ltr' id='par_1_67' title="bbox 1829 2337 3403 2411">
     <span class='ocr_line' id='line_1_67' title="bbox 1829 2337 3403 2411; baseline -0.003 -13"><span class='ocrx_word' id='word_1_490' title='bbox 1829 2343 1883 2398; x_wconf 92' lang='lat' dir='ltr'><strong>in</strong></span> <span class='ocrx_word' id='word_1_491' title='bbox 1910 2342 2112 2398; x_wconf 71' lang='lat' dir='ltr'><strong>nosuis</strong></span> <span class='ocrx_word' id='word_1_492' title='bbox 2151 2342 2430 2398; x_wconf 90' lang='lat' dir='ltr'><strong>codicibus</strong></span> <span class='ocrx_word' id='word_1_493' title='bbox 2469 2343 2732 2411; x_wconf 89' lang='lat' dir='ltr'><strong>scriptum</strong></span> <span class='ocrx_word' id='word_1_494' title='bbox 2759 2349 2862 2406; x_wconf 89' lang='lat' dir='ltr'><strong>est,</strong></span> <span class='ocrx_word' id='word_1_495' title='bbox 2895 2339 3182 2406; x_wconf 77' lang='lat' dir='ltr'><strong>ferebatur,</strong></span> <span class='ocrx_word' id='word_1_496' title='bbox 3214 2338 3270 2393; x_wconf 94' lang='lat' dir='ltr'><strong>in</strong></span> <span class='ocrx_word' id='word_1_497' title='bbox 3293 2337 3403 2393; x_wconf 84' lang='lat' dir='ltr'><strong>He-</strong></span> 
     </span>
    </p>
   </div>
   <div class='ocr_carea' id='block_1_68' title="bbox 1827 2429 3405 2502">
    <p class='ocr_par' dir='ltr' id='par_1_68' title="bbox 1827 2429 3405 2502">
     <span class='ocr_line' id='line_1_68' title="bbox 1827 2429 3405 2502; baseline -0.005 -11"><span class='ocrx_word' id='word_1_498' title='bbox 1827 2436 1973 2491; x_wconf 83' lang='lat' dir='ltr'><strong>braeo</strong></span> <span class='ocrx_word' id='word_1_499' title='bbox 2009 2434 2172 2490; x_wconf 88' lang='lat' dir='ltr'><strong>habet</strong></span> <span class='ocrx_word' id='word_1_500' title='bbox 2200 2432 2554 2502; x_wconf 80' lang='lat' dir='ltr'><strong>meraepheth.</strong></span> <span class='ocrx_word' id='word_1_501' title='bbox 2583 2431 2726 2502; x_wconf 89' lang='lat' dir='ltr'><strong>quod</strong></span> <span class='ocrx_word' id='word_1_502' title='bbox 2775 2445 2876 2486; x_wconf 87' lang='lat' dir='ltr'><strong>nos</strong></span> <span class='ocrx_word' id='word_1_503' title='bbox 2908 2429 3180 2500; x_wconf 89' lang='lat' dir='ltr'><strong>appellare</strong></span> <span class='ocrx_word' id='word_1_504' title='bbox 3212 2441 3405 2499; x_wconf 87' lang='lat' dir='ltr'><strong>possu-</strong></span> 
     </span>
    </p>
   </div>
   <div class='ocr_carea' id='block_1_69' title="bbox 1829 2521 3405 2589">
    <p class='ocr_par' dir='ltr' id='par_1_69' title="bbox 1829 2521 3405 2589">
     <span class='ocr_line' id='line_1_69' title="bbox 1829 2521 3405 2589; baseline -0.003 -9"><span class='ocrx_word' id='word_1_505' title='bbox 1829 2540 1950 2580; x_wconf 90' lang='lat' dir='ltr'><strong>mus</strong></span> <span class='ocrx_word' id='word_1_506' title='bbox 1976 2543 1990 2580; x_wconf 92' lang='lat'><strong>:</strong></span> <span class='ocrx_word' id='word_1_507' title='bbox 2016 2523 2348 2589; x_wconf 88' lang='lat' dir='ltr'><strong>incubabat,</strong></span> <span class='ocrx_word' id='word_1_508' title='bbox 2380 2524 2495 2579; x_wconf 90' lang='lat' dir='ltr'><strong>sive</strong></span> <span class='ocrx_word' id='word_1_509' title='bbox 2527 2522 2870 2587; x_wconf 82' lang='lat' dir='ltr'><strong>confovebat,</strong></span> <span class='ocrx_word' id='word_1_510' title='bbox 2905 2521 2958 2576; x_wconf 91' lang='lat' dir='ltr'><strong>in</strong></span> <span class='ocrx_word' id='word_1_511' title='bbox 3000 2521 3405 2577; x_wconf 87' lang='lat' dir='ltr'><strong>similitudinem</strong></span> 
     </span>
    </p>
   </div>
   <div class='ocr_carea' id='block_1_70' title="bbox 1831 2610 3402 2682">
    <p class='ocr_par' dir='ltr' id='par_1_70' title="bbox 1831 2610 3402 2682">
     <span class='ocr_line' id='line_1_70' title="bbox 1831 2610 3402 2682; baseline -0.003 -13"><span class='ocrx_word' id='word_1_512' title='bbox 1831 2614 2066 2671; x_wconf 85' lang='lat' dir='ltr'><strong>volucris</strong></span> <span class='ocrx_word' id='word_1_513' title='bbox 2093 2629 2195 2669; x_wconf 86' lang='lat' dir='ltr'><strong>ova</strong></span> <span class='ocrx_word' id='word_1_514' title='bbox 2235 2613 2415 2669; x_wconf 86' lang='lat' dir='ltr'><strong>calore</strong></span> <span class='ocrx_word' id='word_1_515' title='bbox 2440 2612 2753 2668; x_wconf 87' lang='lat' dir='ltr'><strong>animantis.</strong></span> <span class='ocrx_word' id='word_1_516' title='bbox 2802 2611 2881 2666; x_wconf 84' lang='lat' dir='ltr'><strong>Ex</strong></span> <span class='ocrx_word' id='word_1_517' title='bbox 2911 2625 3020 2682; x_wconf 90' lang='lat' dir='ltr'><strong>quo</strong></span> <span class='ocrx_word' id='word_1_518' title='bbox 3053 2610 3402 2680; x_wconf 87' lang='lat' dir='ltr'><strong>intelligimus</strong></span> 
     </span>
    </p>
   </div>
   <div class='ocr_carea' id='block_1_71' title="bbox 1829 2702 3397 2777">
    <p class='ocr_par' dir='ltr' id='par_1_71' title="bbox 1829 2702 3397 2777">
     <span class='ocr_line' id='line_1_71' title="bbox 1829 2702 3397 2777; baseline -0.006 -15"><span class='ocrx_word' id='word_1_519' title='bbox 1829 2721 1936 2762; x_wconf 91' lang='lat' dir='ltr'><strong>non</strong></span> <span class='ocrx_word' id='word_1_520' title='bbox 1960 2705 2028 2762; x_wconf 92' lang='lat' dir='ltr'><strong>de</strong></span> <span class='ocrx_word' id='word_1_521' title='bbox 2060 2706 2257 2777; x_wconf 89' lang='lat' dir='ltr'><strong>spiritu</strong></span> <span class='ocrx_word' id='word_1_522' title='bbox 2282 2705 2466 2760; x_wconf 88' lang='lat' dir='ltr'><strong>mundi</strong></span> <span class='ocrx_word' id='word_1_523' title='bbox 2493 2704 2621 2772; x_wconf 92' lang='lat' dir='ltr'><strong>dici,</strong></span> <span class='ocrx_word' id='word_1_524' title='bbox 2664 2711 2724 2758; x_wconf 90' lang='lat' dir='ltr'><strong>ut</strong></span> <span class='ocrx_word' id='word_1_525' title='bbox 2766 2702 3008 2758; x_wconf 91' lang='lat' dir='ltr'><strong>nonnulli</strong></span> <span class='ocrx_word' id='word_1_526' title='bbox 3037 2702 3397 2765; x_wconf 83' lang='lat' dir='ltr'><strong>arbitrentur,</strong></span> 
     </span>
    </p>
   </div>
   <div class='ocr_carea' id='block_1_72' title="bbox 1831 2791 3406 2868">
    <p class='ocr_par' dir='ltr' id='par_1_72' title="bbox 1831 2791 3406 2868">
     <span class='ocr_line' id='line_1_72' title="bbox 1831 2791 3406 2868; baseline -0.007 -13"><span class='ocrx_word' id='word_1_527' title='bbox 1831 2799 1924 2855; x_wconf 89' lang='lat' dir='ltr'><strong>sed</strong></span> <span class='ocrx_word' id='word_1_528' title='bbox 1949 2799 2016 2854; x_wconf 91' lang='lat' dir='ltr'><strong>de</strong></span> <span class='ocrx_word' id='word_1_529' title='bbox 2037 2797 2242 2868; x_wconf 88' lang='lat' dir='ltr'><strong>Spiritu</strong></span> <span class='ocrx_word' id='word_1_530' title='bbox 2271 2805 2482 2862; x_wconf 88' lang='lat' dir='ltr'><strong>sancto,</strong></span> <span class='ocrx_word' id='word_1_531' title='bbox 2501 2796 2594 2866; x_wconf 89' lang='lat' dir='ltr'><strong>qui</strong></span> <span class='ocrx_word' id='word_1_532' title='bbox 2620 2801 2674 2851; x_wconf 89' lang='lat' dir='ltr'><strong>et</strong></span> <span class='ocrx_word' id='word_1_533' title='bbox 2699 2796 2814 2865; x_wconf 91' lang='lat' dir='ltr'><strong>ipse</strong></span> <span class='ocrx_word' id='word_1_534' title='bbox 2835 2793 3140 2849; x_wconf 81' lang='lat' dir='ltr'><strong>viviﬁcator</strong></span> <span class='ocrx_word' id='word_1_535' title='bbox 3159 2791 3406 2847; x_wconf 85' lang='lat' dir='ltr'><strong>omnium</strong></span> 
     </span>
    </p>
   </div>
   <div class='ocr_carea' id='block_1_73' title="bbox 1833 2886 3404 2961">
    <p class='ocr_par' dir='ltr' id='par_1_73' title="bbox 1833 2886 3404 2961">
     <span class='ocr_line' id='line_1_73' title="bbox 1833 2886 3404 2961; baseline -0.005 -15"><span class='ocrx_word' id='word_1_536' title='bbox 1833 2905 1864 2946; x_wconf 88' lang='lat' dir='ltr'><strong>a</strong></span> <span class='ocrx_word' id='word_1_537' title='bbox 1889 2889 2155 2961; x_wconf 89' lang='lat' dir='ltr'><strong>principio</strong></span> <span class='ocrx_word' id='word_1_538' title='bbox 2184 2889 2405 2946; x_wconf 89' lang='lat' dir='ltr'><strong>dicitur.</strong></span> <span class='ocrx_word' id='word_1_539' title='bbox 2432 2907 2452 2942; x_wconf 73' lang='grc' dir='ltr'><strong>ι</strong></span> <span class='ocrx_word' id='word_1_540' title='bbox 2491 2887 2787 2944; x_wconf 89' lang='lat' dir='ltr'><strong>Deducitur</strong></span> <span class='ocrx_word' id='word_1_541' title='bbox 2829 2902 2862 2942; x_wconf 90' lang='lat' dir='ltr'><strong>a</strong></span> <span class='ocrx_word' id='word_1_542' title='bbox 2903 2886 3086 2941; x_wconf 83' lang='lat' dir='ltr'><strong>radice</strong></span> <span class='ocrx_word' id='word_1_543' title='bbox 3129 2893 3249 2946; x_wconf 60' lang='lat' dir='ltr'><strong>ma</strong></span> <span class='ocrx_word' id='word_1_544' title='bbox 3284 2898 3404 2954; x_wconf 72' lang='lat' dir='ltr'><strong>quae</strong></span> 
     </span>
    </p>
   </div>
   <div class='ocr_carea' id='block_1_74' title="bbox 1832 2974 3410 3052">
    <p class='ocr_par' dir='ltr' id='par_1_74' title="bbox 1832 2974 3410 3052">
     <span class='ocr_line' id='line_1_74' title="bbox 1832 2974 3410 3052; baseline -0.007 -14"><span class='ocrx_word' id='word_1_545' title='bbox 1832 2981 2040 3038; x_wconf 88' lang='lat' dir='ltr'><strong>moveri</strong></span> <span class='ocrx_word' id='word_1_546' title='bbox 2074 2981 2364 3052; x_wconf 79' lang='lat' dir='ltr'><strong>signiﬁcat,</strong></span> <span class='ocrx_word' id='word_1_547' title='bbox 2392 2987 2486 3036; x_wconf 90' lang='lat' dir='ltr'><strong>aut</strong></span> <span class='ocrx_word' id='word_1_548' title='bbox 2515 2994 2730 3036; x_wconf 88' lang='lat' dir='ltr'><strong>movere</strong></span> <span class='ocrx_word' id='word_1_549' title='bbox 2762 2993 2820 3036; x_wconf 91' lang='lat' dir='ltr'><strong>se</strong></span> <span class='ocrx_word' id='word_1_550' title='bbox 2843 2977 3172 3050; x_wconf 82' lang='lat' dir='ltr'><strong>expansione</strong></span> <span class='ocrx_word' id='word_1_551' title='bbox 3190 2983 3246 3030; x_wconf 89' lang='lat' dir='ltr'><strong>et</strong></span> <span class='ocrx_word' id='word_1_552' title='bbox 3267 2974 3410 3029; x_wconf 86' lang='lat' dir='ltr'><strong>dita-</strong></span> 
     </span>
    </p>
   </div>
   <div class='ocr_carea' id='block_1_75' title="bbox 1837 3067 3412 3141">
    <p class='ocr_par' dir='ltr' id='par_1_75' title="bbox 1837 3067 3412 3141">
     <span class='ocr_line' id='line_1_75' title="bbox 1837 3067 3412 3141; baseline -0.006 -13"><span class='ocrx_word' id='word_1_553' title='bbox 1837 3075 2038 3130; x_wconf 89' lang='lat' dir='ltr'><strong>tatione</strong></span> <span class='ocrx_word' id='word_1_554' title='bbox 2072 3073 2302 3137; x_wconf 88' lang='lat' dir='ltr'><strong>alarum,</strong></span> <span class='ocrx_word' id='word_1_555' title='bbox 2335 3081 2394 3128; x_wconf 92' lang='lat' dir='ltr'><strong>ut</strong></span> <span class='ocrx_word' id='word_1_556' title='bbox 2429 3070 2606 3128; x_wconf 92' lang='lat' dir='ltr'><strong>solent</strong></span> <span class='ocrx_word' id='word_1_557' title='bbox 2628 3085 2756 3126; x_wconf 85' lang='lat' dir='ltr'><strong>aves</strong></span> <span class='ocrx_word' id='word_1_558' title='bbox 2785 3069 2946 3141; x_wconf 92' lang='lat' dir='ltr'><strong>pullis</strong></span> <span class='ocrx_word' id='word_1_559' title='bbox 2977 3067 3321 3133; x_wconf 79' lang='lat' dir='ltr'><strong>incubantes,</strong></span> <span class='ocrx_word' id='word_1_560' title='bbox 3347 3074 3412 3120; x_wconf 86' lang='lat' dir='ltr'><strong>ut</strong></span> 
     </span>
    </p>
   </div>
   <div class='ocr_carea' id='block_1_76' title="bbox 1839 3161 3266 3234">
    <p class='ocr_par' dir='ltr' id='par_1_76' title="bbox 1839 3161 3266 3234">
     <span class='ocr_line' id='line_1_76' title="bbox 1839 3161 3266 3234; baseline -0.006 -12"><span class='ocrx_word' id='word_1_561' title='bbox 1839 3167 1996 3222; x_wconf 90' lang='lat' dir='ltr'><strong>Deut.</strong></span> <span class='ocrx_word' id='word_1_562' title='bbox 2030 3181 2201 3231; x_wconf 81' lang='lat' dir='ltr'><strong>xxxn,</strong></span> <span class='ocrx_word' id='word_1_563' title='bbox 2242 3166 2303 3220; x_wconf 84' lang='grc' dir='ltr'>Η</span> <span class='ocrx_word' id='word_1_564' title='bbox 2334 3181 2349 3219; x_wconf 95' lang='lat'><strong>:</strong></span> <span class='ocrx_word' id='word_1_565' title='bbox 2383 3162 2454 3218; x_wconf 87' lang='lat' dir='ltr'><strong>Et</strong></span> <span class='ocrx_word' id='word_1_566' title='bbox 2484 3179 2641 3234; x_wconf 85' lang='lat' dir='ltr'><strong>super</strong></span> <span class='ocrx_word' id='word_1_567' title='bbox 2671 3161 2842 3232; x_wconf 86' lang='lat' dir='ltr'><strong>pullos</strong></span> <span class='ocrx_word' id='word_1_568' title='bbox 2867 3177 2992 3216; x_wconf 83' lang='lat' dir='ltr'><strong>suos</strong></span> <span class='ocrx_word' id='word_1_569' title='bbox 3022 3161 3266 3214; x_wconf 80' lang='lat' dir='ltr'><strong>volitans.</strong></span> 
     </span>
    </p>
   </div>
   <div class='ocr_carea' id='block_1_77' title="bbox 1903 3250 3412 3319">
    <p class='ocr_par' dir='ltr' id='par_1_77' title="bbox 1903 3250 3412 3319">
     <span class='ocr_line' id='line_1_77' title="bbox 1903 3250 3412 3319; baseline -0.007 -7"><span class='ocrx_word' id='word_1_570' title='bbox 1903 3255 2024 3312; x_wconf 90' lang='lat' dir='ltr'><strong>Col.</strong></span> <span class='ocrx_word' id='word_1_571' title='bbox 2059 3256 2128 3312; x_wconf 76' lang='lat'><strong>46</strong></span> <span class='ocrx_word' id='word_1_572' title='bbox 2149 3256 2194 3310; x_wconf 83' lang='lat' dir='ltr'><strong>A</strong></span> <span class='ocrx_word' id='word_1_573' title='bbox 2226 3257 2314 3310; x_wconf 84' lang='grc'><strong>10.</strong></span> <span class='ocrx_word' id='word_1_574' title='bbox 2353 3254 2591 3310; x_wconf 85' lang='lat' dir='ltr'><strong>Deducit.</strong></span> <span class='ocrx_word' id='word_1_575' title='bbox 2619 3253 2728 3308; x_wconf 89' lang='lat' dir='ltr'><strong>Aer</strong></span> <span class='ocrx_word' id='word_1_576' title='bbox 2755 3253 3032 3317; x_wconf 89' lang='lat' dir='ltr'><strong>nimirum,</strong></span> <span class='ocrx_word' id='word_1_577' title='bbox 3063 3259 3123 3306; x_wconf 90' lang='lat' dir='ltr'><strong>ut</strong></span> <span class='ocrx_word' id='word_1_578' title='bbox 3145 3250 3412 3319; x_wconf 82' lang='lat' dir='ltr'><strong>expressit</strong></span> 
     </span>
    </p>
   </div>
   <div class='ocr_carea' id='block_1_78' title="bbox 1831 3341 3405 3403">
    <p class='ocr_par' dir='ltr' id='par_1_78' title="bbox 1831 3341 3405 3403">
     <span class='ocr_line' id='line_1_78' title="bbox 1831 3341 3405 3403; baseline -0.005 0"><span class='ocrx_word' id='word_1_579' title='bbox 1831 3347 2150 3403; x_wconf 87' lang='lat' dir='ltr'><strong>Eustathius</strong></span> <span class='ocrx_word' id='word_1_580' title='bbox 2184 3365 2200 3403; x_wconf 92' lang='lat'><strong>:</strong></span> <span class='ocrx_word' id='word_1_581' title='bbox 2241 3365 2259 3398; x_wconf 96' lang='lat'><strong>«</strong></span> <span class='ocrx_word' id='word_1_582' title='bbox 2290 3346 2444 3402; x_wconf 90' lang='lat' dir='ltr'><strong>Sicut</strong></span> <span class='ocrx_word' id='word_1_583' title='bbox 2477 3346 2620 3400; x_wconf 91' lang='lat' dir='ltr'><strong>enim</strong></span> <span class='ocrx_word' id='word_1_584' title='bbox 2649 3344 2867 3400; x_wconf 87' lang='lat' dir='ltr'><strong>obtutus</strong></span> <span class='ocrx_word' id='word_1_585' title='bbox 2899 3351 3114 3398; x_wconf 89' lang='lat' dir='ltr'><strong>nostros</strong></span> <span class='ocrx_word' id='word_1_586' title='bbox 3157 3341 3248 3396; x_wconf 94' lang='lat' dir='ltr'><strong>illo</strong></span> <span class='ocrx_word' id='word_1_587' title='bbox 3294 3355 3405 3396; x_wconf 88' lang='lat' dir='ltr'><strong>mo-</strong></span> 
     </span>
    </p>
   </div>
   <div class='ocr_carea' id='block_1_79' title="bbox 1833 3434 3410 3508">
    <p class='ocr_par' dir='ltr' id='par_1_79' title="bbox 1833 3434 3410 3508">
     <span class='ocr_line' id='line_1_79' title="bbox 1833 3434 3410 3508; baseline -0.003 -16"><span class='ocrx_word' id='word_1_588' title='bbox 1833 3448 2016 3493; x_wconf 90' lang='lat' dir='ltr'><strong>mento</strong></span> <span class='ocrx_word' id='word_1_589' title='bbox 2041 3438 2294 3508; x_wconf 91' lang='lat' dir='ltr'><strong>temporis</strong></span> <span class='ocrx_word' id='word_1_590' title='bbox 2323 3453 2418 3493; x_wconf 91' lang='lat' dir='ltr'><strong>aer</strong></span> <span class='ocrx_word' id='word_1_591' title='bbox 2449 3452 2569 3492; x_wconf 76' lang='lat' dir='ltr'><strong>mox</strong></span> <span class='ocrx_word' id='word_1_592' title='bbox 2601 3436 2670 3492; x_wconf 91' lang='lat' dir='ltr'><strong>ad</strong></span> <span class='ocrx_word' id='word_1_593' title='bbox 2693 3452 2755 3492; x_wconf 90' lang='lat' dir='ltr'><strong>ea</strong></span> <span class='ocrx_word' id='word_1_594' title='bbox 2781 3435 2998 3506; x_wconf 87' lang='lat' dir='ltr'><strong>dirigit:</strong></span> <span class='ocrx_word' id='word_1_595' title='bbox 3020 3451 3134 3500; x_wconf 88' lang='lat' dir='ltr'><strong>aer,</strong></span> <span class='ocrx_word' id='word_1_596' title='bbox 3166 3434 3410 3503; x_wconf 71' lang='lat' dir='ltr'><strong>inquam,</strong></span> 
     </span>
    </p>
   </div>
   <div class='ocr_carea' id='block_1_80' title="bbox 1835 3510 3406 3596">
    <p class='ocr_par' dir='ltr' id='par_1_80' title="bbox 1835 3510 3406 3596">
     <span class='ocr_line' id='line_1_80' title="bbox 1835 3510 3406 3596; baseline -0.006 -14"><span class='ocrx_word' id='word_1_597' title='bbox 1835 3528 1906 3596; x_wconf 88' lang='lat' dir='ltr'><strong>is,</strong></span> <span class='ocrx_word' id='word_1_598' title='bbox 1956 3525 2110 3595; x_wconf 80' lang='lat' dir='ltr'><strong>cuius</strong></span> <span class='ocrx_word' id='word_1_599' title='bbox 2160 3536 2316 3581; x_wconf 89' lang='lat' dir='ltr'><strong>antea</strong></span> <span class='ocrx_word' id='word_1_600' title='bbox 2366 3524 2502 3580; x_wconf 83' lang='lat' dir='ltr'><strong>dixit</strong></span> <span class='ocrx_word' id='word_1_601' title='bbox 2553 3510 2803 3579; x_wconf 85' lang='lat' dir='ltr'><strong>naturam</strong></span> <span class='ocrx_word' id='word_1_602' title='bbox 2836 3539 2956 3580; x_wconf 89' lang='lat' dir='ltr'><strong>esse</strong></span> <span class='ocrx_word' id='word_1_603' title='bbox 2995 3523 3353 3594; x_wconf 86' lang='lat' dir='ltr'><strong>perspicuam.</strong></span> <span class='ocrx_word' id='word_1_604' title='bbox 3386 3540 3406 3572; x_wconf 71' lang='grc' dir='ltr'><strong>ι</strong></span> 
     </span>
    </p>
   </div>
   <div class='ocr_carea' id='block_1_81' title="bbox 1835 3612 3414 3691">
    <p class='ocr_par' dir='ltr' id='par_1_81' title="bbox 1835 3612 3414 3691">
     <span class='ocr_line' id='line_1_81' title="bbox 1835 3612 3414 3691; baseline -0.002 -18"><span class='ocrx_word' id='word_1_605' title='bbox 1835 3619 1970 3676; x_wconf 87' lang='lat' dir='ltr'><strong>Ibid.</strong></span> <span class='ocrx_word' id='word_1_606' title='bbox 1983 3637 2034 3676; x_wconf 92' lang='lat' dir='ltr'><strong>c.</strong></span> <span class='ocrx_word' id='word_1_607' title='bbox 2049 3621 2065 3674; x_wconf 87' lang='grc' dir='ltr'><strong>Ι</strong></span> <span class='ocrx_word' id='word_1_608' title='bbox 2081 3659 2095 3686; x_wconf 92' lang='grc'><strong><em>,</em></strong></span> <span class='ocrx_word' id='word_1_609' title='bbox 2115 3618 2583 3691; x_wconf 81' lang='grc' dir='ltr'>ἐμφθεγξάμενος.</span> <span class='ocrx_word' id='word_1_610' title='bbox 2600 3617 2834 3673; x_wconf 72' lang='lat' dir='ltr'><strong>Medictei</strong></span> <span class='ocrx_word' id='word_1_611' title='bbox 2855 3615 3060 3672; x_wconf 91' lang='lat' dir='ltr'><strong>codicis</strong></span> <span class='ocrx_word' id='word_1_612' title='bbox 3075 3612 3414 3670; x_wconf 90' lang='lat' dir='ltr'><strong>uonomnino</strong></span> 
     </span>
    </p>
   </div>
   <div class='ocr_carea' id='block_1_82' title="bbox 1835 3704 3412 3779">
    <p class='ocr_par' dir='ltr' id='par_1_82' title="bbox 1835 3704 3412 3779">
     <span class='ocr_line' id='line_1_82' title="bbox 1835 3704 3412 3779; baseline -0.006 -11"><span class='ocrx_word' id='word_1_613' title='bbox 1835 3716 2234 3768; x_wconf 87' lang='lat' dir='ltr'><strong>contemnenda</strong></span> <span class='ocrx_word' id='word_1_614' title='bbox 2265 3713 2409 3766; x_wconf 86' lang='lat' dir='ltr'><strong>varia</strong></span> <span class='ocrx_word' id='word_1_615' title='bbox 2448 3711 2606 3766; x_wconf 90' lang='lat' dir='ltr'><strong>lectio</strong></span> <span class='ocrx_word' id='word_1_616' title='bbox 2638 3707 3072 3779; x_wconf 82' lang='grc' dir='ltr'>ἐμφεγξάμενος,</span> <span class='ocrx_word' id='word_1_617' title='bbox 3115 3725 3133 3758; x_wconf 94' lang='lat'><strong>«</strong></span> <span class='ocrx_word' id='word_1_618' title='bbox 3165 3704 3412 3773; x_wconf 89' lang='lat' dir='ltr'><strong>illucens,</strong></span> 
     </span>
    </p>
   </div>
   <div class='ocr_carea' id='block_1_83' title="bbox 1835 3797 3410 3872">
    <p class='ocr_par' dir='ltr' id='par_1_83' title="bbox 1835 3797 3410 3872">
     <span class='ocr_line' id='line_1_83' title="bbox 1835 3797 3410 3872; baseline -0.005 -15"><span class='ocrx_word' id='word_1_619' title='bbox 1835 3802 2116 3872; x_wconf 70' lang='lat' dir='ltr'><strong>effulgens,</strong></span> <span class='ocrx_word' id='word_1_620' title='bbox 2140 3821 2158 3851; x_wconf 75' lang='grc' dir='ltr'><strong>ι</strong></span> <span class='ocrx_word' id='word_1_621' title='bbox 2202 3809 2294 3856; x_wconf 88' lang='lat' dir='ltr'><strong>aut</strong></span> <span class='ocrx_word' id='word_1_622' title='bbox 2327 3819 2346 3852; x_wconf 94' lang='lat'><strong>«</strong></span> <span class='ocrx_word' id='word_1_623' title='bbox 2378 3816 2498 3855; x_wconf 90' lang='lat' dir='ltr'><strong>cum</strong></span> <span class='ocrx_word' id='word_1_624' title='bbox 2533 3799 2816 3855; x_wconf 89' lang='lat' dir='ltr'><strong>illuxisset.</strong></span> <span class='ocrx_word' id='word_1_625' title='bbox 2846 3817 2864 3849; x_wconf 77' lang='grc' dir='ltr'><strong>ι</strong></span> <span class='ocrx_word' id='word_1_626' title='bbox 2898 3797 3210 3865; x_wconf 83' lang='grc' dir='ltr'>Φέγγουσαν</span> <span class='ocrx_word' id='word_1_627' title='bbox 3241 3809 3410 3864; x_wconf 81' lang='lat' dir='ltr'><strong>expe-</strong></span> 
     </span>
    </p>
   </div>
   <div class='ocr_carea' id='block_1_84' title="bbox 1836 3889 3410 3965">
    <p class='ocr_par' dir='ltr' id='par_1_84' title="bbox 1836 3889 3410 3965">
     <span class='ocr_line' id='line_1_84' title="bbox 1836 3889 3410 3965; baseline -0.006 -16"><span class='ocrx_word' id='word_1_628' title='bbox 1836 3896 1916 3949; x_wconf 93' lang='lat' dir='ltr'><strong>nit</strong></span> <span class='ocrx_word' id='word_1_629' title='bbox 1963 3893 2264 3965; x_wconf 79' lang='lat' dir='ltr'><strong>Hesychius</strong></span> <span class='ocrx_word' id='word_1_630' title='bbox 2300 3891 2748 3963; x_wconf 80' lang='grc' dir='ltr'>λαμπρύνουσαν.</span> <span class='ocrx_word' id='word_1_631' title='bbox 2795 3889 2863 3943; x_wconf 87' lang='lat' dir='ltr'><strong>Et</strong></span> <span class='ocrx_word' id='word_1_632' title='bbox 2898 3895 3056 3958; x_wconf 86' lang='lat' dir='ltr'><strong>paulo</strong></span> <span class='ocrx_word' id='word_1_633' title='bbox 3101 3893 3223 3957; x_wconf 91' lang='lat' dir='ltr'><strong>post</strong></span> <span class='ocrx_word' id='word_1_634' title='bbox 3255 3899 3410 3940; x_wconf 81' lang='lat' dir='ltr'><strong>nien-</strong></span> 
     </span>
    </p>
   </div>
   <div class='ocr_carea' id='block_1_85' title="bbox 1837 3976 3405 4053">
    <p class='ocr_par' dir='ltr' id='par_1_85' title="bbox 1837 3976 3405 4053">
     <span class='ocr_line' id='line_1_85' title="bbox 1837 3976 3405 4053; baseline -0.006 -14"><span class='ocrx_word' id='word_1_635' title='bbox 1837 3987 1966 4042; x_wconf 93' lang='lat' dir='ltr'><strong>dose</strong></span> <span class='ocrx_word' id='word_1_636' title='bbox 1987 3984 2299 4040; x_wconf 86' lang='lat' dir='ltr'><strong>Basiliensis</strong></span> <span class='ocrx_word' id='word_1_637' title='bbox 2320 3983 2506 4039; x_wconf 92' lang='lat' dir='ltr'><strong>habuit</strong></span> <span class='ocrx_word' id='word_1_638' title='bbox 2536 3983 2862 4053; x_wconf 87' lang='grc' dir='ltr'><strong>τυπόμενον,</strong></span> <span class='ocrx_word' id='word_1_639' title='bbox 2891 3995 2988 4049; x_wconf 91' lang='lat' dir='ltr'><strong>pro</strong></span> <span class='ocrx_word' id='word_1_640' title='bbox 3018 3993 3126 4049; x_wconf 89' lang='lat' dir='ltr'><strong>quo</strong></span> <span class='ocrx_word' id='word_1_641' title='bbox 3157 3978 3261 4033; x_wconf 92' lang='lat' dir='ltr'><strong>duo</strong></span> <span class='ocrx_word' id='word_1_642' title='bbox 3297 3976 3405 4031; x_wconf 84' lang='lat' dir='ltr'><strong>Re-</strong></span> 
     </span>
    </p>
   </div>
   <div class='ocr_carea' id='block_1_86' title="bbox 1837 4070 3411 4148">
    <p class='ocr_par' dir='ltr' id='par_1_86' title="bbox 1837 4070 3411 4148">
     <span class='ocr_line' id='line_1_86' title="bbox 1837 4070 3411 4148; baseline -0.004 -16"><span class='ocrx_word' id='word_1_643' title='bbox 1837 4079 1931 4148; x_wconf 91' lang='lat' dir='ltr'><strong>gii,</strong></span> <span class='ocrx_word' id='word_1_644' title='bbox 1985 4076 2346 4148; x_wconf 83' lang='grc' dir='ltr'><strong>τυπούμενον,</strong></span> <span class='ocrx_word' id='word_1_645' title='bbox 2385 4095 2403 4128; x_wconf 91' lang='lat'><strong>«</strong></span> <span class='ocrx_word' id='word_1_646' title='bbox 2427 4075 2768 4144; x_wconf 68' lang='lat' dir='ltr'><strong>etl&#39;ormatum</strong></span> <span class='ocrx_word' id='word_1_647' title='bbox 2798 4073 3012 4144; x_wconf 87' lang='lat' dir='ltr'><strong>lingua;</strong></span> <span class='ocrx_word' id='word_1_648' title='bbox 3045 4090 3064 4123; x_wconf 83' lang='grc'>›</span> <span class='ocrx_word' id='word_1_649' title='bbox 3095 4070 3411 4126; x_wconf 79' lang='lat' dir='ltr'><strong>Eustathius</strong></span> 
     </span>
    </p>
   </div>
   <div class='ocr_carea' id='block_1_87' title="bbox 1841 4151 3408 4237">
    <p class='ocr_par' dir='ltr' id='par_1_87' title="bbox 1841 4151 3408 4237">
     <span class='ocr_line' id='line_1_87' title="bbox 1841 4151 3408 4237; baseline -0.007 -15"><span class='ocrx_word' id='word_1_650' title='bbox 1841 4151 2019 4222; x_wconf 70' lang='lat' dir='ltr'><strong>tamen</strong></span> <span class='ocrx_word' id='word_1_651' title='bbox 2071 4161 2676 4237; x_wconf 23' lang='lat' dir='ltr'><strong>vulgataetsuﬂragatur</strong></span> <span class='ocrx_word' id='word_1_652' title='bbox 2727 4161 2969 4229; x_wconf 90' lang='lat' dir='ltr'><strong>lectioni,</strong></span> <span class='ocrx_word' id='word_1_653' title='bbox 3035 4179 3055 4213; x_wconf 96' lang='lat'><strong>«</strong></span> <span class='ocrx_word' id='word_1_654' title='bbox 3087 4175 3185 4216; x_wconf 88' lang='lat' dir='ltr'><strong>nec</strong></span> <span class='ocrx_word' id='word_1_655' title='bbox 3225 4173 3408 4216; x_wconf 89' lang='lat' dir='ltr'><strong>aerem</strong></span> 
     </span>
    </p>
   </div>
   <div class='ocr_carea' id='block_1_88' title="bbox 1837 4256 2805 4326">
    <p class='ocr_par' dir='ltr' id='par_1_88' title="bbox 1837 4256 2805 4326">
     <span class='ocr_line' id='line_1_88' title="bbox 1837 4256 2805 4326; baseline -0.007 -15"><span class='ocrx_word' id='word_1_656' title='bbox 1837 4257 2018 4326; x_wconf 86' lang='lat' dir='ltr'><strong>lingua</strong></span> <span class='ocrx_word' id='word_1_657' title='bbox 2047 4256 2388 4310; x_wconf 84' lang='lat' dir='ltr'><strong>verberatum</strong></span> <span class='ocrx_word' id='word_1_658' title='bbox 2425 4265 2752 4308; x_wconf 87' lang='lat' dir='ltr'><strong>sermonem.</strong></span> <span class='ocrx_word' id='word_1_659' title='bbox 2784 4271 2805 4304; x_wconf 74' lang='grc' dir='ltr'><strong>ι</strong></span> 
     </span>
    </p>
   </div>
   <div class='ocr_carea' id='block_1_89' title="bbox 1906 4339 3409 4414">
    <p class='ocr_par' dir='ltr' id='par_1_89' title="bbox 1906 4339 3409 4414">
     <span class='ocr_line' id='line_1_89' title="bbox 1906 4339 3409 4414; baseline -0.008 -11"><span class='ocrx_word' id='word_1_660' title='bbox 1906 4346 2020 4403; x_wconf 88' lang='lat' dir='ltr'><strong>Col.</strong></span> <span class='ocrx_word' id='word_1_661' title='bbox 2053 4345 2122 4402; x_wconf 72' lang='grc'><strong>49</strong></span> <span class='ocrx_word' id='word_1_662' title='bbox 2146 4345 2188 4399; x_wconf 89' lang='grc' dir='ltr'>Β</span> <span class='ocrx_word' id='word_1_663' title='bbox 2215 4346 2266 4400; x_wconf 82' lang='grc'><strong>’5.</strong></span> <span class='ocrx_word' id='word_1_664' title='bbox 2306 4342 2914 4414; x_wconf 79' lang='grc' dir='ltr'><strong>Συνυπακουομένης.</strong></span> <span class='ocrx_word' id='word_1_665' title='bbox 2955 4339 3072 4395; x_wconf 81' lang='lat' dir='ltr'><strong>Vox</strong></span> <span class='ocrx_word' id='word_1_666' title='bbox 3118 4340 3247 4410; x_wconf 83' lang='grc' dir='ltr'>μιᾶς</span> <span class='ocrx_word' id='word_1_667' title='bbox 3274 4339 3409 4392; x_wconf 80' lang='lat' dir='ltr'><strong>dna-</strong></span> 
     </span>
    </p>
   </div>
   <div class='ocr_carea' id='block_1_90' title="bbox 1837 4432 3414 4508">
    <p class='ocr_par' dir='ltr' id='par_1_90' title="bbox 1837 4432 3414 4508">
     <span class='ocr_line' id='line_1_90' title="bbox 1837 4432 3414 4508; baseline -0.007 -14"><span class='ocrx_word' id='word_1_668' title='bbox 1837 4441 1937 4496; x_wconf 90' lang='lat' dir='ltr'><strong>bus</strong></span> <span class='ocrx_word' id='word_1_669' title='bbox 1963 4438 2173 4494; x_wconf 88' lang='lat' dir='ltr'><strong>inclusa</strong></span> <span class='ocrx_word' id='word_1_670' title='bbox 2203 4436 2426 4508; x_wconf 83' lang='lat' dir='ltr'><strong>virgulis</strong></span> <span class='ocrx_word' id='word_1_671' title='bbox 2460 4437 2646 4489; x_wconf 89' lang='lat' dir='ltr'><strong>aberat</strong></span> <span class='ocrx_word' id='word_1_672' title='bbox 2671 4449 2700 4488; x_wconf 91' lang='lat' dir='ltr'><strong>a</strong></span> <span class='ocrx_word' id='word_1_673' title='bbox 2730 4434 2938 4489; x_wconf 85' lang='lat' dir='ltr'><strong>duobus</strong></span> <span class='ocrx_word' id='word_1_674' title='bbox 2963 4432 3146 4502; x_wconf 84' lang='lat' dir='ltr'><strong>Regiis</strong></span> <span class='ocrx_word' id='word_1_675' title='bbox 3193 4446 3323 4485; x_wconf 87' lang='lat' dir='ltr'><strong>mss.</strong></span> <span class='ocrx_word' id='word_1_676' title='bbox 3355 4439 3414 4485; x_wconf 91' lang='lat' dir='ltr'><strong>et</strong></span> 
     </span>
    </p>
   </div>
   <div class='ocr_carea' id='block_1_91' title="bbox 149 4519 1726 4606">
    <p class='ocr_par' dir='ltr' id='par_1_91' title="bbox 149 4525 1726 4606">
     <span class='ocr_line' id='line_1_91' title="bbox 149 4525 1726 4606; baseline 0.007 -28"><span class='ocrx_word' id='word_1_677' title='bbox 149 4525 437 4592; x_wconf 77' lang='grc' dir='ltr'>εὐσεϐείας</span> <span class='ocrx_word' id='word_1_678' title='bbox 477 4528 540 4581; x_wconf 83' lang='grc' dir='ltr'>οὐ</span> <span class='ocrx_word' id='word_1_679' title='bbox 579 4528 902 4600; x_wconf 80' lang='grc' dir='ltr'>λυμαίνεται</span> <span class='ocrx_word' id='word_1_680' title='bbox 935 4531 1080 4602; x_wconf 85' lang='grc' dir='ltr'>λόγῳ</span> <span class='ocrx_word' id='word_1_681' title='bbox 1122 4531 1185 4585; x_wconf 82' lang='grc' dir='ltr'>τὸ</span> <span class='ocrx_word' id='word_1_682' title='bbox 1232 4532 1336 4602; x_wconf 84' lang='grc' dir='ltr'>πρὸ</span> <span class='ocrx_word' id='word_1_683' title='bbox 1369 4535 1598 4606; x_wconf 81' lang='grc' dir='ltr'>οὐρανοῦ</span> <span class='ocrx_word' id='word_1_684' title='bbox 1641 4537 1726 4590; x_wconf 60' lang='grc' dir='ltr'><strong>καλ</strong></span> 
     </span>
    </p>
   </div>
   <div class='ocr_carea' id='block_1_92' title="bbox 1839 4519 3417 4606">
    <p class='ocr_par' dir='ltr' id='par_1_92' title="bbox 1841 4519 3417 4598">
     <span class='ocr_line' id='line_1_92' title="bbox 1841 4519 3417 4598; baseline -0.005 -14"><span class='ocrx_word' id='word_1_685' title='bbox 1841 4532 1908 4585; x_wconf 88' lang='lat' dir='ltr'><strong>ab</strong></span> <span class='ocrx_word' id='word_1_686' title='bbox 1936 4544 2043 4584; x_wconf 91' lang='lat' dir='ltr'><strong>uno</strong></span> <span class='ocrx_word' id='word_1_687' title='bbox 2064 4527 2309 4598; x_wconf 86' lang='lat' dir='ltr'><strong>Anglico.</strong></span> <span class='ocrx_word' id='word_1_688' title='bbox 2347 4525 2659 4581; x_wconf 84' lang='lat' dir='ltr'><strong>Eustathius</strong></span> <span class='ocrx_word' id='word_1_689' title='bbox 2687 4542 2699 4578; x_wconf 93' lang='lat'><strong>:</strong></span> <span class='ocrx_word' id='word_1_690' title='bbox 2734 4542 2753 4576; x_wconf 95' lang='lat'><strong>«</strong></span> <span class='ocrx_word' id='word_1_691' title='bbox 2782 4521 3238 4578; x_wconf 88' lang='lat' dir='ltr'><strong>Subaudientibus</strong></span> <span class='ocrx_word' id='word_1_692' title='bbox 3267 4519 3417 4576; x_wconf 77' lang='lat' dir='ltr'><strong>vide-</strong></span> 
     </span>
    </p>
   </div>
   <div class='ocr_carea' id='block_1_93' title="bbox 148 4616 1732 4698">
    <p class='ocr_par' dir='ltr' id='par_1_93' title="bbox 148 4616 1732 4698">
     <span class='ocr_line' id='line_1_93' title="bbox 148 4616 1732 4698; baseline 0.008 -29"><span class='ocrx_word' id='word_1_693' title='bbox 148 4616 259 4689; x_wconf 82' lang='grc' dir='ltr'><strong>γῆς</strong></span> <span class='ocrx_word' id='word_1_694' title='bbox 307 4617 634 4690; x_wconf 81' lang='grc' dir='ltr'>γεγενῆσθαι</span> <span class='ocrx_word' id='word_1_695' title='bbox 671 4619 851 4689; x_wconf 87' lang='grc' dir='ltr'>λέγειν</span> <span class='ocrx_word' id='word_1_696' title='bbox 899 4621 1009 4675; x_wconf 80' lang='grc' dir='ltr'><strong>τῶν</strong></span> <span class='ocrx_word' id='word_1_697' title='bbox 1057 4622 1304 4692; x_wconf 84' lang='grc' dir='ltr'>ἀγγέλων</span> <span class='ocrx_word' id='word_1_698' title='bbox 1350 4627 1475 4688; x_wconf 86' lang='grc' dir='ltr'><strong>τοὺς</strong></span> <span class='ocrx_word' id='word_1_699' title='bbox 1511 4625 1732 4698; x_wconf 84' lang='grc' dir='ltr'><strong>δήμους·</strong></span> 
     </span>
    </p>
   </div>
   <div class='ocr_carea' id='block_1_94' title="bbox 155 4707 1738 4785">
    <p class='ocr_par' dir='ltr' id='par_1_94' title="bbox 155 4707 1738 4785">
     <span class='ocr_line' id='line_1_94' title="bbox 155 4707 1738 4785; baseline 0.009 -23"><span class='ocrx_word' id='word_1_700' title='bbox 155 4729 175 4762; x_wconf 91' lang='lat'><strong>«</strong></span> <span class='ocrx_word' id='word_1_701' title='bbox 207 4707 325 4764; x_wconf 84' lang='lat' dir='ltr'><strong>Hoc</strong></span> <span class='ocrx_word' id='word_1_702' title='bbox 375 4719 554 4765; x_wconf 90' lang='lat' dir='ltr'><strong>autem</strong></span> <span class='ocrx_word' id='word_1_703' title='bbox 605 4727 898 4778; x_wconf 91' lang='lat' dir='ltr'><strong>concesso,</strong></span> <span class='ocrx_word' id='word_1_704' title='bbox 949 4715 994 4767; x_wconf 92' lang='lat' dir='ltr'><strong>si</strong></span> <span class='ocrx_word' id='word_1_705' title='bbox 1039 4716 1162 4782; x_wconf 89' lang='lat' dir='ltr'><strong>quis</strong></span> <span class='ocrx_word' id='word_1_706' title='bbox 1202 4716 1514 4785; x_wconf 87' lang='lat' dir='ltr'><strong>angelorum</strong></span> <span class='ocrx_word' id='word_1_707' title='bbox 1553 4721 1738 4777; x_wconf 89' lang='lat' dir='ltr'><strong>turbas</strong></span> 
     </span>
    </p>
   </div>
   <div class='ocr_carea' id='block_1_95' title="bbox 150 4801 1736 4875">
    <p class='ocr_par' dir='ltr' id='par_1_95' title="bbox 150 4801 1736 4875">
     <span class='ocr_line' id='line_1_95' title="bbox 150 4801 1736 4875; baseline 0.007 -22"><span class='ocrx_word' id='word_1_708' title='bbox 150 4813 282 4856; x_wconf 86' lang='lat' dir='ltr'><strong>ante</strong></span> <span class='ocrx_word' id='word_1_709' title='bbox 329 4801 524 4857; x_wconf 73' lang='lat' dir='ltr'><strong>cmlum</strong></span> <span class='ocrx_word' id='word_1_710' title='bbox 570 4814 627 4858; x_wconf 91' lang='lat' dir='ltr'><strong>et</strong></span> <span class='ocrx_word' id='word_1_711' title='bbox 669 4812 870 4859; x_wconf 91' lang='lat' dir='ltr'><strong>terram</strong></span> <span class='ocrx_word' id='word_1_712' title='bbox 899 4805 1143 4860; x_wconf 89' lang='lat' dir='ltr'><strong>conditas</strong></span> <span class='ocrx_word' id='word_1_713' title='bbox 1184 4821 1304 4862; x_wconf 91' lang='lat' dir='ltr'><strong>esse</strong></span> <span class='ocrx_word' id='word_1_714' title='bbox 1351 4808 1568 4875; x_wconf 86' lang='lat' dir='ltr'><strong>dixerit,</strong></span> <span class='ocrx_word' id='word_1_715' title='bbox 1629 4825 1736 4866; x_wconf 93' lang='lat' dir='ltr'><strong>non</strong></span> 
     </span>
    </p>
   </div>
   <div class='ocr_carea' id='block_1_96' title="bbox 149 4892 1730 4968">
    <p class='ocr_par' dir='ltr' id='par_1_96' title="bbox 149 4892 1730 4968">
     <span class='ocr_line' id='line_1_96' title="bbox 149 4892 1730 4968; baseline 0.005 -20"><span class='ocrx_word' id='word_1_716' title='bbox 149 4892 393 4948; x_wconf 79' lang='lat' dir='ltr'><strong>oﬂ‘endet</strong></span> <span class='ocrx_word' id='word_1_717' title='bbox 435 4894 658 4949; x_wconf 90' lang='lat' dir='ltr'><strong>verbum</strong></span> <span class='ocrx_word' id='word_1_718' title='bbox 709 4896 928 4966; x_wconf 87' lang='lat' dir='ltr'><strong>pietatis</strong></span> <span class='ocrx_word' id='word_1_719' title='bbox 957 4915 970 4952; x_wconf 92' lang='lat'><strong>:</strong></span> <span class='ocrx_word' id='word_1_720' title='bbox 1001 4915 1019 4948; x_wconf 77' lang='grc' dir='ltr'><strong>ι</strong></span> <span class='ocrx_word' id='word_1_721' title='bbox 1045 4907 1099 4952; x_wconf 93' lang='lat' dir='ltr'><strong>et</strong></span> <span class='ocrx_word' id='word_1_722' title='bbox 1139 4897 1255 4953; x_wconf 72' lang='lat' dir='ltr'><strong>haec</strong></span> <span class='ocrx_word' id='word_1_723' title='bbox 1283 4897 1381 4952; x_wconf 83' lang='lat' dir='ltr'><strong>fuit</strong></span> <span class='ocrx_word' id='word_1_724' title='bbox 1421 4915 1557 4968; x_wconf 86' lang='lat' dir='ltr'><strong>pene</strong></span> <span class='ocrx_word' id='word_1_725' title='bbox 1586 4915 1730 4956; x_wconf 73' lang='lat' dir='ltr'><strong>com~</strong></span> 
     </span>
    </p>
   </div>
   <div class='ocr_carea' id='block_1_97' title="bbox 152 4981 1736 5056">
    <p class='ocr_par' dir='ltr' id='par_1_97' title="bbox 152 4981 1736 5056">
     <span class='ocr_line' id='line_1_97' title="bbox 152 4981 1736 5056; baseline 0.005 -20"><span class='ocrx_word' id='word_1_726' title='bbox 152 4983 339 5038; x_wconf 78' lang='lat' dir='ltr'><strong>inultis</strong></span> <span class='ocrx_word' id='word_1_727' title='bbox 384 4981 694 5039; x_wconf 70' lang='lat' dir='ltr'><strong>Graecorum</strong></span> <span class='ocrx_word' id='word_1_728' title='bbox 730 4983 954 5040; x_wconf 89' lang='lat' dir='ltr'><strong>Patrum</strong></span> <span class='ocrx_word' id='word_1_729' title='bbox 994 4987 1260 5042; x_wconf 86' lang='lat' dir='ltr'><strong>sententia</strong></span> <span class='ocrx_word' id='word_1_730' title='bbox 1290 5005 1305 5041; x_wconf 92' lang='lat'><strong>:</strong></span> <span class='ocrx_word' id='word_1_731' title='bbox 1331 4989 1426 5044; x_wconf 90' lang='lat' dir='ltr'><strong>sed</strong></span> <span class='ocrx_word' id='word_1_732' title='bbox 1470 4989 1693 5044; x_wconf 86' lang='lat' dir='ltr'><strong>alteram</strong></span> <span class='ocrx_word' id='word_1_733' title='bbox 1720 5029 1736 5056; x_wconf 93' lang='lat'><strong>,</strong></span> 
     </span>
    </p>
   </div>
   <div class='ocr_carea' id='block_1_98' title="bbox 151 5074 1738 5149">
    <p class='ocr_par' dir='ltr' id='par_1_98' title="bbox 151 5074 1738 5149">
     <span class='ocr_line' id='line_1_98' title="bbox 151 5074 1738 5149; baseline 0.008 -25"><span class='ocrx_word' id='word_1_734' title='bbox 151 5089 278 5143; x_wconf 74' lang='lat' dir='ltr'><strong>quae</strong></span> <span class='ocrx_word' id='word_1_735' title='bbox 317 5074 488 5130; x_wconf 88' lang='lat' dir='ltr'><strong>sancti</strong></span> <span class='ocrx_word' id='word_1_736' title='bbox 513 5075 798 5146; x_wconf 83' lang='lat' dir='ltr'><strong>Augustini</strong></span> <span class='ocrx_word' id='word_1_737' title='bbox 828 5087 934 5145; x_wconf 84' lang='lat' dir='ltr'><strong>est,</strong></span> <span class='ocrx_word' id='word_1_738' title='bbox 959 5077 1072 5133; x_wconf 85' lang='lat' dir='ltr'><strong>fere</strong></span> <span class='ocrx_word' id='word_1_739' title='bbox 1103 5092 1317 5146; x_wconf 92' lang='lat' dir='ltr'><strong>omnes,</strong></span> <span class='ocrx_word' id='word_1_740' title='bbox 1354 5080 1444 5149; x_wconf 89' lang='lat' dir='ltr'><strong>qui</strong></span> <span class='ocrx_word' id='word_1_741' title='bbox 1471 5091 1591 5149; x_wconf 89' lang='lat' dir='ltr'><strong>post</strong></span> <span class='ocrx_word' id='word_1_742' title='bbox 1625 5083 1738 5136; x_wconf 85' lang='lat' dir='ltr'><strong>Au—</strong></span> 
     </span>
    </p>
   </div>
   <div class='ocr_carea' id='block_1_99' title="bbox 148 5165 1738 5240">
    <p class='ocr_par' dir='ltr' id='par_1_99' title="bbox 148 5165 1738 5240">
     <span class='ocr_line' id='line_1_99' title="bbox 148 5165 1738 5240; baseline 0.006 -23"><span class='ocrx_word' id='word_1_743' title='bbox 148 5168 430 5236; x_wconf 84' lang='lat' dir='ltr'><strong>gustinum</strong></span> <span class='ocrx_word' id='word_1_744' title='bbox 453 5165 648 5224; x_wconf 89' lang='lat' dir='ltr'><strong>Latine</strong></span> <span class='ocrx_word' id='word_1_745' title='bbox 676 5170 1033 5238; x_wconf 83' lang='lat' dir='ltr'><strong>scripserunt.</strong></span> <span class='ocrx_word' id='word_1_746' title='bbox 1060 5181 1381 5239; x_wconf 89' lang='lat' dir='ltr'><strong>sequuntur.</strong></span> <span class='ocrx_word' id='word_1_747' title='bbox 1411 5171 1565 5240; x_wconf 88' lang='lat' dir='ltr'><strong>Apud</strong></span> <span class='ocrx_word' id='word_1_748' title='bbox 1589 5187 1738 5226; x_wconf 92' lang='lat' dir='ltr'><strong>eum-</strong></span> 
     </span>
    </p>
   </div>
   <div class='ocr_carea' id='block_1_100' title="bbox 152 5255 1737 5332">
    <p class='ocr_par' dir='ltr' id='par_1_100' title="bbox 152 5255 1737 5332">
     <span class='ocr_line' id='line_1_100' title="bbox 152 5255 1737 5332; baseline 0.003 -20"><span class='ocrx_word' id='word_1_749' title='bbox 152 5259 281 5312; x_wconf 85' lang='lat' dir='ltr'><strong>dem</strong></span> <span class='ocrx_word' id='word_1_750' title='bbox 310 5255 712 5315; x_wconf 89' lang='lat' dir='ltr'><strong>Theodoretum</strong></span> <span class='ocrx_word' id='word_1_751' title='bbox 745 5260 941 5330; x_wconf 84' lang='lat' dir='ltr'><strong>legitur</strong></span> <span class='ocrx_word' id='word_1_752' title='bbox 967 5262 1077 5316; x_wconf 81' lang='grc' dir='ltr'><strong>τῶν</strong></span> <span class='ocrx_word' id='word_1_753' title='bbox 1107 5261 1329 5332; x_wconf 81' lang='grc' dir='ltr'>ἀγαθῶν</span> <span class='ocrx_word' id='word_1_754' title='bbox 1361 5263 1737 5332; x_wconf 81' lang='grc' dir='ltr'>ἐπαγγελίαις,</span> 
     </span>
    </p>
   </div>
   <div class='ocr_carea' id='block_1_101' title="bbox 151 5350 1738 5425">
    <p class='ocr_par' dir='ltr' id='par_1_101' title="bbox 151 5350 1738 5425">
     <span class='ocr_line' id='line_1_101' title="bbox 151 5350 1738 5425; baseline 0.003 -20"><span class='ocrx_word' id='word_1_755' title='bbox 151 5365 268 5405; x_wconf 85' lang='lat' dir='ltr'><strong>non</strong></span> <span class='ocrx_word' id='word_1_756' title='bbox 321 5350 429 5405; x_wconf 86' lang='grc' dir='ltr'><strong>τῶν</strong></span> <span class='ocrx_word' id='word_1_757' title='bbox 481 5353 672 5421; x_wconf 57' lang='grc' dir='ltr'>ἁγίων</span> <span class='ocrx_word' id='word_1_758' title='bbox 728 5353 886 5424; x_wconf 86' lang='lat' dir='ltr'><strong>eique</strong></span> <span class='ocrx_word' id='word_1_759' title='bbox 939 5354 1156 5411; x_wconf 82' lang='lat' dir='ltr'><strong>lectioni</strong></span> <span class='ocrx_word' id='word_1_760' title='bbox 1213 5356 1396 5410; x_wconf 80' lang='lat' dir='ltr'><strong>favent</strong></span> <span class='ocrx_word' id='word_1_761' title='bbox 1433 5357 1538 5410; x_wconf 85' lang='lat' dir='ltr'><strong>duo</strong></span> <span class='ocrx_word' id='word_1_762' title='bbox 1585 5353 1738 5425; x_wconf 80' lang='lat' dir='ltr'><strong>Regii</strong></span> 
     </span>
    </p>
   </div>
   <div class='ocr_carea' id='block_1_102' title="bbox 150 5441 1740 5515">
    <p class='ocr_par' dir='ltr' id='par_1_102' title="bbox 150 5441 1740 5515">
     <span class='ocr_line' id='line_1_102' title="bbox 150 5441 1740 5515; baseline 0.003 -19"><span class='ocrx_word' id='word_1_763' title='bbox 150 5441 394 5508; x_wconf 80' lang='lat' dir='ltr'><strong>codices,</strong></span> <span class='ocrx_word' id='word_1_764' title='bbox 449 5454 504 5499; x_wconf 90' lang='lat' dir='ltr'><strong>et</strong></span> <span class='ocrx_word' id='word_1_765' title='bbox 558 5444 908 5512; x_wconf 84' lang='lat' dir='ltr'><strong>Eustathius,</strong></span> <span class='ocrx_word' id='word_1_766' title='bbox 965 5465 984 5498; x_wconf 93' lang='lat'><strong>«</strong></span> <span class='ocrx_word' id='word_1_767' title='bbox 1016 5447 1068 5501; x_wconf 93' lang='lat' dir='ltr'><strong>in</strong></span> <span class='ocrx_word' id='word_1_768' title='bbox 1109 5449 1374 5502; x_wconf 89' lang='lat' dir='ltr'><strong>honorum</strong></span> <span class='ocrx_word' id='word_1_769' title='bbox 1423 5446 1740 5515; x_wconf 88' lang='lat' dir='ltr'><strong>promissio-</strong></span> 
     </span>
    </p>
   </div>
   <div class='ocr_carea' id='block_1_103' title="bbox 153 5535 1741 5608">
    <p class='ocr_par' dir='ltr' id='par_1_103' title="bbox 153 5535 1741 5608">
     <span class='ocr_line' id='line_1_103' title="bbox 153 5535 1741 5608; baseline 0.001 -19"><span class='ocrx_word' id='word_1_770' title='bbox 153 5535 322 5590; x_wconf 89' lang='lat' dir='ltr'><strong>nibus</strong></span> <span class='ocrx_word' id='word_1_771' title='bbox 346 5537 610 5606; x_wconf 89' lang='lat' dir='ltr'><strong>operitur.</strong></span> <span class='ocrx_word' id='word_1_772' title='bbox 635 5557 653 5589; x_wconf 76' lang='grc' dir='ltr'><strong>ι</strong></span> <span class='ocrx_word' id='word_1_773' title='bbox 703 5537 914 5594; x_wconf 79' lang='lat' dir='ltr'><strong>Rursus</strong></span> <span class='ocrx_word' id='word_1_774' title='bbox 951 5538 1095 5608; x_wconf 90' lang='lat' dir='ltr'><strong>quod</strong></span> <span class='ocrx_word' id='word_1_775' title='bbox 1126 5538 1389 5606; x_wconf 88' lang='lat' dir='ltr'><strong>sequitur,</strong></span> <span class='ocrx_word' id='word_1_776' title='bbox 1426 5536 1608 5591; x_wconf 86' lang='grc' dir='ltr'><strong>ἱκανὸν</strong></span> <span class='ocrx_word' id='word_1_777' title='bbox 1634 5536 1741 5590; x_wconf 82' lang='grc' dir='ltr'><strong>τῶν</strong></span> 
     </span>
    </p>
   </div>
   <div class='ocr_carea' id='block_1_104' title="bbox 153 5623 1741 5693">
    <p class='ocr_par' dir='ltr' id='par_1_104' title="bbox 153 5623 1741 5693">
     <span class='ocr_line' id='line_1_104' title="bbox 153 5623 1741 5693; baseline 0.002 -15"><span class='ocrx_word' id='word_1_778' title='bbox 153 5623 289 5690; x_wconf 69' lang='grc' dir='ltr'><strong>ἔξω,</strong></span> <span class='ocrx_word' id='word_1_779' title='bbox 340 5630 561 5683; x_wconf 89' lang='lat' dir='ltr'><strong>inverso</strong></span> <span class='ocrx_word' id='word_1_780' title='bbox 607 5628 799 5683; x_wconf 90' lang='lat' dir='ltr'><strong>ordine</strong></span> <span class='ocrx_word' id='word_1_781' title='bbox 842 5629 1060 5684; x_wconf 89' lang='lat' dir='ltr'><strong>exhibet</strong></span> <span class='ocrx_word' id='word_1_782' title='bbox 1099 5627 1504 5693; x_wconf 83' lang='lat' dir='ltr'><strong>Theodoretus,</strong></span> <span class='ocrx_word' id='word_1_783' title='bbox 1559 5627 1741 5681; x_wconf 86' lang='grc' dir='ltr'><strong>ἱκανὸν</strong></span> 
     </span>
    </p>
   </div>
   <div class='ocr_carea' id='block_1_105' title="bbox 149 5717 1742 5792">
    <p class='ocr_par' dir='ltr' id='par_1_105' title="bbox 149 5717 1742 5792">
     <span class='ocr_line' id='line_1_105' title="bbox 149 5717 1742 5792; baseline 0.003 -21"><span class='ocrx_word' id='word_1_784' title='bbox 149 5717 269 5771; x_wconf 81' lang='grc' dir='ltr'><strong>τῶν</strong></span> <span class='ocrx_word' id='word_1_785' title='bbox 295 5717 444 5775; x_wconf 80' lang='grc' dir='ltr'><strong>ἔνδον</strong></span> <span class='ocrx_word' id='word_1_786' title='bbox 474 5721 765 5792; x_wconf 80' lang='grc' dir='ltr'>διαστῆσαι</span> <span class='ocrx_word' id='word_1_787' title='bbox 793 5719 863 5774; x_wconf 85' lang='grc' dir='ltr'><strong>τὰ</strong></span> <span class='ocrx_word' id='word_1_788' title='bbox 894 5719 1018 5785; x_wconf 76' lang='grc' dir='ltr'><strong>ἔξω.</strong></span> <span class='ocrx_word' id='word_1_789' title='bbox 1064 5738 1082 5772; x_wconf 93' lang='lat'><strong>«</strong></span> <span class='ocrx_word' id='word_1_790' title='bbox 1107 5720 1262 5788; x_wconf 83' lang='lat' dir='ltr'><strong>Quod</strong></span> <span class='ocrx_word' id='word_1_791' title='bbox 1291 5721 1464 5790; x_wconf 86' lang='lat' dir='ltr'><strong>possit</strong></span> <span class='ocrx_word' id='word_1_792' title='bbox 1500 5736 1583 5784; x_wconf 87' lang='lat' dir='ltr'><strong>ea,</strong></span> <span class='ocrx_word' id='word_1_793' title='bbox 1624 5736 1742 5790; x_wconf 75' lang='lat' dir='ltr'><strong>qua:</strong></span> 
     </span>
    </p>
   </div>
   <div class='ocr_carea' id='block_1_106' title="bbox 153 5805 1741 5884">
    <p class='ocr_par' dir='ltr' id='par_1_106' title="bbox 153 5805 1741 5884">
     <span class='ocr_line' id='line_1_106' title="bbox 153 5805 1741 5884; baseline 0.004 -24"><span class='ocrx_word' id='word_1_794' title='bbox 153 5805 293 5864; x_wconf 79' lang='lat' dir='ltr'><strong>foris</strong></span> <span class='ocrx_word' id='word_1_795' title='bbox 322 5807 427 5866; x_wconf 88' lang='lat' dir='ltr'><strong>sita</strong></span> <span class='ocrx_word' id='word_1_796' title='bbox 461 5820 623 5878; x_wconf 91' lang='lat' dir='ltr'><strong>sunt,</strong></span> <span class='ocrx_word' id='word_1_797' title='bbox 668 5825 921 5884; x_wconf 88' lang='lat' dir='ltr'><strong>separare</strong></span> <span class='ocrx_word' id='word_1_798' title='bbox 957 5811 1023 5866; x_wconf 90' lang='lat' dir='ltr'><strong>ab</strong></span> <span class='ocrx_word' id='word_1_799' title='bbox 1056 5811 1144 5880; x_wconf 92' lang='lat' dir='ltr'><strong>iis,</strong></span> <span class='ocrx_word' id='word_1_800' title='bbox 1171 5826 1290 5878; x_wconf 78' lang='lat' dir='ltr'><strong>quae</strong></span> <span class='ocrx_word' id='word_1_801' title='bbox 1321 5810 1464 5866; x_wconf 89' lang='lat' dir='ltr'><strong>intra</strong></span> <span class='ocrx_word' id='word_1_802' title='bbox 1502 5823 1560 5868; x_wconf 88' lang='lat' dir='ltr'><strong>se</strong></span> <span class='ocrx_word' id='word_1_803' title='bbox 1593 5825 1741 5867; x_wconf 88' lang='lat' dir='ltr'><strong>com-</strong></span> 
     </span>
    </p>
   </div>
   <div class='ocr_carea' id='block_1_107' title="bbox 1841 4612 3418 4689">
    <p class='ocr_par' dir='ltr' id='par_1_107' title="bbox 1841 4612 3418 4689">
     <span class='ocr_line' id='line_1_107' title="bbox 1841 4612 3418 4689; baseline -0.007 -13"><span class='ocrx_word' id='word_1_804' title='bbox 1841 4623 1970 4678; x_wconf 89' lang='lat' dir='ltr'><strong>licet</strong></span> <span class='ocrx_word' id='word_1_805' title='bbox 2023 4619 2200 4683; x_wconf 89' lang='lat' dir='ltr'><strong>nobis,</strong></span> <span class='ocrx_word' id='word_1_806' title='bbox 2259 4618 2387 4689; x_wconf 90' lang='lat' dir='ltr'><strong>quia</strong></span> <span class='ocrx_word' id='word_1_807' title='bbox 2445 4616 2846 4686; x_wconf 88' lang='lat' dir='ltr'><strong>nuncupatione</strong></span> <span class='ocrx_word' id='word_1_808' title='bbox 2891 4612 2996 4670; x_wconf 91' lang='lat' dir='ltr'><strong>diei</strong></span> <span class='ocrx_word' id='word_1_809' title='bbox 3045 4626 3154 4666; x_wconf 81' lang='lat' dir='ltr'><strong>nox</strong></span> <span class='ocrx_word' id='word_1_810' title='bbox 3201 4625 3418 4682; x_wconf 89' lang='lat' dir='ltr'><strong>quoque</strong></span> 
     </span>
    </p>
   </div>
   <div class='ocr_carea' id='block_1_108' title="bbox 1839 4711 2331 4781">
    <p class='ocr_par' dir='ltr' id='par_1_108' title="bbox 1839 4711 2331 4781">
     <span class='ocr_line' id='line_1_108' title="bbox 1839 4711 2331 4781; baseline -0.014 -13"><span class='ocrx_word' id='word_1_811' title='bbox 1839 4713 2002 4769; x_wconf 90' lang='lat' dir='ltr'><strong>debet</strong></span> <span class='ocrx_word' id='word_1_812' title='bbox 2030 4711 2277 4781; x_wconf 88' lang='lat' dir='ltr'><strong>intelligi.</strong></span> <span class='ocrx_word' id='word_1_813' title='bbox 2313 4729 2331 4761; x_wconf 71' lang='grc' dir='ltr'><strong>ι</strong></span> 
     </span>
    </p>
   </div>
   <div class='ocr_carea' id='block_1_109' title="bbox 1909 4794 3420 4864">
    <p class='ocr_par' dir='ltr' id='par_1_109' title="bbox 1909 4794 3420 4864">
     <span class='ocr_line' id='line_1_109' title="bbox 1909 4794 3420 4864; baseline -0.007 -8"><span class='ocrx_word' id='word_1_814' title='bbox 1909 4801 2024 4856; x_wconf 89' lang='lat' dir='ltr'><strong>Col.</strong></span> <span class='ocrx_word' id='word_1_815' title='bbox 2051 4800 2120 4856; x_wconf 82' lang='lat'><strong>50</strong></span> <span class='ocrx_word' id='word_1_816' title='bbox 2146 4800 2186 4853; x_wconf 88' lang='grc' dir='ltr'>Β</span> <span class='ocrx_word' id='word_1_817' title='bbox 2213 4798 2300 4853; x_wconf 80' lang='grc'><strong>14.</strong></span> <span class='ocrx_word' id='word_1_818' title='bbox 2344 4799 2426 4852; x_wconf 89' lang='lat' dir='ltr'><strong>An</strong></span> <span class='ocrx_word' id='word_1_819' title='bbox 2455 4814 2515 4852; x_wconf 91' lang='lat' dir='ltr'><strong>ea</strong></span> <span class='ocrx_word' id='word_1_820' title='bbox 2543 4799 2700 4852; x_wconf 83' lang='lat' dir='ltr'><strong>ratio.</strong></span> <span class='ocrx_word' id='word_1_821' title='bbox 2743 4794 2870 4851; x_wconf 85' lang='lat' dir='ltr'><strong>Haec</strong></span> <span class='ocrx_word' id='word_1_822' title='bbox 2925 4794 2999 4850; x_wconf 91' lang='lat' dir='ltr'><strong>ita</strong></span> <span class='ocrx_word' id='word_1_823' title='bbox 3034 4809 3158 4850; x_wconf 92' lang='lat' dir='ltr'><strong>cum</strong></span> <span class='ocrx_word' id='word_1_824' title='bbox 3184 4807 3420 4864; x_wconf 87' lang='lat' dir='ltr'><strong>sequen-</strong></span> 
     </span>
    </p>
   </div>
   <div class='ocr_carea' id='block_1_110' title="bbox 1843 4887 3416 4963">
    <p class='ocr_par' dir='ltr' id='par_1_110' title="bbox 1843 4887 3416 4963">
     <span class='ocr_line' id='line_1_110' title="bbox 1843 4887 3416 4963; baseline -0.006 -15"><span class='ocrx_word' id='word_1_825' title='bbox 1843 4895 1983 4950; x_wconf 89' lang='lat' dir='ltr'><strong>tibus</strong></span> <span class='ocrx_word' id='word_1_826' title='bbox 2001 4891 2276 4963; x_wconf 88' lang='lat' dir='ltr'><strong>jungcnda</strong></span> <span class='ocrx_word' id='word_1_827' title='bbox 2308 4899 2456 4952; x_wconf 91' lang='lat' dir='ltr'><strong>sunt,</strong></span> <span class='ocrx_word' id='word_1_828' title='bbox 2489 4900 2548 4944; x_wconf 88' lang='lat' dir='ltr'><strong>ut</strong></span> <span class='ocrx_word' id='word_1_829' title='bbox 2577 4887 2931 4958; x_wconf 91' lang='lat' dir='ltr'><strong>interrogatio</strong></span> <span class='ocrx_word' id='word_1_830' title='bbox 2959 4901 3131 4957; x_wconf 89' lang='lat' dir='ltr'><strong>usque</strong></span> <span class='ocrx_word' id='word_1_831' title='bbox 3157 4888 3226 4940; x_wconf 89' lang='lat' dir='ltr'><strong>ad</strong></span> <span class='ocrx_word' id='word_1_832' title='bbox 3254 4887 3416 4940; x_wconf 88' lang='lat' dir='ltr'><strong>tinem</strong></span> 
     </span>
    </p>
   </div>
   <div class='ocr_carea' id='block_1_111' title="bbox 1842 4976 3419 5056">
    <p class='ocr_par' dir='ltr' id='par_1_111' title="bbox 1842 4976 3419 5056">
     <span class='ocr_line' id='line_1_111' title="bbox 1842 4976 3419 5056; baseline -0.008 -16"><span class='ocrx_word' id='word_1_833' title='bbox 1842 4985 2046 5056; x_wconf 88' lang='lat' dir='ltr'><strong>periodi</strong></span> <span class='ocrx_word' id='word_1_834' title='bbox 2075 4982 2379 5049; x_wconf 77' lang='lat' dir='ltr'><strong>diﬂeratur,</strong></span> <span class='ocrx_word' id='word_1_835' title='bbox 2418 5000 2436 5033; x_wconf 94' lang='lat'><strong>«</strong></span> <span class='ocrx_word' id='word_1_836' title='bbox 2463 4982 2662 5050; x_wconf 89' lang='lat' dir='ltr'><strong>septies</strong></span> <span class='ocrx_word' id='word_1_837' title='bbox 2694 4980 3032 5044; x_wconf 85' lang='lat' dir='ltr'><strong>redeuntem,</strong></span> <span class='ocrx_word' id='word_1_838' title='bbox 3053 4995 3071 5030; x_wconf 76' lang='grc' dir='ltr'><strong>ι</strong></span> <span class='ocrx_word' id='word_1_839' title='bbox 3103 4986 3158 5032; x_wconf 90' lang='lat' dir='ltr'><strong>et</strong></span> <span class='ocrx_word' id='word_1_840' title='bbox 3174 4976 3419 5032; x_wconf 89' lang='lat' dir='ltr'><strong>deleatur</strong></span> 
     </span>
    </p>
   </div>
   <div class='ocr_carea' id='block_1_112' title="bbox 1840 5065 3416 5132">
    <p class='ocr_par' dir='ltr' id='par_1_112' title="bbox 1840 5065 3416 5132">
     <span class='ocr_line' id='line_1_112' title="bbox 1840 5065 3416 5132; baseline -0.005 -4"><span class='ocrx_word' id='word_1_841' title='bbox 1840 5091 1942 5132; x_wconf 88' lang='lat' dir='ltr'><strong>vox</strong></span> <span class='ocrx_word' id='word_1_842' title='bbox 1990 5087 2157 5128; x_wconf 90' lang='lat' dir='ltr'><strong>«sane</strong></span> <span class='ocrx_word' id='word_1_843' title='bbox 2182 5092 2203 5125; x_wconf 72' lang='grc' dir='ltr'><strong>ι</strong></span> <span class='ocrx_word' id='word_1_844' title='bbox 2254 5073 2357 5128; x_wconf 91' lang='lat' dir='ltr'><strong>hoc</strong></span> <span class='ocrx_word' id='word_1_845' title='bbox 2395 5071 2553 5126; x_wconf 86' lang='lat' dir='ltr'><strong>modo</strong></span> <span class='ocrx_word' id='word_1_846' title='bbox 2595 5086 2610 5125; x_wconf 89' lang='lat'><strong>:</strong></span> <span class='ocrx_word' id='word_1_847' title='bbox 2651 5089 2668 5121; x_wconf 91' lang='lat'><strong>«</strong></span> <span class='ocrx_word' id='word_1_848' title='bbox 2700 5067 2922 5124; x_wconf 90' lang='lat' dir='ltr'><strong>Litteris</strong></span> <span class='ocrx_word' id='word_1_849' title='bbox 2970 5068 3241 5123; x_wconf 88' lang='lat' dir='ltr'><strong>traditur:</strong></span> <span class='ocrx_word' id='word_1_850' title='bbox 3271 5065 3416 5121; x_wconf 87' lang='lat' dir='ltr'><strong>Deus</strong></span> 
     </span>
    </p>
   </div>
   <div class='ocr_carea' id='block_1_113' title="bbox 1841 5157 3418 5232">
    <p class='ocr_par' dir='ltr' id='par_1_113' title="bbox 1841 5157 3418 5232">
     <span class='ocr_line' id='line_1_113' title="bbox 1841 5157 3418 5232; baseline -0.006 -11"><span class='ocrx_word' id='word_1_851' title='bbox 1841 5163 2097 5221; x_wconf 91' lang='lat' dir='ltr'><strong>nimirum</strong></span> <span class='ocrx_word' id='word_1_852' title='bbox 2125 5163 2214 5232; x_wconf 94' lang='lat' dir='ltr'><strong>qui</strong></span> <span class='ocrx_word' id='word_1_853' title='bbox 2243 5161 2524 5232; x_wconf 89' lang='lat' dir='ltr'><strong>temporis,</strong></span> <span class='ocrx_word' id='word_1_854' title='bbox 2551 5180 2570 5214; x_wconf 78' lang='grc' dir='ltr'><strong>ι</strong></span> <span class='ocrx_word' id='word_1_855' title='bbox 2601 5171 2706 5215; x_wconf 89' lang='lat' dir='ltr'><strong>etc.</strong></span> <span class='ocrx_word' id='word_1_856' title='bbox 2728 5159 3074 5215; x_wconf 88' lang='lat' dir='ltr'><strong>Eustathius:</strong></span> <span class='ocrx_word' id='word_1_857' title='bbox 3114 5177 3134 5210; x_wconf 96' lang='lat'><strong>«</strong></span> <span class='ocrx_word' id='word_1_858' title='bbox 3162 5157 3256 5214; x_wconf 90' lang='lat' dir='ltr'><strong>Vel</strong></span> <span class='ocrx_word' id='word_1_859' title='bbox 3277 5157 3418 5212; x_wconf 89' lang='lat' dir='ltr'><strong>sicut</strong></span> 
     </span>
    </p>
   </div>
   <div class='ocr_carea' id='block_1_114' title="bbox 1841 5251 3423 5320">
    <p class='ocr_par' dir='ltr' id='par_1_114' title="bbox 1841 5251 3423 5320">
     <span class='ocr_line' id='line_1_114' title="bbox 1841 5251 3423 5320; baseline -0.004 -6"><span class='ocrx_word' id='word_1_860' title='bbox 1841 5257 2104 5314; x_wconf 90' lang='lat' dir='ltr'><strong>secretior</strong></span> <span class='ocrx_word' id='word_1_861' title='bbox 2147 5255 2311 5310; x_wconf 90' lang='lat' dir='ltr'><strong>tradit</strong></span> <span class='ocrx_word' id='word_1_862' title='bbox 2350 5255 2510 5317; x_wconf 89' lang='lat' dir='ltr'><strong>ratio,</strong></span> <span class='ocrx_word' id='word_1_863' title='bbox 2549 5257 2688 5309; x_wconf 91' lang='lat' dir='ltr'><strong>Deus</strong></span> <span class='ocrx_word' id='word_1_864' title='bbox 2718 5269 2840 5309; x_wconf 87' lang='lat' dir='ltr'><strong>cum</strong></span> <span class='ocrx_word' id='word_1_865' title='bbox 2877 5261 3126 5307; x_wconf 89' lang='lat' dir='ltr'><strong>naturam</strong></span> <span class='ocrx_word' id='word_1_866' title='bbox 3159 5251 3423 5320; x_wconf 89' lang='lat' dir='ltr'><strong>temporis</strong></span> 
     </span>
    </p>
   </div>
   <div class='ocr_carea' id='block_1_115' title="bbox 1840 5343 3422 5420">
    <p class='ocr_par' dir='ltr' id='par_1_115' title="bbox 1840 5343 3422 5420">
     <span class='ocr_line' id='line_1_115' title="bbox 1840 5343 3422 5420; baseline -0.003 -18"><span class='ocrx_word' id='word_1_867' title='bbox 1840 5358 2172 5420; x_wconf 84' lang='lat' dir='ltr'><strong>procrearet.</strong></span> <span class='ocrx_word' id='word_1_868' title='bbox 2206 5366 2225 5400; x_wconf 75' lang='grc' dir='ltr'><strong>ι</strong></span> <span class='ocrx_word' id='word_1_869' title='bbox 2254 5348 2385 5402; x_wconf 90' lang='lat' dir='ltr'><strong>Item</strong></span> <span class='ocrx_word' id='word_1_870' title='bbox 2412 5345 2564 5411; x_wconf 89' lang='lat' dir='ltr'><strong>illud,</strong></span> <span class='ocrx_word' id='word_1_871' title='bbox 2598 5345 2756 5399; x_wconf 81' lang='grc' dir='ltr'>τοῦτο</span> <span class='ocrx_word' id='word_1_872' title='bbox 2782 5343 2840 5398; x_wconf 84' lang='grc' dir='ltr'><strong>δὲ</strong></span> <span class='ocrx_word' id='word_1_873' title='bbox 2883 5343 3163 5408; x_wconf 83' lang='grc' dir='ltr'>κυκλικόν,</span> <span class='ocrx_word' id='word_1_874' title='bbox 3194 5343 3274 5398; x_wconf 88' lang='lat' dir='ltr'><strong>sic</strong></span> <span class='ocrx_word' id='word_1_875' title='bbox 3296 5357 3422 5398; x_wconf 84' lang='lat' dir='ltr'><strong>ver-</strong></span> 
     </span>
    </p>
   </div>
   <div class='ocr_carea' id='block_1_116' title="bbox 1845 5433 3420 5505">
    <p class='ocr_par' dir='ltr' id='par_1_116' title="bbox 1845 5433 3420 5505">
     <span class='ocr_line' id='line_1_116' title="bbox 1845 5433 3420 5505; baseline -0.004 -11"><span class='ocrx_word' id='word_1_876' title='bbox 1845 5441 2062 5496; x_wconf 88' lang='lat' dir='ltr'><strong>tendum</strong></span> <span class='ocrx_word' id='word_1_877' title='bbox 2107 5448 2193 5495; x_wconf 90' lang='lat' dir='ltr'><strong>est</strong></span> <span class='ocrx_word' id='word_1_878' title='bbox 2225 5457 2240 5494; x_wconf 92' lang='lat'><strong>:</strong></span> <span class='ocrx_word' id='word_1_879' title='bbox 2274 5456 2293 5490; x_wconf 96' lang='lat'><strong>«</strong></span> <span class='ocrx_word' id='word_1_880' title='bbox 2323 5436 2449 5493; x_wconf 64' lang='lat' dir='ltr'><strong>Haec</strong></span> <span class='ocrx_word' id='word_1_881' title='bbox 2484 5446 2664 5491; x_wconf 89' lang='lat' dir='ltr'><strong>autem</strong></span> <span class='ocrx_word' id='word_1_882' title='bbox 2709 5445 2793 5493; x_wconf 90' lang='lat' dir='ltr'><strong>est</strong></span> <span class='ocrx_word' id='word_1_883' title='bbox 2837 5435 3123 5491; x_wconf 90' lang='lat' dir='ltr'><strong>circularis</strong></span> <span class='ocrx_word' id='word_1_884' title='bbox 3157 5433 3359 5505; x_wconf 82' lang='lat' dir='ltr'><strong>ﬁgura.</strong></span> <span class='ocrx_word' id='word_1_885' title='bbox 3387 5449 3420 5488; x_wconf 87' lang='lat' dir='ltr'><strong>a</strong></span> 
     </span>
    </p>
   </div>
   <div class='ocr_carea' id='block_1_117' title="bbox 1842 5532 2576 5602">
    <p class='ocr_par' dir='ltr' id='par_1_117' title="bbox 1842 5532 2576 5602">
     <span class='ocr_line' id='line_1_117' title="bbox 1842 5532 2576 5602; baseline -0.011 -14"><span class='ocrx_word' id='word_1_886' title='bbox 1842 5532 2017 5602; x_wconf 83' lang='lat' dir='ltr'><strong>seipso</strong></span> <span class='ocrx_word' id='word_1_887' title='bbox 2048 5532 2259 5586; x_wconf 91' lang='lat' dir='ltr'><strong>initium</strong></span> <span class='ocrx_word' id='word_1_888' title='bbox 2288 5543 2519 5586; x_wconf 89' lang='lat' dir='ltr'><strong>sumere.</strong></span> <span class='ocrx_word' id='word_1_889' title='bbox 2557 5547 2576 5580; x_wconf 73' lang='grc' dir='ltr'><strong>ι</strong></span> 
     </span>
    </p>
   </div>
   <div class='ocr_carea' id='block_1_118' title="bbox 1914 5615 3425 5689">
    <p class='ocr_par' dir='ltr' id='par_1_118' title="bbox 1914 5615 3425 5689">
     <span class='ocr_line' id='line_1_118' title="bbox 1914 5615 3425 5689; baseline -0.001 -14"><span class='ocrx_word' id='word_1_890' title='bbox 1914 5622 2030 5677; x_wconf 83' lang='lat' dir='ltr'><strong>Col.</strong></span> <span class='ocrx_word' id='word_1_891' title='bbox 2066 5622 2136 5676; x_wconf 70' lang='lat'><strong>52</strong></span> <span class='ocrx_word' id='word_1_892' title='bbox 2165 5622 2208 5675; x_wconf 85' lang='lat' dir='ltr'><strong>A</strong></span> <span class='ocrx_word' id='word_1_893' title='bbox 2240 5622 2291 5676; x_wconf 83' lang='grc'><strong>5.</strong></span> <span class='ocrx_word' id='word_1_894' title='bbox 2336 5621 2472 5674; x_wconf 70' lang='grc' dir='ltr'><strong>ἰνα</strong></span> <span class='ocrx_word' id='word_1_895' title='bbox 2499 5619 2556 5673; x_wconf 78' lang='grc' dir='ltr'><em>τί</em></span> <span class='ocrx_word' id='word_1_896' title='bbox 2586 5619 2747 5689; x_wconf 77' lang='grc' dir='ltr'><strong>ὑμῖν.</strong></span> <span class='ocrx_word' id='word_1_897' title='bbox 2789 5617 2955 5673; x_wconf 89' lang='lat' dir='ltr'><strong>Paulo</strong></span> <span class='ocrx_word' id='word_1_898' title='bbox 2984 5616 3144 5671; x_wconf 91' lang='lat' dir='ltr'><strong>aliter</strong></span> <span class='ocrx_word' id='word_1_899' title='bbox 3173 5631 3233 5672; x_wconf 89' lang='lat' dir='ltr'><strong>se</strong></span> <span class='ocrx_word' id='word_1_900' title='bbox 3259 5615 3425 5673; x_wconf 80' lang='lat' dir='ltr'><strong>habet</strong></span> 
     </span>
    </p>
   </div>
   <div class='ocr_carea' id='block_1_119' title="bbox 1843 5706 3423 5783">
    <p class='ocr_par' dir='ltr' id='par_1_119' title="bbox 1843 5706 3423 5783">
     <span class='ocr_line' id='line_1_119' title="bbox 1843 5706 3423 5783; baseline -0.005 -15"><span class='ocrx_word' id='word_1_901' title='bbox 1843 5713 1994 5768; x_wconf 89' lang='lat' dir='ltr'><strong>locus</strong></span> <span class='ocrx_word' id='word_1_902' title='bbox 2035 5711 2173 5782; x_wconf 87' lang='lat' dir='ltr'><strong>apud</strong></span> <span class='ocrx_word' id='word_1_903' title='bbox 2203 5712 2518 5783; x_wconf 87' lang='lat' dir='ltr'><strong>prophetam</strong></span> <span class='ocrx_word' id='word_1_904' title='bbox 2550 5727 2564 5764; x_wconf 91' lang='lat'><strong>:</strong></span> <span class='ocrx_word' id='word_1_905' title='bbox 2593 5709 2739 5765; x_wconf 80' lang='grc' dir='ltr'><strong>Οὐαὶ</strong></span> <span class='ocrx_word' id='word_1_906' title='bbox 2765 5713 2820 5766; x_wconf 84' lang='grc' dir='ltr'><strong>οἱ</strong></span> <span class='ocrx_word' id='word_1_907' title='bbox 2851 5708 3284 5780; x_wconf 80' lang='grc' dir='ltr'><strong>ἐπιθυμοῦντες</strong></span> <span class='ocrx_word' id='word_1_908' title='bbox 3306 5706 3423 5776; x_wconf 78' lang='grc' dir='ltr'><strong>τὴν</strong></span> 
     </span>
    </p>
   </div>
   <div class='ocr_carea' id='block_1_120' title="bbox 1845 5795 3423 5876">
    <p class='ocr_par' dir='ltr' id='par_1_120' title="bbox 1845 5795 3423 5876">
     <span class='ocr_line' id='line_1_120' title="bbox 1845 5795 3423 5876; baseline -0.004 -17"><span class='ocrx_word' id='word_1_909' title='bbox 1845 5803 2072 5876; x_wconf 74' lang='grc' dir='ltr'><strong>ἡμέραν</strong></span> <span class='ocrx_word' id='word_1_910' title='bbox 2116 5805 2355 5874; x_wconf 77' lang='grc' dir='ltr'><strong>Κυρίου.</strong></span> <span class='ocrx_word' id='word_1_911' title='bbox 2395 5804 2524 5860; x_wconf 81' lang='grc' dir='ltr'><strong>Ἵνα</strong></span> <span class='ocrx_word' id='word_1_912' title='bbox 2562 5804 2616 5859; x_wconf 84' lang='grc' dir='ltr'><em>τί</em></span> <span class='ocrx_word' id='word_1_913' title='bbox 2651 5804 2801 5875; x_wconf 84' lang='grc' dir='ltr'><strong>αὕτη</strong></span> <span class='ocrx_word' id='word_1_914' title='bbox 2834 5803 2974 5874; x_wconf 77' lang='grc' dir='ltr'><strong>ὑμῖν</strong></span> <span class='ocrx_word' id='word_1_915' title='bbox 3011 5803 3049 5873; x_wconf 77' lang='grc' dir='ltr'>ἡ</span> <span class='ocrx_word' id='word_1_916' title='bbox 3084 5799 3274 5872; x_wconf 78' lang='grc' dir='ltr'>ἡμέρα</span> <span class='ocrx_word' id='word_1_917' title='bbox 3314 5795 3423 5854; x_wconf 78' lang='grc' dir='ltr'><strong>τοῦ</strong></span> 
     </span>
    </p>
   </div>
  </div>
