3824 6214
449 410 556 466 979

1628 421 1840 478 ΝΟΤΑΞ
1883 423 2276 481 FRONTONIS
2318 425 2547 482 DUCA‘ZI

3517 447 3520 452 '
3613 430 3728 484 980

447 526 706 614 livplov;
762 528 872 583 Kal
923 531 1076 600 αὕτη
1129 533 1260 587 ἐστὶ
1320 538 1563 604 σκότος,
1623 540 1723 592 καὶ
1773 544 1845 596 οὺ
1887 542 2027 610 φῶςι

2145 544 2259 597 loco
2291 543 2460 609 Pauli,
2489 545 2527 597 Il
2562 543 2808 598 Corinth.
2844 558 2940 609 xu,
2973 543 3028 610 2,
3076 545 3162 596 ubi
3192 544 3382 600 scribit
3411 545 3731 614 Aposmlus

464 613 550 669 Vw
612 617 1031 674 desiderantibus
1102 623 1240 676 diem
1295 625 1531 680 Domini.
1592 625 1660 681 Ut
1718 631 1846 697 quid
1919 633 2031 684 lucc

447 707 593 760 vobis
625 707 738 762 dies
786 709 1042 766 Domini?
1098 712 1168 766 Et
1225 731 1286 767 ea
1332 726 1406 769 est
1433 718 1671 784 tenebrte,
1707 729 1753 772 et
1783 736 1886 772 non
1914 721 2027 774 lux.

449 798 607 864 Apud
652 798 908 868 Cyrillum
953 801 1150 872 legitur
1177 821 1192 859 :
1222 804 1342 858 Ἵνα
1369 807 1427 860 τί
1457 809 1666 861 τοίνυν
1701 809 1877 878 αὐτὴ,
1921 829 2032 879 gsn-

451 887 575 951 σίν,
606 889 768 957 ὑμῖν,
810 893 1030 960 σκότος
1061 891 1239 959 οὖσα,
1264 897 1362 949 καὶ
1396 900 1467 950 οὐ
1495 897 1656 967 φῶς;
1691 900 1796 952 Διά
1842 918 1930 955 τοι
1964 902 2031 956 τὸ

452 981 770 1050 πλείσταις
802 983 976 1050 ὅσαις
1005 987 1470 1057 ἀναπεπλῆσθαι
1503 994 1861 1062 συμφοραῖς*
1915 1013 1934 1045 ι
1966 995 2034 1050 Ut

455 1074 582 1142 quid
609 1075 792 1144 igitur,
814 1078 1012 1148 inquit,
1039 1081 1154 1147 ipsa
1183 1082 1356 1149 vobis,
1381 1098 1502 1152 quae
1529 1086 1768 1141 tenebras
1796 1096 1898 1152 est,
1925 1103 2031 1144 non

452 1166 586 1219 lux?
642 1167 777 1234 Quia
818 1169 1072 1223 nimirum
1123 1171 1282 1240 longe
1334 1173 1581 1242 plurimis
1630 1175 2034 1234 calamitatibus

454 1259 825 1326 opplebimini.
852 1279 871 1312 »
916 1260 1142 1332 Vulgata
1174 1262 1389 1329 Latina,
1422 1265 1508 1319 Ad
1546 1268 1674 1337 quid
1702 1285 1820 1322 eam
1848 1270 2033 1324 vobis?

455 1351 736 1432 nimirum,
785 1356 984 1423 optatis
1011 1359 1300 1413 advenire?
1336 1359 1520 1426 Itaque
1557 1361 1624 1415 ad
1659 1377 1894 1427 sensum,
1926 1378 2032 1419 non

457 1442 524 1494 ad
559 1444 779 1498 verbum
815 1447 1004 1500 citavit
1039 1448 1180 1503 hunc
1209 1449 1388 1504 locum
1417 1450 1670 1517 Basilius,
1706 1469 1828 1508 cum
1855 1455 2029 1508 dixit:

463 1554 482 1586 ι
514 1535 734 1605 thuid
765 1539 918 1594 vobis
959 1555 1202 1608 qumrere
1229 1543 1366 1598 diem
1411 1543 1700 1599 Domini?»
1755 1545 1845 1600 Sic
1887 1548 2030 1601 enim

456 1628 844 1696 interpretatus
865 1643 949 1688 est
969 1631 1157 1688 Latine
1190 1635 1509 1691 Ambrosius
1541 1638 1632 1692 lib.
1671 1653 1709 1702 I,
1742 1653 1791 1692 c.
1823 1639 1910 1694 I0.

531 1718 662 1776 Ibid.
712 1720 776 1776 B.
825 1723 878 1778 6.
946 1724 1193 1778 Ἐκεῖνοι
1243 1728 1434 1796 λόγοι.
1493 1728 1609 1783 Duo
1652 1729 1805 1800 Regii
1851 1730 2033 1800 legunt

455 1813 695 1883 ἐκείνης,
711 1824 764 1868 et
783 1814 1096 1872 Eustathius
1109 1817 1454 1890 suil‘ragatur,
1475 1837 1493 1872 ι
1517 1823 1612 1877 εει]
1631 1837 1869 1891 veSperae
1891 1822 2032 1877 illius

456 1907 722 1960 narratio.
768 1923 786 1956 »

527 1998 643 2052 Col.
673 1999 762 2054 52.
786 1999 826 2054 C
852 2000 908 2058 2.
934 2003 1071 2070 Περὶ
1106 2001 1224 2056 τῶν
1253 2006 1519 2072 πρώτων.
1573 2005 1916 2059 Ιιῐηεηάιιηοα
1951 2013 2035 2059 est

459 2091 780 2160 inscriptio,
827 2092 953 2148 licet
1003 2109 1122 2147 eam
1167 2095 1461 2164 praeferant
1505 2097 1858 2165 manuscripti
1907 2097 2030 2166 qui-

455 2183 606 2248 dam,
648 2197 716 2239 ex
749 2185 1037 2240 oscitantia
1064 2186 1432 2253 librariorum,
1483 2204 1582 2260 pro
1609 2190 1736 2262 περι
1769 2189 1878 2245 τῶν
1908 2189 2033 2260 τρό-

452 2289 573 2328 πων
603 2273 702 2344 τῆς
723 2276 1009 2343 γενέσεως.

527 2365 643 2420 Col.
679 2367 747 2420 54
774 2366 836 2421 B.
870 2368 924 2421 4.
963 2367 1138 2432 Quam
1174 2371 1582 2424 commodarint.
1625 2369 2032 2426 Immulavimus

453 2458 767 2526 interpretis
801 2461 991 2519 verba,
1025 2479 1048 2511 ι·
1069 2475 1233 2529 quam
1271 2460 1442 2516 fenori
1478 2463 1800 2517 tradiderint
1834 2461 1978 2517 Deo:
2002 2484 2022 2516 »

452 2550 653 2619 quibus
680 2549 857 2604 simile
888 2549 1017 2605 illud
1045 2552 1325 2615 Cornarii,
1378 2570 1398 2603 ι
1427 2557 1569 2622 quod
1616 2555 1872 2623 temporis
1908 2572 2031 2624 pars

453 2641 525 2695 ad
571 2654 789 2695 usuram
838 2642 1033 2695 tradita
1089 2625 1195 2697 non
1235 2643 1578 2709 evanescit,»
1627 2652 1681 2697 et
1738 2643 2028 2709 Eustathii,

458 2747 481 2780 ι
513 2744 638 2799 pars
667 2729 862 2784 modici
893 2730 1158 2798 temporis
1177 2729 1420 2784 fenerata
1449 2731 1558 2784 Deo
1600 2748 1706 2786 non
1736 2733 1967 2803 deperit.
2004 2755 2022 2786 »

452 2820 722 2890 Ambigua
751 2829 838 2875 est
871 2834 970 2874 vox
1003 2819 1304 2886 fenerandi,
1350 2831 1406 2877 et
1441 2837 1582 2892 saepe
1610 2825 1675 2878 de
1705 2825 1930 2892 pecunia
1962 2825 2030 2880 ad

452 2929 678 2969 usuram
725 2924 912 2969 mutuo
949 2916 1082 2970 data
1105 2924 1442 2986 usurpatur:
1485 2924 1540 2970 at
1565 2917 1624 2970 τὸ
1666 2917 2028 2985 δανείζεσθαι,

451 3006 832 3075 Aristophanis
870 3007 1203 3062 Scholiastes
1243 3007 1303 3059 τὸ
1334 3008 1545 3062 δάνειον
1601 3011 1883 3081 distinguit
1922 3013 2030 3066 ἀπὸ

2135 645 2346 702 raptum
2379 649 2438 689 se
2465 648 2635 704 usque
2664 633 2729 686 ad
2764 635 2981 687 tertium
3013 634 3211 688 ctelum
3233 674 3249 698 ,
3295 644 3350 687 et
3389 649 3456 688 ex
3499 636 3730 702 psalmo

2133 741 2357 790 cxtvttt,
2391 727 2668 780 4ztamen
2715 725 2769 780 in
2819 740 2885 779 eo
2931 741 3050 779 cum
3101 725 3190 778 illo
3235 727 3588 779 consentiunt
3628 727 3726 780 alii

2134 818 2241 872 duo
2273 817 2496 882 Patres,
2529 817 2669 887 quod
2703 832 2826 872 esse
2880 818 3014 871 duos
3057 831 3122 871 ex
3176 816 3364 869 iisdem
3411 816 3728 883 Scriptura:

2132 925 2300 965 sacra:
2351 909 2482 962 locis
2526 908 2804 978 colligunt,
2849 907 3074 976 etquod
3121 922 3247 960 cum
3299 907 3404 961 illis
3438 909 3723 976 agnoscit,

2133 1015 2199 1056 ex
2234 999 2325 1054 illo
2353 1015 2551 1069 genere
2581 999 2889 1064 locutionis,
2923 1001 3064 1067 quod
3089 1012 3313 1052 nurnero
3344 997 3726 1052 multitudinis

2135 1101 2334 1156 utatur,
2357 1107 2478 1147 cum
2509 1093 2576 1146 de
2601 1091 2755 1146 cretis
2782 1090 2910 1159 agit,
2930 1091 3175 1144 concludi
3207 1105 3309 1143 non
3337 1105 3498 1158 posse
3526 1089 3723 1159 pluses

2134 1186 2304 1242 cmlos
2343 1199 2460 1240 esse
2500 1202 2513 1237 :
2545 1182 2896 1254 quamobrem
2926 1183 3194 1237 immerito
3233 1184 3724 1252 reprehendendus

2134 1272 2453 1340 quibusdam
2490 1272 2704 1325 videtur
2747 1271 2830 1324 vir
2867 1270 3587 1332 doctissimusBenedictus
3617 1272 3724 1326 Pe-

2135 1363 2338 1425 rerius,
2379 1363 2524 1432 quod
2581 1362 2778 1416 similia
2828 1362 3026 1416 dixerit
3075 1363 3359 1417 tradidisse
3397 1361 3725 1418 Theodore-

2136 1463 2245 1506 tum
2278 1463 2330 1506 et
2354 1451 2624 1506 Iustinum
2645 1494 2660 1517 ,
2693 1467 2812 1506 cum
2856 1452 3178 1506 Theodoreti
3212 1453 3324 1506 haec
3352 1455 3516 1506 verba
3555 1456 3671 1508 sint
3704 1471 3718 1506 :

2134 1544 2434 1616 Τοιγαροῦν
2459 1545 2553 1597 καὶ
2579 1545 2607 1596 ὁ
2639 1543 2718 1614 τῷ
2745 1543 2980 1615 δευτέρῳ
3009 1543 3301 1597 διαπιστῶν
3333 1543 3574 1615 οὐρανῷ,
3612 1543 3724 1608 ἔξω

2135 1633 2308 1704 βαίνει
2358 1635 2459 1704 τῆς
2502 1633 2715 1697 εὐθείας
2769 1633 2911 1697 ὀδοῦ,
2965 1635 3058 1686 καὶ
3095 1635 3123 1685 ὁ
3165 1633 3332 1686 πλείω
3367 1633 3722 1704 πειρώμενος

2132 1725 2406 1796 ἀριθμεῖν,
2455 1725 2644 1796 μύθοις
2683 1725 2902 1790 ἕπεται,
2945 1725 3044 1796 τῆς
3074 1723 3167 1778 τοῦ
3207 1725 3350 1778 θείου
3389 1727 3721 1797 Πνεῦματος

2133 1815 2477 1879 διδασκαλίας
2533 1816 2909 1888 καταφρονῶν·
2966 1833 2986 1867 ι
3036 1815 3137 1880 Qui
3192 1818 3350 1886 igitur
3390 1833 3500 1870 non
3533 1818 3719 1871 credit

2134 1909 2429 1962 secundum
2460 1923 2580 1963 esse
2610 1908 2832 1973 cmlum,
2869 1909 3118 1963 semitam
3146 1919 3345 1962 rectam
3378 1909 3721 1979 transgredi-

2134 2007 2223 2053 tur
2253 2018 2265 2053 :
2297 2000 2388 2068 qui
2433 2015 2563 2054 vero
2597 2001 2776 2070 plures
2823 2015 3112 2055 numerare
3159 2011 3409 2064 conatur,
3459 2002 3715 2070 neglecta

2133 2092 2298 2150 divini
2347 2093 2580 2161 Spiritus
2617 2093 2883 2157 doctrina,
2931 2092 3128 2148 fabulis
3174 2095 3431 2150 adhmret.
3470 2112 3490 2144 »
3553 2094 3715 2162 Apud

2131 2183 2400 2238 Justinum
2440 2193 2619 2237 autem
2652 2203 2666 2238 :
2713 2185 2808 2236 Ἐκ
2843 2185 2943 2256 τῆς
2981 2184 3300 2246 ἀκολουθίας
3323 2182 3416 2238 οῦν
3451 2184 3561 2238 τῶν
3598 2202 3718 2237 κει-

2136 2275 2312 2346 μένων
2337 2273 2529 2344 φωνῶν
2558 2273 2787 2345 νοοῦμεν
2815 2276 3078 2347 οὐρανοὺς
3107 2275 3226 2328 κατ’
3249 2274 3434 2328 οὐσίαν
3467 2276 3566 2347 μὲν
3593 2276 3714 2341 δύο,

2133 2368 2274 2422 κατὰ
2302 2367 2645 2438 διαστήματα
2672 2367 2728 2420 δὲ
2754 2368 3028 2432 πλείονας·
3068 2387 3086 2420 ι
3109 2369 3182 2422 Ex
3205 2369 3351 2422 hisce
3372 2369 3531 2422 dictis
3554 2386 3711 2440 ergo,

2133 2475 2253 2529 qua:
2283 2461 2456 2530 posita
2504 2467 2664 2524 sunt,
2707 2474 3043 2529 consequens
3093 2467 3204 2524 est,
3243 2468 3302 2512 ut
3340 2459 3715 2529 intelligamus

2132 2549 2302 2603 caelos
2358 2549 2663 2603 substantia
2701 2548 2919 2617 quidem
2972 2549 3138 2617 duos,
3179 2549 3483 2603 interstitiis
3525 2558 3712 2601 autem

2128 2642 2383 2710 plures.»
2446 2642 2618 2698 Porro
2676 2642 2874 2697 ibidem
2931 2641 3135 2713 legetur
3193 2643 3369 2712 aptius
3425 2642 3593 2712 ἄρτος
3653 2640 3714 2706 ἐξ

2130 2732 2386 2804 οὐρανοῦ,
2459 2751 2478 2784 ι
2503 2733 2656 2803 panis
2702 2733 2768 2788 de
2807 2733 2978 2798 cos-Io,
3007 2753 3027 2785 »
3084 2732 3240 2789 Joan.
3278 2749 3363 2798 vt,
3400 2733 3504 2799 4f;
3542 2749 3709 2803 quam

2131 2824 2288 2888 ἀετὸς
2325 2824 2386 2890 ἐξ
2427 2825 2680 2898 οὐρανοῦ,
2737 2844 2756 2878 ι
2785 2827 2963 2896 aquila
2996 2829 3063 2882 de
3094 2827 3263 2882 caelo:
3299 2847 3318 2878 »
3347 2843 3523 2896 neque
3561 2827 3712 2883 enim

2131 2915 2238 2970 tale
2275 2916 2567 2986 quidquam
2613 2917 2668 2971 in
2717 2917 2995 2988 Scriptura
3041 2920 3316 2986 occurrit,
3357 2920 3450 2973 sed
3495 2929 3707 2973 tanttun

2131 3004 2394 3060 Threnor.
2430 3022 2502 3070 tv,
2523 3007 2590 3062 19
2623 3025 2638 3062 :
2669 3007 2988 3074 Διώκοντες
3007 3008 3164 3079 ἡμᾶς
3180 3009 3328 3079 ὑπὲρ
3358 3010 3574 3076 ἀετοὺς
3605 3013 3708 3063 οὐ·

451 3098 550 3152 τοῦ
564 3098 751 3165 τόκου,
779 3117 798 3150 ι
823 3109 1063 3154 mutuum
1080 3099 1328 3169 quodvis,
1355 3101 1422 3156 ab
1451 3116 1515 3156 eo
1541 3103 1684 3170 quod
1714 3105 1780 3157 ad
1811 3120 2027 3158 usuram

2135 3097 2334 3164 ρανοῦ·
2397 3097 2770 3168 Persequentes
2803 3118 2895 3154 nos
2917 3119 3062 3169 super
3093 3103 3295 3171 aquilas
3313 3103 3434 3156 cmli

452 3188 633 3256 datur,
664 3208 684 3240 »
722 3188 864 3243 unde
909 3189 1119 3244 libellus
1145 3189 1455 3244 Plutarchi:
1491 3191 1631 3259 Περὶ
1658 3193 1762 3245 τοῦ
1785 3194 1871 3262 μὴ
1901 3193 2027 3247 δεῖν

2201 3191 2314 3247 Col.
2357 3191 2419 3245 61
2460 3192 2504 3245 Α
2539 3191 2592 3245 8.
2647 3193 3134 3258 Ἀποτευῒοῦντος.
3196 3193 3329 3249 Cum
3366 3203 3523 3246 antea
3562 3192 3705 3262 lege-

452 3283 844 3344 δανείζεσθαιο
885 3282 965 3338 De
1011 3283 1223 3338 vitando
1271 3299 1374 3338 (ere
1417 3283 1626 3350 alieno,
1663 3294 1808 3337 recte
1838 3283 2030 3338 Latine

451 3377 794 3441 inscribitur,
852 3391 962 3430 non
991 3385 1050 3430 ut
1086 3375 1326 3433 Gallicus
1359 3379 1624 3446 interpres
1651 3378 1840 3442 edidit,
1901 3396 1920 3429 ι
1954 3378 2030 3432 De

449 3469 681 3538 pecunia
700 3476 883 3523 mutua
917 3468 984 3522 ad
1008 3483 1230 3522 usuram
1268 3485 1374 3523 non
1397 3469 1768 3538 accipienda,»
1799 3469 1880 3522 vel
1911 3488 1929 3521 ι
1957 3468 2030 3522 De

449 3577 561 3614 non
583 3561 900 3616 fenerondo.
924 3561 1054 3615 »-Sic
1070 3561 1468 3630 intelligendum
1492 3562 1617 3615 illud
1635 3561 1824 3630 psalmi
1843 3577 2026 3626 xxxvr,

450 3652 522 3707 2:).
549 3671 562 3707 :
592 3650 920 3713 Δανείζεται
951 3655 984 3705 ό
1016 3651 1386 3720 ἁμαρτωλὸς,
1430 3651 1529 3705 καὶ
1574 3653 1685 3705 οὐκ
1732 3652 2025 3706 ἀποτίσει·

450 3744 756 3811 Mittuntur,
798 3744 884 3799 vel
920 3753 1161 3797 mutuum
1191 3744 1374 3811 accipit
1401 3753 1665 3810 peccator,
1702 3755 1748 3796 et
1781 3761 1883 3798 non
1920 3743 2029 3798 sol-

451 3848 565 3900 vet;
603 3848 656 3891 et
684 3836 946 3890 Proverb.
1007 3851 1124 3900 xrx,
1181 3836 1245 3889 17
1279 3853 1291 3890 :
1322 3834 1577 3896 Δανείζει
1617 3834 1739 3901 Θεῷ
1776 3839 1810 3889 ὁ
1843 3835 2030 3890 ἐλεῶν

451 3929 712 3998 πτωχόν⁸
750 3928 995 3982 Μαιιιωιι
1022 3928 1132 3983 Deo
1175 3930 1288 3993 dat,
1329 3929 1420 3997 qui
1457 3929 1703 3997 pauperis
1727 3930 2025 3982 miseretur.

450 4019 692 4074 Verbum
732 4021 878 4076 enim
926 4021 1250 4077 Hebraicum
1291 4005 1384 4080 τιτι)
1426 4021 1769 4075 commodato
1802 4019 1886 4074 vel
1913 4037 2032 4074 mu-

451 4119 549 4163 tuo
584 4111 831 4180 accipere
864 4122 1042 4178 sonat,
1073 4122 1132 4168 et
1166 4113 1322 4168 fidem
1357 4112 1626 4167 mutuanti
1667 4113 2027 4183 obstringere.

526 4203 660 4258 Ibid.
694 4203 736 4257 C
767 4203 856 4258 I2.
897 4204 1171 4270 Quomodo
1220 4205 1386 4260 Deus.
1439 4204 1814 4276 Argyropylus
1844 4204 2028 4258 edide-

451 4306 562 4364 rat,
599 4314 618 4348 ι
661 4294 777 4351 Hoc
817 4307 1092 4352 estznum
1127 4298 1268 4352 Deus
1323 4307 1510 4352 nostro
1559 4297 1810 4366 loquatur
1858 4309 2026 4350 more.

451 4389 522 4445 Et
547 4389 762 4457 quidem
793 4389 944 4458 prius
988 4405 1017 4444 a
1046 4390 1207 4444 rebus
1233 4389 1363 4458 ipsis
1394 4399 1553 4457 typus
1583 4387 1698 4442 sive
1741 4386 2031 4440 a-dumbrac

382 4552 386 4555 _
450 4481 530 4536 tio
565 4482 839 4537 abstracta
875 4496 934 4536 se
985 4479 1211 4543 inserit,
1266 4489 1321 4532 et
1357 4480 1689 4547 imprimitur
1733 4478 2027 4532 intellectui

2136 3291 2280 3337 retur
2339 3283 2758 3346 ἀποτελοῦντας,
2813 3286 3119 3338 emendavit
3169 3299 3236 3339 ex
3287 3285 3528 3356 Anglicis
3572 3301 3703 3338 mss.

2131 3374 2492 3431 Montacutius
2544 3375 2974 3440 ἀποτελοῦντος,
3031 3391 3220 3444 nempe
3267 3377 3598 3447 πνεύματος-ο
3654 3387 3708 3430 at

2131 3471 2236 3526 duo
2268 3470 2414 3538 Regii
2456 3471 2668 3525 codices
2707 3472 3063 3540 prmferebattt
3092 3469 3564 3540 ἀποτελουμένους
3598 3469 3701 3539 ψό-

2130 3578 2284 3629 φους.
2332 3561 2674 3616 Cornarius:
2713 3581 2730 3612 ι
2771 3563 2848 3615 Eo
2896 3564 3042 3631 quod
3097 3561 3360 3616 violenter
3415 3572 3705 3631 erumpant

2130 3655 2390 3722 strepitus
2440 3655 2677 3707 tonitrua
2709 3652 3020 3708 ellicientes.
3059 3672 3078 3705 »
3136 3652 3453 3709 Eustathius
3490 3673 3502 3706 :
3545 3672 3563 3704 ι
3589 3655 3705 3720 Qua

2132 3747 2358 3817 spiritus
2413 3757 2709 3815 conceptus
2775 3745 2829 3800 in
2878 3747 3111 3800 nubibus
3164 3744 3532 3813 violenterque
3582 3761 3708 3814 pro-

2135 3847 2324 3906 ruptus
2351 3835 2514 3890 ellicit
2562 3851 2754 3890 sonum
2795 3835 3161 3890 tonitrualem.
3192 3854 3211 3888 »
3259 3832 3527 3888 Caeterum
3563 3833 3704 3887 idem

2131 3927 2272 3995 quod
2321 3927 2388 3981 de
2439 3925 2682 3997 crystalli
2730 3925 2941 3994 origine
2983 3925 3145 3978 tradit
3177 3923 3407 3979 Basilius
3441 3937 3507 3977 ex
3553 3937 3706 3992 aqme

2130 4015 2510 4086 congelatione
2537 4016 2830 4082 nascentis,
2865 4015 3027 4070 tradit
3067 4025 3120 4069 et
3162 4013 3366 4068 Statius
3398 4013 3452 4066 in
3484 4010 3704 4082 Epitha-

2130 4107 2290 4162 lamio
2321 4107 2503 4163 Stella:
2523 4146 2542 4173 ,

2279 4199 2524 4270 Raraque
2554 4198 2803 4268 longtevis
2832 4198 3035 4252 nivibus
3077 4195 3329 4266 crystalla
3362 4195 3564 4266 gelari;

2130 4301 2184 4346 et
2206 4289 2409 4346 Plinius
2436 4291 2528 4346 lib.
2565 4307 2774 4355 xxxvu,
2793 4289 2967 4360 cap.2
2994 4308 3005 4342 :
3042 4309 3060 4340 ι
3083 4288 3366 4343 Contraria
3393 4303 3554 4342 causa
3581 4303 3701 4359 cry-

2131 4380 2346 4436 stallum
2375 4381 2505 4435 facit
2539 4381 2658 4452 gelu
2691 4380 3093 4436 vehementiore
3127 4389 3406 4434 concreto.
3436 4377 3542 4434 Nec
3574 4377 3698 4432 alibi

2133 4483 2286 4527 certo
2323 4473 2614 4542 reperitur,
2648 4488 2810 4542 quam
2861 4473 2953 4528 ubi
2985 4472 3224 4527 maxime
3265 4472 3504 4526 hiberna:
3553 4471 3698 4524 nives

451 4576 572 4630 sive
615 4575 926 4647 cogitationi
975 4573 1234 4629 hominis.
1255 4592 1274 4624 »
1335 4571 1648 4640 Simplicius
1693 4569 2026 4637 Eustathius,
2057 4565 2107 4626 ι)
2137 4565 2312 4632 rigent
2341 4565 2674 4633 glaciemque
2704 4579 2826 4619 esse
2866 4573 3075 4618 certum
3110 4573 3216 4627 est.
3247 4563 3390 4618 unde
3419 4573 3474 4618 et
3509 4579 3697 4618 nomen

453 4684 617 4736 quem
664 4668 836 4722 secuti
889 4681 1117 4722 sumus:
1155 4683 1174 4716 ι
1200 4663 1482 4732 Quomodo
1519 4661 1661 4717 Deus
1716 4661 2029 4729 ailoquitur,

451 4769 736 4825 nostrone,
766 4760 818 4813 id
848 4768 954 4822 est,
989 4757 1267 4811 hominum
1291 4796 1308 4822 ,
1341 4771 1514 4822 more,
1543 4756 1635 4825 qui
1667 4755 1814 4826 prius
1840 4754 2033 4810 futura:

450 4854 528 4905 rei
561 4851 791 4905 formam
821 4851 1156 4921 concipimus
1184 4849 1482 4904 intellectu.
1516 4867 1536 4900 ι

518 4938 637 4993 Col.
693 4938 762 4994 58
801 4940 844 4993 A
875 4939 930 4994 8.
974 4939 1156 5009 Ecqua
1198 4942 1425 4992 tandem.
1461 4937 1764 5006 Scripserat
1803 4936 2032 4990 fortasse

449 5033 722 5100 interpres
754 5053 767 5086 :
807 5050 825 5082 ι
853 5031 930 5086 Eu
974 5047 1094 5101 quae
1141 5030 1387 5096 tandem;
1419 5050 1439 5080 ι
1499 5029 1698 5084 clarius
1738 5029 2032 5083 Cornarius

447 5123 617 5176 «didit
649 5141 663 5176 :
696 5141 714 5174 ι
742 5123 868 5177 Haec
897 5123 1113 5192 quidem
1147 5123 1310 5192 igitur
1339 5123 1390 5176 hi
1433 5121 1526 5190 qui
1562 5121 1848 5175 materiam
1881 5121 2032 5191 inge-

451 5223 697 5270 neratam
722 5215 900 5283 opifici
933 5215 1382 5282 superinducunt.
1413 5233 1432 5265 »

523 5304 658 5359 Ibid.
684 5304 727 5358 B
758 5306 841 5358 II.
887 5303 999 5358 Nos
1039 5312 1244 5357 contra.
1276 5303 1641 5358 Consentiunt
1676 5319 1797 5356 cum
1833 5301 2029 5356 Basilio

451 5395 834 5451 Theodoretus
878 5396 1178 5465 quaestione
1211 5395 1298 5455 ll,
1337 5405 1392 5448 et
1430 5405 1620 5448 auctor
1668 5395 2030 5460 Quwslionttm

453 5491 596 5559 apud
617 5489 913 5552 JuSIinum,
939 5490 1238 5558 quzestione
1269 5487 1359 5552 57,
1393 5503 1513 5541 cum
1556 5503 1622 5541 ex
1657 5487 1840 5541 verbis
1866 5486 2031 5539 Mosis

455 5583 720 5652 colligunt
750 5581 886 5636 duos
930 5595 1051 5635 esse
1094 5581 1261 5636 caelos
1298 5602 1309 5634 :
1343 5580 1485 5647 quod
1529 5578 1782 5631 nimirum
1811 5577 2028 5641 dixerit,

454 5677 633 5743 primo
665 5674 832 5728 Deum
872 5688 1091 5728 creasse
1115 5672 1312 5726 cretum
1358 5681 1412 5725 et
1442 5681 1668 5734 terram,
1698 5669 1890 5724 deinde
1915 5670 2031 5738 jus-

455 5769 613 5831 sisse,
665 5775 720 5820 ut
768 5766 922 5820 ﬂeret
974 5764 1372 5818 firmamentum
1419 5763 1471 5816 in
1520 5761 1695 5817 medio
1745 5776 2027 5829 aquarum.

458 5858 608 5915 Licet
653 5869 831 5916 autem
865 5858 1050 5930 plures
1089 5853 1296 5911 duobus
1327 5855 1492 5910 ca-los
1521 5869 1640 5911 esse
1683 5853 1937 5925 colligere
1965 5867 2029 5909 ex

2135 4655 2308 4711 Graeci
2341 4656 2557 4710 dedere.
2584 4675 2606 4708 »
2663 4654 2719 4708 In
2751 4671 2909 4725 quem
2947 4655 3122 4710 locum
3163 4665 3390 4710 annotat
3423 4656 3696 4710 Dalecam-

2133 4751 2275 4818 pius,
2305 4763 2368 4802 ex
2400 4747 2674 4818 Agricola,
2720 4749 2813 4803 lib.
2867 4763 2917 4801 vt
2953 4747 3028 4802 De
3063 4748 3354 4816 fossilibur,
3412 4768 3430 4798 ι
3465 4747 3569 4801 falli
3598 4749 3699 4802 Pli-

2133 4841 2304 4904 nium,
2354 4840 2496 4907 quod
2562 4839 2849 4910 crystallus
2903 4855 3030 4895 vere
3091 4840 3184 4893 ﬂat
3238 4857 3303 4894 ex
3347 4840 3700 4908 lapidescente

2135 4935 2433 5003 perspicuo
2451 4949 2638 4998 succo,
2676 4949 2837 5003 quem
2866 4933 2964 4987 sub
2998 4935 3181 4996 terris,
3207 4944 3301 4986 aut
3338 4933 3476 4986 inter
3502 4931 3700 5001 gelidas

2139 5025 2353 5094 rupium
2379 5040 2545 5081 venas
2579 5026 2848 5096 frigiditas
2875 5025 3164 5079 vehemens
3191 5023 3385 5094 glaciat
3406 5033 3459 5076 et
3491 5024 3693 5076 durat.»

2133 5117 2404 5171 Diodorus
2437 5130 2652 5187 quoque
2685 5117 2900 5172 Siculus
2926 5117 3088 5171 aliam
3127 5131 3342 5170 causam
3373 5113 3574 5184 profert
3605 5113 3694 5172 lib.

2131 5221 2171 5260 ll
2220 5205 2561 5261 Bibliotheca:
2587 5223 2605 5259 :
2635 5207 2774 5270 Τοὺς
2807 5205 3175 5276 κρυστάλλους
3219 5205 3397 5268 λίθους
3431 5204 3569 5276 ἔχειν
3604 5205 3698 5276 τὴν

2134 5296 2395 5352 σύστασιν
2423 5297 2480 5364 ἐξ
2522 5295 2712 5362 ὓδατος
2741 5298 2980 5368 καθαροῦ
3025 5299 3312 5365 παγέντος,
3352 5297 3449 5367 οὐχ
3481 5296 3580 5348 ὑπὸ
3603 5294 3698 5364 ψύ-

2133 5407 2284 5460 χους,
2323 5390 2438 5443 ἀλλ’
2474 5391 2578 5443 ὑπὸ
2609 5390 2754 5443 θείου
2781 5392 2952 5462 πυρὸς
2984 5391 3287 5460 δυνάμεως-⁸
3344 5389 3694 5460 «Crystallum

2135 5499 2200 5538 ex
2246 5499 2384 5553 aqua
2431 5484 2723 5553 purissima
2768 5484 2822 5538 in
2863 5485 3088 5556 glaciem
3133 5485 3376 5538 indurata
3407 5483 3696 5538 coalescere

2135 5576 2309 5639 aiunt,
2371 5590 2476 5629 non
2533 5577 2751 5645 quidem
2810 5592 2840 5630 a
2897 5577 3122 5646 frigore,
3184 5575 3279 5631 sed
3347 5575 3514 5629 divini
3567 5575 3694 5644 ignis

2133 5668 2393 5728 potentia.
2431 5688 2450 5720 »

2215 5759 2332 5815 Col.
2382 5759 2448 5814 62
2480 5757 2522 5812 Β
2571 5761 2626 5817 5.
2695 5759 3010 5829 Specularis.
3059 5759 3151 5813 Sic
3204 5759 3570 5826 reposuimus,
3604 5770 3696 5822 pro

2139 5873 2157 5908 ι
2197 5852 2501 5923 specularii.
2557 5871 2578 5904 »
2624 5850 2681 5906 In
2745 5851 3064 5922 quibusdam
3123 5849 3363 5920 Anglicis
3410 5856 3531 5904 erat
3570 5846 3694 5901 σπέο
