3824 6214
155 349 261 406 981

1239 349 1333 405 AD
1369 349 1696 406 HOMILIAS
1732 351 1796 406 IN
1839 351 2337 411 IIEXAEMERON.

3316 355 3414 412 989

155 469 320 530 κλου,
355 473 409 519 ιιι
447 475 504 519 et
527 464 580 519 in
607 463 792 535 Regiis
812 463 1057 532 duobus;
1094 467 1373 520 mendose.
1415 464 1622 520 Plinius
1645 465 1741 520 lib.
1771 471 1819 528 Α
1847 468 1968 523 dem
2029 478 2190 538 caput
2261 470 2422 524 situm
2485 481 2606 523 esse
2640 466 2755 521 vult
2785 467 2885 522 sub
2936 465 3008 522 50
3071 465 3415 538 longitudinis

154 575 359 623 xxxvs,
392 571 512 627 cap.
543 556 617 611 2?.
649 577 662 610 :
707 576 725 608 ι
768 558 1081 627 Specularis
1113 573 1264 621 vero,
1294 558 1548 626 quoniam
1578 566 1633 612 et
1658 557 1746 614 hic

153 651 306 721 lapis
337 665 535 704 nomen
567 650 800 716 obtinet,
861 651 1110 706 faciliore
1142 649 1309 704 multo
1341 659 1555 717 natura,
1585 649 1744 704 ﬁndi-

157 751 256 794 tur
313 739 369 794 in
402 737 704 809 quamlibet.
737 747 927 794 tenues
961 749 1211 804 crustas;
1261 755 1280 790 ι
1326 746 1382 793 et
1419 737 1512 791 lib.
1556 753 1614 792 tn
1639 778 1654 801 ,
1692 751 1741 794 c.

155 829 223 882 5!
271 843 287 881 :
326 847 345 879 ε
382 828 612 882 Metallis
633 826 888 896 Hispania
923 837 1030 883 tota
1071 835 1247 882 scatet
1276 827 1517 895 citerior,
1542 836 1597 883 et
1619 842 1746 897 spe-

155 915 449 970 cularibus
495 916 789 986 lapidibus.
833 935 852 969 s
891 917 1202 987 Specularis
1256 918 1480 985 dicitur,
1517 931 1586 971 ex
1639 933 1746 987 quo

156 1007 375 1061 ﬁebant
423 1007 744 1076 specularia.
801 1009 1008 1064 Seneca
1063 1010 1224 1078 epist.
1282 1008 1396 1064 60:
1435 1027 1454 1060 ι
1490 1009 1744 1074 Quaedam

156 1109 363 1152 nostra
412 1100 631 1154 demum
680 1101 947 1170 prodiisse
977 1101 1239 1157 memoria
1271 1101 1495 1168 scimus,
1525 1111 1588 1156 ut
1621 1117 1744 1172 spe-

157 1190 500 1245 culariorum
529 1207 684 1246 usum
718 1193 1033 1261 perlucente
1056 1202 1194 1248 testa
1223 1193 1432 1246 clarum
1468 1193 1748 1248 transmit-

163 1283 406 1336 tentium
457 1283 659 1338 lumen.
703 1304 723 1336 ι
763 1286 820 1340 In
871 1301 1032 1355 quem
1094 1287 1274 1341 locum
1321 1286 1542 1354 Lipsius
1598 1293 1746 1340 recte

165 1378 387 1433 monet,
421 1371 722 1438 specularia
748 1371 987 1442 quadras
1019 1373 1135 1429 sive
1175 1375 1337 1430 orbes
1370 1375 1540 1430 fuisse
1599 1375 1748 1430 fene-

165 1461 308 1514 stris
337 1465 575 1517 insertos
595 1462 662 1517 ad
683 1464 856 1519 lucem
887 1464 1309 1530 immittendam,
1339 1476 1532 1522 ventos
1562 1467 1748 1522 exclu-

157 1549 399 1616 dendos,
432 1553 604 1608 vicem
664 1563 718 1608 et
775 1570 935 1610 usum
987 1556 1146 1611 hodie
1181 1555 1514 1622 vitreorum,
1539 1559 1683 1612 dicta
1715 1573 1746 1612 a

157 1642 348 1711 lapide
379 1645 670 1713 speculari,
705 1646 958 1715 idemque
981 1645 1268 1702 Catanaeus
1303 1647 1358 1702 in
1388 1648 1621 1704 Plinium
1651 1665 1748 1706 an-

157 1745 408 1790 notarat.
436 1736 702 1793 Martialis
745 1737 838 1792 lib.
867 1739 1150 1809 vut,epig.
1177 1737 1244 1793 14
1276 1756 1291 1792 :

307 1863 564 1941 Hibernis
603 1867 806 1941 objecta
833 1871 967 1924 notis
1000 1869 1298 1940 specularia
1324 1887 1482 1941 puros

304 1938 605 1991 Admittunt
631 1939 857 1996 soles....

233 2073 348 2127 Sed
386 2087 450 2127 ea
487 2075 806 2144 exemptitia
837 2075 1005 2130 fuisse
1037 2075 1278 2142 tradunt,
1302 2087 1362 2131 ut
1391 2094 1515 2133 cum
1549 2078 1748 2135 liberet

157 2164 537 2219 aurei-rentur.
579 2166 897 2221 Eustathius
936 2166 1040 2221 hoc
1063 2167 1180 2222 loco
1215 2169 1296 2222 sic
1322 2169 1697 2225 emendandus
1729 2189 1744 2226 :

167 2275 187 2306 ι
247 2256 317 2308 Et
347 2257 440 2324 qui
474 2258 771 2311 secundum
802 2273 954 2311 suam
991 2269 1241 2312 naturam
1286 2259 1452 2314 fuerit
1500 2261 1748 2316 sincerus

162 2346 453 2412 inventus,
485 2364 584 2404 nec
612 2349 844 2419 alicujus
873 2351 1176 2418 putredinis
1221 2353 1545 2408 admistione
1574 2353 1747 2408 foeda-

162 2449 274 2503 tur,
329 2455 429 2494 nec
463 2439 663 2496 fundus
693 2443 848 2497 rimis
884 2442 1157 2512 aliquibus
1187 2445 1346 2499 ﬁssus
1376 2455 1462 2499 est
1483 2486 1496 2508 ,
1523 2446 1634 2501 aeri
1670 2447 1747 2500 si-

161 2531 315 2585 milis
348 2531 606 2588 habetur.
641 2552 660 2584 ι
686 2533 1010 2588 Addidimus
1045 2535 1184 2603 apud
1213 2537 1610 2607 Argympylum
1637 2556 1656 2588 ι
1681 2538 1748 2592 ad

161 2625 419 2690 fundum,
456 2643 475 2675 ι
511 2635 565 2678 et
598 2643 617 2676 ι
649 2636 742 2680 aut
768 2625 980 2681 ﬁssuris
1014 2627 1320 2696 perforatus
1343 2669 1359 2694 ,
1398 2647 1416 2679 ι
1448 2637 1505 2682 ιιι
1530 2628 1750 2685 Graecus

162 2727 353 2771 textus
375 2718 650 2788 exigebat.
683 2718 976 2773 Cornarius
997 2720 1175 2784 vertit,
1216 2738 1235 2771 ι
1267 2707 1438 2790 neque
1464 2723 1751 2790 putredine

160 2810 345 2878 aliqua
371 2825 568 2866 exesus
600 2851 615 2874 ,
652 2826 830 2881 neque
861 2823 1165 2882 segmenta,
1198 2823 1290 2868 aut
1317 2813 1552 2868 striasin
1582 2813 1746 2868 altum

157 2903 462 2972 productas
494 2902 719 2957 habens.
771 2923 791 2956 ι

234 3011 356 3070 Col.
387 3013 456 3069 64
479 3013 522 3067 A
547 3014 600 3069 6.
636 3014 808 3084 Ὀμὴ
832 3015 1077 3085 ἐνορῶν.
1131 3018 1340 3087 Anglici
1368 3017 1492 3073 libri
1521 3019 1745 3088 rectius,

1847 553 2039 622 gradu,
2072 554 2374 611 latitudinis
2399 568 2528 610 vero
2547 553 2638 621 46,
2672 555 2742 609 20
2763 555 2994 610 minuto.

1920 647 2038 703 Col.
2065 647 2132 702 67
2163 649 2208 701 A
2244 647 2298 702 2.
2335 647 2574 714 Quorum
2591 659 2666 702 est
2697 646 2990 703 Eridanus.
3026 647 3182 717 Apud
3219 648 3415 704 Eusta-

1849 745 2020 800 thium
2049 742 2296 812 legimus,
2320 758 2340 792 ‹
2364 755 2590 810 quorum
2609 749 2691 795 est
2716 739 3031 803 Rhodanus,
3061 757 3081 792 ι
3106 739 3200 794 sed
3217 749 3417 793 utrum-

1847 852 1955 908 que
1976 835 2170 890 falsum
2199 842 2302 899 est,
2337 833 2454 888 sive
2483 833 2804 888 Rhodanum
2839 831 2953 887 sive
2987 831 3282 886 Eridanum
3310 831 3418 885 Pa-

1847 928 2044 981 dumve
2071 925 2244 988 dicas,
2280 940 2349 979 ex
2377 924 2652 979 montibus
2690 923 2924 992 Riphaais
2960 923 3122 989 oriri,
3156 931 3213 977 et
3239 923 3292 976 in
3325 937 3417 978 oc-

1848 1017 2172 1072 cidentalem
2219 1015 2496 1070 Oceanum
2544 1014 2799 1069 infundi:
2838 1030 2962 1069 nam
2995 1013 3306 1068 Rhodanus
3359 1014 3415 1067 in

1848 1125 2002 1164 mare
2034 1109 2494 1163 Mediterraneum
2531 1121 2634 1160 non
2673 1106 2830 1176 longe
2859 1120 2889 1160 a
2930 1104 3192 1171 Massilia,
3227 1104 3417 1160 Erida-

1847 1213 1952 1254 nus
1981 1200 2035 1253 in
2065 1199 2404 1253 Adriaticum
2428 1198 2606 1253 sinum
2631 1198 2937 1252 devolvitur
2957 1213 3124 1269 prope
3141 1197 3412 1252 Venetiae.

1847 1290 2020 1346 Porro
2049 1307 2115 1346 ex
2144 1290 2367 1359 Alpibus
2397 1289 2565 1345 ﬂuere
2593 1289 2938 1355 Rhodanum,
2971 1299 3027 1345 et
3052 1304 3148 1360 per
3167 1289 3417 1344 Allobro-

1847 1398 1972 1454 gum
2025 1398 2252 1452 campos
2310 1384 2517 1452 lapsum
2553 1383 2694 1452 apud
2726 1383 3053 1454 Lugdunum
3092 1398 3216 1439 cum
3254 1382 3414 1436 Arari

1847 1488 2208 1538 concurrere,
2241 1475 2400 1530 docet
2429 1473 2629 1528 Strabo
2675 1475 2771 1528 lib.
2818 1489 2897 1540 ιν,
2931 1475 3234 1544 eodemque
3276 1473 3416 1528 libro

1845 1564 2032 1620 lontes
2065 1565 2289 1620 Eridani
2327 1566 2517 1620 statuit
2545 1565 2599 1619 in
2631 1564 2830 1620 ﬁnibus
2855 1563 3111 1636 Ligurum
3143 1574 3198 1619 et
3220 1563 3420 1620 Medul-

1845 1655 2020 1712 lorum
2049 1700 2064 1724 ,
2101 1657 2560 1727 quemadmodum
2593 1669 2650 1712 et
2677 1656 2907 1714 Plinius.
2955 1657 3277 1713 Ptolemaeus
3326 1673 3420 1712 ca-

1846 1761 1942 1818 put
1996 1751 2114 1820 ejus
2159 1750 2314 1819 juxta
2364 1749 2590 1806 Larium
2627 1749 2804 1805 lacum
2835 1749 3070 1806 collocat
3101 1751 3202 1805 sub
3246 1751 3415 1820 gradu

1849 1841 2113 1912 longitud.
2144 1841 2238 1905 29,
2273 1857 2346 1895 m.
2385 1841 2472 1904 20,
2506 1841 2812 1897 latitudinis
2833 1841 2937 1906 ‘44,
2975 1857 3051 1896 m.
3083 1842 3174 1897 45.
3199 1841 3421 1898 Ροδῑτθο

1848 1946 1959 1996 ωο,
1991 1931 2135 2001 quod
2162 1933 2250 1986 hic
2277 1931 2529 1986 dicuntur
2557 1947 2654 2000 per
2677 1931 3008 2003 Ethiopiam
3040 1931 3266 1988 ﬂuentes
3296 1947 3418 1988 am-

1847 2039 1947 2079 nes
1982 2022 2200 2093 quidam
2244 2024 2338 2076 ὲπὶ
2365 2011 2466 2094 ’τὴν
2501 2021 2607 2089 ἔξω
2636 2025 2748 2086 τοῖς
2780 2021 3096 2092 πλεομένοις
3118 2022 3417 2077 ἀποκενοῦ-

1850 2113 1995 2178 σθαι,
2033 2113 2234 2168 rectius
2270 2129 2335 2168 ex
2369 2113 2622 2170 Medicam
2667 2113 2894 2184 legimus
2927 2113 3031 2178 ἔξω
3059 2114 3158 2184 τῆς
3186 2114 3418 2186 πλεομέ-

1848 2222 1946 2277 νης
1977 2205 2372 2260 ἀποκενοῦντω.
2397 2246 2412 2271 ,
2435 2205 2581 2276 quod
2612 2208 2754 2275 apud
2789 2207 3128 2261 Eustathium
3159 2207 3415 2274 vertitur,

1853 2315 1873 2350 ι
1912 2297 2004 2352 alii
2046 2299 2100 2352 in
2139 2298 2448 2353 citeriorem
2499 2299 2856 2354 devolvuntur
2898 2298 3209 2364 Oceanum,
3249 2317 3268 2351 ι
3317 2299 3413 2354 ubi

1850 2389 2237 2458 corrigendum
2270 2387 2506 2445 fortasse
2542 2407 2561 2439 s
2599 2391 2652 2444 in
2689 2389 3017 2446 exteriorem
3040 2430 3056 2455 ,
3093 2409 3114 2443 ι
3144 2389 3236 2461 qui
3269 2391 3421 2446 scili-

1849 2491 1940 2538 cet
1961 2491 2046 2538 est
2071 2491 2227 2536 extra
2249 2480 2546 2538 Columnas
2567 2481 2844 2548 Herculis,
2873 2491 2927 2537 et
2955 2491 3112 2538 extra
3139 2497 3291 2539 mare
3306 2481 3421 2538 Me-

1849 2576 2246 2641 diterraneum,
2277 2576 2420 2645 quod
2455 2574 2700 2646 navigari
2730 2574 2869 2630 solet
2896 2617 2910 2643 ,
2951 2583 3014 2629 ut
3045 2574 3185 2630 dixit
3212 2574 3424 2629 AriSIo-

1851 2667 1982 2723 leles
2010 2668 2129 2724 loco
2171 2663 2286 2742 jam
2333 2652 2536 2723 citato:
2573 2669 2641 2721 Ὅ
2670 2685 2729 2721 τε
2758 2666 3052 2739 Χρεμέτης
3086 2667 3168 2730 εἰς
3192 2664 3291 2736 τὴν
3317 2665 3422 2730 ἔξω

1849 2761 1943 2832 ῥεῖ.
1961 2759 2254 2814 θάλασσαν
2289 2778 2308 2812 ι
2333 2758 2649 2815 Chremetes
2683 2759 2736 2813 in
2754 2769 3036 2814 externum
3054 2772 3205 2812 mare
3224 2771 3424 2812 exone-

1849 2859 2022 2905 ratnr.
2074 2869 2094 2902 ι
2149 2850 2222 2902 Ita
2269 2849 2406 2902 dixit
2432 2859 2487 2903 et
2516 2848 2786 2902 Lucianus
2833 2849 2887 2902 in
2929 2845 3231 2901 Prometheo
3265 2845 3422 2900 :Kal.

1847 2939 1948 3010 τὴν
1978 2938 2248 2993 θάλατταν
2279 2939 2606 3010 πλεομένην,
2658 2938 2752 2992 καὶ
2784 2937 2883 3001 τὰς
2912 2938 3108 3008 νήσους
3139 2953 3422 2991 κατοικου-

1856 3034 2027 3106 μένας
2051 3051 2063 3064 σ
2107 3053 2126 3087 ‹
2171 3033 2320 3089 Mare
2352 3034 2686 3104 navigatum,
2718 3041 2773 3086 et
2818 3031 3022 3087 insulas
3058 3031 3353 3086 habitatas.
3395 3049 3414 3082 ι

161 3118 336 3172 quam
377 3104 596 3174 vulgata
649 3103 814 3160 lectio
841 3105 926 3159 vel
969 3105 1125 3176 Regii
1157 3122 1292 3162 mss.
1343 3107 1486 3160 Ἀλλ’
1519 3109 1550 3160 ὁ
1574 3107 1648 3180 μὴ
1673 3111 1750 3163 ὲν-

1856 3103 2148 3179 Externum
2189 3134 2369 3179 autem
2409 3103 2581 3190 mare,
2611 3133 2670 3178 ut
2701 3123 2841 3179 infra
2862 3165 2878 3193 ,
2911 3124 2972 3177 οὐ
3012 3123 3121 3196 γὰρ
3148 3119 3215 3195 ἦν
3255 3126 3288 3196 ἡ
3316 3122 3421 3189 ἔξω

156 3193 336 3266 ορῶν,
377 3195 519 3249 sicut
545 3195 708 3265 paulo
753 3205 877 3251 ante
909 3197 1027 3250 ἀλλ’
1067 3197 1099 3269 ἢ
1129 3200 1157 3252 ὁ
1184 3199 1258 3269 μὴ
1289 3198 1523 3253 ἀκούων.
1555 3199 1748 3255 Eusta-

167 3287 318 3340 thius
351 3286 510 3350 dixit,
552 3305 571 3337 ς
611 3287 743 3353 Quis
775 3297 956 3343 autem
1018 3300 1124 3343 tam
1175 3292 1375 3345 surdus
1407 3300 1493 3347 est
1521 3329 1537 3355 ,
1581 3307 1750 3362 quam

162 3379 262 3447 qui
322 3393 428 3432 non
483 3379 634 3432 audit
691 3380 764 3433 ita
811 3379 988 3449 palam
1043 3381 1439 3436 vociferantem
1489 3381 1752 3451 Scriptu—

167 3485 287 3524 ram
319 3508 336 3536 ,
381 3471 465 3524 vel
511 3471 633 3539 quis
677 3481 786 3525 tam
845 3487 1064 3536 caecus,
1114 3474 1216 3528 nisi
1267 3475 1361 3544 qui
1407 3476 1752 3532 evidentibus

168 3564 518 3618 documentis
566 3564 888 3619 instructus.
949 3583 968 3616 ι
1025 3565 1231 3620 Alludit
1289 3576 1471 3620 autem
1520 3570 1588 3622 ad
1661 3570 1750 3625 illa

163 3655 449 3724 propheta:
473 3654 623 3709 Isaia:
651 3671 787 3722 xui,
817 3656 918 3710 19:
947 3656 1058 3710 Kal
1073 3657 1164 3723 τίς
1183 3657 1432 3727 τυφλὸς,
1464 3660 1602 3714 ἀλλ’
1629 3661 1668 3730 ἢ
1699 3667 1752 3719 ol

166 3748 384 3814 παῖδές
425 3766 566 3818 μου,
609 3750 709 3802 καὶ
756 3749 941 3819 κωφοὶ
967 3789 982 3813 ,
1029 3750 1165 3804 ἀλλ’
1197 3749 1234 3817 ἣ
1285 3752 1340 3804 οἱ
1373 3751 1752 3820 κυριεύοντες

165 3837 407 3902 abab-1r;
438 3838 498 3890 Et
522 3840 640 3910 quis
670 3857 862 3904 circus,
893 3843 992 3894 nisi
1031 3842 1182 3908 pueri
1217 3842 1338 3906 mei,
1366 3850 1416 3896 et
1444 3844 1617 3909 surdi,
1648 3845 1750 3899 nisi

168 3934 259 4002 qui
289 3932 636 3984 dominantur
670 3932 777 3985 illis
811 3933 837 3985 1’

243 4024 364 4080 Col.
412 4024 479 4078 66
529 4025 569 4078 D
619 4023 672 4079 5.
715 4023 798 4077 Ea:
851 4022 1130 4094 Pyrenwo.
1187 4025 1430 4084 Fidelius
1483 4029 1754 4100 expressit

171 4126 414 4172 mentem
452 4119 696 4169 auctoris
726 4116 1052 4172 Eustathius
1083 4135 1094 4170 :
1140 4118 1274 4174 cAb
1299 4122 1599 4177 occidentis
1622 4135 1752 4176 vero

171 4205 486 4260 ctimatibus
513 4206 717 4260 aestivis
733 4207 832 4260 sub
854 4205 1114 4276 Pyrenzco
1136 4210 1338 4265 vertice
1367 4209 1658 4266 Tartessos
1683 4227 1697 4264 :
1724 4230 1744 4265 ι

176 4297 394 4351 tametsi
427 4297 770 4361 Aristoteles,
801 4312 868 4350 ex
890 4312 998 4366 quo
1023 4299 1125 4352 ista
1151 4299 1455 4370 desumpsit
1495 4302 1751 4370 Basilius,

176 4389 358 4455 dixit,
407 4390 472 4441 ὲκ
525 4389 624 4459 τῆς
669 4388 950 4459 Πυρήνης,
1010 4406 1052 4440 ι.
1089 4404 1154 4444 ex
1206 4390 1486 4462 Pyrenaeo.
1519 4413 1542 4444 ›
1583 4395 1751 4462 Quem

1850 3217 2123 3290 Γαδείρων
2150 3216 2416 3272 θάλασσα.

1919 3309 2056 3364 Ibid.
2093 3308 2132 3362 Β
2163 3309 2222 3363 '5.
2263 3307 2366 3374 Qui
2413 3309 2547 3363 dicis
2600 3309 2810 3379 abysso.
2859 3307 2937 3363 Ita
2974 3321 3190 3377 quoque
3223 3304 3421 3362 Latino

1851 3401 2049 3456 extulit
2083 3401 2446 3457 Eustathius:
2483 3400 2588 3466 Qui
2613 3401 2746 3454 dicis
2769 3400 2993 3470 abysso:
3040 3398 3417 3467 Dissipabsris,

1851 3501 1906 3547 et
1937 3491 2238 3548 Cornarius
2263 3531 2278 3557 ,
2333 3492 2425 3562 qui
2474 3506 2580 3546 non
2614 3491 3056 3545 animadvertunt
3100 3489 3420 3560 prophetam

1853 3583 2124 3639 introduci
2149 3584 2216 3637 ad
2253 3585 2420 3638 Deum
2443 3584 2610 3638 verba
2644 3581 2974 3648 facientem;
3010 3582 3194 3651 itaque
3217 3581 3422 3636 rectius

1850 3683 2031 3730 vertes
2082 3674 2151 3729 ad
2208 3689 2424 3729 sensum
2463 3673 2686 3728 Basilii:
2723 3671 2829 3737 Qui
2871 3671 3004 3726 dicis
3057 3672 3265 3739 abysso.
3323 3670 3421 3725 Sin

1851 3773 2031 3820 autem
2056 3774 2268 3834 spectes
2293 3763 2572 3835 prophetae
2615 3763 2786 3832 ipsius
2827 3771 3031 3816 textum
3076 3763 3216 3832 apud
3247 3760 3416 3828 LXX,

1851 3859 1972 3915 sine
2001 3858 2165 3914 dubio
2198 3857 2384 3926 lapsus
2419 3855 2684 3911 memoria
2715 3855 2930 3909 videtur
2958 3855 3208 3920 Basilius,
3237 3869 3418 3923 neque

1847 3949 1958 4020 jam
1978 3950 2241 4020 propheta
2270 3947 2408 4020 πρὸς
2429 3947 2522 4002 τὸν
2544 3946 2676 4000 Θεὸν
2691 3944 3022 4014 διαλέγεται,
3039 3955 3133 4000 aut
3155 3954 3213 3999 ut
3235 3944 3424 4000 volunt

1855 4035 2102 4106 quidam,
2136 4037 2425 4109 προφήτης
2452 4036 2585 4107 περὶ
2619 4032 2898 4099 τοῦΘεοῦ,
2928 4034 3020 4089 sed
3046 4035 3248 4105 potius,
3275 4035 3426 4103 πρὸς

1853 4125 1962 4179 τὸν
1985 4125 2142 4180 λαὸν
2191 4128 2357 4194 Θεός,
2397 4126 2645 4197 populum
2687 4125 2828 4180 Deus
2875 4125 3181 4196 alloquitur.
3241 4127 3429 4196 Itaque

1853 4228 2006 4274 recte
2033 4217 2265 4290 Vulgata
2301 4219 2516 4284 Latina,
2553 4219 2654 4285 Qui
2685 4221 2802 4274 dico
2831 4220 3121 4290 profundo,
3148 4218 3423 4278 Desolare.

1855 4310 2009 4367 Unde
2033 4320 2086 4366 et
2117 4312 2366 4382 sequitur
2395 4312 2584 4368 Graece
2619 4331 2632 4367 :
2664 4311 2762 4366 καὶ
2803 4310 2946 4378 τοὺς
2973 4312 3278 4380 ποταμούς
3309 4327 3427 4366 σου

1857 4399 2116 4468 ξηρανῶ,
2144 4409 2190 4453 et
2213 4401 2435 4469 ﬂumina
2467 4409 2558 4456 tua
2589 4401 2896 4471 arefaciam.
2935 4399 3226 4455 Praecessit
3253 4400 3425 4464 enim,

179 4481 322 4535 enim
375 4480 700 4535 Ptolemaeus
755 4491 813 4534 et
863 4482 953 4535 alii
1011 4482 1201 4538 Baetim
1258 4485 1568 4553 appellant,
1607 4487 1758 4541 Stra-
1790 4504 1834 4559 Ι)
1866 4488 1998 4545 Hcce
2047 4491 2175 4544 dicit
2228 4489 2482 4545 Dominus
2517 4493 2813 4560 redemptor
2853 4500 3007 4558 tuus,
3039 4499 3132 4545 et:
3162 4489 3428 4544 Memento

181 4574 310 4628 boni
344 4581 400 4628 et
430 4572 717 4626 Pausaniae
747 4572 1036 4628 Tartessus
1075 4584 1178 4629 est.
1208 4577 1387 4645 Atque
1429 4579 1480 4632 in
1521 4578 1754 4634 Atlanti-

181 4681 302 4722 cum
336 4666 554 4734 quidem
588 4678 739 4717 mare
770 4678 959 4717 verum
998 4675 1082 4720 est
1115 4663 1431 4720 Tartessum
1469 4669 1754 4722 exonerari

179 4769 359 4812 ortum
388 4773 450 4811 ex
487 4756 772 4826 Pyrenaeo,
794 4758 885 4810 sed
911 4758 1110 4812 Istrum
1137 4775 1231 4812 seu
1253 4758 1555 4813 Danubium
1579 4776 1644 4814 ex
1666 4761 1756 4816 illo

182 4849 348 4903 ﬂuere
383 4848 576 4902 falsum
605 4858 708 4913 est,
737 4859 794 4901 ut
823 4850 966 4917 quod
1008 4850 1084 4901 ait
1116 4849 1321 4902 Seneca
1349 4889 1363 4914 ,
1399 4850 1494 4904 lib.
1555 4867 1606 4904 vl
1642 4851 1757 4904 Na—

183 4942 433 4995 turalium
462 4940 832 5009 quastionum,
870 4940 1018 4993 illum
1052 4939 1323 5010 Europam
1359 4950 1409 4995 et
1433 4942 1619 4996 Asiam
1645 4944 1757 4997 dis-

187 5034 521 5098 terminare,
577 5033 720 5101 quod
777 5031 948 5085 Tanai
995 5033 1175 5099 potius
1235 5030 1402 5086 ﬂuvio
1460 5035 1780 5106 convenit:

186 5123 277 5178 sed
334 5123 437 5177 ista
493 5124 853 5193 geographica
911 5138 1016 5176 non
1064 5124 1136 5176 ita
1189 5133 1384 5178 exacte
1432 5123 1756 5182 Aristoteles

187 5217 386 5285 aliique
418 5215 722 5285 philosophi
754 5215 1135 5284 expendcrunt
1161 5255 1178 5283 ,
1213 5230 1351 5286 quos
1385 5217 1511 5270 dum
1549 5216 1756 5276 ἀϐασα-

185 5309 379 5368 νίστως
401 5308 648 5378 sequitur
689 5309 1068 5363 sanctissimus
1114 5308 1275 5365 Pater
1307 5308 1563 5375 Basilius,
1590 5311 1756 5364 multa

188 5403 276 5456 hic
306 5401 613 5470 descripsit,
644 5416 766 5468 qua:
796 5401 863 5455 ad
907 5400 1184 5456 Ptolemaei
1227 5403 1411 5471 potius
1442 5411 1499 5458 et
1522 5403 1756 5457 Strabo-

186 5494 273 5549 nis
299 5493 638 5560 aliorumque
675 5492 1062 5546 historicorum
1093 5495 1354 5548 amussim
1393 5495 1756 5549 examinanda

191 5596 340 5643 sunt.
372 5585 603 5641 Danubii
637 5599 771 5656 ergo
792 5585 972 5640 fontes
995 5587 1225 5641 collocat
1255 5586 1454 5641 Strabo
1483 5587 1547 5641 in
1574 5586 1755 5641 medio

191 5681 342 5737 silvae
393 5680 710 5752 Hercyniae,
742 5677 1196 5750 quemadmodum
1222 5687 1278 5734 et
1308 5679 1505 5746 Rheni,
1536 5679 1628 5734 lib.
1657 5695 1754 5744 vn,

187 5789 306 5846 qu.e
342 5774 474 5832 silva
502 5774 558 5829 in
587 5774 879 5832 Germania
907 5781 989 5832 est
1027 5793 1038 5829 :
1071 5773 1394 5832 Ptolemaeus
1417 5783 1596 5832 autem
1621 5773 1760 5844 ejus-

1860 4581 2069 4646 Itorum,
2095 4581 2284 4635 Iacob.
2336 4581 2454 4636 Duo
2480 4582 2635 4650 Regii
2660 4583 2881 4637 codices
2900 4591 3217 4637 constanter
3237 4581 3425 4652 legunt

1861 4671 2000 4743 πρὸς
2020 4671 2110 4725 τὸν
2131 4670 2284 4728 Gem).
2313 4670 2911 4734 Immutavimusillud,
2958 4689 2978 4723 ‹
3011 4669 3292 4740 vulgarem
3315 4671 3430 4739 qui-

1860 4764 1981 4818 dem
2040 4778 2295 4818 sermone
2320 4801 2337 4826 ,
2383 4773 2490 4817 set
2536 4763 2915 4818 substituimus
2950 4762 3194 4831 Vulgata:
3220 4761 3427 4816 Latina-

1859 4855 2164 4909 versionem
2199 4863 2533 4908 :-mntuatur
2573 4855 2720 4908 enim
2777 4855 2879 4908 hoc
2932 4853 3000 4906 ab
3047 4851 3307 4918 Apostolo
3334 4891 3348 4914 ,
3383 4849 3427 4905 Il

1860 4941 1986 4998 Cor.
2024 4959 2105 5007 x1,
2139 4941 2172 4996 6
2205 4960 2217 4996 :
2258 4945 2326 4998 El
2347 4942 2416 4995 δὲ
2451 4944 2550 4996 καὶ
2590 4943 2823 5011 latcbth
2857 4941 2938 5008 τῷ
2960 4944 3150 5013 λόγῳ,
3185 4942 3324 4996 ἀλλ’
3355 4944 3428 4994 οὐ

1861 5035 1938 5105 τῇ
1970 5035 2206 5106 γνώσει.
2242 5034 2382 5089 Nam
2419 5037 2515 5089 etsi
2561 5037 2835 5106 imperitus
2890 5052 3126 5090 sermone
3149 5076 3164 5099 ,
3190 5035 3281 5089 sed
3323 5051 3430 5088 non

1858 5128 2101 5181 scientia.
2125 5126 2440 5181 Eustathius
2477 5127 2644 5183 dixit:
2672 5145 2691 5179 ι
2720 5127 2894 5182 Nullis
2923 5129 3142 5199 quidem
3166 5125 3430 5182 facundia

1863 5219 2102 5287 phaleris
2134 5228 2496 5286 exornatum,
2519 5219 2763 5275 scientiae
2791 5233 2920 5275 vero
2959 5220 3170 5274 ratione
3205 5218 3426 5288 potissi-

1862 5329 2031 5367 nium.
2065 5331 2098 5364 )-

1935 5406 2050 5461 Col.
2080 5405 2148 5460 69
2177 5405 2218 5461 C
2242 5405 2329 5461 10.
2371 5403 2764 5461 Μεταθεῒσαν.
2803 5405 3106 5475 Legebatur
3140 5412 3300 5458 antea
3333 5420 3431 5473 με-

1862 5499 2208 5565 τατιθέντος,
2251 5500 2346 5555 sed
2385 5515 2452 5555 ex
2496 5498 2734 5569 Anglicis
2777 5498 3055 5554 codicibus
3099 5497 3153 5553 in
3186 5498 3432 5568 margine

1866 5590 2158 5660 ascriptum
2191 5601 2313 5646 erat
2374 5590 2720 5662 μεταθεῖσαν,
2759 5589 2903 5661 quod
2951 5603 3132 5660 operte
3168 5597 3427 5661 typogra-
3491 5659 3501 5667 μ

1865 5681 2040 5750 phicte
2088 5681 2142 5735 in
2187 5691 2393 5737 textum
2435 5683 2794 5752 admiserunt,
2851 5689 2907 5736 at
2940 5681 3219 5751 sequentia
3263 5683 3432 5750 parti-

1869 5771 2009 5843 cipia
2069 5786 2173 5828 non
2233 5772 2360 5830 item
2417 5774 2774 5831 immutarunt
2815 5791 2831 5833 '.
2868 5773 2936 5830 lin
2982 5772 3192 5832 duobus
3245 5769 3432 5842 Regiis
