3824 6214
436 351 540 407 985

1595 361 1804 417 NOTIE
1847 363 1885 417 F
1893 359 2032 416 RON
2039 359 2128 416 ΤΟ
2137 359 2250 417 NIS
2288 363 2518 422 DUCEI

3585 379 3700 433 985

431 475 694 543 scriptum
723 473 1043 531 offendimus
1088 478 1495 548 μετατιθεῖσαν,
1527 492 1581 536 et
1621 483 1673 538 in
1718 483 2004 554 sequenti-
2036 485 2083 541 Α
2118 482 2231 537 lloc
2262 494 2370 548 est,
2401 487 2786 554 disputandum
2815 489 3077 545 adversus
3111 505 3205 546 eos
3228 493 3320 560 qui
3353 508 3417 547 ex
3443 494 3694 550 Ecclesia

427 568 530 624 bus
554 567 763 639 τροπὰς
793 568 1099 638 ἀπάγοντα,
1133 573 1334 642 σημεῖα
1370 573 1746 643 μετατιθέντα,
1790 585 1844 630 et
1882 593 2004 646 τρο-

428 660 538 722 πὰς
572 660 914 728 ἐπανάγοντα
949 676 964 691 ο
1016 676 1136 731 quae
1181 677 1306 716 cum
1355 666 1600 720 nonnihil
1651 668 1761 721 sint
1807 668 2003 721 ἀνακόρ

427 752 596 807 itoan
624 793 641 818 ,
670 753 905 808 libenter
951 761 1225 824 receptam
1281 765 1444 812 antea
1480 757 1768 813 lectionem
1801 761 2002 815 retine-

429 858 566 898 rem.
599 843 920 900 Eustathius
957 845 1229 914 quomodo
1257 844 1470 918 legerit,
1511 863 1579 904 ex
1618 850 1788 919 ipsius
1818 849 2000 906 verbis

427 935 654 1005 conjice.
687 955 706 988 ι
741 937 807 990 Et
845 949 994 991 certe
1029 937 1276 994 videmus
1325 941 1746 996 moderatricem
1777 943 2001 1012 sapien-

429 1030 558 1082 tiam
589 1029 706 1094 Dei,
740 1029 906 1085 solem
937 1031 991 1085 in
1025 1029 1159 1086 alias
1188 1041 1371 1100 partes
1397 1048 1464 1088 ex
1494 1033 1616 1088 aliis
1645 1043 2001 1104 transponen-

426 1128 557 1175 tem.
583 1119 691 1175 Sed
723 1136 866 1176 nunc
910 1135 1036 1176 eum
1075 1123 1140 1177 ad
1189 1125 1480 1180 australem
1515 1141 1731 1190 zonam,
1757 1143 1900 1182 nunc
1927 1127 1996 1180 ad

427 1211 582 1279 signa
627 1210 934 1266 solstitialia
967 1227 1066 1282 pro
1122 1221 1428 1284 temporum
1464 1219 1767 1272 mutatione
1805 1219 1997 1273 tradu-

426 1302 522 1356 cit.
559 1321 578 1354 ι

498 1393 613 1448 Col.
639 1395 696 1449 71
728 1394 770 1447 Β
797 1395 851 1450 5.
885 1395 953 1454 Ut
1003 1399 1117 1452 lucc
1150 1399 1266 1454 caeli
1299 1399 1612 1467 appetlatio.
1638 1399 1755 1455 Non
1803 1399 1871 1455 de
1902 1417 1996 1470 ap-

429 1486 718 1555 pellatione
747 1487 871 1544 cteli
894 1489 1094 1560 agitur,
1121 1491 1216 1545 sed
1245 1492 1311 1546 de
1359 1491 1599 1546 dictione
1627 1492 1992 1547 ﬁrmamenti:

431 1593 603 1647 neque
635 1588 780 1635 recte
809 1581 975 1635 vertit
1018 1582 1122 1636 hoc
1148 1581 1467 1638 Eustathius
1501 1599 1518 1636 :
1550 1600 1570 1634 ι
1613 1582 1841 1653 Proprie
1873 1584 1994 1654 qui-

429 1671 550 1725 dem
582 1670 728 1726 aliud
773 1671 847 1726 illi
884 1672 1217 1728 conveniens
1275 1672 1460 1728 fuerat
1509 1689 1706 1728 nomen
1741 1692 1756 1729 :
1790 1675 1996 1732 scimus

429 1767 608 1815 tamen
641 1761 939 1830 saepissime
970 1762 1166 1818 caelum
1226 1762 1335 1817 dici
1379 1763 1558 1817 locum
1592 1765 1829 1833 spissum
1857 1766 1995 1820 den-

427 1857 716 1919 satumque
745 1851 909 1906 aeris.
961 1869 982 1904 ι
1013 1852 1316 1908 Cornarius
1347 1871 1362 1906 :
1398 1871 1418 1906 ε
1458 1852 1740 1923 Tanquam
1773 1857 1996 1926 proprie

427 1941 645 2010 quidem
689 1942 848 1998 alteri
889 1944 1252 2014 appellatione
1279 1959 1636 2016 congruente,
1658 1947 1814 2018 juxta
1845 1950 1998 2004 simi-

429 2033 707 2088 litudinem
752 2047 886 2088 vero
923 2037 1087 2090 etiam
1135 2037 1238 2092 hoc
1284 2038 1706 2107 appellationem
1744 2049 1994 2095 transsu-

426 2133 658 2178 mente.»
686 2124 801 2180 Hoc
835 2125 946 2180 vult
973 2127 1202 2193 scilicet,
1230 2127 1553 2184 ﬁrmamenti
1583 2132 1996 2202 appellationem

426 2215 580 2270 alteri
608 2217 925 2283 convenire,
954 2220 1048 2274 sed
1069 2220 1262 2275 caelum
1285 2231 1464 2276 tamen
1499 2237 1598 2292 per
1630 2224 2000 2294 participatio-

426 2321 549 2360 nem
577 2307 950 2364 similitudinis
973 2311 1259 2380 appellari.
1285 2311 1552 2368 Caeterum
1586 2313 1737 2370 locus
1765 2315 1874 2379 ille,
1891 2333 1996 2370 πε-

423 2399 630 2470 τόμενα
675 2399 817 2454 κατὰ
864 2400 925 2454 τὺ
971 2403 1258 2474 στερέωμα
1285 2403 1379 2457 τοῦ
1411 2404 1679 2474 οὐρανοῦ,
1709 2407 1998 2476 decerptus

423 2497 507 2544 est
547 2505 614 2546 ex
652 2488 848 2545 Genesi
876 2506 994 2560 cap.
1028 2507 1066 2556 ι,
1104 2508 1241 2549 vers.
1267 2493 1373 2558 20,
1417 2510 1578 2564 quem
1612 2496 1684 2549 ita
1722 2497 1999 2564 expressit

427 2580 485 2635 S.
512 2581 830 2638 Ambrosius
866 2581 960 2638 lib.
991 2599 1055 2648 rt,
1085 2599 1206 2654 cap.
1239 2585 1273 2639 4
1298 2604 1312 2640 :
1341 2585 1623 2660 iVolatilia
1651 2588 1869 2655 cteli,et
1896 2605 1992 2643 vo-

423 2671 589 2728 lantia
637 2688 800 2743 super
831 2683 1034 2731 terram
1084 2691 1242 2732 secus
1265 2677 1668 2732 ﬁrmamentum
1703 2679 1828 2735 coeli
1863 2697 1878 2734 :
1927 2695 1994 2736 eo

429 2765 575 2833 quod
631 2764 870 2819 volatilia
916 2767 1057 2821 circa
1110 2769 1447 2837 superiorem
1493 2770 1767 2825 versantia
1813 2771 1993 2826 locum

428 2865 632 2908 terram
668 2864 937 2924 spectent.
977 2877 996 2908 ι
1039 2857 1147 2914 Sed
1207 2858 1626 2930 distinguendus
1667 2870 1752 2915 est
1809 2869 1992 2916 tamen

423 2947 576 3015 prior
607 2948 760 3004 locus
779 2964 844 3003 ex
875 2949 1084 3019 psalmo
1108 2967 1226 3018 vm,
1249 2953 1309 3017 9,
1327 2954 1563 3009 uolucres
1585 2955 1722 3018 casti,
1755 2970 1785 3009 a
1814 2965 1994 3025 poste-

421 3040 556 3094 rlori
579 3055 644 3094 ex
677 3041 960 3097 tGenesis.
979 3043 1218 3109 Quartus
1251 3047 1466 3100 demum
1485 3059 1551 3100 ex
1588 3045 1991 3102 Deuteronomii

2114 589 2261 644 sunt,
2291 595 2398 632 non
2429 581 2541 650 jam
2572 581 2773 636 ethnici
2815 592 2908 635 aut
2938 587 3130 653 pagani
3161 595 3218 639 ut
3246 586 3320 640 illi
3357 589 3694 659 philosophi,

2106 667 2178 720 de
2215 669 2414 737 quibus
2444 678 2600 724 antea
2634 670 2978 740 loquebatur.
3029 673 3314 744 Origenem
3357 677 3500 730 enim
3556 694 3696 748 sup-

2108 772 2300 825 presso
2356 759 2474 829 ejus
2523 761 2742 816 nomine
2777 771 2945 827 laxat,
2970 773 3023 817 et
3047 766 3202 833 quasi
3235 769 3505 821 somnium
3563 771 3693 821 ani-

2112 851 2329 920 lemque
2360 851 2596 907 fabulam
2625 855 3020 924 expositionem
3070 857 3188 926 ejus
3237 858 3418 926 rejicit
3448 902 3462 924 ,
3491 869 3554 913 nt
3591 861 3696 912 ad-

2110 951 2296 999 monet
2331 943 2581 1000 Pererius
2619 946 3020 1000 eruditissimus
3052 947 3261 1003 ordinis
3308 951 3478 1003 nostri
3526 951 3696 1005 theo-

2105 1034 2258 1103 logus
2295 1034 2348 1087 in
2380 1033 2781 1090 Commentario
2817 1035 2868 1088 in
2902 1035 3045 1090 hunc
3069 1035 3349 1090 Geneseos
3383 1037 3589 1090 locum.
3637 1037 3693 1090 ls

2101 1125 2269 1188 enim,
2294 1125 2746 1193 quemadmodum
2780 1125 2946 1180 refert
2971 1127 3301 1195 Epiphanius
3330 1127 3386 1180 in
3412 1125 3588 1197 Epist.
3613 1130 3691 1180 ad

2101 1217 2262 1269 Joan.
2289 1213 2852 1287 Hierosolymitanum,
2874 1231 2996 1286 quae
3023 1217 3162 1287 apud
3187 1215 3579 1288 Hieronymum
3599 1226 3692 1271 est

2099 1306 2192 1371 60,
2215 1307 2496 1362 veritatem
2548 1309 2788 1362 historite
2814 1309 3087 1378 allegoria:
3103 1309 3383 1363 mendacio
3411 1309 3693 1378 deprava-

2099 1397 2212 1462 bat,
2237 1405 2294 1452 et
2315 1410 2486 1465 aquas
2503 1412 2622 1466 qua:
2637 1412 2798 1466 super
2825 1398 3223 1453 ﬁrmamentum
3257 1409 3414 1464 sunt,
3433 1416 3538 1453 non
3557 1413 3691 1454 esse

2103 1501 2296 1556 aquas,
2329 1490 2422 1542 sed
2452 1487 2806 1543 fortitudines
2857 1489 3117 1558 quasdam
3156 1488 3410 1558 angelica!
3437 1499 3688 1555 potesta-

2102 1581 2190 1644 tis,
2215 1588 2271 1634 et
2299 1594 2488 1634 rursus
2513 1592 2684 1647 aquas
2718 1595 2838 1648 quas
2869 1593 3032 1648 supeg
3057 1589 3257 1634 terram
3289 1588 3436 1643 sunt,
3467 1581 3572 1633 hoc
3597 1588 3688 1634 est

2099 1670 2200 1725 sub
2226 1670 2591 1738 ﬁrmamento,
2620 1685 2742 1724 esse
2773 1671 3001 1725 virtutes
3028 1671 3362 1734 contrarias,
3390 1672 3442 1724 id
3461 1681 3549 1726 est
3570 1673 3686 1725 dte-

2101 1779 2291 1818 mones
2318 1782 2333 1818 :
2367 1771 2422 1818 et
2463 1763 2852 1835 Hieronymus,
2879 1765 3040 1834 epist.
3072 1763 3162 1828 6|,
3194 1772 3404 1818 sextum
3431 1763 3683 1832 ejusdem

2101 1868 2344 1908 errorem
2381 1866 2657 1920 numerat,
2689 1855 2834 1922 quod
2863 1853 2944 1908 sic
2990 1855 3302 1922 paradisum
3333 1852 3680 1923 allegorizet,

2105 1965 2126 1997 α
2161 1955 2221 1999 ut
2254 1946 2498 2000 historia:
2532 1945 3086 2010 auferatveritalem,
3122 1960 3222 2013 pro
3261 1944 3552 2000 arboribus
3577 1959 3685 1998 an-

2099 2037 2274 2106 gelos,
2303 2053 2401 2107 pro
2444 2036 2757 2090 ﬂuminibus
2787 2036 3019 2091 virtutes
3049 2036 3308 2090 ccclestes
3346 2035 3677 2103 intelligens.

2099 2128 2427 2198 Septimum,
2463 2127 2604 2196 quod
2633 2142 2825 2198 aquas,
2859 2141 2980 2196 quae
3014 2141 3178 2195 super
3207 2125 3376 2180 caelos
3427 2126 3483 2179 in
3524 2124 3683 2180 Scri—

2097 2219 2272 2286 pturis
2303 2235 2425 2274 esse
2458 2220 2733 2284 dicuntur,
2765 2229 2987 2274 sanctas
3009 2232 3379 2286 supernasque
3405 2217 3640 2270 virtutes
3658 2231 3684 2282 ;

2096 2328 2217 2383 quae
2248 2328 2411 2383 super
2445 2320 2650 2367 terram
2677 2351 2693 2376 ,
2728 2320 2784 2365 et
2817 2309 2960 2364 infra
2993 2319 3196 2364 terram
3219 2347 3235 2374 ,
3265 2309 3574 2362 contrarias
3623 2317 3682 2362 et

2098 2406 2459 2459 daemoniacas
2513 2418 2632 2459 esse
2678 2404 3002 2458 arbitretur.
3054 2421 3077 2453 ι
3115 2403 3185 2455 At
3228 2401 3508 2456 contraria
3546 2415 3676 2455 sen-

2099 2496 2270 2550 tentia
2293 2495 2405 2549 fere
2438 2493 2683 2549 omnium
2715 2502 2958 2547 veterum
2987 2491 3211 2546 Patrum
3243 2502 3326 2546 est
3359 2501 3470 2546 tam
3520 2492 3682 2548 Crte-

2099 2603 2286 2642 cornm
2339 2601 2502 2652 quam
2547 2584 2888 2651 Latinorum,
2917 2598 3053 2654 quos
3072 2593 3391 2638 enumerant
3419 2600 3545 2639 cum
3571 2583 3682 2640 Pe-

2097 2679 2272 2733 rerins
2304 2679 2446 2732 idern
2475 2716 2493 2743 ,
2530 2687 2641 2730 tum
2685 2676 2950 2730 Martinus
3001 2675 3212 2730 Delrius
3247 2679 3374 2730 item
3403 2685 3596 2731 noster
3623 2678 3684 2730 in

2096 2753 2455 2834 tGeneseos,
2491 2784 2655 2824 veras
2703 2777 2756 2822 et
2804 2769 3080 2824 naturales
3118 2783 3242 2823 esse
3292 2783 3464 2838 aquas
3508 2783 3686 2838 supra

2096 2863 2292 2920 ctelum
2318 2862 2582 2926 siderum,
2629 2872 2689 2915 ut
2724 2860 3101 2916 Theodoretus
3133 2869 3324 2930 quaest.
3359 2860 3450 2926 ll,
3476 2859 3676 2914 Justini

2099 2955 2463 3022 Quaestionum
2524 2964 2734 3018 auctor,
2766 2961 2960 3022 quaest.
3010 2952 3205 3017 πνοι
3251 2951 3568 3008 Gennadius
3620 2951 3678 3005 in

2095 3049 2296 3105 Catena
2327 3087 2342 3111 ,
2372 3045 2528 3116 cujus
2565 3045 2904 3114 expressisse
2943 3045 3109 3098 verba
3168 3043 3308 3097 Beda
3361 3043 3577 3097 videtur
3619 3043 3678 3096 in

420 3131 723 3200 “me5.
746 3134 939 3204 quisic
971 3133 1305 3192 eﬁ‘erehatur
1335 3137 1389 3192 in
1422 3137 1706 3193 Basiliensi
1728 3139 1990 3207 editione,
2017 3157 2064 3220 ρ
2095 3139 2234 3195 libro
2267 3137 2346 3192 De
2367 3147 2558 3192 natura
2592 3153 2791 3200 rerum,
2825 3151 2917 3191 eas
2941 3150 3110 3204 aquas
3129 3135 3315 3190 dicens
3337 3137 3404 3190 ad
3436 3135 3672 3207 refrige-

421 3223 529 3278 ἁπδ
555 3224 696 3297 ὅρων
725 3224 956 3296 οὐρανοῦ
988 3226 1082 3280 καὶ
1121 3227 1335 3298 δρόσου,
1365 3243 1474 3298 quo
1501 3238 1658 3298 pacto
1679 3239 1734 3284 et
1751 3232 1987 3286 Ambro-

421 3315 537 3370 sius
558 3314 770 3370 videtur
798 3314 990 3384 legisse
1022 3316 1158 3370 libro
1185 3316 1260 3370 De
1289 3317 1728 3373 benedictionibus
1762 3320 1993 3388 patriar-

417 3403 660 3468 charum,
689 3419 819 3474 cap.
845 3404 906 3458 H
941 3423 957 3461 ;
989 3403 1323 3470 Eustathius,
1356 3424 1388 3460 a
1416 3407 1612 3476 ﬁnibus
1643 3409 1762 3463 cali
1785 3424 1805 3462 :
1839 3419 1896 3465 at
1932 3411 1985 3466 in

419 3495 750 3553 llenriciano
773 3497 961 3554 codice
989 3499 1097 3552 ἀπὺ
1120 3499 1230 3552 τῶν
1257 3499 1419 3570 ὀρῶν,
1451 3517 1484 3554 a
1516 3503 1778 3557 montibus
1800 3543 1816 3569 ,
1845 3505 1990 3572 quod

421 3602 478 3646 et
529 3593 583 3646 in
636 3593 910 3649 nonnullis
949 3594 1356 3648 Deuteronomii
1390 3596 1672 3652 codicibus
1722 3598 1987 3667 scriptum

421 3683 648 3752 reperiri
677 3683 972 3740 Flaminius
994 3684 1241 3740 Nobilius
1268 3694 1536 3740 testatur:
1561 3700 1685 3740 vera
1719 3698 1801 3742 est
1828 3689 1990 3743 lectio

419 3773 658 3829 Medicaei
708 3773 852 3838 libri,
881 3791 1044 3846 quam
1073 3776 1463 3846 expressimus,
1489 3787 1544 3832 et
1568 3776 1830 3833 Romanae
1868 3780 1987 3834 edi-

422 3866 585 3921 tionis
630 3864 796 3931 LXX,
821 3866 940 3921 ἀπὸ
968 3867 1088 3922 τῶν
1129 3867 1316 3936 ὡρῶν,
1347 3885 1380 3922 a
1419 3868 1680 3938 fructibus
1702 3886 1726 3934 ;
1764 3868 1988 3939 Vulgata

420 3953 638 4024 Latina,
670 3958 735 4010 de
754 3959 922 4028 pomis
965 3958 1079 4013 casti
1106 3970 1152 4014 et
1177 3975 1312 4014 rore.
1351 3958 1468 4014 Vox
1510 3959 1734 4015 Hebrum
1766 3961 1990 4018 delicias

419 4056 473 4102 et
509 4047 770 4103 delicatos
822 4047 1034 4104 fructus
1079 4049 1352 4118 signiﬁcat
1376 4091 1390 4116 ,
1430 4052 1576 4105 unde
1607 4050 1886 4120 Pagninus
1921 4055 1988 4108 ad

416 4139 684 4205 verbum,
733 4157 753 4192 ι
810 4140 877 4193 de
931 4139 1179 4194 delicatis
1229 4141 1514 4196 calorum.
1569 4159 1589 4194 ι
1627 4141 1767 4197 Male
1825 4145 1991 4215 igitur

419 4229 719 4288 Kircherus
763 4232 1112 4302 Auguslanus
1169 4233 1225 4287 in
1286 4233 1470 4288 Indice
1523 4235 1816 4291 Bibliorum
1879 4239 1989 4294 He—

421 4319 808 4377 braico—ereo
854 4336 1042 4377 vocem
1090 4323 1250 4378 istam
1306 4323 1491 4379 docuit
1524 4344 1543 4378 ι
1576 4336 1813 4381 montem
1859 4346 1880 4379 ι
1910 4330 1988 4382 si-

422 4413 704 4482 gniﬁcare,
741 4415 884 4470 hunc
914 4415 1090 4472 locum
1119 4416 1295 4472 citans
1317 4459 1332 4484 ,
1365 4433 1486 4472 cum
1517 4417 1678 4490 ὡρῶν
1701 4419 1986 4488 legendum

2097 3231 2366 3286 rationem
2408 3238 2461 3281 et
2484 3226 2933 3294 temperationem
2967 3225 3184 3278 ardoris
3223 3225 3463 3279 siderum
3502 3225 3678 3280 fuisse

2095 3329 2458 3389 comparatas.
2505 3317 2770 3373 Gennadii
2824 3317 2994 3371 verba
3043 3327 3169 3369 sunt
3207 3333 3270 3369 ex
3327 3331 3429 3371 ms.
3462 3318 3680 3373 codicis

2100 3414 2380 3471 illustriss.
2431 3411 2726 3466 cardinalis
2770 3410 3002 3467 Joeusaei
3052 3412 3322 3480 exscripta
3365 3429 3381 3466 :
3423 3411 3544 3464 Ἵνα
3577 3408 3672 3466 οὖν

2099 3509 2176 3580 μὴ
2214 3506 2370 3560 τοῦτο
2427 3504 2654 3574 πάσχων
2710 3504 2933 3556 ἀπείποι
2980 3503 3116 3575 πρὸς
3166 3502 3262 3574 τὴν
3299 3502 3488 3557 στάσιν
3516 3505 3676 3569 me,

2094 3596 2209 3651 ἀλλ’
2237 3595 2522 3667 ἁράματον
2549 3593 2752 3664 ὁμοίως
2782 3593 2877 3646 καὶ
2903 3594 3096 3664 ἀγήρω
3127 3593 3356 3646 πάντοτε
3383 3594 3630 3664 διαμένοι
3652 3637 3678 3661 ,

2098 3687 2276 3757 σοφῶς
2304 3689 2334 3739 ὁ
2353 3685 2741 3757 ἁριστοτέχνης
2771 3684 2903 3748 Θεὸς
2932 3684 3031 3753 τὴν
3062 3685 3353 3756 ἀφαίρεσιν
3385 3686 3471 3738 ἐπ’
3501 3686 3677 3739 αὑτοῦ

2093 3780 2203 3834 τῶν
2234 3779 2441 3833 ὑδάτων
2480 3778 2886 3848 ἐμηχανήσατο,
2919 3779 3016 3847 τῆς
3045 3779 3107 3829 ὲκ
3141 3777 3354 3830 τούτων
3380 3777 3642 3847 ὲγγινομέ

2095 3889 2192 3944 νης
2226 3869 2372 3940 αὐτῷ
2405 3867 2762 3938 καταψύξεως
2789 3867 2925 3939 πρὸς
2950 3869 3056 3938 τὴν
3081 3871 3146 3921 ὲκ
3174 3867 3284 3921 τῶν
3315 3869 3531 3938 ἄστρων
3577 3870 3676 3921 ἀν-

2093 3961 2559 4032 τικαθισταμένης
2592 3959 2902 4031 θερμότητα
2927 3974 2944 3989 ·
2983 3976 3002 4009 c
3049 3961 3128 4013 Ne
3156 3974 3260 4028 qua
3292 3960 3452 4029 igitur
3473 3959 3672 4014 caloris

2097 4054 2377 4109 vicinitate
2405 4052 2732 4116 solveretur,
2775 4053 2873 4106 sed
2897 4052 2950 4105 in
2981 4066 3081 4106 suo
3102 4061 3247 4106 statu
3271 4065 3488 4121 semper
3518 4052 3672 4106 inde-

2099 4146 2301 4200 fessum
2334 4153 2705 4206 aeternumque
2746 4144 2970 4198 duraret
2992 4144 3393 4197 firmamentum
3413 4183 3429 4209 ,
3454 4144 3676 4213 sapiens

2103 4235 2436 4290 architectus
2464 4234 2580 4304 ipse
2617 4233 2756 4288 Deus
2787 4236 3184 4304 separationem
3238 4234 3377 4288 hanc
3403 4247 3674 4301 aquarum~

2098 4327 2394 4397 prudenter
2419 4325 2774 4394 excogitavit,
2817 4335 2876 4378 ut
2904 4339 3092 4379 earum
3125 4324 3544 4394 refrigeratione
3563 4339 3665 4378 as-

2098 4423 2186 4469 tus
2231 4413 2470 4468 siderum
2500 4414 2572 4468 ita
2603 4423 2967 4482 temperaret,
2995 4423 3054 4468 ut
3077 4422 3322 4469 neutram
3358 4413 3412 4468 in
3457 4425 3666 4484 partem

420 4505 514 4567 sit,
539 4519 647 4560 non
681 4503 830 4576 ὀρῶν
862 4519 876 4534 ο
922 4505 1142 4560 tametsi
1172 4503 1345 4560 Biblia
1373 4505 1701 4562 Germanica
1725 4506 1992 4565 Basilien-
2025 4513 2072 4569 D
2098 4507 2390 4561 laboraret.
2420 4525 2440 4558 ι

419 4598 504 4651 sia-
538 4596 824 4652 lectionem
865 4597 1010 4651 illam
1058 4604 1315 4651 tueantur
1354 4616 1368 4651 :
1415 4599 1873 4667 quemadmodum
1935 4613 1990 4658 et

417 4702 702 4758 perperam
751 4687 1032 4742 contendit
1073 4685 1274 4742 ibidem
1337 4701 1528 4744 vocem
1579 4691 1823 4746 eamdem
1878 4692 1988 4749 lle-

419 4779 618 4833 braeam
663 4787 780 4839 Ἴδῃ
822 4779 1030 4850 τροπὴν
1065 4780 1448 4834 conversionem
1496 4796 1711 4850 sonare,
1739 4795 1989 4853 pr0pter-

416 4886 480 4925 ea
511 4872 653 4940 quod
676 4871 729 4925 in
753 4871 944 4926 eodem
970 4871 1091 4926 loco
1113 4871 1334 4937 dicitur,
1362 4873 1484 4927 καθ’
1531 4873 1682 4946 ὥραν
1725 4878 1991 4948 γεννημά-

413 4981 524 5018 των
566 4963 720 5036 ἡλίου
772 4964 1014 5037 τροπῶν,
1054 4983 1074 5017 c
1121 4967 1418 5022 secundum
1469 4969 1660 5023 horam
1711 4968 1986 5026 fructuum

417 5055 548 5110 solis
577 5057 993 5112 conversionum
1021 5077 1034 5114 :
1073 5076 1094 5110 ι
1137 5073 1260 5114 cum
1293 5067 1472 5115 tamen
1505 5060 1615 5114 illic
1634 5076 1736 5115 vox
1761 5061 1986 5119 Hebrtca

415 5157 649 5208 ninam
684 5159 978 5218 proventus
998 5168 1021 5202 ι
1056 5160 1198 5204 ωηο(
1220 5149 1429 5206 fructus
1451 5191 1467 5219 ,
1498 5170 1517 5204 ι
1547 5153 1864 5224 γεννήματα
1903 5171 1988 5209 so-

420 5249 546 5306 net;
575 5248 670 5294 aut
697 5241 927 5312 τροπάς,
960 5259 982 5293 c
1019 5243 1426 5310 conversiones,
1474 5263 1498 5297 ›
1531 5259 1634 5299 non
1659 5255 1836 5300 autem
1876 5255 1992 5307 πλη

421 5346 584 5396 quam
620 5349 640 5384 t
677 5331 902 5387 delicias
942 5352 964 5386 ι
995 5333 1363 5398 diximus,aut
1386 5354 1404 5386 ‹
1432 5336 1692 5392 delicatos
1723 5335 1932 5392 fructus
1962 5357 1982 5389 ι

420 5420 720 5492 Pagninum
763 5430 818 5478 et
851 5423 986 5480 alios
1034 5424 1314 5480 Hebraica:
1364 5425 1560 5496 linguae
1594 5428 1796 5498 peritos
1823 5429 1989 5482 inter-

419 5514 649 5584 pretari.

493 5606 610 5662 Col.
638 5607 708 5662 ’14
753 5608 794 5663 C
825 5609 913 5664 10.
945 5609 1213 5664 Adversus
1250 5609 1652 5663 ecclesiasticos.
1693 5608 1988 5666 Dilucidius

421 5694 760 5754 Cornarius:
799 5717 818 5750 ι
863 5697 1031 5755 Nobis
1063 5709 1245 5756 autem
1273 5700 1340 5756 ad
1379 5700 1791 5757 ecclesiasticos
1818 5702 1983 5756 etiam

424 5790 680 5856 quosdam
729 5804 909 5848 sermo
939 5791 1156 5861 quidem
1209 5801 1291 5847 est
1339 5794 1404 5849 de
1451 5793 1700 5851 discretis
1741 5795 1916 5864 aquis.
1960 5814 1979 5847 ι

2166 4599 2282 4657 Col.
2313 4599 2379 4654 75
2406 4598 2468 4653 B.
2498 4599 2554 4670 2,
2588 4597 2707 4653 Etsi
2744 4597 2883 4650 dicat
2929 4599 3067 4668 quis.
3098 4595 3373 4667 interpres
3424 4595 3662 4664 scripse-

2099 4701 2208 4753 rat,
2246 4706 2266 4740 ‹
2301 4689 2611 4754 annuntiat,
2643 4699 2706 4742 ut
2732 4697 2944 4743 astruat
2972 4689 3168 4757 aliquis
3192 4696 3246 4741 et
3281 4688 3665 4755 interpretetur

2101 4782 2270 4836 hosce
2294 4781 2462 4836 celos
2505 4781 2742 4834 virtutes
2775 4794 2898 4834 esse
2928 4781 3190 4848 quasdam
3221 4777 3661 4847 contemplationi

2095 4881 2436 4938 concreatas,
2467 4871 2868 4926 ﬁrmamentum
2897 4885 3026 4924 vero
3060 4869 3367 4937 facultates,
3395 4883 3518 4938 quae
3537 4882 3664 4938 ope-

2094 4977 2219 5019 rose
2250 4965 2541 5019 admodum
2561 4972 2615 5017 et
2633 4961 2922 5019 efﬁcaciter
2943 4961 3236 5032 iungantur
3257 4959 3450 5022 cilicio,
3473 4974 3669 5029 nempe

2095 5056 2533 5126 Operatriees..s
2593 5055 3002 5109 Emendandum
3066 5053 3207 5123 apud
3277 5051 3660 5115 Eustathium,

2099 5165 2120 5196 σ
2153 5147 2624 5217 contemplatrices
2649 5159 2769 5201 esse
2788 5147 3039 5209 virtutes,
3064 5144 3464 5198 firmamentum
3483 5149 3662 5194 autem

2095 5240 2372 5295 factricem
2399 5237 2495 5292 Dei
2521 5237 2813 5306 potentiam
2835 5275 2850 5299 ,
2877 5255 2900 5288 ι
2931 5250 3028 5305 pro
3055 5253 3074 5286 ι
3108 5231 3540 5302 contemptibiles
3553 5231 3664 5284 vir~

2094 5340 2268 5395 tutes;
2291 5348 2312 5382 ι
2337 5338 2391 5384 et
2406 5329 2566 5399 paulo
2586 5337 2726 5397 post,
2764 5345 2784 5379 ε
2807 5342 2926 5398 quae
2946 5327 3066 5381 istis
3087 5323 3416 5379 dictionibus
3445 5323 3608 5384 inest,
3637 5340 3656 5373 ι

2093 5431 2200 5475 non
2227 5419 2577 5485 dictionibus,
2599 5420 2692 5474 sed
2715 5421 2878 5474 rebus
2897 5420 3034 5473 inest
3057 5417 3194 5471 ratio
3210 5413 3661 5476 etconsideratio,

2094 5511 2236 5565 unde
2273 5510 2588 5565 Eustathius
2624 5512 2790 5564 vertit
2831 5528 2844 5563 :
2873 5527 2894 5560 ι
2930 5509 3038 5563 Sed
3070 5507 3433 5563 consideratio
3475 5519 3664 5558 eorum

2094 5601 2398 5669 prudenter
2426 5615 2455 5652 a
2502 5615 2719 5655 sensum
2760 5598 3084 5654 habentibus
3113 5596 3475 5666 contemplata
3495 5635 3512 5659 ,
3544 5595 3664 5665 glo-

2097 5694 2452 5749 riﬁcationem
2479 5693 2691 5760 perﬁcit
2727 5691 3022 5747 Creatoris.
3055 5709 3074 5744 ι
3112 5689 3408 5746 Cornarius
3436 5689 3664 5758 optime,

2103 5809 2119 5841 ι
2155 5787 2354 5847 Verum
2384 5803 2566 5846 sermo
2596 5787 2648 5843 in
2680 5787 2766 5843 his
2791 5785 3118 5858 speeulative
3154 5791 3424 5854 acceptus.
3459 5801 3492 5832 ι
