3824 6214
233 346 344 402 955

1345 347 1436 402 Al)
1477 347 1805 404 llllMilJAS
1843 349 1910 404 IN
1953 346 2452 404 IIEXAEMERON.

3407 337 3509 393 986

294 461 421 517 Col.
458 460 528 516 76
559 461 620 517 C.
660 461 746 516 l0.
786 463 890 517 Ἐν
943 461 1100 531 ἀρχῇ
1130 461 1236 516 τὸν
1279 465 1538 530 σκοπόν.
1573 463 1802 519 Rasilieu

1935 467 2009 535 pti
2043 485 2055 521 :
2091 475 2424 536 quapropter
2460 462 2650 518 fodere
2691 460 2888 524 desiit,
2913 467 2972 513 ut
2997 473 3065 514 ne
3096 458 3342 514 immisso
3373 459 3506 512 mari

226 554 303 608 sis
348 554 524 608 editio
559 554 749 609 habuit
790 557 997 626 ὲναρχῇ
1021 555 1353 623 coniunctim
1380 594 1396 619 ,
1433 567 1488 609 at
1532 555 1684 626 Regii
1716 558 1821 610 duo

229 648 536 700 emendant
566 647 772 718 ἐναργῆ
794 687 814 711 ,
835 658 886 702 et
911 648 1222 715 comprobat
1247 650 1679 704 emendationem
1708 651 1818 704 Eu-

227 738 500 806 stathius,
529 737 657 792 dum
698 741 862 792 vertit
903 755 918 793 :
950 756 970 790 ι
1007 738 1200 792 Merito
1230 753 1361 809 ergo
1399 740 1618 810 quidem
1649 740 1702 793 in
1735 757 1820 793 ra-

231 827 445 882 tionem
490 829 824 899 gignentium
886 829 1228 883 manifestam
1283 845 1402 885 esse
1435 832 1748 900 proposuit:
1793 851 1812 884 ι

227 934 349 989 qua!
371 919 505 974 licet
530 921 789 975 mendosa
827 921 1072 975 indicant
1119 921 1208 976 hic
1244 923 1618 988 scribendum,
1668 943 1687 974 ι
1717 924 1816 990 Qui

229 1011 401 1079 igitur
463 1012 808 1066 manifestum
848 1027 1037 1068 eorum
1092 1028 1214 1083 quas
1273 1013 1453 1078 ﬁunt,
1502 1017 1660 1069 linem
1714 1017 1816 1070 sibi

228 1118 391 1170 prop.
437 1121 456 1152 ι
492 1103 693 1158 Eodem
725 1106 882 1156 modo
908 1105 1044 1157 iul'ra
1071 1146 1087 1172 ,
1133 1105 1413 1176 legebatur
1444 1106 1498 1160 in
1530 1105 1814 1162 Basiliensi

225 1195 353 1248 edit.
367 1232 388 1258 ,
402 1195 707 1265 ὁρωμένοις
723 1197 782 1248 ὲν
807 1197 973 1268 ἀρχῇ,
995 1208 1048 1250 et
1067 1212 1130 1251 ex
1151 1197 1340 1252 iisdem
1362 1211 1491 1252 mss.
1511 1209 1815 1253 correctum

224 1299 308 1340 est
347 1288 597 1358 ἐναργῆ,
631 1288 884 1356 quocirca
920 1291 1243 1344 vertendum
1294 1299 1414 1356 est,
1455 1308 1476 1342 ι
1533 1292 1814 1348 manifesta

224 1379 414 1432 statim
453 1379 722 1447 exempla,
766 1396 786 1430 ι
818 1379 1035 1434 utdixit
1070 1380 1412 1445 Eustathius,
1445 1398 1466 1433 ι
1495 1381 1814 1438 benefactu-

226 1470 304 1522 ris
343 1479 696 1524 monumenta
722 1471 1030 1526 certissima
1065 1472 1320 1540 capiatis.
1355 1491 1374 1523 ι

292 1557 418 1617 Col.
465 1560 530 1614 79
576 1561 620 1614 Α
663 1561 752 1616 15.
801 1559 928 1614 Jam
961 1579 1103 1617 vero.
1147 1564 1324 1618 Verba
1367 1565 1635 1620 Eustathii
1686 1568 1816 1622 sub-

223 1653 514 1706 stituimus
536 1652 589 1706 in
625 1651 800 1708 locum
841 1651 1068 1708 istorum
1104 1655 1420 1725 interpretis
1452 1675 1467 1712 :
1504 1677 1523 1709 ι
1568 1658 1684 1714 Non
1710 1661 1807 1714 de-

223 1751 375 1805 sunt,
416 1741 515 1811 qui
536 1743 620 1798 vel
644 1757 816 1814 usque
837 1745 906 1798 ad
934 1745 1200 1800 insaniam
1231 1761 1290 1801 se
1317 1755 1462 1803 totos
1486 1749 1813 1806 addixerunt

1933 567 2386 626 corrumperetur
2413 569 2552 625 aqua
2584 553 2748 608 fluvii.
2789 572 2809 604 ι
2844 551 3042 606 Strabo
3068 559 3251 604 tamen
3288 549 3508 602 natione

1932 649 2221 720 Egyptius
2271 648 2406 702 falso
2435 647 2486 701 id
2535 646 2899 700 renuntiatum
2940 643 3103 698 Dario
3145 641 3298 694 Medo
3343 641 3508 694 tradit

1926 742 2022 796 lib.
2061 757 2214 796 xvtt:
2263 741 2374 794 Καὶ
2415 734 2568 802 οὗτος
2609 738 2666 791 δὲ
2698 736 2885 807 ψευδεῖ
2931 733 3173 798 πεισθεὶς
3221 734 3400 803 ἀφῆκε
3443 732 3506 786 τὸ

1925 833 2086 905 ἔργον
2143 832 2274 904 περὶ
2349 830 2662 885 συντέλειαν
2718 829 2817 901 ἤδη
2874 827 3183 898 γενόμενον.
3248 825 3505 896 Ἐπείσθη

1924 929 2033 1000 γὰρ
2065 926 2474 998 μετεωροτέραν
2501 921 2640 980 εἶναι
2666 924 2765 994 τὴν
2809 921 3072 994 Ἐρυθρὰν
3105 921 3379 974 Θάλασσαν
3405 921 3506 990 τῆς

1923 1018 2237 1086 Αἰγύπτου,
2270 1018 2366 1070 καὶ
2410 1020 2458 1071 εἰ
2493 1015 2779 1085 διακοπείη
2823 1015 2932 1076 πᾶς
2970 1014 2998 1064 ὁ
3030 1012 3232 1083 μεταξὺ
3276 1011 3502 1083 ἰσθμὸς,

1923 1107 2420 1181 ὲπικλυσθήσεσθαι
2460 1112 2528 1179 τῇ
2584 1107 2825 1179 θαλάττῃ
2870 1105 2968 1176 τὴν
3013 1103 3308 1172 Αἴγυπτον
3343 1122 3361 1154 ι
3405 1103 3504 1158 llic

1924 1215 2141 1270 quoque
2175 1215 2312 1268 pene
2343 1199 2648 1254 absolutum
2685 1213 2822 1268 opus
2862 1195 3122 1252 deseruit.
3167 1193 3326 1249 Falso
3355 1193 3500 1249 enim

1923 1305 2212 1362 persuasus
2233 1299 2316 1345 est
2341 1290 2584 1344 Rubrum
2610 1303 2761 1344 mare
2786 1287 3024 1359 Egypto
3049 1302 3170 1342 esse
3191 1285 3497 1352 sublimius,

1923 1385 2150 1450 ideoque
2181 1383 2226 1436 si
2262 1383 2471 1437 medius
2507 1382 2748 1444 ,istbmus
2791 1381 3146 1441 inciderctur,
3199 1377 3496 1449 Egyptum

1921 1491 1950 1528 a
1984 1477 2118 1527 mari
2170 1475 2423 1529 obrutum
2467 1473 2555 1527 iri.
2596 1492 2615 1525 ι
2656 1472 2921 1526 Diodorus
2967 1471 3182 1526 Siculus
3226 1469 3320 1524 lib.
3362 1483 3504 1523 tvo-

1919 1575 2006 1619 cat
2065 1564 2306 1636 διώρυγα
2329 1566 2704 1637 χειροποίητον
2728 1565 2807 1627 εἰς
2828 1563 2918 1617 τὸν
2959 1561 3248 1634 Ἀραϐικὸν
3277 1559 3501 1625 κόλπον,

1924 1675 1942 1707 ι
1982 1657 2183 1711 fossam
2218 1657 2496 1710 hominum
2529 1657 2780 1711 manibus
2823 1655 2875 1710 in
2901 1655 3080 1708 sinum
3123 1652 3417 1707 Arabicum
3443 1661 3502 1707 et

1919 1748 2263 1819 Erythraeam
2299 1763 2452 1804 mare
2481 1749 2790 1804 deductam.
2827 1766 2847 1799 ι
2902 1746 3110 1801 Plinius
3149 1755 3331 1799 autem
3363 1758 3500 1814 quo-

225 1833 390 1900 equis
427 1833 494 1887 ad
518 1833 763 1888 obeunda
789 1834 1089 1888 certamina
1121 1837 1442 1892 exercendis
1462 1879 1477 1902 ,
1507 1838 1644 1893 adeo
1672 1850 1730 1892 ut
1760 1841 1810 1892 in
1845 1831 1886 1885 Β
1918 1841 2076 1893 modo
2099 1839 2431 1909 conjungere
2453 1838 2725 1894 voluerint
2753 1839 2803 1893 hi
2831 1853 2985 1907 reges
3009 1850 3300 1906 utrumque
3325 1851 3502 1900 mare,

221 1938 492 1989 equorum
530 1924 759 1994 gratiam
788 1925 892 1980 sibi
925 1925 1215 1980 videantur
1249 1943 1347 1996 per
1390 1942 1640 1982 somnum
1681 1945 1813 1983 eon-

220 2012 435 2080 Bigere.
470 2031 492 2066 ι
540 2015 702 2083 Atqui
743 2031 849 2071 non
890 2017 1020 2087 περὶ
1048 2017 1420 2090 ἱπποτρόφων,
1470 2038 1487 2070 ι
1521 2021 1586 2073 de
1619 2019 1687 2072 iis
1715 2021 1806 2090 qui

220 2119 398 2171 equos
424 2104 573 2160 alunt
593 2105 677 2159 vel
697 2116 975 2171 exercent,
1012 2127 1030 2158 ι
1063 2108 1158 2162 sed
1185 2109 1252 2162 de
1291 2110 1355 2162 iis
1398 2110 1598 2180 agitur,
1625 2112 1716 2180 qui
1758 2111 1810 2164 in

221 2196 492 2251 factiones
521 2196 675 2251 divisi
699 2206 950 2265 spectant
978 2199 1306 2263 certamina,
1331 2201 1415 2254 vel
1447 2203 1498 2255 in
1545 2203 1810 2257 circensi-

225 2285 330 2340 bus
363 2283 504 2354 ipsis
537 2288 812 2342 decertant
843 2302 860 2343 :
909 2289 1126 2358 proprie
1169 2305 1401 2359 namque
1433 2291 1500 2344 de
1547 2292 1696 2347 circo
1739 2294 1809 2347 ita

220 2376 522 2446 loquuntur
554 2377 769 2446 Patres,
798 2390 856 2433 ut
888 2379 1130 2436 insanire
1165 2397 1228 2436 ac
1255 2381 1437 2437 lurere
1465 2383 1648 2437 dicant
1691 2400 1808 2449 eos,

219 2470 311 2538 qui
349 2470 494 2524 inter
537 2472 886 2538 spectandum
931 2473 1286 2528 contendunt.
1318 2473 1686 2530 Tertullianus
1732 2475 1810 2532 De

219 2561 544 2630 spectaculis
571 2578 695 2631 cap.
731 2563 837 2618 l6:
890 2582 909 2615 ι
951 2563 1083 2619 Cum
1115 2579 1246 2634 ergo
1278 2564 1431 2619 furor
1463 2566 1810 2622 interdicitur

218 2653 410 2718 nobis,
438 2655 507 2708 ab
537 2655 682 2707 omni
703 2653 1013 2724 spectaculo
1036 2654 1356 2722 auferimur,
1378 2656 1543 2710 etiam
1575 2673 1604 2709 a
1635 2659 1736 2712 οἰκ-ι
1755 2678 1805 2724 ι,

219 2744 312 2799 ubi
375 2746 595 2814 proprie
646 2745 798 2820 furor
827 2747 1100 2816 praesidet.
1148 2764 1166 2797 ι
1211 2745 1507 2817 Gregorius
1542 2747 1802 2803 Nazianz.

215 2845 359 2890 orat.
390 2836 458 2888 ‘27
489 2854 502 2888 :
527 2837 665 2908 Περὶ
691 2838 816 2900 τοὺς
845 2839 1102 2900 ἱππικοὺς
1134 2838 1228 2891 καὶ
1255 2839 1322 2893 τὰ
1353 2839 1578 2911 θέατρα,
1615 2840 1804 2894 καὶτὰ

221 2927 438 2990 στάδια,
464 2927 558 2980 καὶ
584 2926 654 2980 τὰ
683 2928 986 3000 κυνηγέσια
1023 2928 1276 2982 τοσοῦτον
1311 2931 1632 3001 μεμηνέναι,
1667 2928 1806 2983 ὣστε

217 3019 396 3074 ταῦτα
425 3019 694 3073 ποιεῖσθαι
715 3019 828 3090 βίον
855 3035 869 3051 ·
907 3039 926 3072 ι
951 3018 1107 3076 Circa
1127 3021 1282 3076 ludos
1311 3023 1584 3077 circenses
1600 3039 1656 3077 et
1681 3037 1807 3092 spe-

217 3112 463 3176 ctacula,
492 3118 547 3165 et
570 3123 786 3174 cursus,
816 3118 873 3165 et
903 3112 1221 3166 venationes
1263 3112 1398 3166 adeo
1437 3113 1705 3178 insaniat,
1747 3123 1806 3168 ut

217 3203 337 3258 IIZPC
381 3218 480 3272 pro
525 3201 633 3257 vita
674 3211 730 3257 et
779 3203 922 3258 serio
952 3204 1186 3272 quodam
1227 3204 1476 3259 instituto
1519 3205 1734 3260 habeat.
1777 3226 1798 3260 ι

218 3297 588 3368 Hieronymus
622 3297 675 3351 in
715 3295 837 3352 Vita
865 3297 924 3353 S.
961 3297 1260 3353 Hilarionis
1287 3311 1308 3350 :
1347 3298 1494 3352 «Non
1513 3297 1807 3354 circif‘uro-

216 3390 395 3455 ribus,
429 3404 533 3443 non
560 3403 736 3444 arenae
766 3389 1052 3460 sanguine,
1087 3404 1197 3444 non
1224 3389 1428 3444 theatri
1461 3389 1674 3444 luxnria
1707 3390 1801 3445 de-

215 3479 543 3536 lectabatur.
574 3499 599 3528 ι

286 3572 410 3629 Col.
448 3571 517 3628 80
558 3571 599 3626 (Ζ
635 3571 720 3626 13.
753 3574 1118 3642 Συναγωγὰς
1147 3572 1366 3628 αὐτῶν.
1399 3571 1475 3628 ita
1524 3573 1716 3644 legitur
1753 3573 1803 3627 in

217 3661 500 3717 codicibus
523 3660 709 3732 Regiis
730 3677 864 3717 mss.
889 3673 944 3717 et
972 3664 1199 3718 ἐκάλεσε
1218 3664 1520 3729 θαλάσσας,
1547 3677 1726 3719 nonut
1751 3667 1802 3719 in

213 3752 463 3824 Anglicis
493 3753 792 3817 θάλασσαν,
825 3771 1001 3826 neque
1023 3758 1341 3810 mutandum
1373 3770 1456 3811 est
1485 3759 1801 3827 quidquam,

216 3856 277 3900 ιιι
309 3843 531 3909 volunt,
571 3845 662 3913 qui
719 3847 1029 3899 rescribunt
1075 3848 1404 3915 συναγωγὰς
1437 3847 1624 3901 αὐτοῦ.
1671 3849 1806 3902 Cen-

216 3943 433 3989 stanter
473 3933 617 3986 enim
665 3947 856 3988 omnes
895 3933 1018 3988 libri
1050 3937 1234 3990 excusi
1265 3947 1322 3991 et
1352 3937 1567 3991 calamo
1592 3929 1799 3992 exarati

218 4028 423 4080 habent
441 4024 644 4078 αὐτῶν.

289 4116 408 4170 Col.
453 4113 525 4169 82
563 4113 606 4167 Β
670 4113 723 4171 5.
766 4113 1035 4184 Sequitur.
1081 4117 1246 4187 Atqui
1301 4134 1404 4172 non
1439 4117 1634 4173 ἕπεται
1667 4119 1800 4173 dixit

216 4209 473 4273 Basilius,
503 4208 596 4262 sed
619 4207 846 4271 ὲπωθεί,
875 4209 1013 4262 unde
1039 4208 1378 4272 Eustathius,
1406 4229 1425 4262 ι
1453 4210 1691 4281 Urgente
1712 4226 1800 4264 ve-

217 4298 424 4353 nientis
449 4297 721 4368 impulsu;
762 4317 781 4350 ι
813 4306 866 4351 et
888 4297 1180 4353 Carnarius
1209 4322 1222 4356 ;
1257 4317 1276 4352 ι
1311 4300 1586 4355 Protrudit
1619 4311 1797 4355 autem

215 4389 632 4460 superveniens.
662 4407 682 4440 ι

1913 1930 2114 1984 clarius
2145 1929 2384 1998 explicat
2411 1931 2506 1984 lib.
2536 1945 2612 1994 vt,
2646 1945 2766 2000 cap.
2802 1931 2872 1985 ‘29
2901 1946 2915 1983 :
2960 1949 2977 1981 t
3025 1929 3240 1983 Daueon
3273 1939 3498 2000 portus,

1914 2039 1981 2078 ex
2037 2037 2148 2092 quo
2197 2021 2557 2092 navigabilem
2609 2020 2820 2077 alveum
2848 2022 3169 2092 perducere
3214 2021 3268 2075 in
3315 2019 3496 2074 Nilum

1913 2090 2120 2180 primus
2145 2090 2388 2165 omnium
2423 2110 2690 2166 Sesostris
2731 2090 2950 2180 ΙΕεάιηί
2992 2125 3082 2163 rex
3121 2108 3502 2176 excogitavit,

1911 2217 2034 2255 mox
2073 2201 2268 2255 Darius
2304 2201 2617 2264 Persarum,
2652 2202 2846 2255 deinde
2877 2199 3192 2253 Ptolemaeus
3222 2214 3454 2268 sequens
3474 2240 3491 2266 ,

1912 2292 2002 2362 qui
2036 2302 2092 2346 et
2125 2292 2274 2346 duxit
2311 2291 2513 2348 fossam
2548 2291 2832 2346 latitudine
2860 2293 3053 2361 pedum
3095 2302 3330 2355 centum,
3370 2291 3487 2345 alti.

1910 2386 2097 2439 tudine
2143 2384 2404 2452 triginta,
2458 2384 2510 2437 in
2571 2382 2957 2454 longitudinem
3018 2380 3234 2451 triginta
3286 2389 3490 2450 septem

1909 2474 2139 2528 millium
2196 2490 2323 2530 cccc
2369 2490 2627 2544 passuum
2689 2488 2860 2543 usque
2913 2473 2980 2527 ad
3031 2472 3204 2526 fontes
3257 2485 3492 2525 amaros.

1909 2565 2060 2621 Ultra
2092 2567 2360 2622 deterruit
2390 2567 2766 2621 inttndationis
2795 2575 2992 2619 metus.
3019 2583 3038 2616 ι
3066 2561 3184 2617 Non
3217 2563 3505 2632 dicitergo

1911 2658 2151 2713 Basilius
2186 2674 2369 2730 regem
2397 2659 2562 2712 nllutu
2595 2657 2902 2726 perfodisse
2933 2657 3210 2718 istbmum,
3243 2655 3333 2724 qui
3364 2669 3491 2722 per-

1911 2751 2073 2819 tingit
2104 2765 2132 2803 a
2160 2753 2294 2804 mari
2329 2751 2514 2805 Rubro
2544 2751 2610 2804 ad
2642 2748 3128 2812 Mediterraneum,
3159 2747 3251 2801 sed
3284 2756 3489 2800 tantum

1908 2841 2014 2895 duo
2060 2841 2148 2895 illa
2201 2843 2371 2896 maria
2420 2843 2752 2910 conjungere
2793 2841 3072 2896 voluisse:
3123 2854 3229 2893 non
3272 2839 3489 2906 quidem

1907 2932 2065 2985 ducta
2097 2932 2164 2986 ab
2201 2932 2438 2985 Arabico
2481 2933 2544 2984 ad
2589 2930 3048 2985 Mediterraneum
3089 2927 3254 2991 fossa,
3303 2927 3394 2981 sed
3425 2943 3489 2980 ea

1909 3024 2070 3078 ducta
2107 3038 2136 3076 a
2179 3023 2315 3078 mari
2346 3022 2533 3077 Rubro
2562 3022 2630 3076 ad
2671 3037 2834 3076 untnn
2867 3035 2931 3075 ex
2964 3020 3116 3074 ostiis
3138 3059 3154 3084 ,
3185 3017 3382 3087 quibus
3405 3016 3502 3070 Ni-

1909 3113 1995 3167 lns
2037 3115 2088 3168 in
2121 3115 2579 3170 Mediterraneum
2624 3113 2962 3178 devolvitur,
3010 3111 3151 3179 quod
3204 3120 3383 3166 tamen
3418 3110 3491 3163 is-

1912 3207 2118 3260 tthtnum
2165 3205 2453 3276 perfodere
2489 3205 2766 3274 appellant
2811 3203 3087 3266 historici,
3126 3201 3253 3256 licet
3294 3217 3326 3256 a
3353 3201 3494 3256 mari

1911 3315 2020 3354 uno
2051 3299 2119 3354 ad
2167 3298 2400 3354 alterum
2448 3296 2593 3353 fossa
2642 3313 2747 3352 non
2778 3298 3045 3359 ducatur;
3079 3305 3242 3364 atque
3271 3297 3374 3349 hoc
3407 3295 3491 3348 id-

1907 3391 2060 3445 circo
2091 3391 2370 3444 monuisse
2415 3391 2656 3460 placuit,
2704 3405 2770 3442 ne
2819 3389 2942 3458 quis
2989 3386 3247 3441 memoria
3283 3384 3488 3453 lapsum

1908 3482 2162 3536 B-isilium
2206 3483 2522 3546 existimet,
2559 3490 2648 3535 aut
2689 3495 2876 3549 parum
2912 3492 3035 3533 cum
3078 3491 3267 3532 eorum
3297 3489 3487 3529 narra—

1907 3577 2054 3630 tvione
2082 3574 2418 3638 consentire,
2451 3589 2572 3642 quae
2609 3573 2696 3627 hic
2729 3571 2971 3626 tradidit.

1977 3665 2092 3720 Col.
2116 3665 2244 3720 88A
2270 3664 2356 3718 η.
2402 3664 2552 3718 Mare
2593 3661 2848 3716 Rubrum.
2909 3660 3174 3730 Argyrop.
3205 3655 3488 3718 ediderat,

1911 3775 1930 3808 ι
1971 3757 2036 3810 ad
2065 3757 2117 3810 id
2157 3755 2300 3826 quod
2341 3763 2490 3808 trans
2521 3753 2700 3809 Gades
2729 3766 2880 3806 mare
2919 3749 3193 3806 Oceanum
3236 3747 3490 3814 tendere,

1905 3849 2066 3918 eique
2120 3845 2471 3916 coniunctum
2518 3859 2639 3898 esse
2692 3842 2891 3897 ferunt.
2937 3861 2955 3893 ι
3006 3841 3265 3895 Counecti
3306 3845 3487 3891 autem

1904 3955 2029 3993 cum
2063 3938 2280 3995 Oceano
2328 3936 2412 3990 vel
2463 3935 2600 3990 mari
2653 3933 2926 3990 Atlantico
2979 3948 3101 3986 cum
3137 3931 3212 3986 ait
3258 3929 3488 3985 Basilius

1907 4044 2058 4082 mare
2096 4029 2372 4090 Rubrum,
2411 4035 2664 4079 auctores
2695 4024 2948 4093 sequitur
2978 4038 3084 4077 non
3121 4037 3321 4092 paucos
3343 4061 3358 4085 ,
3393 4021 3487 4090 qui

1905 4119 2072 4172 Rubri
2107 4118 2276 4171 maris
2319 4117 2536 4170 nomine
2566 4130 2671 4168 non
2713 4131 2836 4168 cum
2874 4122 3116 4178 tantum,
3141 4128 3300 4181 quem
3331 4120 3488 4165 vocat

1900 4208 2220 4263 Ptolemaeus
2233 4209 2289 4260 Ἀ
2299 4207 2710 4278 ράϐιονξκόλπον,
2727 4205 3200 4261 siutthrabicum
3219 4202 3488 4272 intelligit,

1904 4303 1997 4373 qui
2027 4303 2190 4356 etiam
2223 4301 2559 4371 Erytltrteutn
2606 4313 2756 4351 mare
2789 4298 3009 4359 dicitur,
3034 4298 3127 4350 sed
3155 4305 3321 4349 totum
3353 4294 3488 4348 illud

1901 4390 2255 4447 meridionale
2279 4405 2427 4444 mare
2449 4389 2590 4458 quod
2609 4389 2675 4442 ad
2703 4387 2907 4442 Indiam
2935 4401 3104 4456 usque
3123 4386 3174 4439 in
3194 4386 3489 4446 orientem,

288 4482 407 4538 Col.
445 4480 515 4534 84
557 4481 603 4533 Α
638 4480 725 4534 14.
779 4481 1275 4547 Ἐκκλησιαστοῦ.
1319 4482 1546 4550 Quidam
1586 4482 1793 4544 Anglici

1916 4495 1957 4540 at
1993 4487 2062 4538 ad
2105 4492 2381 4538 extremas
2415 4480 2615 4536 Africa:
2653 4495 2780 4534 oras
2818 4479 3153 4533 occidentem
3186 4491 3371 4529 versus
3390 4491 3486 4528 ex.

217 4574 424 4629 habent
461 4570 970 4642 Ἔκκλησιαστικοῦ,
992 4580 1048 4623 at
1073 4570 1264 4625 Gallici
1288 4586 1408 4626 eum
1435 4575 1653 4626 excusis
1681 4574 1801 4626 Ἐκ-

217 4662 576 4736 κλησιαστοῦ,
605 4675 783 4727 recte;
814 4672 900 4716 est
925 4662 1068 4716 enim
1098 4662 1251 4717 locus
1279 4663 1623 4718 Ecclesiastre
1655 4679 1696 4730 ι,
1725 4665 1755 4717 7
1784 4683 1798 4720 :

215 4756 450 4822 Πάντες
505 4754 831 4825 χείμαρῤοι’
885 4753 1076 4808 Omnes
1145 4764 1397 4808 torrentes
1461 4757 1662 4810 vadunt
1744 4759 1802 4811 in

215 4864 381 4902 mare.

287 4937 424 4993 ibid.
446 4935 510 4992 ϐ.
534 4935 559 4989 1
587 4929 971 4991 Χαλινοῦται.
999 4935 1208 5006 Anglici
1228 4936 1348 4991 libri
1379 4935 1584 4990 addunt
1612 4952 1798 4992 vocem

217 5027 501 5092 θάλασσα,
553 5040 717 5095 quam
785 5039 884 5079 nec
934 5036 1200 5086 excuses,
1253 5040 1430 5094 neque
1483 5023 1636 5094 Regii
1695 5026 1802 5078 duo

219 5127 549 5188 agnoscunt,
590 5117 683 5171 sed
713 5115 1032 5170 Eustathius
1063 5131 1079 5169 :
1116 5133 1132 5166 ι
1159 5099 1322 5170 Jussu
1348 5115 1442 5170 Dei
1485 5116 1798 5170 violentiam

218 5213 388 5266 maris
418 5209 616 5265 frenat.
670 5227 693 5261 ι
724 5207 892 5263 Porro
920 5208 1063 5278 quod
1093 5210 1193 5262 sub
1231 5208 1390 5261 linem
1430 5210 1638 5279 pagina:
1671 5225 1799 5277 pro-

216 5304 325 5359 fert
354 5304 422 5358 de
456 5301 713 5374 Egypto,
745 5316 864 5371 quae
895 5301 1032 5354 mari
1071 5299 1256 5355 Rubro
1282 5302 1352 5354 sit
1375 5301 1702 5369 depressior,
1731 5317 1795 5354 ex

213 5398 512 5452 Aristotele
557 5400 873 5466 decerptum
915 5407 998 5451 est
1042 5395 1394 5461 tMeteoror.,
1423 5411 1472 5451 c.
1509 5395 1613 5450 M:
1650 5395 1800 5448 Ἀλλ’

216 5479 378 5558 εὗρεν
420 5487 759 5559 ὑψηλοτέραν
786 5482 951 5540 οὖσαν
983 5486 1081 5556 τὴν
1115 5485 1387 5540 θάλατταν
1425 5487 1522 5558 τῆς
1554 5489 1656 5558 γῆς
1675 5531 1690 5556 ,
1720 5491 1800 5544 διὸ

217 5579 500 5634 ἐπαύσατο
540 5579 864 5651 διορύττων,
901 5581 1051 5642 ὅπως
1096 5579 1170 5651 μὴ
1210 5579 1480 5652 διαφθαρῇ
1523 5582 1585 5633 τὸ
1621 5583 1801 5655 ῥεῦμα

208 5670 312 5730 ,τοῦ
342 5671 589 5742 ποταμοῦ
625 5669 994 5742 συμμιγείσης
1038 5669 1136 5738 τῆς
1168 5668 1456 5742 θαλάττης
1494 5691 1512 5724 ι
1558 5670 1662 5726 Sed
1704 5690 1799 5728 ex-

218 5762 418 5820 celsius
447 5778 596 5820 utare
623 5763 865 5819 Rubrum
892 5764 1184 5834 comperit,
1212 5780 1370 5834 quam
1405 5773 1605 5820 terram
1632 5764 1797 5838 {Egy-

1911 4576 2165 4639 tenditur,
2207 4573 2368 4644 quale
2402 4581 2487 4628 est
2527 4574 2672 4643 quod
2703 4573 2777 4626 ait
2804 4571 3006 4624 Seneca
3029 4567 3225 4621 Troad.
3254 4577 3377 4621 actu
3415 4566 3434 4619 1
3467 4583 3482 4619 z

2015 4688 2080 4742 Et
2114 4689 2205 4757 qui
2231 4698 2470 4741 renatum
2501 4702 2716 4757 pr_orsus
2747 4684 3012 4757 excipiens
3041 4682 3178 4757 diem

2019 4753 2272 4828 Tepitlttm
2305 4758 2508 4809 rubenti
2544 4754 2723 4824 Tigrin
2756 4756 3010 4806 immiscet
3043 4753 3200 4822 freto.

1913 4853 2158 4908 Flavium
2190 4853 2333 4905 enim
2357 4849 2543 4920 Tigrin
2567 4847 2855 4902 exonerari
2881 4847 2956 4900 ait
2979 4845 3033 4900 in
3052 4844 3294 4900 Rubrum
3312 4859 3484 4907 mare,

1908 4959 2028 4997 cum
2051 4958 2154 4994 non
2176 4941 2226 4993 itt
2252 4939 2541 4993 Arabicum
2559 4940 2758 5001 sintun,
2777 4938 2870 4992 sed
2899 4937 2949 4990 itt
2979 4935 3256 4992 Persicum
3277 4935 3489 5001 ellluat,

1907 5034 2036 5101 quia
2073 5030 2314 5084 Rubrum
2353 5043 2504 5083 mare
2553 5027 2788 5098 appellat
2835 5027 3131 5082 australem
3169 5027 3480 5090 Oceanum,

1907 5121 2360 5193 quemadmodum
2393 5131 2447 5175 et
2483 5119 2787 5174 Herodotus
2831 5121 2884 5173 itt
2912 5117 3052 5184 Clio,
3083 5118 3349 5172 Diodorus
3383 5117 3486 5172 lib.

1909 5230 1944 5268 n
1976 5213 2339 5277 Bibliotheca,
2393 5211 2625 5278 Quintus
2674 5209 2892 5264 Curtius
2947 5209 3040 5263 lib.
3095 5225 3167 5272 vt,
3219 5207 3482 5278 Iosephus

1907 5307 1999 5360 lib.
2035 5324 2074 5370 ι,
2105 5323 2224 5375 cap.
2266 5306 2302 5360 2
2362 5305 2754 5375 Antiquitatam
2791 5319 2810 5356 :
2854 5301 3067 5356 tametsi
3109 5300 3293 5356 Africa
3343 5299 3487 5375 auti-

1906 5399 2028 5466 quis
2084 5407 2327 5466 tempore
2381 5393 2657 5449 Ptolemzei
2709 5393 2851 5448 ultra
2906 5401 3119 5446 montes
3145 5390 3308 5445 Luna:
3338 5401 3485 5446 esset

1909 5491 2205 5559 incognita,
2251 5503 2424 5556 neque
2462 5487 2586 5540 dum
2617 5484 2862 5540 Lusitani
2887 5496 3187 5538 extremum
3211 5483 3328 5552 ejus
3359 5497 3486 5552 pro-

1907 5583 2262 5647 montorium,
2283 5581 2424 5651 quod
2447 5589 2610 5650 caput
2646 5579 2806 5633 Bome
2837 5576 2966 5648 Spei
2991 5574 3284 5646 appellant,
3327 5573 3484 5629 navi.

1909 5677 2086 5745 gaude
2113 5682 2480 5740 superassent.

1974 5765 2090 5821 Col.
2125 5765 2192 5819 εδ
2229 5765 2268 5821 C
2313 5766 2394 5820 ll.
2455 5763 2519 5817 In
2577 5763 2773 5818 multis.
2819 5762 2932 5818 Etsi
2986 5777 3090 5818 non
3142 5760 3484 5833 reperiuntur
