3824 6214
394 313 500 371 9S7

393 430 512 486 haec
541 431 595 487 in
642 434 866 495 llebrmo
899 452 1072 511 textu,
1124 465 1299 519 neque
1330 454 1381 508 in
1420 456 1642 531 Vulgata
1686 468 1759 522 La

390 523 733 597 Hieronymi,
790 534 1011 593 minime
1070 549 1252 597 tamen
1320 551 1588 617 superﬂua
1646 573 1710 613 ea
1759 564 1968 632 judicat

390 612 427 632 ρ
491 617 508 632 .
587 621 596 632 .
715 623 726 632 .

386 612 451 669 S.
482 617 795 678 Ambrosius
820 626 915 684 lib.
953 645 1039 696 ιιι,
1073 647 1192 702 cap.
1228 636 1304 692 ὃς
1343 659 1362 691 ι
1389 612 1535 696 ‘Cum
1581 612 1968 723 (ιιιετίῖξᾙιῖἷέ

391 706 595 763 factum
625 716 815 770 estsic
835 758 850 782 ,
884 723 1019 777 satis
1048 740 1169 781 esse
1213 742 1406 798 putant
1439 751 1623 794 vocem
1669 751 1970 813 operatoris

386 796 457 850 ad
498 802 823 861 acceleratae
871 796 1227 880 operationis
1254 822 1534 883 indicium.
1588 796 1869 905 Sedrquia
1911 842 1965 896 in

389 884 516 942 aiiis
561 908 778 964 quoque
825 907 1089 960 creaturis
1124 908 1286 967 habet
1326 925 1382 969 et
1426 884 1795 981 definitionem
1829 944 1967 998 pra:-

386 979 658 1047 ceptiouis
684 996 739 1039 et
771 995 1060 1060 repetitum
1089 1005 1423 1068 Operationis
1458 1011 1538 1065 vel
1586 979 1857 1074 indiciumr
1880 1023 1966 1078 vel

383 1068 658 1137 cll‘eetum,
696 1078 817 1135 ideo
852 1100 950 1140 nos
984 1103 1087 1143 non
1129 1105 1380 1161 putamus
1414 1103 1708 1163 absurdum
1742 1111 1791 1166 id
1820 1117 1964 1184 quod

383 1163 559 1184 ΜΛΔ,
599 1176 630 1184 ν,
798 1173 811 1184 .
838 1176 868 1184 ..

383 1163 705 1228 perhibetur
745 1173 1031 1247 additum,
1066 1185 1282 1241 etiamsi
1317 1196 1533 1251 caneris
1576 1163 1965 1272 interpretibus

306 1327 313 1337 ι
381 1254 464 1306 vel
498 1260 702 1316 veritas
729 1264 991 1325 doceatur
1013 1288 1299 1346 suppetere.
1325 1285 1407 1338 vel
1440 1292 1757 1347 auctoritas.
1794 1295 1960 1352 Multa

377 1444 435 1485 et
481 1438 1163 1518 adjunctacomperimus.
1203 1478 1222 1511 ι
1264 1461 1599 1534 Augustinus
1639 1475 1802 1529 etiam
1842 1477 1957 1533 Lib.

378 1525 449 1577 de
476 1525 668 1584 Genesi
695 1534 764 1587 ad
787 1536 1015 1593 litteram
1044 1525 1410 1616 imperfectov:
1446 1573 1465 1605 ι
1509 1556 1575 1610 υι
1604 1572 1788 1629 postea
1815 1569 1957 1636 quod

378 1617 581 1675 dicitur
608 1638 713 1679 non
748 1631 1025 1698 superﬂuo
1052 1640 1291 1695 additum
1322 1647 1568 1704 videatur
1588 1617 1617 1706 ς’
1638 1655 1730 1710 sed
1762 1617 1957 1729 ιιιῖιιιιει

1682 1708 1716 1710 η
1768 1708 1957 1729 ,ν-,.-.--

380 1708 707 1767 rationalem
752 1728 805 1772 et
850 1721 1231 1793 incorpoream
1271 1741 1645 1803 operationem
1690 1748 1957 1822 intellige-

378 1809 563 1853 remns
590 1803 752 1857 etiam
787 1812 1123 1878 corporalem
1154 1832 1417 1878 secutam.
1448 1847 1468 1879 ι
1506 1829 1705 1888 Eadem
1736 1803 1954 1908 quorrue
1985 1826 2027 1880 Β

378 1885 516 1908 ΤΙ-Α..
545 1891 556 1908 Ι
663 1904 672 1908 -
981 1904 991 1908 “

374 1885 745 1951 Theudor-etus
776 1904 1040 1969 agnoscit,
1098 1922 1293 1980 quaest.
1328 1915 1396 1969 12
1426 1918 1481 1972 in
1520 1885 1951 1991 Genes.,1e-tvsilii

372 1977 583 2047 objicit,
657 2002 754 2041 cur
814 2007 974 2048 unam
1033 2013 1153 2054 cum
1218 2005 1417 2062 dixerit
1475 2022 1950 2089 congregationem

372 2072 677 2144 Scriptura,
713 2083 913 2139 multas
944 2094 1286 2157 postmodum
1313 2072 1762 2175 congregat'ion’es
1783 2128 1948 2183 aqua-

370 2177 489 2216 rum
516 2180 940 2244 commemoret,
971 2182 1096 2249 quia
1129 2185 1385 2244 nimirum
1417 2209 1522 2248 una
1569 2211 1652 2252 est
1688 2216 1948 2272 aquarum

369 2261 721 2327 congregatio
745 2304 760 2327 ,
792 2271 1046 2331 quoniam
1091 2274 1237 2331 inter
1264 2294 1323 2334 se
1358 2287 1530 2340 maria
1575 2295 1946 2363 conveniunt,

368 2348 616 2409 quaedam
652 2352 907 2411 deorsum
956 2376 1054 2429 per
1083 2367 1471 2429 subterraneos
1516 2390 1726 2435 meatus
1757 2385 1949 2440 decur-

366 2438 570 2506 rentia,
615 2444 720 2525 alia
752 2454 1049 2509 secundum
1084 2460 1431 2527 superficiem
1470 2478 1663 2528 terrae:
1697 2476 1794 2530 sed
1827 2479 1949 2547 plu-

371 2529 473 2582 rali
506 2547 733 2590 numero
755 2540 911 2605 dixit,
935 2548 1190 2613 quoniam
1217 2552 1362 2608 aliud
1385 2566 1468 2612 est
1499 2577 1648 2618 mare
1678 2566 1942 2635 Indicum,

368 2619 516 2674 aliud
542 2621 866 2696 Ponticum,
923 2644 976 2687 et
1031 2638 1176 2692 aliud
1209 2640 1573 2715 Tyrrhenum,
1627 2619 1943 2713 aliudPio:

361 2714 577 2779 pontis:
617 2718 854 2784 Ἐξωθεν
886 2725 942 2779 δὲ
981 2728 1143 2784 πάλιν
1176 2732 1446 2791 ἐπίκειται
1469 2740 1530 2794 τὸ
1559 2744 1815 2813 μέγιστον
1850 2751 1945 2803 πέ-

357 2799 542 2871 λαγος,
568 2806 708 2880 ὅπερ
733 2813 878 2877 τινὲς
915 2817 1013 2886 μὲν
1049 2820 1414 2893 ’Δτλαντικὺν,
1439 2799 1582 2896 uth
1606 2799 1663 2888 δὲ
1691 2799 1942 2896 Ὠκεανον

354 2892 718 2964 ὀνομάζουσιν
751 2917 765 2931 ·
829 2923 848 2956 ι
883 2905 1046 2961 Extra
1077 2923 1257 2967 autem
1300 2932 1486 2974 rursus
1535 2924 1739 2993 adjacet
1792 2946 1941 2987 mare

360 2987 651 3043 maximum
677 3032 692 3057 ,
745 2996 889 3063 quod
937 3003 1180 3056 nonnulli
1223 3021 1374 3063 mare
1408 3011 1763 3081 Atlanticum,
1799 3036 1938 3075 non-

358 3080 489 3134 nulli
528 3081 802 3140 Oceanum
830 3091 1121 3159 appellant.
1163 3116 1183 3149 ι
1230 3099 1396 3158 Extra
1435 3106 1571 3160 dixit
1602 3125 1725 3166 esse
1765 3114 1937 3170 Ocea-

356 3190 510 3240 num,
548 3176 651 3232 hoc
682 3189 785 3245 est,
810 3194 962 3238 extra
986 3185 1186 3256 Gades,
1217 3209 1322 3248 non
1365 3208 1420 3250 ut
1453 3198 1724 3269 interpres
1763 3207 1803 3260 Τ
1811 3208 1938 3261 Ιιεο-
1965 3163 2007 3220 Ο

351 3265 528 3321 dureti
563 3273 824 3341 scripsit:
885 3296 903 3328 ι
938 3277 1145 3337 Ρτιειειδ
1185 3285 1298 3340 haec
1328 3301 1507 3345 autem
1541 3296 1741 3351 otunia.
1784 3318 1802 3350 ι
1848 3299 1938 3357 Sic

351 3357 564 3413 locutus
610 3373 693 3416 est
741 3365 829 3419 hic
862 3379 1047 3426 noster
1078 3384 1260 3443 antea,
1293 3382 1325 3450 ὴ
1362 3379 1468 3446 ἔξω
1506 3385 1782 3458 Γαδείρων
1836 3391 1934 3447 Θά-

349 3448 543 3517 λασσα,
599 3473 618 3505 ι
657 3460 803 3524 quod
851 3470 935 3517 est
980 3475 1137 3521 extra
1186 3468 1365 3528 Gades
1410 3490 1599 3543 mare,
1637 3482 1752 3535 sive
1792 3483 1931 3539 ultra

347 3541 526 3599 Gades
572 3559 883 3606 externum.
918 3573 938 3606 ι
968 3555 1250 3616 Postremo
1279 3564 1365 3619 illa
1409 3569 1569 3623 verba
1592 3612 1607 3638 ,
1647 3572 1716 3626 τὰ
1750 3576 1932 3631 τοίνυν

346 3633 579 3708 ἀκριϐῆ,
604 3655 777 3709 ιιεῳιε
809 3645 874 3698 ad
909 3647 1070 3703 tinem
1103 3654 1309 3721 periodi
1338 3673 1442 3712 non
1470 3633 1715 3729 agnoscit
1745 3668 1932 3721 Eusta-

347 3727 492 3781 thius
525 3740 681 3786 vetus
716 3733 1028 3806 interpres,
1078 3758 1177 3798 nec
1208 3761 1237 3799 a
1270 3746 1466 3805 Basilio
1505 3755 1758 3811 videntur
1792 3762 1930 3816 inter

348 3821 778 3878 coneionaudum
821 3831 1026 3896 prolata
1056 3872 1070 3897 ,
1114 3841 1409 3903 prtesertim
1447 3859 1569 3897 cum
1616 3848 1759 3902 dicat
1800 3850 1926 3920 Epi-

344 3911 578 3978 phanius
608 3914 745 3969 libro
778 3916 856 3970 De
890 3924 1204 3989 ponderibus
1234 3941 1282 3982 et
1315 3937 1594 4001 mensuris,
1620 3911 1921 4008 appositum

366 4018 488 4057 esse
534 4007 747 4061 obelum
785 4009 1081 4082 Scriptura:
1111 4019 1436 4081 dictionibus
1467 4031 1607 4098 apud
1654 4031 1797 4088 LXX
1832 4035 1921 4090 ln-

340 4103 615 4164 terpretes
638 4103 844 4169 positis,
869 4122 988 4174 quae
1015 4113 1154 4178 apud
1178 4115 1427 4183 Aquilam
1458 4132 1509 4174 et
1535 4123 1918 4193 Symmachum

340 4202 448 4239 nun
481 4189 765 4257 habentur,
812 4200 954 4265 quod
993 4215 1088 4256 eas
1132 4204 1480 4276 Septuaginta
1515 4189 1798 4286 ex'scipsis
1823 4235 1919 4289 ap-

340 4281 643 4348 pusuerint,
681 4300 784 4340 non
815 4288 1040 4354 frustra,
1078 4298 1171 4349 sed
1202 4300 1383 4365 potius
1412 4303 1463 4356 in
1496 4305 1781 4363 uzilitatem
1817 4328 1832 4364 :
1862 4324 1917 4366 et

338 4368 696 4444 Hieronymus
725 4379 882 4446 epist.
915 4381 1005 4448 89,
1032 4384 1099 4438 ad
1136 4387 1493 4456 Augustinum
1518 4435 1533 4459 ,
1578 4397 1915 4470 «ubicunque

1563 346 1773 405 NOTAE.
1813 354 2209 421 FRONTONIS
2245 368 2477 427 DUCEI

3558 396 3661 454 988

1768 471 1880 526 tina
1912 473 1933 529 ξ

2042 483 2218 536 .mqu
2249 485 2580 559 ραὃδούχους
2627 493 2754 547 item
2800 498 3037 567 appellat
3078 500 3267 557 Graece
3306 503 3528 579 lictores
3560 510 3662 562 Bo-

2073 588 2380 644 manortnu,
2415 580 2538 635 ὅθεν
2560 585 2610 636 οἱ
2634 584 2922 659 ῥαϐδοῦχοι
2946 590 3263 665 λικτώρεις,
3291 596 3357 648 αἵ
3381 614 3442 650 τε
3474 599 3660 669 ῥάϐδοι

2073 667 2285 736 βάκυλα
2336 673 2650 730 καλοῦνται.
2715 680 3002 737 Cruserius
3055 684 3466 755 interpretatur,
3523 710 3543 742 ε
3607 706 3659 746 ει

2069 761 2267 831 virgae,
2296 779 2431 832 quas
2458 771 2765 836 gestabant,
2819 772 3017 829 fasces.
3057 797 3074 829 ι
3123 779 3205 833 Ad
3235 783 3456 837 verbum
3488 794 3657 853 esset,

2076 866 2095 901 ‹
2134 863 2189 905 ει
2219 855 2384 922 virga:
2415 855 2592 912 baculi
2626 875 2909 917 vocantur.
2946 885 2964 915 ι

2142 943 2255 995 Col.
2299 945 2399 1000 105
2432 948 2470 999 Α
2509 948 2563 1004 8.
2599 953 3055 1021 Προϐληθεῖσιν.
3113 957 3169 1014 In
3214 961 3497 1021 Basilieusi
3537 978 3658 1023 erat

2072 1032 2364 1103 βληθεῖσιν,
2405 1037 2554 1110 Regii
2588 1042 2693 1096 duo
2724 1046 3088 1112 prmfereliattt
3109 1052 3486 1126 προϐληθεῖσι,
3512 1062 3657 1116 unde

2065 1136 2148 1180 est
2179 1127 2417 1201 προϐολή
2449 1148 2631 1202 supra,
2663 1139 2728 1206 τῇ
2755 1136 2995 1209 προϐολῇ
3028 1140 3139 1196 τῶν
3165 1143 3490 1217 ἀνθερίκων.
3523 1150 3657 1204 Am-

2064 1215 2282 1273 brosius
2308 1220 2423 1277 hzec
2449 1227 2720 1294 expressit
2748 1229 2843 1283 lib.
2871 1245 2957 1297 ιιι,
2994 1247 3116 1302 cap.
3150 1235 3217 1290 1ο
3247 1254 3263 1290 :
3301 1215 3325 1288 ξ
3360 1238 3510 1293 Haud
3550 1242 3655 1296 du-

2064 1311 2211 1365 bium
2251 1315 2381 1383 quin
2418 1317 2622 1386 majore
2648 1331 2915 1385 proventu
2953 1341 2968 1379 :
2999 1326 3266 1394 siquidem
3302 1346 3400 1385 nec
3422 1332 3653 1388 cultoris

2063 1401 2268 1457 desidia
2315 1414 2581 1461 terrarum
2624 1411 2928 1468 destituere
2983 1424 3198 1484 poterat
3248 1419 3577 1476 ubertatem.
3626 1441 3647 1474 ι

2062 1490 2327 1547 Caeterum
2360 1510 2479 1563 qua:
2508 1498 2669 1566 paulo
2699 1512 2820 1570 post
2851 1511 3312 1580 στεφανωματικὰ
3342 1514 3475 1567 dixit
3505 1517 3653 1584 φυτὰ

2062 1579 2433 1655 Argyropylus
2469 1604 2490 1637 ι
2520 1602 2639 1655 qua:
2661 1589 2727 1643 ad
2762 1590 3074 1659 plectendas
3096 1579 3326 1653 corollas
3358 1579 3591 1669 faciunt,
3624 1621 3645 1653 ι

2061 1670 2446 1741 interpretatus
2478 1686 2597 1731 erat
2626 1678 2965 1748 Eustathius,
3023 1703 3044 1736 ‹
3073 1701 3191 1756 qua:
3238 1690 3526 1744 coronaria
3548 1708 3649 1747 vo-

2061 1763 2329 1830 citantur,
2375 1785 2394 1819 »
2432 1768 2513 1823 sic
2573 1771 2718 1825 enim
2768 1776 3154 1847 corrigendum
3199 1790 3282 1835 est
3324 1786 3647 1840 mendosum

2058 1853 2205 1918 illud,
2240 1873 2258 1905 ι
2292 1871 2413 1925 quae
2442 1860 2734 1916 corinaria.
2762 1882 2780 1916 ι
2815 1863 2997 1920 Utitur
3021 1869 3123 1923 hac
3148 1885 3279 1926 voce
3303 1871 3655 1932 Dioscorides

2055 1942 2150 1998 lib.
2190 1962 2248 2011 ι,
2282 1962 2404 2018 cap.
2444 1950 2477 2002 9
2509 1970 2523 2005 ε
2573 1953 2816 2027 Ἀσαρον
2866 1956 2973 2011 πόα
3028 1958 3235 2033 εὐώδης
3279 1980 3647 2038 στεφανωμαι

2053 2038 2179 2107 md;
2206 2053 2223 2069 ·
2264 2058 2283 2089 ι
2326 2039 2500 2097 Herba
2528 2056 2611 2098 est
2650 2048 2873 2101 odorata
2918 2061 2972 2104 et
3016 2057 3303 2111 coronaria
3352 2073 3580 2115 asaron.
3621 2081 3641 2112 ι

2053 2124 2457 2196 Theophrastus
2487 2134 2580 2189 lib.
2613 2152 2705 2201 vn,
2738 2153 2857 2207 cap.
2897 2140 2984 2207 27,
3023 2141 3096 2197 De
3128 2161 3273 2201 caus.
3296 2148 3465 2215 plant.
3490 2168 3510 2205 :
3552 2152 3646 2206 Ἑν

2050 2215 2311 2289 Αίγύπτῳ
2359 2221 2608 2294 χείριστα
2644 2225 2713 2279 τὰ
2766 2228 2901 2301 ἄνθη
2942 2232 3038 2285 καὶ
3075 2232 3143 2288 τὰ
3193 2238 3597 2311 στεφανώματα
3624 2260 3642 2275 ο

2055 2325 2074 2358 ι
2111 2308 2167 2362 In
2216 2309 2452 2382 Λεωτριο
2482 2319 2745 2385 pessimos
2788 2325 3077 2390 provenire
3128 2327 3290 2385 ﬂores
3320 2340 3375 2385 et
3402 2308 3645 2389 corona-

2051 2410 2254 2467 menta,
2292 2422 2310 2454 ι
2346 2406 2573 2475 scribit,
2608 2410 2710 2466 hoc
2747 2422 2862 2478 est,
2913 2414 3043 2473 folia
3075 2419 3159 2473 vel
3196 2420 3393 2479 herbas
3422 2440 3487 2480 ex
3519 2428 3644 2496 qui-

2047 2492 2149 2548 bus
2193 2510 2408 2553 corouaa
2451 2511 2830 2560 contexuntur.
2887 2506 3028 2563 Plin.
3079 2510 3178 2566 lib.
3226 2529 3343 2580 xxi,
3388 2531 3509 2587 cap.
3535 2492 3580 2573 ⁷1
3619 2538 3638 2575 :

2054 2602 2073 2635 ι
2107 2583 2164 2638 In
2197 2586 2366 2643 hortis
2386 2591 2492 2646 seri
2525 2608 2908 2652 coronamenta
2932 2601 3091 2667 jussit
3113 2603 3266 2658 Cato.
3293 2626 3313 2658 ι
3348 2605 3641 2664 Postremo

2051 2677 2193 2744 quod
2235 2679 2337 2734 sub
2363 2681 2523 2736 linem
2554 2686 2766 2755 pagina:
2796 2688 3031 2747 Basilius
3056 2695 3207 2749 addit
3249 2698 3492 2753 caruisse
3523 2702 3640 2770 spic

2044 2769 2129 2823 nis
2158 2782 2283 2825 ante
2312 2784 2592 2842 peccatum
2625 2794 2801 2834 rosam
2833 2823 2847 2848 ,
2887 2787 3081 2854 repetit
3108 2788 3272 2842 etiam
3300 2791 3633 2848 Ambrosius

2043 2854 2163 2911 loco
2211 2860 2379 2914 citato
2408 2901 2424 2925 ,
2470 2877 2571 2918 nec
2612 2866 2863 2923 dissentit
2914 2876 2981 2927 ab
3030 2886 3258 2947 utroque
3295 2878 3637 2949 Augustinus

2042 2944 2133 3001 lib.
2169 2964 2186 3003 ι
2216 2948 2293 3004 De
2318 2949 2506 3007 Genesi
2535 2967 2721 3012 contra
2760 2959 3106 3028 Manis/imos,
3142 2944 3263 3039 c—ap.
3300 2944 3521 3028 l5.'Ubi
3552 2977 3635 3031 ait

2046 3056 2065 3089 ε
2107 3040 2305 3098 herbas
2337 3060 2640 3103 veneuosas
2682 3052 2750 3105 ad
2796 3069 3014 3122 poenam
3056 3059 3139 3113 vel
3174 3061 3239 3115 ad
3276 3064 3632 3120 exercitatio-

2040 3143 2165 3184 nem
2201 3136 2506 3192 mortalium
2541 3152 2755 3197 creatas
2780 3160 2935 3213 esse,
2977 3156 3033 3204 et
3061 3150 3164 3205 hoc
3198 3160 3369 3207 totum
3401 3169 3630 3226 propter

2041 3232 2318 3285 peccatum
2345 3244 2365 3279 :
2398 3244 2417 3278 ι
2472 3231 2567 3284 sed
2609 3243 2667 3286 ιιι
2716 3237 2978 3291 admonet
3032 3241 3235 3307 optime
3271 3242 3629 3306 doctissimus

2038 3306 2290 3367 Pererius
2321 3326 2510 3371 noster
2540 3320 2592 3373 in
2627 3321 3045 3385 Commentariis
3068 3331 3120 3383 in
3152 3329 3410 3402 Cenesim,
3435 3350 3627 3407 postea

2037 3404 2299 3458 maturius
2329 3416 2383 3461 et
2413 3416 2720 3471 accuratius
2752 3433 2862 3472 rem
2895 3431 3169 3478 scrutatus
3199 3430 3519 3482 retractavit
3559 3442 3619 3486 et

2034 3496 2345 3550 emendavit
2375 3497 2469 3558 lib.
2495 3517 2553 3555 ιιι
2588 3503 2665 3558 De
2698 3507 2886 3562 Genesi
2918 3513 2987 3563 ad
3016 3513 3264 3579 litteram,
3303 3533 3425 3587 cap.
3457 3519 3547 3585 18,
3563 3532 3623 3577 ct

2032 3588 2358 3641 contrariam
2405 3596 2730 3650 sententiam
2781 3609 2862 3653 est
2926 3604 3226 3671 amplexus.
3268 3608 3431 3664 Certe
3486 3626 3617 3666 cum

2035 3689 2338 3734 venenosas
2374 3691 2429 3736 et
2469 3685 2716 3742 exitiales
2746 3689 2942 3746 herbas
2986 3704 3113 3749 ante
3142 3709 3419 3765 peccatum
3456 3713 3618 3761 natas

2028 3777 2242 3820 asserat
2285 3767 2515 3829 Basilius
2569 3791 2693 3846 pag.
2739 3777 2809 3833 58
2835 3818 2851 3845 ,
2898 3785 3097 3836 ea-dem
3138 3787 3373 3842 rationes
3415 3789 3616 3847 docere

2028 3869 2274 3925 possunt,
2300 3877 2398 3917 cur
2432 3867 2595 3920 etiam
2627 3880 2753 3924 ante
2783 3886 3064 3940 peccatum
3096 3877 3283 3947 spinas
3310 3896 3434 3935 cum
3470 3886 3613 3941 rosis

2024 3949 2182 4004 edere
2218 3962 2423 4008 terram
2456 3958 2599 4013 Deus
2622 3963 2873 4018 voluerit.

2092 4039 2208 4096 Col.
2239 4043 2339 4099 108
2366 4046 2427 4101 C.
2470 4047 2525 4102 6.
2572 4053 2948 4121 Παρεμϐαλεῖ
2991 4060 3122 4130 γάρ.
3159 4060 3445 4136 interpres
3476 4071 3613 4125 seri-

2020 4146 2204 4202 pserat
2238 4153 2252 4188 :
2282 4155 2301 4187 ι
2342 4135 2599 4196 lmmittet
2624 4146 2766 4198 enim
2792 4162 2873 4210 se,
2900 4160 2992 4204 aut
3026 4155 3259 4210 medium
3313 4162 3608 4219 constituet

2020 4226 2243 4293 angelus
2262 4226 2491 4284 Domini.
2509 4250 2528 4283 ι
2550 4233 2613 4286 Ει
2634 4248 2789 4290 sonat
2807 4239 2908 4293 hoc
2932 4241 3148 4311 quidem
3176 4246 3362 4302 Grzece
3388 4267 3608 4324 παρεμ-

2017 4316 2231 4370 ϐάλλειν
2254 4335 2376 4375 cum
2410 4322 2633 4380 alterius
2668 4329 2746 4383 rei
2777 4346 2931 4387 casus
2980 4335 3227 4403 additur,
3254 4344 3465 4410 ἑαυτὸν,
3494 4346 3602 4398 ὑπ-

2013 4407 2190 4477 οψίας,
2216 4428 2235 4461 ‹
2263 4411 2499 4469 inserere
2528 4430 2642 4483 se,»
2672 4420 2753 4473 vel
2775 4441 2793 4473 ι
2817 4424 3177 4492 suspicionem
3207 4430 3480 4502 injicere,»
3505 4437 3602 4489 sed

1829 4462 1841 4470 _
2056 4462 2068 4477 ⁸
2148 4462 2190 4474 ,,
2266 4462 2394 4465 ηπ--
2416 4462 2496 4469 --ν
2528 4462 2638 4483 -.Ἰν
2682 4462 2753 4473 vv.
2777 4462 2793 4473 ι
2817 4462 3177 4492 -ιυογιιιυιιιιιι
3208 4462 3480 4502 ιιυιυυιῠμ
3505 4462 3602 4489 acu

333 4462 576 4532 virgulae,
604 4466 653 4521 id
692 4481 774 4522 est
818 4473 979 4533 obcli,
1014 4484 1159 4540 sunt,
1186 4478 1542 4549 significatur,
1588 4493 1728 4554 quod
1770 4490 1907 4562 Sep.
1939 4507 1987 4566 υ
2014 4508 2066 4551 et
2102 4518 2120 4550 ι
2151 4510 2330 4554 castra
2370 4501 2571 4569 locare,
2605 4526 2623 4558 ι
2655 4513 2879 4564 tentoria
2920 4515 3184 4574 collocare
3214 4524 3493 4579 ordinibus
3519 4528 3604 4581 di-

335 4557 570 4581 c......:--.-
609 4561 720 4581 _|__-
779 4564 876 4581 Ie..-
920 4565 931 4576 ·
982 4575 992 4581 -
1253 4572 1264 4581 ·
1323 4572 1335 4581 ·
1516 4577 1529 4581 ‘
1602 4578 1639 4581 “
1682 4580 1689 4581 ί

335 4557 575 4625 tuaginta
608 4561 723 4627 plus
760 4564 1018 4628 dixerint,
1049 4582 1212 4636 quam
1250 4572 1479 4628 habetur
1514 4577 1566 4631 in
1598 4557 1860 4637 Hebraeo.-
1882 4604 1901 4637 ι

330 4646 403 4699 At
433 4664 537 4703 non
565 4654 826 4722 quidquid
857 4657 908 4710 in
949 4657 1176 4716 Hebraeo
1218 4678 1324 4718 non
1350 4667 1596 4737 habetur,
1629 4683 1724 4728 aut
1767 4680 1907 4747 apud

2009 4588 2224 4655 stincta,
2246 4591 2389 4645 nullo
2411 4598 2710 4663 przcsertim
2731 4601 2952 4659 alterius
2980 4608 3128 4664 vocis
3151 4625 3291 4664 casu
3310 4615 3513 4682 addito,
3535 4629 3592 4671 ut

2009 4676 2062 4728 in
2089 4678 2189 4731 hoc
2217 4679 2336 4733 loco
2360 4681 2598 4739 Davidis.
2632 4685 2864 4745 Budmus
2896 4693 2944 4746 in
2972 4693 3377 4755 Commentariis
3400 4704 3598 4775 Iinguw

2008 4766 2209 4823 (ἔνατα)
2224 4774 2426 4840 profert
2449 4790 2514 4828 ex
2536 4777 2777 4849 Polybio,
2799 4785 2890 4838 lib.
2914 4802 2972 4840 ιιι
2992 4811 3004 4841 ι
3021 4789 3132 4860 Τὴν
3154 4790 3211 4842 δὲ
3232 4791 3458 4865 δύναμιν
3475 4766 3602 4869 ⁷πρὸ

2004 4860 2106 4931 τῆς
2154 4863 2360 4928 πόλεως
2416 4870 2817 4941 παρεμϐαλὼν,
2860 4877 3197 4951 ὠχυρώσατο
3245 4860 3439 4959 τάφρῳ
3499 4860 3603 4944 καὶ

2004 4955 2206 5027 χάρακι
2230 4958 2324 5030 τὴν
2350 4964 2788 5031 στροῑυτοτ-εεδείαν⁸
2822 4989 2840 5021 ι
2875 4971 3007 5026 Cum
3036 4986 3161 5028 ante
3194 4981 3380 5033 urbem
3413 4995 3599 5038 castra

2006 5059 2242 5105 metatus
2271 5063 2437 5119 eSset,
2465 5053 2607 5108 fossa
2634 5067 2690 5112 et
2708 5061 2849 5115 vallo
2881 5067 3182 5120 exercitum
3215 5076 3593 5131 (omumnivit.

2006 5137 2216 5196 Positus
2268 5144 2411 5197 enim
2463 5151 2814 5218 tentoriorum
2860 5165 2912 5206 et
2968 5161 3190 5213 metatio
3248 5164 3597 5221 ordinatione

2003 5236 2267 5289 castrensi
2302 5248 2580 5305 constans,
2602 5244 2924 5318 παρεμϐολὴ
2953 5248 3176 5307 dicitur.
3203 5273 3222 5305 ι
3256 5253 3425 5313 Porro
3451 5273 3592 5328 quo-

2004 5323 2321 5395 tiescunque
2361 5344 2468 5384 vox
2499 5331 2684 5387 Graeca
2721 5335 3073 5408 Septuaginta
3111 5343 3463 5415 interpretum
3501 5353 3588 5407 vel

2000 5414 2225 5469 aliorum
2263 5418 2571 5476 Grtecorum
2616 5427 2867 5498 ambigua
2916 5441 3019 5496 est,
3063 5444 3116 5489 et
3162 5437 3293 5491 duas
3340 5437 3587 5508 pluresve

1997 5507 2245 5563 notiones
2282 5511 2467 5576 habet,
2487 5529 2547 5568 ea
2577 5518 2921 5583 potissimum
2955 5525 3323 5593 amplectenda
3350 5532 3582 5604 videtur,

1995 5610 2114 5665 quae
2148 5613 2270 5653 cum
2309 5600 2538 5658 Hebraeo
2555 5610 2807 5664 convenit
2842 5624 2859 5664 :
2891 5613 3039 5682 atqui
3071 5630 3140 5669 ex
3169 5620 3358 5674 eodem
3386 5622 3584 5678 arche-

1996 5693 2123 5756 typo
2153 5699 2369 5745 vertunt
2391 5691 2510 5752 Joa.
2537 5695 2856 5767 Campensis
2904 5711 2960 5756 et
3002 5703 3294 5775 Pagninus,
3331 5729 3351 5763 ι
3385 5712 3580 5771 Castra

1996 5788 2230 5836 metatur
2256 5783 2472 5854 angelus
2502 5786 2712 5845 Domini
2745 5810 2757 5847 :
2794 5810 2812 5844 ι
2833 5803 2885 5848 ει
2907 5793 3263 5870 Hieronymus
3295 5817 3361 5858 ex
3388 5804 3579 5862 eodem

327 4739 580 4807 Aquilam
605 4754 659 4796 et
686 4744 1094 4813 Symmachum,
1126 4757 1468 4821 reprobatum
1500 4771 1604 4815 est.

398 4830 515 4887 Col.
557 4834 626 4888 96
657 4836 700 4888 Α
728 4838 780 4890 4.
843 4840 952 4894 Τοῦ
1005 4843 1231 4911 γεννᾶν
1275 4849 1449 4919 αὐτῇ.
1492 4851 1581 4908 Sic
1620 4853 1903 4916 Basilicus.

327 4921 460 4977 edit.
530 4926 600 4978 At
658 4927 869 4996 Anglici
917 4946 1050 4988 mss.
1108 4935 1298 5004 αὐτῆς.
1331 4940 1573 4999 Τιιειιιιιι·
1618 4947 1901 5005 lectionem

326 5013 530 5069 editam
577 5018 685 5073 duo
719 5018 892 5090 Regii,
923 5034 979 5077 et
1018 5025 1350 5096 Eustathius,
1395 5051 1413 5084 ι
1453 5037 1556 5092 sibi
1612 5041 1902 5111 pcrhibens

323 5098 660 5160 facultatem.
702 5128 720 5160 ι

395 5191 511 5249 Col.
546 5196 614 5252 99
652 5199 694 5252 Α
740 5199 795 5254 8.
836 5200 1087 5261 Lictores.
1136 5209 1542 5272 lmmutavimus
1587 5220 1672 5274 illa
1727 5223 1900 5277 inter-

319 5284 511 5348 pretis,
545 5301 564 5335 ι
606 5283 1029 5360 leruligerosque
1060 5293 1299 5364 lictores,
1336 5318 1354 5352 ι
1384 5312 1439 5354 ει
1466 5321 1587 5358 cmn
1617 5307 1900 5367 Eustathio

319 5378 411 5447 qui
448 5381 630 5447 vertit,
664 5400 684 5434 ‹
725 5382 1063 5457 fasciumque
1093 5404 1364 5463 vectores,
1401 5417 1420 5449 ι
1481 5402 1769 5458 maluimus
1801 5406 1901 5459 llu-

316 5480 604 5527 manorum
639 5490 796 5532 voces
822 5494 1083 5550 usurpare
1106 5525 1121 5549 ,
1155 5487 1246 5556 qui
1291 5488 1470 5545 fasces
1513 5496 1755 5561 praeferri
1781 5500 1896 5554 aie-

314 5558 448 5614 bant
481 5578 511 5616 a
541 5564 843 5623 lictoribus.
876 5568 1083 5627 Auctor
1108 5578 1273 5630 etiam
1295 5558 1535 5649 Vulgata:
1562 5586 1747 5641 Actor.
1781 5605 1893 5657 δτι,

315 5650 386 5704 35
411 5670 426 5705 :
467 5654 862 5714 Ἀπέστειλαν
888 5664 943 5715 οι
974 5668 1296 5736 στρατηγοὶ
1323 5670 1464 5737 τοὺς
1488 5650 1890 5746 ῥαϐδούχους-ί

314 5740 572 5802 Miserum
624 5754 957 5823 magistratus
1009 5758 1233 5816 (ictam.
1286 5740 1602 5824 Plutarchus
1667 5769 1719 5825 iu
1788 5768 1890 5827 llo-
