3824 6214
190 414 316 474 939

1315 392 1410 449 AD
1448 387 1778 447 HOMlLiAS
1818 385 1888 441 ΙΝ
1926 374 2428 439 HEXAEMERON.

3372 354 3476 411 990

195 540 365 585 textu
396 523 646 585 llebrmo,
677 512 1026 572 «Circumdat
1042 507 1264 579 angelus
1292 504 1505 562 Domini
1536 546 1552 570 ,
1581 521 1600 556 ι
1644 509 1701 556 et
1745 501 1800 554 in
1829 505 1877 560 Α
1906 507 2037 561 tem,
2071 513 2090 546 ι
2118 504 2173 547 et
2202 487 2645 559 impedimentum
2687 497 2792 537 non
2846 475 3069 532 affertur
3107 472 3171 527 ad
3215 472 3479 541 recipien-

191 638 336 693 cap.
363 634 468 673 va
497 616 653 671 Isaia:
701 617 1145 675 unumquemque
1193 615 1290 656 nos

197 714 398 785 gelum
423 706 684 778 probans,
727 707 783 752 et
808 698 951 751 hunc
988 705 1205 746 versum
1243 704 1274 743 e
1297 686 1489 743 Graeco
1519 684 1695 736 citans
1723 681 1802 735 sic

196 805 406 863 δῦθι-ιε
474 793 790 853 Circumdat
812 787 1032 860 angelus
1055 781 1289 839 Domini.
1328 799 1348 832 ι
1368 781 1528 835 Certe
1546 776 1803 832 Basilium

1298 610 1439 653 trum
1473 598 1673 651 habere
1705 610 1800 648 an»
1898 585 2025 640 dum
2057 581 2188 638 solis
2211 579 2472 634 calorem.
2506 592 2524 624 ι

1970 670 2086 727 Col.
2132 666 2234 722 116
2274 666 2315 721 C
2365 662 2455 717 10.
2522 658 2831 728 ’Υπάρχον.
2867 653 3105 710 Emenda
3163 665 3228 703 ex
3275 647 3484 703 duobus

1903 763 2097 833 Regiis
2127 757 2285 813 codd.
2314 752 2619 823 ἐνυπάρχον
2674 750 2742 819 τῇ
2783 748 2876 817 γῇ.
2912 765 2930 796 ι
2962 741 3093 795 Illud
3126 742 3290 792 etiam
3338 750 3485 790 nunc

199 826 406 863 enen;
430 826 451 853 ι
474 826 790 853 υιῐυιιιυυαι
813 826 1032 860 unum.”
1058 826 1289 839 μνη-η...
1328 826 1343 832 -
1375 826 1463 835 ν.--
1482 826 1526 832 ν,
1546 826 1764 832 ____-_m
1794 826 1801 827 κ
1991 826 2015 833 ν

199 897 293 952 sic
344 888 679 947 intellexisse
727 883 871 936 hunc
905 877 1083 931 locum
1125 873 1388 933 indicant,
1421 883 1539 937 quze
1566 880 1806 934 sequun-
1905 860 2231 924 praeceptum
2261 845 2401 915 quod
2436 852 2595 896 terra:
2616 840 2774 893 inest.
2803 855 2823 888 ι
2853 836 2915 889 Et
2937 830 3309 899 καθ’ἑκάστην
3333 826 3488 887 ἔτους

2026 945 2036 952 ’
2072 943 2096 952 ⁸
2184 940 2209 952 Λ
2237 939 2248 952 “
2287 938 2317 952 ¹⁹
2372 951 2376 952 '
2430 950 2437 952 Α
2460 949 2509 952 π*
2538 933 2681 952 ν---τι
2716 928 3004 952 ί“Α---Α-Ξ--ιι
3025 942 3038 952 α
3067 942 3084 952 ι
3119 920 3270 952 Invia
3304 921 3488 952 ainan—

209 1227 506 1331 ανθρώπῴ
540 1247 935 1324 παρεικάζεται
983 1237 1065 1305 εἷς
1115 1236 1368 1307 ἄγγελος.
1416 1230 1571 1301 Apud
1624 1227 1754 1280 Eust

214 1316 407 1408 thium
443 1316 721 1404 mendose,
741 1338 880 1395 sicut
898 1343 954 1390 et
978 1334 1032 1387 in
1050 1327 1371 1399 quibusdam
1388 1320 1595 1376 Latinis
1613 1316 1817 1372 codici-

218 1406 340 1503 bus
377 1450 617 1507 tempore
646 1426 954 1499 Augustini,
982 1422 1197 1494 legitur,
1221 1436 1241 1469 ι
1280 1413 1542 1471 lmmittet
1570 1406 1821 1478 angelum

218 1536 499 1591 Dominus
530 1529 584 1583 in
619 1521 873 1580 circuitu.
902 1536 922 1568 ι

309 1665 431 1723 Col.
461 1660 560 1717 111
595 1660 635 1714 Β
672 1658 727 1712 5.
767 1651 918 1708 Velut
953 1644 1196 1719 quwdam
1221 1637 1581 1695 masculorum
1606 1631 1823 1686 semina.

227 1717 662 1814 Siltmbrosius
685 1744 783 1799 lib.
822 1757 905 1803 ιιι,
936 1717 1058 1807 cap.
1098 1733 1163 1787 l3
1195 1749 1210 1786 :
1244 1747 1264 1781 ι
1309 1724 1636 1796 Praejaciunt
1664 1717 1831 1772 ramis

1907 920 2157 1018 erepiooov
2182 938 2389 994 fidelius
2416 933 2684 1003 expressit
2714 928 3038 985 Cornarius:
3066 942 3084 975 ι
3113 920 3272 976 Juxta
3303 921 3489 987 singu-

1908 1039 2086 1094 lorum
2116 1044 2382 1088 annorum
2407 1026 2693 1081 circuitum
2718 1041 2734 1076 :
2761 1039 2781 1071 ι
2809 1019 2947 1089 apud
2970 1013 3310 1071 Enstathium
3341 1011 3493 1064 deest

2650 1111 2901 1187 proprias
2929 1114 3161 1177 quantas
3190 1103 3350 1158 habet
3377 1100 3493 1154 sin-

1759 1240 1818 1279 a-
1914 1220 2163 1289 gulorum
2218 1224 2484 1273 annorum
2526 1203 2816 1262 curriculis
2845 1200 2912 1255 ad
2958 1192 3359 1253 informandum
3396 1203 3493 1258 ge-

1918 1327 2019 1369 nus
2038 1309 2347 1364 herbarum.
2388 1321 2407 1354 ι

1990 1401 2108 1459 Col.
2147 1398 2249 1453 118
2297 1398 2344 1451 Α
2390 1393 2479 1448 11.
2528 1382 2974 1446 Concertantium.
3014 1379 3275 1436 Addimus
3308 1386 3499 1432 vocem

1928 1513 1951 1552 ς
1988 1493 2359 1548 athletarum»
2395 1501 2427 1540 e
2459 1483 2674 1544 Graeco,
2716 1491 2772 1533 et
2797 1491 2894 1546 pro
2926 1493 2945 1526 ‹
2984 1474 3215 1533 theatro,
3251 1487 3270 1519 ι
3302 1464 3503 1521 substi-

1925 1586 2130 1640 tuimus
2159 1600 2178 1634 ι
2219 1578 2421 1642 stadio,
2459 1594 2478 1627 ι
2512 1572 2654 1644 quod
2688 1567 2944 1624 mendose
2993 1561 3133 1631 apud
3163 1554 3504 1614 Eustathium

1930 1678 2145 1745 legitur,
2168 1691 2188 1725 ι
2210 1675 2568 1740 congregatos
2599 1664 2651 1718 in
2674 1660 2874 1716 studio.
2905 1675 2924 1709 ι
2953 1654 3107 1722 Quod
3133 1651 3277 1706 enim
3299 1644 3508 1702 Latinis

1931 1770 2111 1823 circus
2141 1782 2170 1818 a
2213 1736 2427 1818 theatro
2468 1758 2736 1818 diversus,
2768 1751 2820 1804 id
2870 1747 3105 1804 stadium
3150 1740 3355 1797 Graecis
3384 1736 3507 1790 fuit.
3590 1743 3602 1755 '

226 1849 358 1919 ejus
393 1845 694 1917 palmarum
731 1831 976 1903 qumdam
1012 1825 1159 1878 velut
1194 1818 1401 1919 semitm
1426 1809 1823 1919 uniascularpm,
1857 1845 1900 1898 Β
1930 1809 2192 1914 l'i's
2215 1809 2519 1907 ΕἱΕᾶἶὼ
2570 1809 2675 1900 ίΧΝ
2724 1809 2766 1896 .a
2887 1842 2900 1894 Ι
3271 1832 3283 1844 .
3364 1831 3376 1842 .

1449 1916 1457 1919 -
1567 1916 1605 1919 νς
1648 1917 1677 1919 -ς
1730 1913 1792 1919 η
2519 1887 2533 1901 .
2681 1886 2696 1909 ,
2779 1857 2882 1912 pop
2905 1847 3076 1894 toreto
3113 1832 3204 1897 26,
3240 1828 3511 1901 significat

229 1896 280 1919 ‘J
296 1896 357 1903 "‘
436 1896 445 1897 ί
468 1896 475 1897 ί
750 1896 765 1903 -

229 1896 441 2010 quiburs
481 1932 557 1988 illi
588 1928 736 1983 velut
761 1922 979 1993 quidam
1009 1928 1200 1971 sensus
1234 1902 1610 1980 perfruitionis
1645 1896 1826 1953 infun-

231 2036 416 2095 ditur,
448 2037 505 2082 et
532 2018 757 2091 expetiti
789 2011 1109 2070 concubitus
1135 2002 1307 2076 gratia
1336 2003 1772 2067 repraesentetur.
1802 2007 1821 2040 ι

246 2491 353 2545 tui.
381 2505 403 2536 ι
431 2481 582 2554 Apud
611 2474 952 2533 Eustathium
978 2478 1193 2537 quoque
1223 2462 1513 2528 depravata
1532 2463 1618 2506 eat
1653 2446 1835 2510 lectio,

256 2600 280 2635 ι
331 2576 579 2634 sublatos
602 2572 668 2625 de
686 2563 931 2623 masculo
958 2567 1136 2614 certos
1155 2552 1341 2609 oculos
1362 2546 1575 2603 femina
1590 2541 1841 2604 dicuntur

252 2677 534 2732 inserere,
592 2682 612 2717 ι
648 2660 736 2716 ubi
796 2658 936 2711 forte
988 2644 1364 2717 corrigendum
1408 2656 1428 2691 ι
1483 2643 1660 2692 certos
1707 2628 1841 2685 culi-

253 2778 390 2828 ces;
430 2780 450 2813 ι
497 2747 953 2827 quemadmodum
1006 2741 1186 2795 locum
1223 2735 1371 2790 illum
1419 2723 1690 2800 expressit
1718 2720 1843 2776 Ari-

256 2849 472 2908 stotelis
506 2847 542 2899 l.
585 2859 618 2897 v
672 2840 877 2895 Hister.
919 2830 1178 2893 enimah,
1215 2841 1337 2895 cap.
1388 2821 1480 2885 39.,
1529 2816 1844 2873 Theodorus

257 2907 409 3000 Caza
438 2959 452 2995 :
489 2939 552 2992 Οἱ
576 2935 633 2988 δὲ
661 2929 858 3004 ἐρινεοὶ
905 2927 961 2978 ὲν
990 2926 1101 2987 τοῖς
1136 2920 1332 2992 ἐρινοῖς
1367 2913 1549 2984 ἔχουσι
1591 2907 1715 2969 τοὺς
1748 2922 1848 2959 κα-

257 3032 559 3104 λουμένους
604 3025 779 3096 ψῆνας
803 3036 818 3051 ⁸
854 3018 1061 3089 γίνεται
1104 3014 1161 3067 δὲ
1192 3009 1348 3064 τοῦτο
1389 3005 1604 3076 πρῶτον
1640 2999 1875 3069 σκωλή-¹

263 3092 555 3189 mauu-ica.
594 3092 1020 3186 τέεριρῥαγέντος
1064 3104 1160 3161 τοῦ
1208 3103 1478 3172 δέρματος
1525 3092 1847 3155 ὲκπέτεται,

263 3214 431 3270 τοῦτο
462 3205 871 3281 ἐγκαταλείπων
901 3205 930 3256 ὁ
960 3199 1088 3271 ψὴν,
1113 3197 1208 3250 καὶ
1240 3192 1506 3247 εἰσδύεται
1538 3188 1619 3250 εἰς
1650 3183 1721 3237 τὰ
1741 3181 1850 3235 τῶν
1877 3177 1923 3239 C

270 3305 454 3363 συκῶν
476 3301 628 3376 ὲρινὰ
658 3300 753 3354 καὶ
782 3291 1084 3364 διαστομῶν
1128 3289 1271 3341 ποιεῖ
1303 3284 1377 3356 μὴ
1423 3279 1753 3335 ἀποπίπτειν
1783 3272 1852 3326 τὰ

270 3401 451 3475 ἐρινά·
484 3417 503 3450 ι
530 3394 775 3450 Ficarios
803 3390 1005 3446 culices
1040 3381 1326 3453 capriﬁcus
1362 3383 1587 3448 generat
1614 3372 1727 3427 suis
1758 3384 1856 3440 ρο·

272 3498 422 3552 mis:
468 3492 524 3545 lit
550 3488 784 3560 primum
814 3477 1171 3540 vermiculus,
1207 3487 1332 3526 mox
1381 3479 1535 3537 rupta
1565 3474 1689 3520 cute
1723 3475 1856 3517 evo-

275 3592 354 3643 lat
397 3559 592 3647 cules,
628 3584 943 3644 mutataque
986 3568 1114 3625 sede
1165 3565 1302 3636 petit
1344 3565 1475 3616 licus
1521 3559 1857 3619 immaturas,

280 3678 484 3748 quibus
511 3688 570 3728 se
595 3672 896 3732 insinuans,
920 3663 1051 3717 facit
1095 3674 1164 3714 ne
1193 3655 1465 3712 decidant.
1504 3670 1523 3703 ι
1562 3648 1636 3704 lta
1669 3660 1860 3702 emen-

258 3773 444 3849 datus
473 3765 672 3833 legitur
711 3759 801 3813 hic
850 3756 1003 3823 locus
1054 3750 1111 3805 in
1164 3746 1402 3803 editione
1432 3735 1758 3799 Casauboni,
1807 3740 1862 3787 et

1293 3834 1352 3849 ιιι
1422 3832 1529 3849 Irus
1587 3825 1746 3849 ._-.a:.
1802 3822 1862 3849 ,ιιι

279 3822 491 3917 l’liuius
521 3822 686 3917 f'avet,
722 3850 813 3920 qui
849 3847 946 3903 lib.
1001 3857 1096 3906 xv,
1132 3854 1256 3909 cap.
1292 3834 1375 3900 19,
1422 3832 1537 3886 hare
1587 3825 1751 3882 tradit
1799 3822 1866 3877 de

282 3950 592 4021 caprifico:
636 3914 834 4010 «Ἐξεο
884 3935 1087 3992 culices
1133 3930 1274 4000 parit
1322 3923 1424 3981 :hi
1485 3916 1717 3975 fraudati
1769 3914 1869 3968 ali-

284 4049 474 4097 mento
536 4037 591 4090 in
639 4041 816 4087 matre
875 4025 1019 4098 putri
1078 4020 1195 4091 ejus
1249 4017 1410 4077 tabe,
1469 4011 1536 4065 ad
1581 4015 1868 4076 cognatam

284 4133 492 4186 volant.
535 4149 555 4179 ι
605 4120 937 4192 Hesychius.
990 4114 1189 4184 ψῆνες,
1239 4103 1505 4162 κωνώπια
1549 4101 1620 4156 τὰ
1665 4102 1722 4153 ὲν
1756 4098 1871 4158 τοῖς

286 4222 533 4283 δ’λὺνθοις
556 4190 837 4287 γινόμενα,
863 4210 956 4266 sed
984 4208 1126 4262 idem
1155 4215 1370 4270 quoque
1399 4196 1504 4251 alio
1546 4194 1665 4249 loco
1694 4190 1871 4261 ψῆνας

289 4313 516 4385 exponit
544 4308 616 4363 τὰ
647 4307 938 4378 σπέρματα
967 4298 1075 4353 τῶν
1094 4295 1371 4367 φοινίκων,
1392 4310 1411 4341 ι
1435 4289 1643 4344 semina
1669 4284 1876 4354 palma-

292 4377 433 4464 rum.
468 4424 491 4469 ρ
537 4400 884 4473 Etymologus
915 4389 1337 4458 etiamz‘l’ﬁvsg,
1369 4386 1423 4437 αι
1463 4380 1656 4453 μικραὶ
1700 4377 1874 4447 μυῖαι,

290 4500 390 4555 καὶ
410 4467 589 4570 ψῆνας
604 4467 825 4561 λέγοοοῖι
854 4487 917 4540 τὸ
948 4483 1169 4553 σπέρμα
1195 4479 1304 4533 τῶν
1332 4474 1608 4547 φοινίκων·
1641 4487 1660 4520 ι
1693 4467 1845 4536 Ψῆνε

295 4601 426 4650 sunt
471 4601 651 4658 parvae
694 4594 914 4644 muscae,
943 4585 998 4631 et
1029 4574 1208 4645 ψῆνας
1237 4568 1510 4638 appellant
1548 4561 1752 4618 semina
1770 4575 1835 4628 pa

296 4696 534 4740 marum.
574 4698 593 4731 ι
634 4674 847 4742 Quibus
885 4670 1124 4724 adducor
1160 4675 1221 4718 ut
1257 4660 1475 4717 credam
1505 4653 1883 4725 caprificorum

295 4777 477 4847 ψῆνας
505 4739 917 4838 distinguendos
944 4774 1064 4816 esse
1093 4758 1161 4812 ab
1183 4755 1304 4808 istis
1333 4743 1746 4821 pultnarunt,de
1767 4739 1887 4809 qui-

300 4873 407 4926 hns
447 4865 562 4935 agit
594 4861 841 4917 Basilius,
878 4867 1054 4923 neque
1100 4848 1305 4905 culices
1342 4844 1475 4898 istos
1502 4854 1646 4903 esse,
1673 4835 1767 4891 sed
1792 4831 1889 4888 ﬂo-

300 4976 420 5018 rem
455 4930 746 5028 quemdam
779 4948 863 5003 vel
894 4944 1223 5014 lanuginem,
1250 4946 1309 4991 ut
1336 4941 1579 4990 verterat
1606 4932 1695 4985 hic
1720 4930 1890 4998 Argy-

304 5054 552 5125 ropylus,
588 5068 608 5101 ι
643 5044 808 5100 maris
833 5041 1020 5096 liorem
1056 5049 1150 5090 seu
1176 5028 1481 5099 lanuginem
1516 5024 1836 5078 immittere.
1864 5036 1884 5070 ι

307 5145 615 5201 Confirmat
674 5136 1044 5205 conjecturam
1098 5135 1338 5180 nostram
1382 5119 1587 5174 Plinius
1631 5115 1725 5170 lib.
1769 5127 1886 5176 χιιι,

308 5252 434 5307 Cap.
462 5234 518 5301 4,
560 5229 651 5285 ubi
681 5228 749 5283 de
780 5204 975 5296 palmis
1007 5232 1174 5289 agens
1203 5217 1317 5270 haec
1350 5212 1522 5273 addit,
1566 5227 1585 5260 ι
1634 5216 1691 5260 ιιι
1718 5204 1891 5259 coitus

310 5330 474 5385 etiam
507 5321 845 5391 excogitatus
864 5315 934 5371 sit
961 5313 1031 5367 ab
1072 5308 1314 5370 homine,
1363 5318 1430 5356 ex
1478 5298 1720 5354 maribus
1762 5294 1893 5348 ﬂore

310 5437 377 5474 ac
410 5414 684 5484 lanugine,
707 5407 928 5464 interim
954 5416 1081 5458 vero
1136 5405 1343 5454 tantum
1385 5392 1605 5462 pulvere
1646 5389 1893 5457 inspersa

313 5507 554 5567 trutinis.
592 5524 612 5558 ι

389 5640 525 5697 Ibid.
581 5638 626 5694 D
675 5636 729 5691 7.
778 5630 985 5687 Partim
1039 5624 1239 5680 radios.
1287 5617 1560 5684 lnterpres
1607 5609 1897 5680 scripserat

320 5734 590 5795 fortasse,
621 5748 643 5781 ‹
693 5725 846 5782 radio
888 5720 1037 5776 solis.
1083 5734 1104 5769 ι
1154 5709 1548 5773 Corttarius,‘
1586 5712 1640 5757 et
1685 5701 1893 5755 radium

320 5822 452 5880 solis
476 5792 585 5892 per
605 5816 882 5875 raritatem
909 5811 1057 5898 large
1085 5800 1366 5873 suscipiat.
1401 5815 1421 5851 ι
1455 5792 1776 5852 Ambrosius
1809 5806 1897 5848 au-

1840 4481 1882 4611 i‘.
1907 4531 1956 4590 ι)

1927 1967 1986 2008 sc
2008 1964 2226 2005 usurum
2259 1942 2497 2015 tegmine
2532 1938 2730 1994 causia:
2758 1937 2809 1988 in
2836 1934 3067 1997 theatro,
3095 1928 3139 1982 si
3172 1924 3290 1981 vela
3321 1930 3512 1977 ventus

1930 2044 2243 2104 invidisset;
2286 2047 2342 2092 et
2390 2033 2658 2103 Vopiscus
2697 2030 2751 2083 in
2812 2025 3009 2081 Carino
3066 2021 3296 2076 donatos
3345 2015 3515 2068 fuisse

1930 2128 2326 2206 spectatoribus
2361 2102 2611 2179 ludorum
2646 2117 2982 2189 publicorum
3025 2119 3253 2164 testatur
3285 2102 3517 2160 Atreba-

1934 2229 2072 2285 ticos
2099 2224 2296 2279 hirros.
2321 2215 2580 2275 Umbellis
2601 2221 2861 2280 pra-terea
2892 2205 3137 2269 velisque
3165 2215 3194 2253 a
3223 2197 3337 2253 sole
3368 2205 3520 2264 tege-

1935 2322 2133 2376 bantur
2183 2311 2444 2376 Romani;
2478 2306 2571 2361 sed
2601 2301 2837 2357 Basilius
2887 2298 2941 2351 in
2992 2293 3204 2348 oriente
3248 2285 3522 2355 capitibus

1936 2410 2098 2466 nudis
2131 2407 2184 2461 in
2206 2404 2383 2459 stadio
2406 2405 2740 2469 spectatores
2762 2400 3036 2460 spectasse
3066 2390 3314 2438 testatur.
3333 2376 3438 2432 Sed
3469 2383 3527 2428 et

1938 2497 2172 2555 stadium
2207 2492 2379 2547 fuisse
2414 2465 2599 2542 Romae
2635 2479 2970 2550 temporibus
3016 2467 3320 2529 Constantii
3370 2465 3527 2535 prin-

1939 2590 2077 2659 cipis
2131 2602 2199 2641 ex
2251 2580 2540 2639 Ammiano
2595 2571 2906 2629 Marcellino
2960 2572 3195 2622 constat.
3264 2561 3359 2615 lib.
3431 2569 3525 2610 χιιι

1944 2656 2263 2741 Historiam,
2293 2694 2311 2727 ‹
2342 2681 2397 2728 et
2423 2667 2665 2739 Pompeii
2701 2666 2970 2719 theatrum
2999 2666 3053 2715 et
3075 2656 3297 2713 Odeum
3334 2659 3389 2706 et
3416 2657 3531 2703 sta-

1945 2772 2113 2829 dium.
2159 2788 2178 2822 ι

2015 2862 2130 2918 Col.
2156 2857 2260 2913 120
2290 2856 2333 2911 D
2362 2854 2417 2909 5.
2466 2851 2536 2907 Τὸ
2583 2849 2775 2918 δόγμα
2814 2842 2925 2913 τῆς
2981 2837 3313 2908 θεολογίας.
3355 2829 3535 2885 Theo-

1948 2957 2103 3027 logia:
2130 2948 2447 3007 vocabulum
2474 2943 2613 3012 apud
2655 2940 2875 2996 Graecos
2909 2931 3179 2988 interdum
3217 2928 3397 2981 minus
3417 2923 3536 2977 late

1950 3057 2174 3120 patere,
2205 3056 2369 3111 quam
2432 3036 2573 3106 apud
2628 3032 2856 3087 Latinos
2893 3028 3146 3081 observat
3191 3017 3537 3074 doctissimus

1952 3104 2069 3194 :lac.
2095 3104 2289 3190 Dillius
2328 3132 2383 3185 in
2445 3104 2683 3182 Scholiis
2716 3121 2782 3176 ad
2821 3124 2964 3175 orat.
3017 3129 3089 3168 ιἰι
3140 3106 3387 3180 Gregorii
3427 3104 3536 3159 Na—

1954 3233 2131 3286 zianz.
2160 3225 2292 3280 Nam
2348 3220 2490 3291 apud
2543 3216 2769 3270 Latinos
2820 3206 3107 3274 theologia:
3144 3216 3365 3271 cperant
3405 3197 3539 3253 dare

1955 3323 2228 3380 dicuntur,
2252 3314 2347 3385 qui
2376 3314 2430 3367 iu
2457 3321 2739 3366 sacrarum
2774 3304 3078 3358 litterarum
3109 3294 3291 3349 studio
3321 3304 3542 3346 versan-

1959 3424 2089 3470 tur:
2124 3379 2525 3482 apud-Graecos
2580 3409 2759 3456 autem
2810 3392 3078 3460 θεολογεῖν
3130 3379 3539 3451 dicuntur,qui

1958 3503 2260 3562 divinitatis
2281 3497 2582 3555 doctrinam
2610 3502 2864 3546 sermone
2886 3484 2966 3538 vel
2988 3482 3191 3549 scripto
3212 3488 3543 3546 persequun-

1960 3608 2068 3652 tur.
2100 3596 2173 3648 lta
2228 3591 2288 3646 S.
2325 3586 2620 3658 Gregorius
2654 3578 2951 3639 orationes,
2994 3574 3049 3627 in
3079 3570 3276 3639 quibus
3314 3580 3382 3620 ex
3424 3576 3547 3632 pro-

1961 3689 2106 3743 fesso
2135 3686 2200 3740 de
2233 3681 2409 3736 Patris
2436 3654 2485 3732 et
2523 3673 2643 3730 Filii
2677 3682 2729 3726 et
2763 3666 3000 3736 Spiritus
3035 3660 3210 3718 sancti
3261 3654 3546 3712 divinitate

1960 3780 2129 3834 verba
2186 3774 2334 3838 facit,
2381 3770 2454 3823 De
2503 3763 2762 3830 theologia
2801 3753 3072 3823 insu‘ipsit
3111 3770 3124 3805 :
3161 3751 3233 3804 ita
3298 3746 3405 3801 hoc
3461 3743 3547 3799 lo-

1965 3886 2030 3925 co
2070 3866 2301 3921 Basilius
2341 3856 2633 3925 Θεολογίας
2680 3852 2856 3922 δόγμα
2882 3855 3039 3903 vocat
3072 3863 3091 3896 ι
3138 3838 3442 3896 doctrinam
3479 3837 3549 3889 de

1965 3963 2175 4018 duabus
2225 3954 2506 4011 Trinitatis
2552 3946 2817 4019 personis.
2844 3962 2864 3994 ι
2895 3940 3002 3996 Sed
3023 3948 3079 3993 et
3108 3934 3377 4000 θεολογείν
3416 3926 3549 3984 nihil

1970 4017 2113 4107 aliud
2168 4045 2478 4116 significare
2516 4017 2695 4102 ducet,
2748 4047 2909 4101 quam
2939 4026 3069 4081 Θεὸν
3095 4023 3273 4092 λέγειν
3301 4018 3396 4073 καὶ
3430 4017 3552 4087 ὁμοσ

1969 4144 2169 4213 λογεϊν,
2203 4157 2222 4190 ι
2261 4137 2426 4191 Deum
2465 4132 2645 4187 dicere
2702 4140 2765 4180 ac
2814 4119 3082 4184 coutiteri,
3121 4135 3140 4169 ι
3180 4124 3239 4168 ιιι
3285 4111 3442 4181 epist.
3481 4108 3554 4162 9.6

1974 4199 2116 4292 idein
2156 4199 2465 4295 'Grcgorius
2500 4216 2794 4291 εΦανερῶς
2848 4214 2952 4284 ἤδη
2995 4210 3057 4263 τὸ
3097 4205 3326 4276 Πνεῦμα
3378 4199 3556 4256 Ocelo-

1974 4331 2112 4398 γεῖς⁹
2152 4343 2171 4375 ι
2206 4291 2389 4376 Palam
2419 4316 2679 4386 Spiritum
2706 4324 2828 4365 csse
2856 4307 3022 4361 Deum
3062 4298 3354 4370 profiteris.
3399 4313 3419 4347 ι
3452 4291 3557 4346 Re-

1977 4386 2117 4474 ctius
2171 4428 2302 4481 ergo
2353 4424 2475 4465 cum
2534 4401 2821 4460 Eustathio
2875 4398 2965 4453 hic
3008 4402 3190 4449 vertes
3228 4407 3245 4446 :
3287 4407 3307 4442 ι
3343 4386 3558 4455 Ubique

1985 4510 2147 4580 igitur
2182 4505 2375 4574 dogma
2432 4496 2655 4553 deitatis
2698 4490 2929 4564 mystica
2979 4482 3294 4541 narratione
3336 4489 3559 4532 conser-

1988 4612 2101 4654 tum
2131 4606 2215 4652 est
2242 4592 2520 4654 historiae;
2558 4607 2579 4640 »
2627 4585 2712 4640 vel
2758 4598 2826 4639 ex
2875 4574 3211 4638 Cornario,¢
3251 4568 3462 4637 Ubique
3491 4565 3558 4618 ad

1986 4688 2269 4746 historiam
2327 4682 2627 4751 tbeologiae-
2656 4675 2906 4733 doctrina
2959 4666 3186 4738 mystice
3233 4662 3562 4728 interspersa

1985 4797 2089 4840 est.
2133 4801 2152 4834 ι
2949 4808 2961 4823 ,

2055 4874 2173 4930 Col.
2203 4873 2307 4928 125
2336 4869 2378 4926 C
2404 4868 2458 4923 ’5.
2498 4867 2544 4920 Α
2579 4874 2796 4928 corpore
2834 4856 2971 4909 face.
2998 4849 3308 4918 Scripserat
3335 4841 3569 4898 fortasse

1989 4967 2283 5035 interpres,
2321 4982 2339 5014 ι
2370 4959 2475 5015 luci
2501 4973 2561 5012 se
2595 4955 2944 5024 opponente;
2991 4963 3010 4996 ι
3039 4958 3163 5020 nam
3194 4947 3250 4993 et
3279 4936 3352 4991 ita
3379 4934 3566 4988 Graca

1989 5014 2256 5126 expressit
2286 5047 2603 5106 Eustathius
2739 5040 2892 5096 Sicut
2914 5035 3059 5090 enim
3096 5014 3275 5087 lucido
3304 5027 3393 5081 die
3419 5033 3570 5078 stan-

1992 5159 2100 5204 tem
2135 5143 2423 5214 quemdam
2458 5139 2559 5194 sub
2587 5148 2782 5191 aurora
2829 5130 2960 5186 solis
3002 5141 3127 5181 mox
3179 5120 3369 5174 umbra
3401 5114 3572 5170 comi-

1992 5252 2169 5306 tatur,
2202 5259 2222 5292 ι
2275 5249 2327 5293 et
2366 5232 2701 5291 Comarius:
2751 5245 2772 5279 ι
2818 5215 3279 5291 Quemadmodum
3329 5209 3475 5264 enim
3514 5205 3571 5260 in

2108 5295 2296 5387 umbra
2331 5328 2398 5382 ad
2440 5327 2516 5390 id,
2563 5322 2705 5393 quod
2742 5315 3080 5389 splendorem
3117 5302 3374 5367 obstruit,
3402 5295 3576 5354 consi-

1992 5426 2109 5489 Stit,
2141 5442 2159 5475 ι
2193 5421 2353 5492 quasi
2402 5388 2597 5480 dicat;
2621 5388 2871 5466 umbram
2907 5399 3157 5459 comitari
3192 5407 3393 5465 corpus
3431 5388 3576 5460 quod

1993 5531 2113 5572 sese
2141 5513 2248 5571 luci
2279 5509 2523 5580 opponit,
2551 5515 2781 5571 eamque
2804 5493 3062 5554 excludit.
3579 5527 3585 5537 .

2063 5606 2181 5662 Col.
2205 5578 2365 5659 ιω
2387 5602 2440 5656 ι.
2458 5597 2549 5654 Sol
2564 5604 2808 5653 vertetur.
2835 5587 3003 5645 Paulo
3014 5584 3172 5640 aliter
3183 5581 3322 5652 apud
3340 5578 3583 5650 prophe-‘

1997 5707 2105 5752 tam
2134 5695 2394 5764 scriptum
2423 5696 2528 5750 est,
2549 5686 2715 5742 loelis
2741 5700 2801 5750 ιι,
2820 5682 2883 5738 51
2914 5695 2928 5732 :
2959 5677 3023 5729 '0
3045 5674 3219 5757 ἥλιος
3246 5678 3580 5741 perrumpat-,-

1997 5750 2260 5858 ἐρήσεταί
2272 5783 2358 5850 εις
2378 5778 2619 5844 σκότος,
2636 5775 2733 5831 καὶ
2754 5775 2792 5844 ἡ
2808 5766 3041 5838 σελήνη
3070 5750 3157 5832 sic
3170 5757 3329 5835 αἵμαο
3348 5756 3443 5845 .Soi
3457 5768 3583 5812 con-
