3824 6214
339 315 438 371 θοι

1517 312 1729 370 NOTAE
1767 312 2159 371 FllONTONlS
2201 313 2432 370 DUCA'LI

3514 320 3619 376 992

339 443 568 487 vertetur
595 433 648 486 in
678 431 936 491 tenebras,
967 439 1015 484 et
1046 429 1174 484 luna
1209 430 1263 482 in
1287 431 1620 499 sanguinem.
1651 431 1781 484 Illud
1817 447 1915 483 au-
1948 435 1992 490 A
2021 432 2115 484 der
2164 431 2231 485 de
2268 431 2512 502 Angelis,
2542 430 2633 484 lib.
2673 445 2745 494 tv,
2791 445 2910 501 cap.
2951 430 3054 497 23,
3085 430 3347 486 Aduersus
3383 435 3616 488 astrolo-

341 531 447 575 tem
494 522 720 574 alterum
773 519 1076 572 membrum
1125 518 1312 572 Basilii
1358 521 1615 574 memoria
1651 523 1918 590 suggessit

333 629 402 666 ex
434 612 726 682 Evangelia
753 610 986 664 Matthxi
1012 625 1125 673 xvt,
1148 608 1220 666 29
1242 635 1257 666 -.
1291 610 1354 664 Ὀ
1388 610 1562 678 ἣλιος
1588 612 1916 681 σκοτισθή-

334 719 537 770 σεται,
570 703 668 757 καὶ
714 704 753 771 ἡ
790 702 1024 771 σελήνη
1080 704 1152 758 οὑ
1206 703 1386 756 δώσει
1432 702 1499 756 τὸ
1538 703 1757 772 φέγγος
1811 706 1919 758 ab-

336 794 468 863 τῆς·
515 793 610 850 Sol
656 793 1050 857 obscur-obitur,
1098 803 1148 847 et
1189 793 1318 846 luna
1379 809 1482 846 non
1534 795 1681 846 dabit
1740 795 1916 848 lumen

334 906 489 944 suum
517 905 536 943 :
563 891 648 943 cui
677 890 872 944 similis
900 889 1048 944 locus
1090 888 1390 943 Ezechielis
1412 905 1583 955 xxxtt,
1605 890 1670 945 7:
1704 891 1918 945 Ἥλιον

330 981 402 1034 ἐν
437 984 662 1050 νεφέλῃ
704 982 992 1050 καλύψω,
1025 981 1124 1036 καὶ
1175 981 1408 1050 σελήνη
1451 984 1524 1036 οὐ
1547 982 1632 1052 μὴ
1660 981 1821 1052 φάνῃ
1850 983 1916 1037 τὸ

329 1073 458 1142 φῶς
509 1074 702 1142 αὐτῆς
734 1090 748 1106 ⁸
779 1075 960 1129 Solem
1006 1076 1061 1128 in
1113 1077 1249 1128 nube
1303 1085 1503 1144 tegant,
1549 1086 1596 1129 et
1637 1076 1763 1128 luna
1812 1092 1914 1129 non

327 1165 618 1230 splendebit
646 1165 842 1219 lumine
863 1181 960 1219 suo
991 1183 1012 1231 ;
1047 1163 1274 1236 Vulgata
1305 1184 1318 1220 :
1357 1166 1425 1219 Et
1462 1167 1588 1221 luna
1620 1183 1725 1220 non
1767 1167 1914 1221 dabit

327 1259 500 1313 lumen
525 1277 700 1314 suum.

395 1350 516 1406 Col.
561 1353 660 1407 127
707 1351 750 1408 C
798 1354 884 1407 15.
937 1352 1288 1420 Ἐξήκοφ-τα.
1341 1353 1696 1410 Henricianus
1742 1356 1912 1410 codex

325 1445 589 1518 ἐξήκοντα
617 1447 950 1519 διαιροῦντες
981 1465 998 1480 ο
1038 1457 1092 1501 at
1132 1447 1417 1502 bledicmus
1467 1447 1749 1512 διελόντες,
1787 1464 1908 1504 cum

324 1539 608 1594 Basiliensi
654 1558 668 1596 :
718 1539 1082 1594 Montacutius
1127 1541 1436 1608 suspicatur
1494 1539 1778 1606 legendum
1831 1540 1911 1594 δι-

321 1631 536 1695 ελόντες
559 1631 744 1704 μόρια,
771 1641 825 1686 ει
857 1631 1016 1701 paulo
1045 1641 1165 1700 post
1197 1631 1429 1685 ἕκαστον
1457 1631 1618 1685 πάλιν
1640 1631 1749 1685 τῶν
1786 1632 1910 1703 ἑξή-

320 1741 487 1778 κοντα
537 1723 762 1778 ἐκείνων
809 1725 1014 1796 μορίων
1060 1723 1435 1793 ὲξηκοντάκις.
1483 1724 1547 1776 At
1604 1724 1712 1775 duo
1755 1722 1902 1792 Regii

2016 537 2128 591 gos.

2087 612 2208 667 Col.
2245 611 2349 668 154
2374 612 2417 666 Β
2443 615 2529 669 15.
2556 611 2718 681 Copia
2747 614 2979 682 frugum.
3008 613 3310 685 Εὐθηνήσει
3340 615 3482 669 dixit
3509 632 3617 673 non

2017 703 2252 769 εὐθυνεῖ,
2269 713 2328 759 ιιι
2352 704 2545 774 legisse
2571 706 2786 760 videtur
2814 707 3082 774 interpres
3108 707 3378 769 scribens,
3398 724 3417 757 ι
3439 722 3614 772 quan-

2016 802 2088 854 do
2114 810 2261 854 recte
2282 801 2500 868 quidem
2550 799 2795 854 [acturus
2835 798 3050 854 videtur
3071 798 3306 867 agricola
3334 815 3351 862 ;
3387 818 3407 851 ι
3449 808 3612 868 atque

2019 891 2264 945 εὐθύνειν
2298 910 2316 944 ι
2354 891 2594 961 quidem,
2642 910 2660 943 ι
2705 900 2762 945 ιιι
2805 891 2881 944 ait
2936 890 3220 959 Sophoclis
3258 892 3608 957 scholiastes,

2017 984 2213 1037 dicitur
2250 983 2344 1036 ἐπὶ
2384 983 2494 1036 τῶν
2546 983 2891 1055 ὀρθουμένων
2937 981 3130 1046 λοξῶν,
3170 1001 3190 1035 ι
3218 997 3340 1038 cum
3377 999 3443 1038 ea
3489 1000 3610 1054 qua:

2016 1083 2142 1128 sunt
2165 1084 2426 1138 tortuosa,
2455 1085 2600 1128 recta
2628 1077 2801 1139 liunt;
2835 1091 2854 1124 ι
2886 1083 2940 1126 at
2954 1073 3202 1143 εὐθηνεῖν
3231 1075 3323 1127 ἐπὶ
3356 1073 3471 1127 τῶν
3518 1076 3609 1131 εὐ-

2015 1167 2338 1236 τυχούντων,
2376 1185 2394 1218 ι
2421 1181 2542 1221 cum
2563 1166 2834 1235 prosperis
2863 1168 3205 1221 successibus
3229 1168 3455 1230 utimur,
3481 1183 3602 1223 cum

2013 1259 2315 1313 exuberant
2340 1272 2446 1323 res,
2465 1268 2521 1312 ut
2547 1267 2816 1326 optamus,
2842 1275 2860 1309 ι
2883 1268 2941 1312 ιιι
2961 1258 3151 1314 homil.
3166 1258 3198 1312 4
3218 1259 3420 1313 dicitur
3434 1260 3603 1332 ὀρχήο

2016 1367 2154 1422 στρα
2191 1350 2562 1422 εὐθηνουμένη
2595 1349 2862 1420 θεάμασιν
2894 1350 3230 1414 ἀκολάστοις.
3264 1349 3597 1416 Eustathius,

2016 1462 2036 1495 ι
2067 1443 2262 1512 quibus
2287 1443 2452 1512 copia:
2479 1441 2749 1496 fructuum
2792 1441 3001 1510 possint
3028 1441 3198 1496 etiam
3229 1457 3333 1496 non
3369 1458 3602 1512 operan-

2011 1535 2154 1588 tibus
2193 1535 2489 1588 abundare.
2521 1551 2540 1584 ι
2577 1532 2892 1599 Carnarius,
2933 1551 2953 1585 ι
2988 1533 3096 1588 imo
3117 1532 3398 1588 fertilitate
3423 1534 3601 1588 abun-

2011 1625 2159 1680 dabit
2191 1625 2454 1696 agricola.
2492 1644 2512 1678 ι
2539 1624 2708 1681 Porro
2739 1625 2985 1680 eamdem
3004 1625 3404 1696 astrologorum
3437 1627 3596 1680 vani-

2010 1728 2174 1773 tatem
2222 1719 2480 1774 inducere
2522 1716 2617 1772 fati
2671 1721 3074 1783 necessitatem,
3113 1726 3167 1773 et
3217 1733 3245 1770 a
3286 1719 3494 1787 pietate
3533 1735 3597 1775 ac

319 1813 612 1882 praeferunt
648 1782 821 1868 mihi;
841 1782 949 1866 τίῦν
983 1782 1290 1884 ὲξηιιοστῶν
1319 1782 1687 1883 ἑξηκοντάκις.
1710 1782 1896 1866 Eusta-

2014 1811 2113 1864 Iide
2140 1811 2388 1865 homines
2417 1824 2667 1872 avocare,
2690 1809 2933 1878 pluribus
2963 1810 3198 1864 ostendit
3227 1811 3278 1864 in
3304 1810 3598 1866 Commen-

321 1905 500 1967 thius,
533 1921 812 1975 eorumque
863 1907 1140 1972 sexaginta
1187 1907 1422 1972 sexagiea
1456 1905 1724 1968 portiones
1768 1919 1900 1956 emt-

316 2006 539 2049 merant.
565 1995 653 2049 Ita.
675 1998 832 2063 paulo
869 2004 993 2067 post
1022 1996 1282 2066 loquitur,
1313 1994 1392 2067 τῷ
1416 1995 1594 2067 χρόνῳ
1621 1995 1902 2066 παραδρα-

317 2087 436 2154 μεῖν
466 2085 754 2156 ἐξηκοστά.

384 2218 518 2273 Ibid.
548 2219 604 2273 lu
635 2219 919 2276 Basiliensi
953 2221 1083 2277 edit.
1115 2229 1235 2276 erat.
1285 2221 1526 2293 ἑκάστην
1570 2222 1898 2294 τριακοστὴν

315 2312 513 2382 μοῖρα-ν
541 2325 558 2342 ⁸
603 2314 790 2366 aberat
835 2321 1014 2366 autem
1064 2326 1094 2364 a
1141 2327 1244 2366 ms.
1294 2311 1462 2381 Regio
1517 2328 1620 2366 vox
1673 2330 1899 2384 τριακο-

314 2402 469 2473 στήν.
503 2400 770 2457 Eustathii
804 2401 1180 2470 interpretatio
1211 2401 1468 2456 mendosa
1493 2410 1595 2465 est,
1627 2402 1897 2470 inquibus

311 2495 551 2550 diximus
586 2496 927 2552 decretorum
979 2508 1182 2552 sortem
1217 2496 1385 2551 fuisse
1413 2497 1662 2550 divisam.
1691 2497 1898 2551 Carna—

311 2587 422 2641 rius
450 2586 648 2655 aptius,
681 2604 702 2638 ι
744 2587 796 2642 in
829 2602 968 2657 quas
995 2588 1236 2660 singulas
1272 2589 1568 2642 tricesimus
1602 2598 1784 2658 partes
1814 2589 1896 2643 di-

311 2680 417 2734 vidi
441 2680 696 2735 diximus.
731 2700 751 2734 ι

380 2812 496 2867 Col.
527 2812 632 2867 150
672 2815 716 2866 Α
763 2812 852 2868 12.
904 2811 1021 2867 Erit
1075 2813 1254 2868 etiam.
1302 2811 1574 2880 Interpres
1613 2819 1890 2866 verterat:

315 2925 334 2955 ι
371 2903 556 2958 Faciet
601 2903 762 2956 etiam
799 2903 983 2956 omnia
1024 2902 1208 2955 animo
1246 2909 1497 2971 prompto
1524 2917 1538 2954 :
1565 2901 1797 2970 denique
1823 2901 1891 2954 ad

305 3003 571 3062 qtnestum
611 2992 824 3062 ingenio
855 2993 1064 3048 solerti.
1099 3013 1117 3046 ι
1153 2994 1220 3046 At
1255 2992 1547 3064 προετικός
1575 3001 1680 3057 est,
1705 2991 1794 3060 qui
1822 2991 1892 3045 la-

2013 1901 2150 1954 tario
2191 1901 2243 1953 in
2273 1899 2425 1954 Isaiae
2470 1915 2588 1969 cap.
2628 1916 2719 1954 xiv
2751 1919 2764 1954 :
2795 1903 2912 1964 Πᾶς
2938 1901 2994 1953 δὲ
3030 1903 3058 1954 ὁ
3091 1899 3161 1954 τὰ
3191 1900 3292 1971 τῆς
3323 1903 3596 1970 γενέσεως

2004 1993 2306 2064 πράγματα
2333 1993 2751 2064 ἀποδεχόμενος,
2784 1993 2877 2045 καὶ
2917 1993 3164 2064 ἀνάγκην
3192 1993 3288 2046 καὶ
3325 1995 3598 2066 εἱμαρμέ-

2000 2102 2118 2158 νην,
2163 2087 2257 2139 καὶ
2314 2086 2686 2158 πεπρωμένην
2733 2085 3078 2158 πρεσϐεύων.

2067 2181 2184 2235 Col.
2216 2181 2317 2234 l35
2345 2184 2383 2235 Α
2416 2182 2502 2235 10.
2530 2178 2637 2234 Ρι·ο
2669 2181 2933 2249 portione.
2968 2178 3129 2233 Κατὰ
3173 2179 3342 2253 μέρος
3385 2180 3591 2238 mavult

1997 2276 2218 2331 doctiss.
2257 2275 2620 2330 Mantaeutius
2648 2273 2783 2328 verti
2815 2293 2832 2324 ι
2873 2287 2971 2341 per
3001 2281 3204 2342 partes,
3244 2271 3532 2343 paulatim.
3563 2291 3586 2325 ι

1995 2366 2288 2422 Cornarius
2344 2363 2583 2434 scripsit,
2626 2381 2645 2411 ι
2692 2361 3118 2432 particulariter.
3168 2381 3188 2414 ι
3234 2362 3588 2428 Eustathius,

2001 2475 2021 2508 ι
2061 2457 2319 2527 paulatim
2367 2455 2639 2524 componit
2694 2454 3032 2522 temperiem.
3082 2473 3100 2506 ι
3144 2453 3313 2509 Porro
3356 2469 3480 2524 qua:
3519 2455 3586 2507 de

1993 2546 2156 2601 asciis
2192 2556 2247 2600 et
2287 2546 2606 2616 amphisciis
2650 2545 2808 2600 aﬂ‘ert
2859 2547 2960 2599 sub
2991 2545 3154 2600 ﬁnem
3188 2549 3398 2617 paginae
3435 2545 3586 2601 Basi-

1991 2640 2118 2704 lius,
2149 2658 2213 2696 ex
2249 2641 2519 2696 Strabone
2546 2639 2918 2709 desumpsisse
2961 2639 3198 2705 videtur,
3227 2637 3380 2708 cujus
3411 2639 3582 2693 inter-

1992 2749 2117 2804 pres
2150 2734 2234 2788 his
2261 2733 2451 2788 iisdem
2488 2733 2713 2788 vocibus
2741 2732 2933 2788 utitur.
2961 2729 3169 2786 Plinius
3201 2731 3365 2785 etiam
3390 2730 3488 2785 lib.
3521 2746 3581 2797 tt,

1991 2841 2110 2896 cap.
2145 2827 2234 2894 73,
2266 2825 2444 2880 dixit:
2485 2844 2504 2876 ι
2539 2823 2747 2892 Quibus
2779 2826 2831 2878 in
2877 2824 3010 2879 locis
3043 2822 3208 2878 Indiae
3243 2823 3453 2877 umbrae
3476 2839 3578 2878 non

1991 2921 2121 2985 sint,
2150 2919 2572 2990 septentrionem
2605 2933 2713 2972 non
2743 2917 3008 2987 conspici,
3050 2925 3106 2970 et
3149 2931 3212 2971 ea
3243 2914 3360 2970 loca
3399 2915 3582 2985 appel-

1990 3009 2088 3064 lari
2121 3012 2304 3074 Ascia,
2337 3025 2438 3065 nec
2465 3011 2626 3064 horas
2649 3009 2722 3063 ibi
2758 3009 3117 3064 dinumerari.
3153 3027 3172 3060 ι
3208 3008 3281 3062 De
3308 3007 3584 3062 Arabibus

307 3087 410 3141 cile
436 3087 707 3158 προΐεται,
739 3095 798 3139 ιιι
823 3086 962 3155 apud
986 3084 1356 3149 Aristotelem,
1375 3086 1512 3156 μήτε
1539 3084 1886 3155 φυλακτικὸν,

2014 3105 2157 3158 :tiam
2188 3105 2508 3174 amphisciis
2545 3103 2688 3174 quod
2722 3102 2964 3172 subjicit,
2993 3117 3309 3173 germanum
3339 3112 3425 3155 est
3451 3101 3582 3168 illis,

309 3175 602 3247 προετικὸν
629 3174 711 3242 δέ,
749 3195 767 3228 ι
809 3191 908 3230 nec
949 3176 1015 3230 ad
1049 3177 1464 3230 custodiendum
1501 3177 1769 3244 pertinax,
1796 3177 1888 3228 sed

306 3268 373 3320 ad
393 3265 823 3336 profundendum
841 3265 1014 3320 l'acilis
1030 3281 1092 3319 ac
1106 3276 1350 3336 paratus,
1363 3285 1381 3317 ι
1406 3281 1458 3320 ιν
1478 3263 1683 3329 Etltic.,
1701 3281 1801 3335 cap
1831 3263 1886 3320 ‘2.

307 3355 604 3411 Carnarius
653 3357 720 3410 ab
779 3357 1022 3411 auctoris
1060 3365 1242 3412 mente
1294 3373 1400 3412 non
1440 3358 1733 3420 aberravit,
1782 3373 1801 3406 ι
1836 3364 1892 3410 et

306 3448 649 3504 voluntarius
692 3446 760 3501 ad
807 3448 1066 3513 dandum,
1113 3458 1170 3502 et
1215 3464 1432 3504 rursum
1490 3459 1772 3518 promptus
1824 3450 1890 3503 ad

306 3541 718 3611 acquirendum.
739 3559 758 3592 ι
788 3541 1103 3595 Eustathius
1128 3552 1317 3595 contra
1350 3541 1734 3609 interpretatur
1760 3556 1891 3609 qua-

305 3634 351 3688 si
385 3648 491 3687 non
531 3631 819 3704 προΐεσθαι
848 3633 1104 3696 voluerit,
1137 3633 1230 3688 sed
1263 3633 1593 3706 προεστάναι
1620 3648 1766 3698 eum,
1797 3633 1889 3703 qui

308 3723 408 3779 snb
441 3727 615 3779 ariete
658 3734 818 3779 natus
864 3725 957 3791 sit,
985 3744 1004 3776 ‹
1035 3724 1378 3780 Ριιαεείἀιιιριιι
1413 3741 1628 3796 quoque
1650 3727 1888 3781 futurum

307 3825 362 3869 et
391 3825 786 3885 quaestuosum.
827 3833 846 3866 ι
891 3816 1000 3872 Sed
1034 3819 1328 3889 προετικόν
1363 3819 1578 3887 qualem
1607 3821 1891 3888 appellarit

309 3905 517 3961 iudicat
547 3918 732 3976 postea
763 3909 984 3973 clarius,
1017 3925 1140 3964 cum
1193 3910 1288 3972 ait,
1334 3910 1689 3981 εὐμετάδοτος
1729 3911 1839 3979 γὰρ
1863 3913 1891 3964 ὁ

309 3997 548 4067 κριανός.
588 3997 756 4053 Porro
783 3999 925 4054 hanc
978 3999 1440 4070 genethliacorum
1470 4001 1760 4055 vanitatem
1797 4001 1892 4054 iis-

307 4091 428 4143 dem
476 4089 776 4145 rationibus
811 4103 1087 4162 oppugnat
1128 4091 1189 4147 S.
1232 4092 1571 4162 Augustinus
1614 4093 1706 4148 lib.
1746 4109 1784 4150 It
1815 4092 1891 4148 De

307 4178 549 4230 doctrina
587 4179 912 4243 Christiana,
947 4197 1069 4249 cap.
1099 4183 1192 4248 21,
1217 4197 1338 4237 cum
1363 4183 1438 4237 ait
1471 4182 1890 4240 mathematicos

306 4269 449 4334 illos,
481 4271 572 4339 qui
625 4271 754 4325 dum
789 4270 1068 4327 stellarum
1112 4272 1458 4343 positionem,
1491 4289 1612 4328 cum
1660 4277 1890 4345 quisque

303 4364 571 4427 nascitur,
603 4373 1009 4431 consectantur,
1049 4374 1104 4420 et
1137 4365 1264 4419 inde
1305 4374 1571 4420 conantur
1599 4366 1687 4422 vel
1719 4369 1889 4422 actio-

304 4469 404 4508 nes
426 4465 641 4510 nostras
674 4455 762 4510 vel
807 4458 1082 4512 actionum
1133 4467 1326 4510 eventa
1370 4458 1701 4526 praedicere,
1731 4459 1890 4512 nimis
1921 4478 1966 4532 ι)

300 4555 511 4608 errare,
539 4557 602 4598 ac
636 4544 869 4599 vendere
896 4544 1203 4598 hominibus
1227 4543 1492 4612 imperitis
1528 4547 1886 4602 miserabilem

301 4633 642 4689 servitutem.
693 4653 712 4687 ι
764 4633 900 4690 Nam
941 4635 1172 4704 quisque
1209 4634 1365 4701 liber,
1411 4636 1606 4706 inquit,
1654 4652 1777 4691 cum
1823 4639 1889 4691 ad

303 4725 570 4792 ejusmodi
599 4727 1040 4787 mathematicum
1070 4730 1347 4798 ingressus
1377 4728 1559 4796 fuerit,
1591 4731 1683 4785 dat
1723 4746 1888 4801 pecu-

301 4817 474 4881 niam,
510 4826 569 4872 ut
593 4832 783 4874 servus
816 4820 942 4875 inde
965 4829 1128 4874 exeat
1164 4829 1259 4874 aut
1291 4819 1483 4876 Martis
1515 4831 1612 4877 aut
1639 4821 1888 4888 Veneris,

302 4909 386 4962 vel
415 4912 592 4977 potius
622 4912 868 4964 omnium
919 4911 1186 4975 siderum,
1225 4913 1424 4981 quibus
1468 4912 1567 4981 illi,
1607 4914 1699 4984 qui
1727 4916 1888 4983 primi

302 5011 661 5066 erraverunt,
689 5001 776 5056 vel
816 5002 1114 5057 bestiarum
1163 5014 1387 5074 propter
1445 5004 1886 5072 similitudinem,

301 5093 386 5145 vel
427 5093 704 5148 hominum
749 5096 817 5149 ad
864 5095 1009 5165 ipsos
1053 5095 1304 5152 homines
1333 5098 1678 5153 honorandos
1713 5099 1888 5168 impo-

303 5196 529 5239 suerunt
584 5187 867 5243 vocabula.
917 5207 938 5242 ι
984 5187 1120 5244 Vide
1169 5191 1332 5246 etiam
1381 5189 1539 5246 Joan.
1592 5190 1778 5247 Picum
1831 5192 1890 5247 in

301 5277 566 5349 Astrolog.
624 5279 718 5334 lib.
750 5296 824 5350 vt,
879 5297 998 5353 cap.
1045 5283 1135 5348 15,
1188 5292 1245 5339 et
1285 5283 1397 5340 Jos.
1457 5283 1789 5356 Scaligerum
1834 5287 1887 5340 in

304 5371 462 5426 Notis
495 5378 564 5427 ad
598 5371 905 5442 Manilium,
945 5378 1036 5447 qui
1082 5392 1150 5432 ex
1193 5377 1348 5432 Aben
1396 5377 1532 5432 Ezra
1563 5378 1728 5434 refert
1755 5377 1888 5433 alias

304 5462 569 5532 imagines
628 5465 811 5522 ﬁxisse
867 5469 1008 5523 cmlo
1052 5466 1284 5535 Persas,
1337 5469 1472 5525 alias
1523 5470 1703 5536 indos,
1756 5470 1888 5524 alias

303 5553 530 5620 sphaera:
574 5552 885 5611 Barbariem
938 5568 1212 5613 auctores.
1250 5558 1459 5613 Arabes
1498 5559 1659 5613 etiam
1701 5574 1888 5614 omnes

306 5642 688 5714 Aﬂgyptiorum
743 5646 1234 5718 Chaldaeorumque
1286 5648 1550 5716 imagines
1605 5649 1884 5718 evertisse,

307 5751 603 5812 omnesque
653 5740 967 5800 asterismos
1031 5749 1393 5798 commutasse
1447 5740 1609 5799 tradit
1653 5741 1885 5799 Alexan-

1993 3211 2112 3264 qme
2158 3197 2226 3251 ab
2276 3196 2624 3251 astronomia:
2673 3196 2862 3265 peritis
2911 3196 3150 3249 citantur
3187 3209 3248 3248 ex
3289 3209 3328 3247 tt
3377 3191 3582 3248 Lucani

1992 3285 2131 3342 libro
2169 3305 2182 3342 :

2106 3377 2384 3446 ‘Ignotum
2407 3378 2548 3432 vobis
2579 3377 2776 3431 Arabes
2807 3378 3022 3431 uenistis
3053 3377 3106 3429 in
3139 3377 3337 3436 orbem,

2140 3448 2368 3502 Umbras
2395 3450 2574 3502 mirati
2592 3463 2868 3501 nemorum
2901 3463 3004 3499 non
3028 3447 3108 3500 ire
3132 3448 3397 3500 sinistras.

2078 3579 2096 3612 ι
2134 3559 2332 3613 Volunt
2364 3559 2506 3612 enim
2550 3557 2886 3628 signiﬁcare,
2924 3557 3099 3626 inquit
3125 3556 3344 3611 Clavius
3368 3566 3577 3619 noster,

1993 3651 2199 3705 Arabes
2229 3650 2365 3704 citra
2403 3649 2670 3718 tropicum
2706 3647 2899 3702 Cancri
2931 3646 3168 3711 venisse,
3195 3645 3285 3700 ubi
3318 3658 3580 3716 perpetuo

1993 3757 2281 3812 corporum
2321 3741 2526 3796 umbra:
2556 3740 2608 3793 in
2646 3739 2876 3794 meridie
2907 3753 3095 3794 versus
3126 3739 3576 3808 septentrionem,

1992 3834 2092 3888 hoc
2116 3843 2198 3887 est
2221 3833 2285 3886 ad
2323 3833 2571 3886 dextram
2602 3830 2787 3885 mundi
2813 3821 3049 3899 partem,
3079 3844 3350 3898 nunquam
3387 3843 3578 3882 versus

1991 3937 2229 3980 austrum
2270 3927 2336 3978 ad
2367 3926 2639 3980 sinistram
2677 3933 2886 3994 partem
2923 3924 3301 3994 projiciuntur.
3345 3941 3365 3974 ι

2064 4015 2179 4071 Cal.
2209 4016 2311 4070 157
2341 4016 2382 4070 Β
2410 4016 2498 4070 11.
2536 4015 2776 4080 Quatuor
2801 4017 2949 4071 anni.
2977 4015 3092 4069 Non
3121 4057 3136 4081 ,
3172 4026 3231 4070 ut
3279 4015 3575 4085 interpres,

1995 4127 2014 4159 ι
2051 4108 2457 4162 exactissimqu
2491 4117 2794 4175 temporum
2822 4122 3146 4162 concursum
3177 4145 3191 4171 ,
3222 4126 3241 4159 ι
3277 4105 3388 4159 τῶν
3413 4107 3577 4178 ὡρῶν

1995 4201 2329 4273 συνδρομήν.
2377 4201 2698 4255 Eustathius
2727 4202 2893 4256 vertit
2928 4203 2996 4255 ad
3025 4201 3272 4265 verbum,
3308 4217 3328 4251 ι
3364 4211 3419 4253 ιιι
3448 4201 3576 4254 dili-

1999 4296 2214 4361 gentius
2249 4295 2506 4349 horarum
2534 4295 2706 4364 possit
2731 4295 2912 4366 colligi
2935 4293 3171 4365 perfecta
3197 4294 3510 4350 concursio.
3548 4313 3570 4348 ι

1995 4381 2070 4436 Ita
2111 4382 2248 4437 dixit
2279 4381 2537 4436 Horatius
2571 4381 2626 4435 in
2659 4381 2786 4436 Arte
2814 4399 2832 4437 :
3379 4379 3388 4390 ’

2134 4472 2239 4540 Qui
2269 4490 2434 4544 purgo
2451 4473 2605 4527 bilem
2632 4489 2727 4528 sua
2750 4475 2897 4528 verni
2936 4474 3180 4542 temporis
3202 4473 3384 4528 horam
3411 4491 3429 4528 :

1991 4575 2047 4622 et
2071 4566 2174 4621 ode
2206 4566 2272 4619 12
2303 4565 2394 4621 lib.
2427 4582 2442 4620 ι
2481 4584 2494 4620 :

2128 4655 2234 4722 Qui
2259 4672 2403 4712 mare
2432 4665 2478 4709 et
2513 4667 2704 4722 terras,
2735 4656 2997 4727 variisque
3015 4635 3272 4712 mundum

2557 4747 2831 4816 Temperat
2855 4749 3016 4802 horis.

2065 4835 2227 4902 Quod
2257 4845 2442 4891 autem
2468 4837 2545 4890 ait
2577 4837 2834 4892 Hebraeos
2859 4837 3131 4906 quondam
3173 4839 3244 4892 ita
3278 4840 3456 4895 metiri
3483 4855 3571 4894 so.

2000 4925 2128 4981 litos
2159 4943 2390 4995 annum,
2425 4938 2483 4982 ut
2516 4927 2641 4982 luna
2665 4943 2784 4982 cum
2813 4943 2970 4982 suum
2998 4943 3217 4983 cursum
3250 4931 3568 5002 peregisset,

1993 5019 2122 5072 anni
2154 5017 2401 5074 eliectrix
2455 5027 2600 5074 esset
2621 5059 2636 5081 ,
2667 5020 2871 5074 indicat
2895 5019 3112 5076 lunares
3144 5021 3355 5075 illorum
3405 5021 3572 5078 fuisse

1999 5123 2175 5162 annos
2200 5115 2255 5162 et
2296 5123 2537 5173 menses,
2579 5123 2643 5164 ac
2695 5110 2922 5178 proinde
2955 5125 3076 5164 cum
3109 5112 3393 5167 duodecim
3425 5111 3573 5166 luna-

2000 5197 2177 5251 tioncs
2207 5197 2402 5266 elapsae
2425 5208 2608 5253 essent
2632 5238 2647 5264 ,
2679 5199 2795 5254 dies
2825 5208 3030 5254 tantum
3057 5215 3242 5256 cccuv
3274 5211 3524 5272 peractos
3553 5219 3569 5269 ;

1998 5302 2230 5357 cumque
2253 5287 2445 5342 solaris
2472 5303 2646 5344 annus
2679 5290 2749 5344 sit
2778 5291 2987 5346 dierum
3014 5307 3218 5348 cccuv
3260 5307 3383 5348 cum
3433 5309 3569 5364 qua-

1994 5380 2210 5447 drante,
2246 5395 2469 5435 necesse
2503 5381 2672 5435 fuisse
2718 5397 2958 5437 mensem
2992 5383 3374 5439 intercalarem
3407 5385 3570 5441 adde-

1994 5487 2075 5537 re,
2109 5481 2167 5524 ut
2231 5471 2454 5526 lunares
2497 5473 2568 5527 illi
2605 5474 2735 5527 anni
2768 5473 3034 5530 sularibus
3064 5486 3433 5546 aequarentur.
3464 5475 3567 5530 Ca-

1995 5565 2144 5619 rolus
2174 5564 2427 5636 Sigonius
2455 5566 2550 5621 lib.
2581 5583 2664 5632 tu,
2687 5583 2808 5636 cap.
2840 5570 2892 5636 l,
2922 5567 2999 5622 De
3021 5567 3290 5640 republica
3315 5566 3569 5622 Hebra'o-

2001 5672 2115 5710 rum
2171 5657 2379 5724 tradit,
2417 5674 2512 5715 eos
2557 5660 2951 5730 interposuisse
2977 5661 3094 5716 dies
3146 5659 3267 5714 illas
3316 5659 3562 5714 undecim

1999 5763 2120 5806 cum
2161 5751 2460 5820 quadrante
2485 5792 2500 5821 ,
2543 5753 2781 5811 secundo
2835 5764 2891 5812 et
2924 5763 3120 5826 quarto
3153 5767 3367 5826 quoque
3419 5764 3564 5806 anno
