3824 6214
166 225 293 283 993

1295 213 1386 269 AD
1421 211 1749 269 llOMlLlAS
1786 211 1853 266 IN
1895 210 2395 267 HEXAEMERON.

3357 206 3468 263 99-!

170 349 313 412 post
350 349 595 392 mensem
649 332 1032 388 duodecimum
1084 330 1176 400 qui
1209 330 1411 384 dicitur
1440 329 1606 388 Adar.
1633 327 1779 383 deci-
1812 337 1857 390 Α
1885 330 2025 398 quod
2075 328 2410 382 recentiores
2451 325 2649 390 Graeci,
2703 334 2763 378 ut
2795 321 3172 386 Athenienses,
3205 321 3330 374 anni
3357 319 3469 374 for-

170 445 343 484 mum
379 427 646 488 tertium,
688 438 850 492 quem
875 421 1146 475 vocabant
1190 419 1426 482 V'eadar,
1451 419 1662 474 dierum
1709 419 1786 472 vi-

172 520 328 588 ginti
375 519 610 574 duorum
639 526 695 569 et
721 513 913 580 viginti
970 513 1132 566 trium
1166 552 1180 573 ,
1213 530 1232 564 ι
1268 510 1478 566 vicibus
1505 509 1788 566 alternatis

174 611 390 666 habita
449 609 661 662 ratione
705 604 1053 676 quadrantis.
1090 621 1110 654 ι
1148 602 1290 657 Beda
1325 609 1457 657 vero
1499 602 1550 655 in
1582 599 1678 655 lib.
1710 599 1787 654 De

169 708 492 767 temporum
523 697 748 761 ratione,
777 709 898 763 cap.
935 692 1028 757 43,
1081 691 1344 747 Hebraeos
1377 691 1491 758 ait,
1515 691 1608 760 qui
1640 689 1787 746 solos

174 789 422 844 lunares
468 787 522 842 in
556 785 679 855 lege
709 793 975 838 noverant
1016 791 1073 837 et
1124 781 1489 837 observabant
1544 795 1784 845 menses,

172 879 349 950 iuxta
382 877 689 933 naturalem
715 875 855 928 lunae
888 888 1107 928 cursum
1129 873 1356 927 tricenis
1381 871 1785 926 undetricenis-

176 990 296 1045 que
335 973 537 1028 diebus
569 969 938 1026 communium
976 982 1242 1021 annorum
1268 980 1481 1020 menses
1509 964 1786 1018 duodenos

172 1064 548 1134 explicuisse,
586 1070 642 1116 et
666 1059 826 1115 tertio
859 1058 943 1113 vel
965 1057 1229 1121 secundo,
1251 1056 1339 1110 ubi
1365 1055 1617 1118 decebat,
1643 1068 1785 1108 anno

177 1158 423 1212 tertium
458 1155 730 1210 decimum
767 1151 820 1205 in
853 1151 960 1205 ﬁne
988 1151 1116 1204 anni
1143 1162 1387 1204 mensem
1417 1146 1640 1218 triginta
1673 1145 1787 1199 die-

178 1260 310 1297 rum
365 1243 686 1314 apposuisse
730 1239 1135 1295 embolismum.
1171 1235 1287 1290 Non
1331 1236 1520 1306 igitur,
1559 1243 1621 1289 ut
1677 1233 1786 1288 vult

177 1335 454 1404 Sigonius
476 1374 492 1399 ,
522 1331 762 1387 secundo
796 1340 852 1386 et
881 1341 1079 1399 quarto
1127 1342 1351 1400 quoque
1398 1342 1545 1381 anno
1577 1325 1784 1381 mensis

177 1426 392 1496 viginti
446 1424 675 1479 duorum
705 1430 795 1476 aut
834 1421 1028 1492 viginti
1061 1420 1224 1475 trium
1255 1420 1468 1473 dierum
1502 1417 1638 1473 :sed
1669 1457 1685 1481 ,
1726 1425 1786 1471 ut

178 1519 358 1573 do’eet
385 1517 527 1571 Beda
563 1532 578 1570 :
613 1533 634 1568 ι
671 1513 1015 1584 Colliguntur
1041 1521 1166 1583 post
1200 1520 1312 1566 tres
1335 1525 1512 1566 annos
1538 1510 1656 1566 dies
1685 1525 1786 1564 un-

177 1611 402 1674 decim,
434 1618 489 1663 et
539 1608 676 1662 fiunt
711 1606 828 1662 dies
855 1605 1073 1674 triginta
1106 1614 1253 1669 tres,
1281 1603 1424 1681 unde
1453 1602 1614 1656 tertio
1645 1615 1785 1656 anno

1891 437 2031 474 tnatn
2063 420 2122 474 C.
2159 419 2388 474 Caesaris
2414 419 2592 472 edicto
2622 426 2926 482 mutarunt,
2950 424 3007 468 et
3047 412 3322 468 Julianum
3351 427 3470 466 am-

1886 513 2028 583 plexi
2063 522 2193 566 sunt
2227 531 2241 567 :
2277 512 2571 581 habuitque
2595 510 2808 564 initium
2832 523 2988 563 suum
3024 521 3132 561 non
3157 504 3466 572 solstitiale,

1887 607 1979 661 sed
2007 605 2318 660 autumnale
2345 615 2398 658 et
2432 603 2827 658 Alexandrenm
2857 640 2874 664 ,
2912 615 2941 653 a
2976 613 3165 654 mense
3216 594 3466 661 Octobri,

1889 705 1947 751 nt
1973 712 2038 751 ex
2071 699 2291 751 decreto
2319 695 2534 750 illorum
2564 693 2845 764 colligitur
2881 691 3024 760 quod
3073 704 3170 760 pro
3206 688 3466 760 Hyrcano

1889 805 2102 846 summo
2134 790 2389 858 pontifice
2422 786 2735 843 Judazorum
2784 784 3074 839 ediderunt
3123 785 3264 851 apud
3299 780 3468 837 Jose-

1887 883 2049 952 phum
2080 881 2172 935 lib.
2199 895 2289 934 xuv
2320 878 2608 948 Antiquit.,
2639 890 2760 945 cap.
2797 874 2884 928 16.

1956 971 2074 1028 Col.
2111 970 2212 1027 159
2263 969 2311 1024 Α
2359 967 2448 1023 10.
2479 967 2734 1037 Perwque
2779 972 3113 1020 contuentur.
3150 961 3467 1017 Eustathius

1885 1066 2072 1120 eodem
2097 1062 2256 1117 modo
2280 1061 2460 1126 vertit,
2489 1077 2508 1110 ι
2537 1058 2787 1114 similiter
2815 1058 3149 1112 intuentur.»
3184 1053 3465 1108 Montacu-

1889 1161 1994 1214 tius
2037 1156 2260 1221 mavult,
2300 1174 2319 1206 ι
2355 1153 2614 1223 mqualem
2639 1159 2985 1217 contuentur,
3025 1151 3130 1205 hoc
3163 1157 3268 1214 est,
3301 1147 3450 1216 ejus-

1888 1252 2006 1306 dem
2051 1248 2438 1319 magnitudinis
2462 1287 2477 1310 ,
2519 1265 2536 1297 I
2571 1255 2627 1300 et
2665 1245 2738 1297 ita
2790 1240 3128 1309 Cornarius,
3161 1259 3180 1292 ι
3217 1239 3465 1294 Britanni

1886 1339 2149 1410 azqualem
2180 1338 2386 1392 vident.
2428 1355 2447 1386 ι
2487 1336 2671 1403 Itaque
2706 1335 2880 1388 locum
2917 1333 3005 1388 hic
3032 1347 3137 1387 non
3190 1330 3354 1385 habet
3403 1327 3468 1381 il-

1886 1431 1973 1486 lud
1996 1429 2345 1499 Virgilianum
2379 1444 2391 1480 ι
2424 1424 2672 1493 ιίΕιιείάη
2717 1439 2859 1479 vers.
2885 1421 3015 1490 568,
3036 1420 3366 1492 potiulariter
3395 1417 3472 1474 di-

1946 1538 2033 1576 um
2075 1536 2092 1575 Ξ

1946 1538 2033 1576 um
2075 1536 2092 1575 :

1886 1534 2059 1670 c‘Nec
2091 1623 2197 1666 tam
2226 1627 2442 1666 aversus
2472 1626 2630 1680 equos
2655 1608 2817 1680 Tyria
2851 1607 2931 1663 sol
2950 1606 3133 1676 jungit
3169 1604 3233 1659 ab
3257 1603 3405 1660 urbe.

182 1700 247 1754 fit
270 1699 634 1756 ennholismus
663 1713 756 1754 seu
790 1697 1131 1752 intercalatio
1153 1696 1358 1752 mensis
1378 1699 1541 1751 unius
1565 1696 1773 1764 triginta

1957 1704 2076 1759 Col.
2122 1702 2224 1756 M5
2273 1699 2336 1756 Β.
2377 1701 2460 1754 10.
2503 1701 2828 1767 Euriporum
2884 1700 3142 1768 rte/luxus.
3198 1696 3471 1767 interpres

181 1794 410 1849 dierum
435 1811 450 1859 ;
483 1803 594 1848 tres
620 1805 748 1856 vero
774 1793 865 1861 qui
890 1798 1178 1861 supersunt
1200 1790 1340 1854 dies,
1368 1789 1592 1859 adjectis
1618 1789 1784 1842 trium

183 1900 471 1942 annorum
521 1885 862 1953 sequentium
896 1884 1072 1937 tribus
1110 1883 1302 1938 diebus
1331 1920 1346 1946 ,
1382 1881 1519 1935 liunt
1554 1880 1782 1950 triginta

181 1993 288 2034 sex
316 1996 334 2032 :
371 1991 508 2046 quos
529 1991 624 2031 sex
655 1975 702 2030 si
727 1977 938 2030 duobus
964 1975 1123 2030 annis
1145 1973 1411 2043 adieceris
1440 1973 1530 2044 qui
1571 1972 1777 2030 habent

180 2071 261 2126 22
291 2071 439 2130 dies,
471 2069 599 2122 fient
621 2067 734 2122 dies
754 2066 846 2122 28.
883 2065 1179 2135 Propterea
1203 2072 1326 2132 post
1361 2065 1654 2133 septimum
1684 2077 1782 2115 an-

194 2179 335 2220 num
371 2177 480 2219 non
515 2160 700 2224 tertio,
719 2158 815 2214 sed
848 2158 1088 2219 secundo
1111 2171 1254 2210 anno
1281 2156 1339 2210 lit
1371 2153 1732 2210 intercalatio.
1756 2171 1778 2206 ι

189 2256 270 2312 De
303 2254 515 2311 Graecis
548 2253 784 2323 antiquis
826 2251 1129 2307 audiendus
1162 2250 1380 2307 Solinus
1416 2249 1470 2304 in
1510 2247 1778 2318 Polyhist.

189 2361 321 2416 cap.
373 2347 450 2401 '5:
487 2363 507 2397 ι
549 2343 725 2400 Grazci
753 2384 772 2412 ,
803 2344 981 2412 inquit
1014 2382 1030 2406 ,
1064 2341 1291 2412 singulis
1329 2339 1490 2395 annis
1525 2339 1777 2394 undecim

189 2439 315 2494 dies
353 2445 409 2494 et
428 2437 783 2508 quadrantem
811 2434 1193 2499 detrahebant,
1217 2447 1419 2502 eosque
1446 2431 1618 2486 octies
1643 2430 1778 2484 mul-

192 2530 476 2599 tiplicatos
510 2524 565 2582 fn
598 2542 801 2582 annum
833 2541 1032 2581 nonum
1067 2525 1441 2588 reservabant,
1471 2532 1530 2577 ut
1554 2531 1777 2577 contra-

190 2630 320 2675 ctus
353 2618 758 2689 nonagenarius
788 2631 1048 2672 numerus
1077 2618 1131 2668 in
1164 2628 1381 2669 menses
1421 2623 1532 2668 tres
1560 2627 1658 2682 per
1684 2613 1782 2666 tri-

192 2722 369 2762 cenos
397 2707 517 2762 dies
543 2706 907 2770 scinderetur,
939 2704 1032 2774 qui
1068 2718 1213 2757 anno
1252 2717 1397 2756 nono
1433 2701 1668 2755 restituti
1700 2699 1781 2755 ef-

194 2799 459 2854 ﬁciebant
506 2798 622 2852 dies
653 2797 1076 2867 quadringentos
1104 2809 1250 2860 suv,
1284 2791 1614 2864 ἐμϐολίμους
1639 2831 1655 2857 ,
1695 2789 1781 2846 vel

191 2887 643 2961 ὑπερϐάλλοντας
676 2886 1048 2942 nominabant.
1091 2903 1109 2935 ι
1143 2883 1448 2938 Macrobius
1476 2882 1642 2935 etiam
1683 2880 1777 2936 lib.

195 2979 549 3044 tSaturnal.,
578 2992 696 3047 cap.
744 2977 810 3031 l3
840 2993 854 3030 :
891 2992 911 3027 ι
936 2973 1292 3029 lntercalares
1322 2979 1524 3025 statuta
1567 2968 1778 3024 ratione

195 3069 498 3122 commenti
553 3075 706 3131 sunt,
736 3066 807 3120 ita
839 3076 898 3119 ut
931 3072 1124 3121 octavo
1155 3077 1374 3134 quoque
1417 3075 1560 3114 anno
1605 3074 1775 3113 nonac

194 3160 349 3228 ginta
383 3159 522 3223 dies,
542 3173 609 3213 ex
635 3157 830 3228 quibus
861 3167 972 3211 tres
1013 3169 1228 3210 menses
1257 3154 1522 3208 tricenum
1557 3151 1769 3207 dierum

195 3257 671 3318 composuerunt,
719 3249 1127 3304 intercalarent.
1170 3246 1226 3301 Id
1273 3245 1447 3300 Graeci
1495 3244 1781 3309 fecerunt,

195 3340 459 3409 quoniam
489 3349 608 3394 erat
645 3354 934 3410 operosum
969 3349 1132 3409 atque
1154 3336 1367 3394 diﬂicile
1401 3336 1655 3390 omnibus
1680 3351 1782 3389 an-

204 3432 292 3484 nis
319 3445 376 3484 ιι
405 3429 522 3484 dies
549 3438 605 3484 et
630 3430 990 3498 quadrantem
1037 3428 1392 3483 intercalare.
1436 3425 1624 3496 Itaque
1667 3441 1785 3480 rna-

199 3521 422 3577 luerunt
451 3522 597 3576 hunc
621 3536 902 3576 numerum
926 3521 1099 3576 octies
1123 3520 1507 3591 multiplicare,
1528 3528 1584 3574 et
1613 3534 1784 3574 nona-

204 3614 356 3683 ginta
390 3612 510 3668 dies
534 3652 550 3676 ,
583 3611 675 3682 qui
707 3621 1026 3673 nascuntur,
1057 3611 1101 3666 si
1138 3614 1416 3682 quadrans
1442 3625 1562 3664 cum
1593 3609 1783 3664 diebus

200 3702 452 3758 undecim
476 3703 648 3758 octies
677 3709 1058 3771 componatur,
1090 3699 1334 3756 inserere
1365 3700 1419 3754 in
1447 3713 1541 3754 sex
1568 3712 1782 3753 menses

197 3793 625 3849 distrihuendos.
665 3812 685 3844 ι
741 3792 871 3846 ltetn
923 3790 1228 3846 Herodotus
1279 3791 1373 3846 lib.
1401 3806 1435 3844 ιι
1471 3813 1483 3847 ;
1519 3789 1782 3860 ’Έλληνες

195 3883 283 3938 διὰ
309 3884 494 3956 τρίτου
523 3881 670 3948 ἔτεος
691 3883 987 3954 ἐμϐόλιμον
1021 3881 1424 3954 ἐπεμϐάλλουσι
1444 3881 1555 3935 τῶν
1585 3880 1780 3953 ὡρέων

196 3974 398 4028 ἕνεκαο
432 3993 452 4028 ι
492 3975 664 4031 Graeci
717 3976 878 4031 tertio
923 3989 1140 4045 quoque
1193 3989 1340 4029 anno
1397 3973 1779 4028 intercalarem

199 4081 444 4123 mensem
502 4067 858 4123 introducunt
905 4075 1210 4136 temporum
1249 4064 1448 4134 gratia.
1487 4083 1506 4117 ι
1539 4064 1780 4133 Denique

199 4160 496 4215 secundum
517 4160 774 4229 quosdam
813 4159 1029 4215 Graecos
1059 4158 1200 4229 apud
1230 4157 1618 4228 Epiphaniam,
1667 4157 1779 4210 hae-

199 4253 308 4307 resi
330 4267 461 4318 ιιι,
505 4252 634 4308 licet
668 4253 828 4308 tertio
873 4267 1090 4324 quoque
1127 4267 1271 4308 anno
1311 4253 1402 4306 tiat
1437 4248 1778 4306 intercalatio

1887 1795 1962 1848 ita
2019 1795 2135 1849 haec
2167 1803 2552 1862 expresserat,
2585 1801 2642 1844 ut
2699 1790 3021 1859 Euripornm
3082 1799 3276 1844 aestum
3331 1803 3459 1842 cum

1885 1884 2090 1942 Oceani
2121 1894 2257 1939 aestu
2301 1886 2578 1949 misceret,
2617 1900 2635 1934 ι
2666 1893 2724 1938 et
2757 1892 2922 1937 mstus
2956 1882 3122 1937 etiam
3153 1880 3468 1952 gurgitesve

1887 1977 2054 2032 maris
2087 1976 2372 2046 reciproci,
2397 1976 2594 2046 partim
2626 1974 2679 2029 in
2719 1974 3173 2044 Enripis,partint
3214 1972 3266 2026 in
3295 1971 3469 2028 Ocea-

1885 2083 1974 2135 no,
2015 2081 2150 2138 q‘uos
2175 2067 2425 2123 ordinate
2451 2067 2710 2135 consequi
2745 2083 2759 2132 ;
2803 2085 2822 2119 ι
2856 2066 3108 2121 distinxit
3138 2079 3233 2120 eos
3263 2064 3460 2119 Eusta-

1887 2160 2032 2216 thius
2064 2160 2166 2215 hoc
2193 2167 2353 2230 pacto
2387 2176 2402 2212 :
2437 2177 2454 2210 ‹
2490 2158 2814 2227 Euriporum
2848 2171 3065 2228 quoque
3109 2165 3322 2212 meatus
3371 2170 3463 2210 re-

1885 2252 2024 2310 fluus
2084 2255 2188 2308 hoc
2243 2255 2489 2318 indicat,
2545 2252 2629 2308 vel
2690 2253 2854 2308 etiam
2920 2251 3280 2323 reciprocatio
3328 2251 3466 2324 Syr-

1886 2349 2016 2401 tium
2046 2386 2064 2415 ,
2112 2362 2234 2417 quae
2285 2348 2480 2402 vicinae
2535 2345 2806 2400 habentur
2852 2342 3111 2412 Oceano;
3150 2361 3171 2397 ›
3220 2351 3275 2397 et
3327 2343 3468 2398 Cor-

1885 2439 2129 2494 narius:
2190 2455 2210 2490 ι
2271 2439 2601 2509 Euriporum
2678 2433 2959 2503 refluxus,
3009 2444 3065 2490 et
3130 2436 3299 2490 maris
3357 2435 3469 2489 cir-

1883 2544 1947 2584 ca
1993 2530 2268 2585 Oceanum
2329 2528 2661 2599 appellatum
2716 2527 3118 2597 reciprocatio;
3175 2545 3194 2580 ι
3263 2527 3462 2582 distin-

1883 2622 1962 2675 xit
2000 2633 2056 2676 et
2113 2631 2170 2676 et
2211 2620 2407 2676 Strabo
2463 2621 2556 2676 lib.
2593 2636 2652 2686 ι,
2708 2635 2832 2691 pag.
2869 2618 2940 2673 58
2987 2638 3001 2674 :
3046 2619 3184 2690 Περὶ
3220 2617 3321 2688 μὲν
3373 2615 3469 2674 οὖν

1881 2712 1989 2765 τῶν
2044 2711 2440 2784 πλημμυρίδιον
2496 2713 2587 2764 κα’6
2651 2709 2762 2764 τῶν
2815 2708 3126 2780 ἀμπώτεων
3177 2711 3469 2782 εἰρήκασιν

1885 2804 2087 2869 ἱκανῶς
2136 2803 2490 2868 Ποσειδώνιός
2546 2820 2608 2856 τε
2659 2803 2754 2856 καὶ
2806 2801 3192 2873 Ἀθηνόδωρος
3234 2803 3366 2873 περὶ
3408 2803 3469 2857 δὲ

1880 2898 1981 2967 τῆς
2026 2895 2134 2950 τῶν
2181 2895 2446 2968 πορθμῶν
2503 2894 2825 2967 παλιρροίας
2869 2897 3047 2948 εἰπεῖν
3091 2894 3306 2964 ἀπόχρη
3334 2933 3351 2956 ,
3383 2894 3468 2948 ὅτι

1881 2983 2002 3037 οὐδὲ
2031 2979 2112 3048 εἷς
2152 2985 2351 3056 τρόπος
2400 2983 2497 3038 τοῦ
2533 2982 2756 3054 ροὡδεις
2799 2979 2942 3038 εἶναι
2975 2984 3104 3048 τοὺς
3141 2983 3422 3056 πορθμοὺς
3447 3025 3466 3049 .

1884 3073 1913 3127 ὃ
1955 3089 2019 3142 γε
2067 3073 2188 3128 κατ’
2230 3069 2391 3136 εἶδος
2435 3073 2496 3126 οὐ
2547 3072 2656 3143 γὰρ
2705 3072 2772 3125 ἂν
2822 3074 2850 3125 ό
2903 3071 3003 3143 μὲν
3050 3071 3331 3137 Σικελικὸς
3381 3073 3466 3137 δὶς

1885 3166 2122 3238 ἑκάστης
2156 3165 2370 3237 ἡμέρας
2404 3163 2722 3236 μετέϐαλεν,
2750 3165 2780 3218 ὁ
2819 3163 2877 3218 δὲ
2921 3164 3249 3229 Χαλκιδικὸς
3296 3166 3464 3220 ἑπτά-

1883 3277 1993 3324 κις·
2032 3279 2052 3312 ί
2091 3259 2356 3315 Caeterum
2385 3259 2452 3313 de
2486 3257 2653 3312 maris
2677 3257 3001 3313 aestuatione
3022 3256 3315 3323 suﬂiciunt,
3337 3272 3462 3328 quae

1885 3366 1915 3405 a
1949 3349 2236 3406 Posidonio
2268 3353 2396 3405 sunt
2422 3357 2480 3403 et
2513 3347 2866 3404 Athenodoro
2899 3349 3064 3403 dicta.
3089 3347 3168 3404 De
3194 3348 3459 3404 fretorum

1884 3451 2066 3495 antem
2118 3439 2264 3495 ﬂuxu
2321 3455 2386 3496 ac
2433 3439 2644 3496 relluxu
2676 3478 2692 3506 ,
2724 3454 2848 3494 cum
2882 3438 2982 3508 ipsi
3021 3453 3238 3509 quoque
3283 3442 3464 3510 magis

1883 3532 2164 3603 physicam
2191 3546 2410 3587 causam
2436 3532 2692 3599 habeant,
2720 3532 2826 3588 hoc
2854 3531 3057 3586 dixisse
3087 3530 3337 3596 suﬁiciet,
3353 3547 3462 3587 non

1883 3639 2050 3678 unum
2090 3637 2214 3679 esse
2250 3623 2302 3677 in
2335 3624 2647 3678 universum
2682 3622 2903 3677 modum
2947 3631 3114 3678 aestus
3145 3622 3303 3679 fretis
3335 3638 3461 3678 om-

1882 3715 2041 3770 nibus
2066 3732 2081 3769 :
2119 3713 2318 3783 alioqui
2351 3728 2456 3769 non
2487 3711 2728 3768 Siculum
2755 3712 2842 3768 bis
2865 3712 3106 3783 quotidie
3135 3722 3458 3777 mutaretur,

1880 3805 2250 3861 Chalcidicum
2296 3805 2517 3874 septies.
2558 3821 2578 3856 ι
2602 3803 2825 3859 Atlibro
2849 3819 2924 3868 Ix,
2947 3819 3068 3874 pag.
3095 3803 3231 3860 278:
3260 3805 3465 3860 Ἑπτά-

1879 3912 1968 3959 κις
2031 3893 2392 3966 μεταϐάλλειν
2458 3893 2594 3963 φασὶ
2640 3891 2764 3946 καθ’
2801 3893 3017 3965 ἡμέραν
3079 3892 3318 3965 ἑκάστην
3364 3892 3463 3948 καὶ

1880 3986 2074 4041 νύκταο
2144 4003 2165 4038 ι
2217 3985 2434 4056 Septies
2476 3984 2670 4056 quavis
2725 3984 2814 4040 die
2843 3999 2910 4041 ac
2955 3992 3117 4040 nocte
3168 3985 3393 4039 mutari.
3432 4003 3454 4037 ι

1879 4078 2208 4149 Pomponius
2246 4078 2382 4134 Mela
2413 4078 2509 4134 lib.
2535 4094 2573 4133 ll
2594 4118 2611 4144 ,
2639 4093 2762 4149 cap.
2794 4079 2826 4132 7
2861 4093 2877 4132 :
2909 4095 2930 4131 ‹
2976 4078 3236 4148 Euripum
3262 4086 3462 4134 vocant

1879 4171 2124 4240 rapidum
2144 4185 2294 4226 mare
2322 4178 2379 4225 et
2401 4169 2611 4226 alterno
2635 4186 2798 4227 cursu
2823 4171 3025 4241 septies
3046 4171 3136 4226 die
3161 4186 3226 4226 ac
3257 4171 3460 4240 septies

1879 4271 2036 4319 nocte
2062 4261 2319 4319 ﬂuctibus
2355 4261 2586 4318 invicem
2611 4263 2807 4318 versis.
2846 4281 2867 4316 ι
2904 4262 3096 4319 Livius
3129 4273 3312 4318 tamen
3351 4263 3449 4319 lib.

199 4345 361 4399 unius
397 4345 600 4400 mensis
647 4345 868 4416 triginta
897 4347 1107 4400 dierum
1136 4385 1152 4411 ,
1184 4354 1242 4400 et
1279 4355 1434 4399 sexto
1473 4344 1602 4397 item
1629 4357 1773 4397 anno
1804 4365 1849 4422 Β
1879 4369 2108 4422 χχιγηι,
2142 4369 2248 4410 non
2279 4354 2481 4425 septies
2526 4354 2637 4421 die,
2667 4354 2809 4411 sicut
2842 4354 2986 4408 fama
3017 4354 3122 4410 fer;
3142 4395 3158 4421 ,
3189 4354 3454 4423 tempori-

199 4436 426 4492 alterius
461 4438 665 4492 mensis
708 4439 930 4508 triginta
970 4438 1100 4492 item
1124 4436 1548 4503 dierum,tamen
1577 4444 1771 4490 octavo

199 4543 341 4584 anno
374 4529 659 4598 interjecto
710 4531 872 4586 tertio
917 4530 1048 4584 item
1093 4543 1279 4584 mense
1313 4526 1622 4584 concludit:
1658 4524 1770 4579 Καὶ

195 4620 368 4684 οὕτως
395 4621 537 4675 κατὰ
562 4621 808 4694 περίοδον
842 4620 1224 4693 ὀκταετηρίδος
1259 4619 1614 4689 ἐννενήκοντα
1637 4616 1769 4688 ὴμέ-

197 4727 305 4780 ραι,
336 4712 534 4778 οἵτινές
553 4714 659 4767 εἰσι
683 4712 1048 4785 πληρὲστατοι
1075 4711 1363 4784 ἐμϐόλιμοι
1394 4710 1565 4781 μῆνες
1591 4710 1766 4780 τρεῖς,

196 4802 243 4854 οἳ
293 4803 534 4872 γίνονται
575 4804 720 4859 κατὰ
751 4808 877 4877 τρία
911 4804 1006 4876 ἐτη
1045 4805 1152 4876 μὴν
1193 4799 1274 4868 εἷς
1300 4843 1317 4869 ,
1352 4803 1448 4857 καὶ
1479 4801 1626 4856 κατὰ
1674 4801 1768 4856 δύο

196 4889 397 4964 ὕστερα
424 4892 517 4965 ἐτη
550 4895 656 4966 μὴν
685 4889 766 4958 εἷς
791 4911 804 4924 ’
843 4914 862 4946 ι
903 4894 1082 4964 Atque
1124 4895 1198 4948 ita
1235 4908 1330 4962 per
1378 4892 1618 4948 octennii
1661 4893 1771 4947 cir-

195 4983 397 5037 cuitum
427 4984 814 5040 intercalantur
842 4986 960 5040 dies
983 4985 1276 5056 nonaginta
1306 5025 1322 5051 ,
1363 4985 1453 5053 qui
1489 4993 1618 5039 sunt
1647 4985 1770 5054 ple-

195 5073 402 5130 nissimi
437 5090 649 5132 menses
683 5075 1037 5133 intercalares
1087 5087 1195 5132 tres
1223 5117 1239 5141 ,
1264 5086 1320 5132 et
1349 5076 1412 5131 lit
1460 5077 1514 5131 in
1577 5077 1768 5147 primis

199 5167 368 5221 tribus
397 5169 556 5222 annis
601 5169 802 5223 mensis
841 5185 1000 5230 unus,
1029 5179 1083 5223 et
1113 5169 1164 5223 in
1190 5169 1400 5224 duobus
1444 5168 1767 5239 posteriori-

194 5256 292 5314 bus
328 5261 485 5316 annis
513 5262 714 5317 mensis
750 5277 908 5316 unus.
949 5281 968 5314 ›
1008 5261 1195 5332 Itaque
1223 5262 1274 5316 in
1321 5262 1568 5317 eamdem
1606 5277 1760 5316 sum-

196 5368 335 5406 mam
371 5353 510 5409 redit
564 5363 685 5424 post
737 5364 861 5410 octo
892 5369 1062 5409 annos
1095 5352 1383 5426 nonaginta
1432 5352 1644 5408 dierum
1704 5353 1760 5409 in

196 5445 368 5498 tribus
399 5445 676 5501 mensibus
707 5446 1074 5502 intercalatio.
1098 5444 1386 5500 PoStremo
1411 5443 1637 5499 observa
1661 5441 1764 5497 Ba-

195 5535 371 5589 silium
399 5537 600 5592 dixisse
629 5535 938 5593 Graecorum
979 5537 1390 5606 antiquissimos
1417 5549 1632 5590 menses
1661 5535 1764 5589 ha-

195 5625 371 5687 buisse
412 5629 631 5689 lunares
656 5671 674 5700 ,
707 5640 760 5688 et
812 5646 976 5686 unum
1034 5627 1382 5686 intercalasse
1419 5645 1434 5683 :
1470 5635 1759 5700 propterea
1797 5705 1828 5716 ᾖ

1879 4446 1982 4501 bus
2022 4447 2181 4502 statis
2232 4446 2578 4517 reciprocare
2629 4447 2842 4512 scribit,
2869 4448 2966 4502 sed
2998 4455 3203 4502 temere
3241 4446 3294 4500 in
3337 4461 3456 4500 mo-

1879 4536 2006 4591 dum
2041 4537 2187 4593 venti
2221 4551 2366 4594 nunc
2389 4538 2494 4594 huc
2524 4553 2668 4592 nunc
2693 4537 2821 4592 illud
2857 4551 3016 4592 verso
3055 4536 3215 4590 mari.
3245 4533 3457 4591 Plinius

1879 4627 2133 4697 denique,
2173 4626 2270 4683 lib.
2298 4643 2335 4682 tt
2361 4626 2567 4682 Hister.
2602 4626 2860 4691 καίηται,
2892 4640 3013 4696 cap.
3050 4625 3143 4690 97,
3181 4625 3272 4680 ubi
3295 4625 3456 4679 Euri-

1879 4734 2006 4789 pum
2041 4718 2177 4774 dixit
2206 4720 2410 4788 septies
2437 4718 2526 4774 die
2556 4733 2622 4773 ac
2650 4727 2807 4774 nocte
2832 4717 3176 4786 reciprocare
3195 4755 3212 4780 ,
3247 4716 3397 4771 addit
3434 4734 3450 4771 :

1885 4829 1904 4862 ι
1949 4807 2139 4865 Estus
2173 4810 2314 4867 idem
2342 4811 2521 4866 triduo
2558 4811 2613 4864 in
2641 4824 2826 4864 mense
2856 4807 3110 4864 consistit
3134 4847 3152 4873 ,
3173 4808 3403 4878 septima
3431 4850 3448 4875 ,

1876 4910 2089 4964 octava,
2121 4914 2370 4970 nonaque
2399 4900 2546 4960 luna.
2579 4919 2600 4954 ι
2635 4899 2710 4954 Ita
2735 4899 2886 4954 varia
2920 4899 2986 4953 de
3013 4899 3238 4954 aestibus
3275 4900 3443 4952 maris

1878 5001 2193 5057 narrantur,
2240 5003 2471 5058 quorum
2524 5001 2719 5044 causas
2762 4988 3005 5044 diversas
3051 4987 3260 5058 profert
3305 4988 3448 5042 idem

1876 5079 2082 5134 Plinius
2111 5088 2224 5133 toto
2253 5079 2346 5134 illo
2367 5079 2544 5148 capite
2571 5079 2692 5135 libri
2725 5095 2786 5134 tt.

1944 5169 2061 5224 Col.
2089 5169 2192 5224 144
2215 5170 2326 5224 Di.
2357 5169 2528 5240 Ὑμᾱς
2553 5169 2664 5239 τῆς
2678 5167 2930 5224 ἑαυτῶν.
2951 5169 3005 5224 In
3030 5169 3313 5224 Basiliensi
3334 5169 3452 5224 edi-

1878 5261 2022 5317 tione
2065 5262 2326 5332 scriptum
2377 5261 2480 5316 fuit
2523 5263 2696 5334 ήμᾶς,
2725 5273 2779 5316 at
2823 5263 3090 5331 interpres
3117 5261 3264 5333 ὑμᾶς
3295 5261 3444 5332 legit.

1875 5352 2082 5408 Rursus
2115 5353 2426 5410 Basiliensis
2465 5354 2655 5410 habuit
2697 5355 2841 5426 λόγῳ
2875 5355 3217 5426 μετρῆτε,θι
3252 5354 3446 5409 ἀναλο-

1871 5442 2122 5512 γίσασθε,
2153 5443 2260 5499 duo
2284 5458 2414 5498 vero
2439 5443 2589 5514 Regii
2620 5445 2915 5515 praeferunt
2934 5445 3108 5516 ἡμᾶς,
3144 5454 3199 5500 et
3231 5448 3444 5518 μετρῆο

1871 5555 1995 5602 ται,
2025 5545 2080 5592 et
2113 5534 2551 5606 ἀναλογίζεσθαι.
2593 5536 3005 5593 Emendandutn
3045 5537 3262 5592 videtur
3295 5539 3446 5611 ἡμᾶς

1870 5627 1968 5698 τῆς
1996 5625 2225 5698 ἑαυτῶν,
2255 5637 2308 5683 el
2337 5625 2594 5698 μετρῆτε,
2623 5636 2677 5686 el
2705 5629 2833 5699 παρ’
2873 5628 3085 5692 ἑαυτοῖς
3119 5627 3446 5701 ἁναλογίση·
