3824 6214
408 254 512 309 99ῗὶ

1568 251 1781 308 NOTAE
1823 252 2214 311 FRONTONIS
2253 254 2488 311 [ὤσει

3565 255 3670 308 995

411 368 529 422 σθε.
566 367 924 423 Eustathius:
970 387 987 419 ι
1035 367 1398 435 Quamobrem
1450 379 1670 438 oportet
1724 387 1982 426 accusare
2012 382 2056 434 Λ
2092 376 2349 448 gniﬁcare
2390 377 2491 428 ista
2528 372 2800 427 Tiimanni
2847 373 3037 438 verba,
3072 389 3092 422 ι
3129 370 3325 440 quibus
3352 372 3672 424 nomencla-

411 476 564 514 snam
617 475 885 529 quemque
919 461 1098 528 potius
1135 461 1593 524 imbecillitatem,
1632 471 1691 515 ut
1720 477 1826 515 non
1863 481 1981 515 ma-

411 553 778 623 gniﬁcentiam
839 562 1214 605 crcaturarmn
1269 552 1452 605 verbis
1505 553 1755 606 humanis
1805 554 1984 607 metiri

409 659 569 714 posse
617 645 886 697 credatur.
928 661 948 694 ι
1003 643 1299 697 Carnarius
1347 647 1414 697 ad
1465 647 1690 699 verbum
1736 645 1980 698 extulit:

415 752 435 786 ι
463 735 704 789 Candide
735 734 895 804 igitur
921 742 1136 803 oportet
1183 751 1279 788 nos
1321 744 1564 789 nostram
1599 736 1841 804 ipsorum
1882 737 1982 788 im-

408 827 752 880 becillitatem
792 840 1070 890 accusnre,
1104 837 1162 879 ut
1195 842 1260 880 ne
1296 838 1479 880 nostra
1508 827 1757 880 oratione
1805 827 1981 879 maxi-

410 933 494 970 ma
526 917 736 986 opiﬁcia
763 918 1098 985 expendatis,
1129 918 1220 970 sed
1269 932 1335 970 ex
1372 918 1561 986 paucis
1609 917 1795 970 relatis
1827 918 1973 987 apud

405 1023 502 1062 vos
531 1010 675 1077 ipsos
695 1009 992 1074 supputetis
1019 1017 1304 1076 quotnam,
1336 1027 1354 1059 ι
1386 1018 1491 1062 etc.

477 1101 590 1154 Col.
620 1100 720 1152 H7
752 1100 792 1151 ll
817 1099 902 1154 10.
929 1097 1121 1164 Παηιε,
1146 1100 1426 1154 muliones.
1454 1100 1769 1155 Omiseram
1815 1101 1984 1171 ἐμπί-

404 1191 493 1253 δες
512 1192 877 1260 Argyropylus
907 1199 960 1243 et
984 1190 1307 1244 Cornarius:
1333 1192 1646 1246 Eustathius
1673 1209 1692 1242 ‹
1725 1208 1924 1246 musca:
1950 1211 1969 1244 ι

405 1280 585 1333 vertit.
615 1279 946 1332 Glossarium
1005 1279 1195 1350 ἐμπίς,
1229 1298 1247 1330 ι
1283 1296 1469 1334 musca
1525 1282 1754 1336 vinaria.
1793 1301 1812 1334 ι
1855 1282 1974 1335 Til-

405 1384 636 1424 mannus
682 1369 962 1422 substituit
1005 1387 1024 1419 ι
1081 1371 1370 1424 muliones.
1435 1389 1453 1422 ι
1509 1371 1650 1424 Sunt
1704 1372 1980 1439 quideme

406 1461 640 1514 culicum
670 1475 868 1529 genere
899 1460 1164 1514 muliones
1196 1462 1337 1530 apud
1371 1460 1628 1527 Plinium,
1660 1461 1799 1515 libro
1826 1463 1982 1514 nimi-

405 1570 524 1607 rum
556 1569 631 1614 xt,
662 1568 712 1606 c.
748 1552 814 1605 18
849 1570 861 1605 :
894 1554 984 1606 sed
1033 1563 1282 1620 quaerunt
1311 1555 1408 1606 viri
1435 1555 1582 1607 docti
1617 1555 1740 1624 quis
1787 1565 1979 1608 auctor

405 1646 622 1707 dixerit,
651 1644 882 1714 ἐμπίδας
910 1645 1218 1698 Graecorum
1241 1660 1360 1698 esse
1388 1663 1407 1695 ι
1441 1645 1726 1699 muliones.
1761 1665 1780 1698 ι
1807 1647 1980 1701 Scho-

405 1735 590 1788 liastes
621 1733 994 1800 Aristophanis
1028 1734 1081 1784 in
1112 1732 1288 1786 Nubes
1323 1751 1341 1787 :
1393 1735 1666 1804 Ἐμπίδες,
1700 1734 1793 1799 οὓς
1816 1738 1975 1806 ἡμεῖς
2009 1728 2052 1785 υ

402 1826 669 1886 κώνωπας
695 1823 984 1894 καλοῦμεν,
1015 1825 1063 1876 οἱ
1092 1825 1149 1877 δὲ
1179 1821 1318 1887 εἶδος
1355 1825 1616 1889 κώνωπος
1651 1828 1974 1898 παραποτά-

408 1937 526 1992 μιον
552 1917 695 1988 ζωὴν
717 1917 950 1987 ἔχοντοςο
980 1934 998 1966 ι
1041 1917 1316 1986 Ἐμπίδες,
1337 1934 1472 1987 quos
1495 1934 1592 1972 nos
1607 1919 1807 1974 culices
1823 1935 1975 1974 voca-

401 2028 523 2066 mus
555 2028 569 2066 :
605 2011 692 2064 alii
725 2011 906 2061 dicunt
940 2006 1174 2077 ἐμπίδας
1202 2022 1323 2062 esse
1349 2024 1518 2076 genus
1543 2011 1801 2074 culicum,
1829 2011 1973 2078 quod

399 2106 553 2175 juxta
581 2101 800 2155 ﬂumina
828 2100 963 2154 solet
989 2101 1168 2153 vivere
1196 2118 1208 2152 :
1244 2120 1261 2151 ι
1283 2112 1333 2153 et
1359 2104 1412 2153 in
1441 2101 1806 2170 Lysistratam,
1840 2103 1970 2171 Ἑμ-

403 2198 498 2260 πὶς
541 2193 812 2263 κώνωψ,ἦ
841 2188 976 2256 εἶδος
1014 2191 1152 2254 ζώου
1187 2191 1338 2262 παρὰ
1365 2195 1476 2255 τοῖς
1505 2191 1658 2247 ὕδασι
1683 2195 1972 2266 γενόμενον

404 2293 589 2361 ὅμοιον
620 2287 865 2350 κώνωπι,
897 2287 1079 2355 μεῖζον
1119 2286 1176 2338 δέ
1201 2302 1214 2314 ο
1257 2304 1275 2336 ι
1313 2286 1494 2339 Cenus
1525 2288 1773 2342 animalis
1827 2288 1970 2357 quod

396 2383 548 2449 juxta
589 2394 756 2448 aquas
804 2378 1047 2431 nascitur
1073 2377 1246 2430 simile
1275 2377 1432 2430 culici
1458 2417 1474 2443 ,
1503 2378 1595 2430 sed
1631 2378 1908 2445 grandius.
1945 2397 1965 2430 ι

407 2470 780 2538 Daleeampius
827 2476 1004 2520 tamen
1045 2477 1268 2520 annotat
1301 2467 1352 2520 in
1386 2467 1532 2520 illum
1577 2467 1736 2522 Plinii
1769 2469 1966 2536 locum,

341 2625 345 2628 ι
401 2559 633 2630 ἐμπίδας
688 2557 961 2610 Aristoteli
1025 2570 1147 2609 esse
1178 2555 1602 2624 muliones,qui
1628 2567 1856 2611 onustos
1914 2559 1967 2611 in

403 2654 486 2702 via
543 2647 716 2701 mulos
748 2647 950 2700 aestatis
983 2656 1220 2714 tempore
1245 2645 1517 2699 divexant.
1546 2646 1719 2700 Locus
1760 2659 1843 2702 est
1872 2649 1964 2703 lib.

398 2757 434 2795 γ
472 2739 726 2794 Historia:
759 2736 1098 2799 animalium,
1134 2751 1252 2804 cap.
1294 2736 1362 2789 19
1400 2737 1504 2789 :Ai
1533 2737 1577 2790 δ’
1607 2737 1836 2808 ὲμπίδες
1885 2739 1972 2806 γι-

399 2844 579 2883 νονται.
622 2829 687 2879 ὲκ
731 2824 838 2878 τῶν
870 2824 1180 2893 ἀσκαρίδων
1213 2839 1229 2878 :
1259 2839 1418 2893 quem
1462 2826 1533 2879 ita
1580 2827 1968 2896 interpretatur

399 2921 741 2974 doctissunus
775 2916 1090 2970 Theodorus
1134 2913 1326 2968 Gaza:
1365 2933 1384 2966 ι
1441 2917 1657 2971 Culices
1703 2918 1967 2976 muliones

398 3023 466 3066 ex
503 3009 784 3070 asearidis,
821 3008 922 3061 hoc
948 3016 1031 3060 est
1059 3007 1242 3075 tipulis
1273 3016 1620 3074 generantur.
1658 3026 1677 3058 ι

469 3097 604 3154 ibid.
637 3100 678 3153 C
721 3100 807 3152 12.
844 3097 960 3150 Etsi
1004 3108 1200 3149 autem.
1243 3097 1368 3150 Hzec
1404 3100 1706 3151 .substituta
1741 3111 1866 3154 sunt
1913 3102 1963 3155 in
1993 3082 2035 3139 (ἶ

398 3191 574 3245 locum
610 3191 839 3244 istorum
861 3189 1149 3240 verborum
1178 3200 1242 3238 ex
1274 3188 1641 3255 recognitione
1667 3189 1963 3245 Tilmauni:

403 3307 422 3339 ι
459 3286 594 3339 Etsi
623 3298 726 3351 qua
763 3281 1074 3350 aquatilium
1133 3281 1326 3348 pedum
1375 3280 1590 3337 fulturis
1641 3287 1884 3338 nituntur
1915 3295 1970 3340 et

397 3377 671 3430 incedunt.
700 3371 905 3427 Horum
942 3372 1087 3425 enim
1121 3371 1377 3440 pleraque
1402 3382 1531 3426 sunt
1555 3374 1825 3443 amphibia
1853 3392 1968 3430 ma-

398 3469 566 3530 xime,
590 3481 686 3520 ceu
716 3474 842 3518 sunt
866 3464 1073 3530 phocae,
1107 3463 1388 3526 crocodili,
1422 3463 1790 3534 hippopotami
1817 3506 1834 3531 ,
1878 3484 1966 3522 ra-

398 3574 504 3624 nae,
533 3567 588 3611 et
617 3555 825 3610 cancri.
853 3553 910 3606 lu
945 3555 1028 3626 his
1057 3553 1413 3622 prmrogativa
1459 3557 1695 3609 nominis
1742 3560 1961 3626 gaudet,

395 3649 537 3718 quod
570 3656 759 3716 suapte
791 3655 982 3698 natura
1007 3643 1232 3698 natatile
1253 3653 1358 3707 est,
1385 3643 1453 3698 ob
1481 3645 1534 3698 id
1563 3645 1766 3701 dictum
1800 3657 1906 3706 est.
1939 3669 1958 3701 ι

393 3739 756 3810 Argympylus
781 3737 1058 3790 ediderat:
1091 3753 1111 3785 ‹
1148 3731 1425 3803 Praecipue
1449 3745 1628 3790 tamen
1656 3739 1742 3792 his
1801 3743 1961 3794 nandi

397 3832 627 3886 facultas
658 3828 1116 3882 accommodatur.
1153 3845 1172 3876 ι
1205 3827 1315 3880 lloc
1366 3828 1621 3882 nimirum
1660 3831 1773 3884 vult
1809 3831 1964 3887 Basi-

394 3926 519 3988 lius,
553 3922 763 3991 reptilia
794 3920 898 3973 dici
925 3933 1263 3987 quaecunque
1322 3919 1376 3973 in
1403 3920 1559 3988 aquis
1587 3921 1809 3991 degunt,
1837 3924 1965 3980 licet

393 4030 458 4068 ex
513 4015 576 4066 iis
605 4012 846 4081 qmedam
875 4012 1038 4078 pedes
1067 4010 1338 4075 habeant,
1378 4012 1503 4079 quia
1535 4027 1654 4082 quae
1685 4023 1812 4068 sunt
1847 4031 1964 4070 am-

393 4104 596 4174 phibia,
643 4104 846 4156 diutius
872 4112 926 4156 et
969 4102 1167 4171 saepius
1212 4103 1264 4156 in
1301 4105 1458 4172 aquis
1485 4145 1500 4160 .
1531 4120 1690 4174 quam
1727 4107 1780 4161 in
1813 4117 1959 4163 terra

392 4203 695 4251 versantur.
721 4193 1035 4247 Ambrosius
1062 4192 1160 4246 lib.
1188 4208 1238 4256 v,
1286 4207 1408 4261 cap.
1448 4196 1474 4248 i
1508 4212 1522 4249 :
1563 4215 1581 4248 ι
1626 4197 1768 4262 Quin
1794 4201 1958 4254 etiam

393 4302 514 4341 cum
543 4286 794 4354 pleraque
825 4283 986 4352 pedes
1020 4285 1296 4349 habeant,
1329 4295 1385 4341 et
1414 4287 1723 4342 ambulandi
1756 4305 1910 4344 usum
1939 4330 1956 4356 ,

391 4393 455 4432 eo
482 4376 626 4445 quod
660 4376 771 4428 sint
825 4373 1096 4440 amphihia
1126 4413 1142 4438 ,
1172 4389 1292 4442 qua;
1342 4377 1424 4430 vel
1481 4378 1534 4430 in
1591 4381 1746 4448 aquis
1779 4382 1864 4436 vel
1903 4387 1954 4438 in

393 4471 550 4524 terris
580 4468 764 4521 vivant
794 4485 808 4518 :
851 4477 1031 4518 tamen
1066 4479 1189 4526 cum
1224 4467 1276 4520 in
1323 4468 1432 4522 alto
1463 4485 1727 4539 aquarum
1777 4484 1905 4530 sunt
1935 4515 1950 4540 ,

391 4577 496 4614 non
557 4559 876 4622 ambulant,
923 4556 1012 4611 sed
1068 4568 1277 4612 nautnt.
1337 4579 1356 4611 ι
1417 4561 1727 4619 Eustathius
1777 4567 1954 4635 aptius

389 4661 623 4705 mentem
677 4650 931 4718 exprimit
987 4652 1227 4705 auctoris
1279 4668 1293 4705 :
1347 4670 1366 4704 ι
1426 4653 1562 4719 Quia
1612 4655 1740 4710 licet
1787 4662 1953 4714 multa

387 4745 454 4798 de
510 4743 614 4798 illis
675 4745 976 4797 habeantur
1035 4746 1331 4815 ambigua;
1388 4758 1565 4805 tamen
1620 4753 1700 4808 eis
1755 4757 1950 4824 praeci-

386 4849 524 4902 puus
548 4844 631 4889 est
657 4843 895 4888 natatus.
940 4852 960 4884 ι
1004 4833 1297 4904 Propterea
1329 4838 1472 4893 inter
1514 4842 1723 4911 reptilia
1757 4861 1950 4900 nume—

389 4935 603 4979 I'allllll'.

453 5058 587 5113 Ibid.
619 5059 662 5113 D
705 5061 757 5114 5.
790 5059 991 5126 Quibus
1038 5065 1466 5120 nomenclaturis.
1503 5068 1665 5126 Recte
1691 5073 1949 5130 admonet

383 5150 729 5208 doctissimus
769 5154 1133 5211 Montacutius
1163 5159 1330 5211 multo
1358 5161 1537 5228 aptius
1567 5165 1800 5219 vertisse
1840 5169 1947 5219 Ar-

383 5243 697 5314 gerpylum
756 5246 808 5299 in
863 5249 1136 5316 prioribus
1190 5250 1564 5320 editionibus,
1619 5270 1737 5323 quae
1793 5261 1949 5316 nobis

382 5350 522 5389 nunc
547 5337 614 5390 ad
647 5352 861 5392 manum
908 5341 1126 5395 minime
1152 5352 1312 5396 sunt:
1359 5362 1377 5393 ι
1422 5344 1537 5399 Non
1571 5363 1631 5399 ea
1667 5363 1786 5416 quae
1841 5366 1941 5406 ova

381 5425 595 5491 pariunt
625 5466 642 5491 ,
678 5445 796 5497 qum
825 5443 950 5486 sunt
983 5433 1162 5486 omnia
1195 5432 1309 5487 fere
1362 5437 1589 5503 piscium
1622 5455 1819 5508 genera
1855 5460 1870 5496 :
1918 5461 1939 5495 ι

383 5530 503 5568 nam
545 5516 774 5573 Basilius
805 5522 870 5574 de
908 5522 1039 5578 solis
1067 5524 1304 5593 oviparis
1356 5526 1615 5595 loquitur,
1645 5546 1766 5585 cum
1821 5534 1938 5600 ait,

382 5605 524 5677 ἆπερ
579 5609 696 5660 ἐστὶ
738 5611 912 5665 πάντα
970 5615 1189 5685 σχεδόν,
1245 5633 1348 5671 non
1409 5629 1586 5674 autem
1637 5621 1704 5676 de
1751 5623 1948 5686 ζωοτόο

383 5709 518 5759 κοις,
553 5697 803 5766 viviparis
833 5742 846 5767 ,
879 5713 926 5756 et
967 5707 1200 5775 oviparis
1234 5707 1390 5763 simul
1426 5749 1439 5775 ,
1482 5720 1536 5764 ut
1591 5712 1847 5770 videntur
1869 5717 1943 5772 si-
1985 5710 2010 5752 ε

2088 471 2245 524 turis.
2281 488 2299 520 ι
2352 467 2670 522 Eustathius
2701 479 2916 535 quoque
2970 465 3163 518 melius
3189 463 3387 518 extulit
3423 480 3438 517 :
3475 481 3494 514 ι
3542 463 3669 517 Sive

2084 562 2275 615 ovilica
2299 557 2685 618 nominaveris,
2708 557 2886 625 qualia
2924 565 3052 609 sunt
3080 556 3262 608 omnia
3301 570 3439 622 pene
3465 569 3670 624 genera

2085 651 2353 720 piscium;
2402 667 2421 700 ι
2459 660 2510 703 et
2538 650 2879 702 Carnarius:
2918 664 2936 697 ι
2977 645 3093 700 Non
3123 646 3368 715 ovipara,
3401 660 3532 714 qua:
3569 644 3670 698 ler-

2085 758 2170 795 me
2201 750 2327 794 sunt
2358 741 2538 793 omnia
2572 739 2795 808 piscium
2831 753 3048 806 genera.
3085 756 3104 788 ι

2152 832 2268 886 Col.
2312 830 2414 884 149
2449 833 2490 882 Δ
2513 829 2566 882 4.
2599 829 2757 881 Ὅσα
2785 826 3113 896 φωλιδωτά.
3147 827 3564 881 Emendandum
3602 842 3667 880 ex

2083 926 2291 979 duobus
2325 925 2503 994 Regiis
2531 921 2820 991 φολιδωτά.
2857 920 3152 973 Cornarius
3178 957 3193 980 ,
3227 937 3245 969 ι
3279 935 3579 987 squamosa
3607 928 3659 973 et

2082 1018 2346 1071 corticosa
2373 1055 2389 1080 ,
2426 1033 2446 1066 ι
2481 1016 2642 1068 vertit
2671 1013 2942 1066 λεπιδωτᾶ
2973 1021 3026 1064 et
3061 1010 3354 1078 φολιδωτά,
3389 1012 3538 1080 quod
3561 1009 3664 1062 [3a-

2085 1111 2228 1164 tinus
2282 1123 2462 1162 sermo
2516 1107 2660 1160 aliud
2694 1120 3050 1175 synonymum
3087 1103 3362 1170 squamosi
3400 1118 3510 1157 non
3567 1104 3664 1156 ha-

2081 1201 2427 1270 beat:quod
2475 1200 2619 1253 enim
2674 1209 2758 1250 est
2816 1197 2867 1248 iu
2909 1193 3190 1264 reptilibus
3243 1192 3441 1261 φολὶς,
3497 1194 3552 1248 id
3610 1194 3661 1247 in

2081 1293 2405 1363 aquatilibus
2452 1301 2532 1345 est
2567 1291 2724 1354 λεπὶς
2749 1334 2762 1355 ,
2793 1289 2985 1343 Latine
3029 1305 3048 1338 ‹
3095 1301 3319 1354 squama
3353 1307 3372 1338 ι
3406 1289 3458 1341 in
3495 1288 3662 1341 utris-

2081 1401 2205 1453 que.
2245 1383 2335 1437 Sic
2371 1386 2422 1435 in
2459 1384 2694 1452 Epistola
2723 1382 2780 1436 S.
2813 1383 3002 1450 lgnatii
3054 1385 3122 1438 ad
3168 1382 3564 1442 Antiochenos,
3599 1394 3654 1448 p.

2082 1477 2207 1541 196,
2227 1477 2528 1546 legendum,
2570 1485 2629 1528 ut
2675 1490 2846 1541 nuper
2879 1474 3308 1536 emendavimus,
3338 1471 3469 1533 τοὺς
3502 1470 3657 1539 ὄφεις

2079 1569 2206 1630 τοὺς
2229 1566 2584 1638 συρομένους,
2612 1566 2679 1618 τὰ
2708 1565 2980 1634 φολιδωτὰ
3007 1564 3300 1634 δρακόντια
3318 1605 3333 1631 ,
3360 1562 3462 1625 τὰς
3492 1561 3657 1615 ἀσπί-

2079 1659 2198 1724 δας,
2233 1677 2253 1711 ι
2287 1669 2565 1728 serpentes
2627 1674 2788 1727 super
2845 1669 3032 1726 peetus
3085 1667 3353 1725 repentes,
3386 1658 3657 1710 dracones

2079 1767 2418 1822 squamosos,
2450 1751 2686 1821 aspides,
2713 1765 2817 1804 non
2845 1748 3124 1818 φιλόδορα,
3158 1746 3521 1802 dracunculos
3550 1747 3656 1814 pel-

2078 1847 2206 1900 lium
2249 1845 2447 1898 amictu
2483 1843 2780 1912 gaudentes
2813 1859 2828 1893 :
2864 1860 2883 1892 ι
2917 1839 3228 1909 φωλιδωτός
3255 1854 3383 1892 vero
3436 1839 3654 1891 nidula-

2077 1950 2184 2004 tor,
2219 1937 2301 1992 vel
2339 1937 2430 2005 qui
2463 1936 2646 1988 nidum
2679 1937 2869 1995 struit,
2920 1943 3011 1985 aut
3037 1934 3126 2001 qui
3157 1933 3371 1994 latitat,
3402 1930 3558 2002 παρὰ
3591 1929 3655 1982 τὸ

2076 2031 2295 2103 φωλεῖν,
2327 2032 2469 2100 quod
2505 2029 2669 2083 estin
2708 2027 2892 2102 lustris
2939 2027 3131 2081 latere.
3181 2025 3469 2080 Corticosa
3513 2025 3653 2078 dixit

2076 2126 2360 2192 interpres,
2389 2121 2646 2190 quoniam
2669 2117 2940 2184 etPlinio,
2973 2137 2990 2169 ι
3025 2134 3143 2187 qua:
3171 2117 3373 2170 animal
3402 2118 3648 2186 pariunt,

2073 2216 2209 2286 pilos
2240 2213 2470 2278 habent;
2507 2228 2627 2282 qua:
2674 2225 2796 2275 ova,
2830 2225 3034 2280 pennas
3060 2249 3075 2274 ,
3123 2219 3216 2262 aut
3247 2224 3504 2278 squamas
3557 2219 3648 2262 aut

2073 2307 2352 2371 corticem,
2380 2314 2472 2358 aut
2505 2314 2723 2370 testam,
2750 2311 2843 2357 aut
2865 2303 3185 2367 testudines,
3215 2311 3305 2356 aut
3340 2311 3520 2356 cutem
3551 2315 3651 2370 pu-

2072 2415 2209 2464 ram,
2231 2410 2290 2452 ιιι
2327 2407 2629 2466 serpentes.
2663 2415 2682 2448 ι

2142 2490 2256 2545 Col.
2298 2491 2402 2544 I50
2430 2493 2473 2542 A
2497 2489 2587 2544 15.
2627 2486 2883 2556 Gregalia
2912 2525 2927 2552 ,
2952 2487 3209 2556 solivaga.
3237 2488 3406 2540 Antea
3431 2484 3646 2555 legeba-

2074 2595 2181 2648 tur,
2223 2602 2240 2635 ι
2283 2583 2553 2652 gregalia,
2593 2582 2860 2644 solitaria,
2892 2590 2951 2633 ut
2983 2590 3102 2635 cete
3137 2599 3150 2646 ;
3184 2599 3203 2631 ι
3240 2579 3388 2648 atqui
3421 2594 3528 2631 non
3560 2580 3645 2628 di-

2072 2676 2152 2729 xit
2183 2675 2411 2728 Basilius
2447 2675 2684 2743 gregalia
2742 2688 2865 2728 esse
2913 2672 3190 2734 solitaria,
3221 2685 3318 2723 nec
3358 2669 3411 2722 in
3458 2683 3646 2722 exem-

2070 2766 2216 2838 plum
2238 2766 2601 2822 solitariorum
2627 2777 2747 2821 cete
2770 2767 3021 2830 adduxit;
3043 2765 3148 2818 imo
3167 2763 3269 2816 tria
3299 2762 3411 2815 hmc
3424 2761 3644 2814 diversa

2072 2860 2300 2929 piscium
2322 2874 2518 2929 genera
2541 2860 2753 2921 statuit,
2770 2857 3030 2928 gregalia,
3049 2857 3310 2924 dispersa,
3327 2864 3467 2907 cete.
3496 2851 3646 2919 ἰιγεο

2069 2951 2196 3005 λαῖα.
2225 2952 2320 3004 καὶ
2359 2949 2666 3021 σποραδικὰ
2717 2947 2910 3004 Cicero
2940 2947 3104 3002 vertit
3140 2965 3159 2998 ι
3207 2954 3535 3014 congregata
3588 2953 3644 2995 et

2071 3044 2329 3112 solivaga,
2370 3060 2388 3094 ι
2436 3041 2726 3095 Tusculan.
2756 3056 2808 3094 v.
2843 3039 3158 3093 Theodorus
3195 3036 3364 3098 Gaza,
3393 3053 3412 3086 ι
3450 3049 3644 3103 grega-

2069 3135 2138 3188 lia
2163 3145 2216 3189 et
2247 3133 2482 3188 incivilia
2517 3147 2531 3184 :
2574 3151 2592 3184 ι
2647 3148 2769 3184 nam
2806 3144 2861 3186 et
2892 3129 3207 3183 Aristoteles
3237 3129 3411 3190 docet,
3453 3124 3639 3178 tliist.

2067 3226 2317 3292 animal.,
2346 3241 2464 3294 cap.
2498 3227 2550 3290 1,
2584 3240 2647 3278 ex
2677 3223 2981 3293 gregalibus
3006 3219 3456 3290 quemadmodum
3489 3227 3544 3270 et
3573 3232 3642 3269 ev

2067 3318 2222 3372 solita
2235 3318 2326 3370 riis
2353 3317 2593 3386 quaedam
2622 3331 2742 3370 esse
2766 3311 3038 3375 πολιτικά,
3069 3330 3087 3363 ι
3113 3312 3314 3372 civdia,
3341 3329 3360 3360 ι
3390 3311 3640 3378 quaedam

2069 3408 2393 3478 σποραδικά.
2431 3407 2598 3461 Paulo
2627 3413 2746 3475 post
2773 3404 3090 3459 sustulimus
3129 3401 3279 3464 illud,
3325 3418 3345 3450 ι
3379 3413 3567 3468 porro,
3616 3418 3636 3449 ο

2065 3513 2190 3554 ante
2215 3503 2311 3554 has
2345 3515 2503 3554 voces
2528 3541 2542 3564 ,
2581 3517 2600 3550 ι
2641 3513 2821 3551 rarum
2849 3537 2865 3562 ,
2894 3496 3296 3563 meatibusque,
3341 3510 3360 3542 ι
3398 3507 3468 3545 ne
3521 3493 3641 3543 dum

2064 3609 2152 3647 res
2185 3595 2414 3647 diversa:
2447 3607 2569 3646 esse
2600 3591 2903 3651 videantur,
2934 3588 3118 3658 pulmo
3147 3594 3198 3640 et
3220 3587 3402 3640 viscus
3428 3601 3637 3638 rarum.

2065 3683 2155 3738 Sic
2180 3684 2497 3738 Ambrosius
2524 3683 2618 3736 lib.
2651 3697 2704 3744 ν,
2744 3695 2794 3734 c.
2819 3681 2852 3733 ιι
2887 3699 2900 3734 :
2931 3698 2948 3730 ι
2980 3679 3147 3733 Nobis
3175 3679 3358 3748 pulmo
3393 3692 3490 3748 per
3519 3679 3636 3730 tho-

2064 3775 2204 3828 racis
2234 3774 2436 3826 laxiora
2473 3771 2767 3840 penetralia
2793 3769 2987 3838 recipit
3025 3769 3293 3836 spiritum,
3321 3776 3376 3820 et
3405 3783 3531 3820 cum
3567 3769 3640 3820 sit

2063 3866 2178 3934 ipse
2217 3865 2362 3934 poris
2394 3863 2666 3933 plerisque
2708 3861 3078 3932 penetrabilis,
3116 3859 3432 3913 interiorem
3491 3862 3640 3914 calo-

2063 3972 2175 4011 rem
2204 3956 2507 4025 refrigerat.
2545 3976 2562 4007 ι

2133 4049 2262 4102 lhid.
2297 4049 2337 4103 C
2365 4049 2450 4104 11.
2521 4052 2680 4103 Testis
2707 4056 2972 4106 conclusa.
3010 4054 3200 4110 Latine
3221 4055 3300 4110 sie
3329 4053 3638 4122 exprimere

2061 4140 2377 4204 maluimus,
2413 4157 2573 4211 quam
2623 4158 2746 4196 cum
2791 4143 3083 4214 interprete
3126 4164 3146 4198 ι
3174 4148 3576 4202 ostracoderma
3613 4167 3632 4198 ι

2062 4231 2273 4297 dicere;
2298 4232 2589 4286 Carnarius
2620 4250 2638 4283 ι
2669 4233 2866 4288 intecta
2917 4245 3089 4301 testa;
3130 4255 3149 4288 ›
3186 4238 3252 4291 ad
3289 4239 3512 4292 verbum
3549 4254 3636 4291 es-

2061 4333 2142 4376 set
2173 4341 2192 4373 ι
2216 4338 2276 4376 ea
2309 4324 2505 4393 quibus
2536 4335 2671 4380 testa
2699 4327 2838 4381 cutis
2878 4328 2994 4384 loco
3016 4339 3118 4383 est.
3146 4349 3164 4382 ι
3198 4329 3402 4385 Plinius
3452 4331 3546 4385 lib.
3581 4347 3634 4386 tv

1989 4432 2035 4487 ι)
2071 4415 2206 4468 (list.
2254 4425 2391 4479 nat.,
2431 4432 2550 4484 cap.
2583 4419 2674 4483 28,
2711 4436 2730 4468 ι
2762 4420 2913 4473 testis
2943 4420 3191 4475 conclusa
3225 4423 3372 4476 duris
3396 4441 3413 4471 ι
3444 4424 3630 4489 appel-

2059 4508 2161 4570 lat;
2197 4521 2316 4574 qua:
2366 4524 2495 4561 vero
2543 4508 2771 4562 Basilius
2821 4511 3270 4582 μαλακόστρακα,
3327 4531 3346 4563 ι
3379 4523 3627 4566 contecta

2056 4598 2252 4651 crustis
2281 4599 2547 4663 tenuibus,
2596 4617 2615 4650 ι
2655 4608 2711 4652 et
2751 4599 2844 4653 lib.
2873 4618 2952 4663 χι,
2980 4618 3097 4670 cap.
3127 4605 3215 4666 57,
3248 4621 3267 4653 ι
3299 4618 3346 4656 Cl
3363 4613 3481 4656 usta
3519 4605 3629 4654 fra-

2054 4689 2144 4757 gili
2202 4689 2426 4744 inclusa.
2462 4709 2480 4741 ι
2527 4691 2699 4746 Mollia
2728 4694 2976 4763 [denique
3023 4694 3226 4749 Griecis
3271 4705 3397 4749 sunt
3448 4695 3625 4767 μαλά-

2054 4796 2167 4832 κια.
2205 4779 2376 4833 Plinio
2425 4783 2610 4835 itidem
2651 4801 2668 4833 ι
2701 4785 2906 4848 mollia,
2940 4803 2958 4835 ι
2998 4799 3118 4854 quae
3157 4800 3329 4854 neque
3374 4803 3627 4854 squamas

2055 4872 2259 4924 habent
2291 4887 2465 4940 neque
2508 4882 2692 4939 testas,
2723 4875 2816 4929 sed
2862 4875 3054 4943 pellem
3092 4879 3336 4932 humane
3369 4879 3622 4942 similem,

2055 4971 2112 5015 ut
2142 4963 2297 5016 docet
2321 4962 2554 5019 Calenus
2584 4967 2675 5019 lib.
2706 4982 2766 5019 tu
2823 4967 2898 5020 De
2919 4969 3201 5022 alimentis.

2123 5055 2238 5110 Col.
2277 5056 2379 5110 155
2408 5059 2448 5110 Α
2479 5059 2534 5112 2.
2567 5058 2652 5111 Σὺ
2697 5059 2898 5113 τοῦτο.
2953 5059 3105 5130 Regii
3145 5062 3250 5115 duo
3285 5060 3404 5115 libri
3439 5075 3624 5115 emen-

2052 5145 2202 5210 dant,
2239 5148 2305 5200 σὺ
2343 5150 2531 5203 τοῦτον
2577 5150 2779 5217 λαϐών,
2807 5168 3001 5222 nempe
3047 5169 3168 5208 eum
3209 5155 3299 5224 qui
3332 5169 3624 5223 pauperem

2051 5238 2393 5305 Spoliaverat.

2126 5331 2258 5388 Ibid.
2313 5334 2399 5389 10.
2465 5336 2708 5406 E/fugito
2760 5349 3156 5393 aamnatorum.
3211 5339 3616 5408 Argyropylus,

2059 5440 2078 5473 ι
2112 5425 2580 5493 despiciendorum
2603 5445 2616 5492 ;
2642 5448 2661 5481 ι
2703 5427 3022 5494 Cornarius,
3057 5449 3076 5481 ι
3106 5431 3250 5500 Fuge
3292 5430 3622 5484 imitationes

2050 5517 2546 5572 condemnatorum.
2580 5537 2598 5569 ι
2647 5522 2997 5591 Scripsimus,
3043 5539 3062 5572 ι
3099 5523 3474 5576 damnatorum
3527 5523 3622 5575 ho-

2049 5609 2274 5672 minum,
2302 5630 2321 5662 ι
2358 5621 2417 5665 ιιι
2455 5615 2522 5665 ad
2553 5611 2730 5666 Galat.
2767 5630 2843 5679 ιι,
2878 5615 2963 5679 Η,
2996 5616 3131 5669 dixit
3162 5613 3453 5684 Apostolus
3478 5615 3619 5668 εὍτι

2049 5707 2536 5774 κατεγνωσμένος
2562 5702 2660 5776 ἦν·
2695 5705 2834 5772 Quia
2867 5709 3279 5776 reprchensibilis
3304 5719 3437 5777 erat,
3457 5708 3616 5763 vertit
