3824 6214
155 261 261 316 997

1235 253 1324 307 AD
1366 249 1692 308 HOMILIAS
1731 249 1794 304 IN
1840 245 2334 303 IlEXAEMERON.

3319 241 3422 296 998

156 381 352 427 auctor
386 369 649 441 Vulgata.
681 368 772 423 Sic
803 369 941 438 apud
971 366 1293 421 Ciceronem
1331 374 1472 420 orat.
1502 367 1556 418 in
1589 363 1744 419 Piso-
1775 369 1819 424 Α
1852 373 2079 431 utroque
2113 361 2280 430 Regio
2314 372 2415 413 ms.
2462 365 2516 412 et
2564 357 2616 411 in
2662 354 2902 426 Anglicis
2928 353 3252 410 oﬂ'entlimus
3289 356 3424 426 κυήυ

152 477 274 516 nam
292 475 314 515 :
334 479 354 512 ι
374 459 507 526 Quis
524 469 576 514 te
594 459 880 513 miserior?
905 458 1027 525 quis
1054 467 1106 510 te
1122 456 1467 511 damnatior?
1496 474 1514 507 ι
1547 455 1740 508 Eusta-

158 554 312 607 tlaius
337 553 571 622 denique
596 552 754 616 dixit,
792 568 811 602 ι
841 551 1029 606 desine
1057 549 1390 618 vituperatos
1421 547 1682 602 :Bmulnl‘i.
1715 565 1732 598 ι

155 641 434 697 Caeterum
469 658 590 697 cum
621 641 826 713 polypo
859 649 1142 708 comparat
1177 639 1568 701 fraudulentos,
1599 636 1742 704 ejus-

155 752 266 804 que
298 735 545 789 fraudem
583 735 863 804 eleganter
896 733 1156 802 exprimit
1189 747 1254 786 ex
1289 729 1485 785 Basilio
1514 731 1742 783 Ambro-

157 827 279 880 sius
312 825 403 879 lib.
447 840 498 889 v,
530 839 647 894 cap.
679 825 712 878 8
742 840 756 877 :
794 841 815 874 ι
846 823 947 888 Qui
992 823 1193 876 vadoso
1235 822 1286 875 in
1323 821 1502 875 liuore
1537 829 1740 888 petram

159 926 381 981 nactus,
418 914 655 986 afligitnr
695 915 767 978 ei,
794 924 958 982 atque
982 913 1100 980 ejus
1130 912 1385 967 nebuloso
1410 913 1622 982 ingenio
1648 924 1742 962 co-

161 1007 334 1060 lorem
363 1006 528 1069 subit,
551 1015 605 1059 et
629 1004 792 1058 simili
821 1003 1002 1072 specie
1031 1011 1178 1070 terga
1203 1001 1464 1055 obductus
1487 999 1744 1068 plurimos

161 1097 399 1166 piscium
445 1095 563 1148 sine
599 1093 704 1150 ulla
737 1096 1044 1162 suSpicione
1075 1092 1283 1147 fraudis
1329 1091 1580 1159 allapsos,
1617 1094 1742 1142 dum

163 1197 347 1242 notam
373 1203 478 1242 non
513 1197 838 1255 praecavent,
876 1194 932 1240 et
954 1201 1141 1240 saxum
1166 1183 1477 1252 opinantur,
1502 1182 1743 1236 cassibus

161 1279 378 1333 furtivae
400 1279 534 1332 artis
562 1277 804 1333 includit.
836 1296 856 1329 ›
892 1277 1168 1344 Accipitur
1195 1286 1248 1329 et
1279 1275 1504 1344 polypus
1527 1289 1622 1343 pro
1647 1273 1746 1327 ho-

166 1369 315 1422 mine
343 1368 544 1434 rapaci,
566 1367 709 1436 quod
737 1367 910 1421 soleat
936 1366 1183 1436 polypus,
1207 1363 1465 1434 quidquid
1491 1363 1744 1418 brachio-

164 1475 285 1510 rum
311 1457 539 1524 flagellis
565 1467 754 1512 nactus
781 1456 961 1522 fuerit,
987 1456 1295 1510 arctissime
1315 1455 1568 1509 retinere.
1593 1453 1749 1508 Plau-

164 1563 252 1607 tus
273 1549 580 1617 Aulularia,
606 1559 712 1605 act.
750 1548 994 1618 ll,scena
1021 1565 1080 1616 ιι,
1117 1549 1181 1602 21
1207 1566 1221 1601 :

162 1685 282 1758 Ego
320 1687 451 1740 istos
479 1685 596 1740 ηουὶ
610 1685 850 1756 polypos,
868 1687 958 1756 qui
978 1685 1065 1738 ubi
1077 1684 1205 1755 quid
1225 1685 1514 1754 tetigerint,
1550 1686 1743 1735 tenent.

162 1801 563 1868 Nonnunquam
584 1807 776 1868 etcum
799 1799 1015 1852 homine
1033 1797 1353 1852 inconstanti
1369 1795 1664 1858 confertur,
1691 1803 1750 1848 ut

164 1893 315 1960 apud
345 1891 899 1945 Nazianzenumorat.
932 1889 1021 1952 ‘27,
1043 1889 1315 1957 pag.470:
1343 1887 1565 1940 ’Ἀλλοτε
1592 1886 1751 1949 ἄλλος

162 1985 478 2054 γινόμενος,
505 1984 598 2036 καὶ
623 1980 824 2044 πολλὰς
844 1978 1653 2053 μεταλαμϐάνωνχρόαςῶσπερ
1682 1977 1752 2031 τὰ

164 2075 276 2129 τῶν
300 2073 517 2146 πετρῶν
540 2075 589 2126 οἱ
618 2072 934 2137 πολύποδες,
967 2067 1053 2134 αἶς
1083 2070 1148 2125 ἂν
1177 2071 1530 2142 ὁμιλήσωσιν·
1557 2089 1576 2122 ι
1604 2071 1751 2124 Alias

169 2170 308 2222 alios
331 2182 512 2221 mores
539 2167 786 2229 induens,
821 2180 886 2220 ac
917 2180 1085 2219 novos
1115 2164 1341 2218 subinde
1362 2163 1572 2219 colores
1601 2179 1752 2218 assu-

171 2277 352 2326 mens,
377 2275 481 2314 non
509 2275 666 2314 secus
697 2275 758 2313 ac
787 2257 966 2329 polypi
998 2267 1273 2327 petrarmn
1307 2257 1373 2310 ad
1400 2273 1536 2328 quas
1569 2273 1752 2312 acces-

169 2356 366 2421 serint,
392 2356 603 2410 colores
640 2352 903 2408 referunt.
933 2371 950 2404 ι
983 2351 1302 2407 Aristoteles
1327 2353 1420 2407 lib.
1459 2369 1512 2406 lx
1546 2350 1750 2406 Histor.

171 2447 489 2501 animalium
514 2487 529 2511 ,
570 2461 690 2514 cap.
740 2445 841 2509 57,
895 2445 947 2499 in
987 2445 1233 2499 timorem
1274 2445 1485 2500 confert
1536 2460 1751 2500 causam

174 2557 281 2596 non
304 2540 478 2595 solum
505 2541 696 2594 mutati
718 2540 936 2604 coloris,
959 2540 1053 2594 sed
1074 2540 1237 2592 etiam
1264 2538 1418 2594 effusi
1440 2540 1751 2594 atramenti.

246 2653 362 2710 Col.
393 2653 497 2709 155
542 2652 583 2706 Β
631 2655 684 2708 6.
720 2653 990 2708 Termino:
1017 2665 1261 2709 αξιοι-ποθ.
1297 2654 1477 2710 Locus
1514 2664 1598 2709 est
1624 2655 1756 2710 Pro-

169 2744 324 2801 ?erb.
357 2761 467 2798 xxn
489 2784 505 2810 ,
551 2744 658 2800 28:
691 2743 787 2813 Μὴ
813 2743 1055 2814 μέταιρε
1079 2745 1211 2815 ὅρια
1238 2744 1446 2799 αἰώνια
1482 2746 1522 2799 ἃ
1551 2747 1756 2801 ἔθεντο

174 2838 226 2892 31
254 2835 512 2904 πατέρες
538 2850 674 2889 σοιν
710 2835 795 2890 Ne
831 2837 1064 2903 transfer
1092 2836 1342 2890 terminos
1380 2845 1602 2890 (sterno:
1627 2853 1769 2906 quos

182 2937 463 2984 posuerunt
486 2937 664 2997 patres
702 2927 800 2980 tui.
838 2926 1130 2997 Propterea
1155 2929 1557 2982 immutavimus
1594 2926 1756 2981 verba

173 3019 512 3091 interpretis,
543 3039 561 3071 ι
588 3019 848 3074 terminos
868 3033 1006 3088 quos
1035 3028 1329 3088 posuerunt
1357 3029 1535 3090 patres
1560 3021 1752 3085 nostri,

174 3126 383 3181 eosque
413 3111 757 3166 continenter
803 3111 1100 3165 servandos
1146 3109 1541 3166 transierimus.
1572 3129 1592 3162 ›
1640 3109 1755 3164 Non

175 3206 352 3259 utitur
376 3202 674 3273 Scriptum
703 3201 993 3270 locutipne,
1023 3211 1082 3256 ut
1107 3216 1279 3271 neque
1311 3202 1624 3255 Eustathius
1654 3203 1758 3256 hoc

173 3296 370 3351 eodem
417 3293 538 3349 loco
567 3312 581 3349 :
615 3313 634 3345 ‹
675 3293 832 3360 Nam,
867 3303 923 3347 et
965 3297 1229 3362 majorum
1268 3302 1574 3348 nostrorum
1623 3293 1760 3350 fines

177 3387 443 3440 audacter
471 3384 806 3448 excedimus,
838 3392 892 3439 et
936 3385 1104 3438 saltus
1139 3385 1568 3452 transgredimur
1599 3385 1760 3438 vitio-

178 3492 322 3532 rum.
351 3495 372 3529 ι
408 3476 565 3530 Aliud
599 3485 682 3531 est
731 3477 1016 3540 excedere,
1045 3476 1130 3530 vel
1160 3477 1390 3531 transire
1423 3475 1579 3540 fines,
1615 3476 1760 3531 aliud

179 3568 446 3623 terminos
478 3577 533 3622 et
562 3569 762 3622 limites
794 3583 924 3638 agro
958 3569 1159 3638 positos
1191 3567 1511 3632 transferre,
1543 3576 1597 3622 et
1627 3567 1760 3622 ulte-

181 3664 296 3717 rius
339 3659 630 3716 collocare.
679 3659 769 3713 Sic
812 3660 1102 3714 Denteron.
1137 3674 1252 3723 xix,
1281 3658 1348 3712 l4
1373 3675 1387 3713 :
1415 3660 1496 3712 Οὐ
1519 3674 1760 3727 μετακι-

177 3753 396 3819 νήσεις
430 3749 560 3819 ὅρια
593 3749 713 3804 τῶν
749 3750 1018 3818 πλησίον
1043 3766 1182 3813 σου,
1205 3749 1243 3804 ἂ
1263 3749 1540 3819 ἔστησαν
1576 3753 1630 3803 οἱ
1659 3765 1763 3805 arar

178 3845 349 3912 τέρες
369 3856 508 3896 σου’
537 3839 659 3894 Non
687 3842 1030 3894 commovebis
1060 3842 1306 3894 terminos
1325 3881 1340 3904 ,
1371 3840 1614 3908 Vulgata,
1638 3837 1763 3893 Non

176 3934 492 4004 transferes.
515 3931 666 3998 Quod
697 3946 824 3985 vero
849 3932 1111 4000 sequitur,
1145 3931 1612 4004 παρατεμνόμεθα
1635 3933 1761 4002 γῆν,

178 4026 380 4079 vitiose
401 4024 689 4092 legebatur
713 4024 768 4076 in
791 4022 1029 4076 editione
1046 4021 1330 4078 Basiliensi
1354 4024 1639 4094 posteriori
1658 4039 1764 4075 πα-

183 4115 537 4188 ραπείνομεν,
559 4114 700 4183 quod
718 4113 1013 4168 emendans
1034 4113 1353 4178 Carnarius,
1381 4122 1436 4168 et
1469 4113 1762 4168 restituen-

181 4211 310 4262 dum
347 4216 540 4277 putans
563 4206 988 4279 παρατείνομεν,
1021 4206 1206 4270 vertit,
1248 4223 1266 4256 ‹
1295 4206 1616 4273 ampliamus
1658 4219 1766 4260 tero

182 4316 334 4367 ram;
367 4318 386 4351 ι
423 4308 480 4353 at
509 4300 562 4353 in
607 4300 773 4368 priori
800 4297 1085 4353 Basiliensi
1119 4299 1380 4367 scriptum
1425 4299 1629 4368 reperit
1663 4299 1766 4353 Vo-

1848 470 2007 516 σεως,
2043 461 2097 506 et
2123 453 2264 518 apud
2308 449 2672 511 Eustathium,
2711 465 2729 498 ι
2764 447 2895 500 Nam
2924 463 3044 500 cum
3085 445 3285 500 fetandi
3312 460 3430 500 C(B-‘

1848 544 1990 610 perit
2016 551 2225 609 tempus
2257 541 2460 609 vigere,
2498 537 2586 591 alii
2625 552 2690 591 ex
2723 537 2830 591 alio
2865 537 3016 601 sinu;
3053 555 3072 587 ι
3109 537 3264 605 plane
3292 539 3424 590 reti-

1850 633 2078 685 nendam
2108 632 2419 684 censuimus
2450 630 2589 683 hanc
2613 629 2924 693 lectionem,
2946 628 3034 682 cui
3060 627 3428 698 suffragantur

1848 730 1904 774 et
1945 720 2031 773 illa
2062 718 2332 774 Ambrosii
2372 733 2493 786 cap.
2522 718 2622 771 1οε
2671 735 2688 767 ι
2723 716 2860 770 Sunt
2900 725 3078 770 tamen
3123 718 3298 786 aliqua
3329 733 3426 787 ge-

1848 826 1976 866 nera
2010 812 2264 881 piscium,
2286 811 2379 881 qui
2404 826 2508 865 non
2538 808 2735 878 ingenii
2760 808 3019 862 facilitate
3047 808 3162 862 loca
3193 817 3422 872 mutent,

1849 903 1944 958 sed
1970 903 2186 957 fovendi
2215 912 2402 971 partus
2437 903 2775 964 necessitate,
2801 915 2920 968 qua-
2938 909 3241 968 opportuno
3266 910 3428 970 atque

1851 997 2089 1067 legitimo
2153 1005 2512 1065 procurantes
2563 1003 2842 1063 telnpore.
2894 1013 2912 1046 ι
2971 994 3312 1065 Squragatur
3374 1006 3430 1051 et

1850 1087 2120 1158 Oppianus
2153 1089 2245 1142 lib.
2282 1103 2297 1140 ι
2327 1088 2593 1150 Ἀλιευτ.,
2618 1101 2756 1141 vers.
2787 1086 2888 1140 598
2914 1106 2926 1139 :

1919 1179 2146 1234 Πολλοὶ
2187 1179 2238 1232 δ’
2265 1181 2580 1249 ἀγρόμενοι
2619 1177 2818 1246 ξυνῆν
2845 1178 2988 1232 ὁδὸν
3027 1179 3430 1246 ὀρμαίνονται,

1921 1272 2214 1337 Εὔξεινον
2222 1273 2374 1341 μετὰ
2394 1272 2646 1333 Πόντον,
2662 1271 2739 1323 ἵν’
2753 1273 2958 1325 αὐτόθι
2973 1269 3153 1323 τέκνα
3175 1271 3429 1323 τέκοιενο

1924 1365 2080 1418 Multi
2112 1381 2226 1419 vero
2253 1364 2555 1432 congregati
2587 1379 2912 1416 communem
2934 1363 3070 1416 riam
3089 1363 3431 1424 meditantur,

1932 1458 2203 1511 Euxinum
2225 1457 2292 1510 ad
2330 1456 2577 1518 Pontum,
2606 1464 2661 1507 ut
2694 1457 2766 1509 ibi
2790 1457 2980 1508 liberos
3004 1457 3241 1520 pariant.

1853 1551 1920 1606 Et
1961 1549 2289 1605 Aristoteles
2325 1547 2419 1602 lib.
2456 1563 2545 1601 vni
2591 1546 2734 1600 Hist.
2766 1547 3008 1612 animat.,
3033 1562 3152 1614 cap.
3186 1547 3302 1600 «l5:
3337 1545 3436 1600 Διὰ

1853 1642 1912 1695 δὲ
1949 1643 2048 1714 τὴν
2090 1640 2295 1713 τροφὴν
2348 1639 2690 1693 εἰσπλέουσιν
2720 1641 2798 1702 εἰς
2825 1639 3026 1692 Πόντον
3047 1681 3061 1704 ,
3095 1640 3188 1692 καὶ
3224 1639 3312 1692 διὰ
3345 1639 3438 1692 τὸν

1779 1728 1825 1786 Β
1852 1736 2026 1791 τόκον.
2050 1736 2216 1788 Τόποι
2240 1734 2348 1806 γάρ
2385 1735 2522 1786 εἰσιν
2548 1731 2845 1804 ἐπιτήδειοι
2884 1733 2963 1794 εἰς
2993 1731 3054 1783 τὸ
3087 1731 3313 1795 τίκτεσν,
3339 1731 3437 1786 καὶ
3494 1734 3504 1744 ’

1851 1828 1912 1881 τὸ
1963 1827 2191 1898 πότιμον
2238 1826 2333 1880 καὶ
2380 1825 2440 1878 τὸ
2493 1823 2828 1894 γλυκύτερον
2882 1822 3027 1895 ὕδωρ
3074 1824 3328 1895 ἐκτρέφει
3369 1825 3439 1877 τὰ

1853 1921 2132 1991 κυήματα·
2172 1937 2190 1970 ι
2218 1919 2352 1972 Tum
2406 1918 2587 1986 itaque
2634 1917 2842 1980 victus,
2876 1925 2988 1969 tum
3044 1918 3204 1972 etiam
3254 1928 3438 1987 partus

1853 2012 2024 2082 gratia
2053 2010 2285 2065 Pontum
2318 2010 2573 2064 subeunt.
2613 2009 2752 2063 Sunt
2777 2009 2919 2063 enim
2958 2009 3026 2062 ibi
3064 2008 3182 2062 loca
3218 2011 3284 2064 ad
3315 2025 3438 2078 par-

1856 2104 2054 2157 tionem
2087 2101 2319 2169 aptiora,
2339 2110 2394 2155 et
2422 2115 2558 2170 aqua
2585 2099 2794 2156 dulcior
2818 2115 2880 2154 ac
2910 2101 3240 2170 potulentior
3269 2101 3434 2155 fetum

1853 2196 2047 2250 melius
2068 2195 2280 2249 educat.
2317 2215 2336 2246 ο

1927 2289 2060 2344 lbid.
2080 2287 2120 2340 D
2142 2286 2190 2341 1.
2219 2285 2309 2341 Πιί
2329 2296 2629 2342 torrentem.
2655 2287 2768 2342 Hoc
2785 2288 3093 2353 maluimus,
3117 2303 3278 2357 quam
3297 2289 3437 2356 qnol

1856 2381 2142 2448 interpres,
2190 2398 2208 2430 ι
2242 2380 2316 2433 uti
2347 2379 2542 2433 flumen
2576 2389 2629 2434 et
2655 2395 2753 2449 per
2785 2380 3166 2451 Propontidem
3194 2390 3249 2434 et
3277 2381 3442 2434 Euxi-

1857 2487 1984 2525 num
2019 2471 2273 2525 Pontum.
2297 2489 2314 2520 ι
2353 2468 2637 2540 Significat
2670 2470 2850 2541 ῥεῦμα
2878 2471 3048 2524 undas
3077 2485 3200 2525 cum
3237 2471 3438 2536 impetu

1856 2561 2084 2617 ﬂuentes
2111 2581 2124 2616 :
2155 2576 2317 2631 quam
2353 2561 2420 2616 oh
2451 2576 2670 2614 causam
2717 2561 3042 2617 Ambrosius
3071 2577 3256 2616 vocem
3291 2560 3443 2616 Gne-

1860 2665 1978 2705 cam
2021 2650 2283 2704 retinuit:
2317 2667 2336 2701 ι
2371 2649 2553 2716 Dicas,
2583 2649 2626 2702 si
2667 2652 2957 2706 ascendere
2989 2651 3192 2717 videas,
3221 2653 3442 2707 rhetnna

1859 2742 2125 2810 quoddam
2177 2756 2319 2808 esse,
2348 2741 2418 2794 ita
2463 2752 2749 2810 proruunt,
2781 2740 3083 2812 fluctusque
3113 2745 3454 2799 intersecant-

1861 2850 1956 2904 per
1996 2833 2383 2905 Propontidem
2424 2835 2476 2887 in
2506 2835 2774 2888 Euxinum
2809 2833 3038 2889 Pontum
3069 2836 3304 2890 violento
3338 2837 3441 2890 im-

1863 2933 1986 2993 petu
2032 2924 2376 2992 profluentes.
2413 2945 2431 2977 ι
2473 2926 2677 2979 Idcirco
2705 2926 2874 2980 etiam
2920 2928 3260 2982 correximus
3293 2945 3312 2978 ι
3346 2943 3444 2996 per

1861 3015 2236 3083 Propontidem
2266 3016 2313 3068 in
2339 3015 2607 3070 Euxinum
2631 3015 2884 3078 Pontum,
2908 3035 2926 3067 ι
2954 3032 3114 3086 quem
3140 3017 3298 3087 paulo
3317 3031 3439 3088 post

1861 3108 2104 3162 absolute
2131 3107 2357 3162 Pontum
2391 3107 2641 3177 appellat,
2671 3118 2724 3161 et
2753 3107 3100 3175 Aquilonium
3137 3126 3325 3178 mare,
3352 3110 3444 3181 βό-

1864 3217 2007 3271 ρειον
2055 3200 2314 3269 πέλαγος,
2341 3199 2466 3268 quia
2514 3199 2824 3268 Propontidi
2878 3209 2960 3253 est
2994 3202 3059 3252 ad
3099 3201 3441 3271 Aquilonem,

1860 3306 1953 3345 seu
1973 3305 2123 3345 mare
2137 3291 2377 3344 boreale.
2391 3289 2665 3358 Oppianus
2692 3289 2786 3343 lib.
2813 3291 3085 3344 ιἈλιευτ.
3102 3331 3118 3356 ,
3137 3307 3278 3346 vers.
3303 3292 3442 3347 626:

1936 3381 2039 3445 Ὣς
2062 3380 2194 3432 τότε
2214 3381 2578 3449 μυριόφυλοι
2602 3379 2751 3444 ἁλὸς
2782 3379 3068 3446 τέμνουσι
3100 3380 3356 3436 κέλευθα

1926 3473 2220 3538 Εὔξεινον
2236 3472 2388 3542 μετὰ
2418 3470 2599 3540 κῦμα,
2631 3470 2986 3538 περιπλήθει
3029 3471 3099 3524 δὲ
3139 3473 3444 3529 θάλασσα.

1932 3567 2018 3621 Ita
2051 3577 2160 3620 tum
2181 3566 2376 3631 inﬁniti
2415 3568 2578 3618 maris
2616 3575 2791 3619 secant
2817 3566 2926 3619 vias

1935 3662 2206 3715 Euxinum
2234 3663 2302 3712 ad
2325 3659 2570 3728 fluctum,
2595 3657 2805 3727 plenum
2830 3666 2908 3711 est
2934 3666 3108 3712 autem
3136 3673 3300 3713 mare.

1862 3751 2024 3805 Addit
2052 3749 2406 3803 doctissimus
2429 3748 2786 3801 Moutacutius
2811 3748 3247 3801 emendationem
3275 3748 3445 3802 fsaaci

1864 3841 2168 3896 Casauboni
2197 3879 2212 3903 ,
2263 3854 2426 3908 quam
2481 3848 2699 3892 tuentur
2745 3840 2850 3892 duo
2899 3835 3051 3908 Regii
3080 3839 3292 3894 codices
3319 3854 3444 3908 pag.

1863 3931 1966 3997 67,
2011 3946 2127 3998 cap.
2177 3930 2243 3992 4,
2289 3927 2426 3981 ἀλλὰ
2464 3928 2559 3980 καὶ
2605 3925 2790 3998 ψυχρὰ
2845 3926 3114 3997 χειμῶνος
3155 3925 3295 3999 ὥρᾳ,
3339 3944 3446 3980 non

1862 4024 2067 4095 ψυχρᾷ,
2101 4031 2158 4075 ut
2185 4021 2355 4076 voluit
2393 4021 2552 4074 etiam
2583 4028 2886 4075 correctum
2925 4023 3210 4088 interpres,
3259 4038 3279 4072 ι
3328 4020 3448 4074 hie-

1864 4121 1968 4172 mis
1997 4125 2238 4185 tempore
2269 4113 2600 4182 pcrgelidum
2628 4122 2705 4167 est
2734 4131 2748 4164 :
2780 4131 2798 4164 ι
2835 4121 2890 4166 et
2916 4112 3252 4177 Eustathius,
3293 4129 3312 4163 ι
3349 4113 3444 4166 sed

1865 4219 1921 4264 et
1956 4209 2205 4276 frigidum
2236 4206 2396 4259 nimis
2429 4214 2512 4258 est
2553 4204 2770 4258 hiemali
2812 4215 3074 4274 tempore.
3103 4223 3122 4256 ι

1936 4298 2052 4352 Col.
2089 4296 2191 4350 158
2217 4294 2279 4349 D.
2305 4296 2356 4348 7.
2396 4293 2536 4359 Quid
2559 4295 2668 4362 ipse
2715 4295 2878 4348 dices.
2911 4293 3036 4350 Haec
3059 4295 3128 4349 ab
3155 4295 3449 4365 interprete

182 4393 512 4457 laterranus,
548 4388 1009 4462 παρατεμνόμεθα
1043 4389 1168 4461 γῆν,
1193 4390 1336 4459 quod
1365 4392 1438 4444 ita
1472 4391 1756 4459 expressit,

1871 4392 2008 4445 male
2036 4397 2250 4459 accepta
2285 4398 2461 4451 erant,
2492 4388 2580 4456 qui
2613 4403 2896 4456 perperam
2935 4387 3367 4457 interpungendo
3405 4406 3432 4438 n

188 4509 208 4540 ι
239 4497 438 4544 terram
469 4501 739 4564 wcamus,
773 4504 794 4538 ι
830 4500 934 4538 non
967 4494 1024 4537 ut
1051 4487 1188 4554 apud
1217 4485 1614 4555 Argyropylum
1645 4496 1766 4553 post

184 4579 460 4635 Tilmanni
495 4578 916 4648 recognitionem
939 4587 1075 4640 erat,
1118 4594 1136 4628 ι
1180 4584 1380 4630 terram
1427 4576 1765 4632 limitarise-

184 4673 369 4726 ctione
393 4670 718 4725 diducimus.
750 4687 768 4720 ι
803 4668 1121 4722 Ambrosius
1147 4684 1175 4720 a
1213 4666 1367 4721 nobis
1412 4676 1540 4731 stat,
1576 4668 1669 4723 lib.
1709 4684 1780 4734 v,~

181 4778 308 4835 cap.
343 4762 412 4817 10
437 4780 453 4817 :
483 4780 502 4813 ι
527 4761 738 4818 Rursus
764 4777 864 4832 pro
891 4759 1221 4828 singulorum
1250 4759 1471 4814 libidine
1511 4759 1768 4814 inciditur

186 4870 333 4911 terra
358 4875 372 4911 :
401 4875 420 4907 ι
455 4856 686 4925 denique
711 4857 956 4911 eamdem
996 4853 1278 4908 lectionem
1317 4852 1422 4907 duo
1449 4852 1603 4921 Regii
1633 4869 1763 4909 mss.

184 4951 535 5006 confirmant.
1193 4995 1196 4997 Α

258 5044 392 5099 lbid.
426 5043 468 5098 C
517 5041 604 5097 10.
670 5041 814 5096 Nam
864 5057 980 5095 cum
1025 5039 1339 5094 destinatus.
1399 5039 1554 5109 Apud
1596 5039 1768 5110 Argy-

184 5134 434 5206 ropylum
453 5134 710 5204 scriptum
730 5132 852 5198 fuit,
880 5150 900 5184 ι
933 5133 1001 5185 ab
1018 5141 1208 5185 natura
1231 5130 1491 5186 articulus
1522 5146 1770 5186 accesse-

186 5231 260 5286 rit
301 5229 593 5300 κινήσεως,
640 5227 729 5281 alii
768 5227 836 5280 ab
893 5227 1034 5290 aliis,
1071 5245 1088 5278 ο
1121 5235 1249 5286 etc.,
1321 5240 1480 5294 quam
1516 5225 1586 5278 ob
1639 5239 1771 5279 cau-

185 5339 306 5380 sam
345 5322 729 5377 substitueram
778 5319 833 5373 in
882 5321 1072 5374 ultima
1103 5318 1357 5374 editione
1388 5317 1577 5372 Latina
1617 5317 1770 5371 Pari-

187 5414 357 5469 siensi
412 5426 480 5467 ex
523 5411 658 5466 lano
687 5410 990 5466 Cornario:
1023 5427 1042 5460 ι
1075 5409 1208 5464 Cum
1254 5408 1398 5464 enim
1436 5408 1767 5462 deStinatum

188 5517 406 5576 tempus
458 5515 634 5558 motus
694 5503 981 5566 institerit;
1021 5519 1039 5552 ι
1090 5514 1254 5570 quam
1310 5498 1595 5554 lcetionem
1645 5514 1768 5553 sua-

188 5599 324 5653 dere
363 5597 576 5652 videtur
611 5603 674 5650 ut
708 5593 1077 5656 admittamus,
1123 5592 1264 5663 quod
1310 5589 1586 5660 sequitur,
1627 5589 1712 5653 τίς
1739 5591 1768 5643 ὁ

188 5692 396 5762 κινῶν;
426 5711 444 5743 ι
483 5691 604 5762 quis
629 5698 736 5751 est,
767 5687 857 5760 qui
882 5687 1096 5743 movet?
1127 5705 1145 5739 ι
1175 5686 1465 5754 Postquam
1495 5693 1676 5741 autem
1715 5685 1766 5739 in

1869 4481 2297 4554 prmcedentibus
2317 4494 2378 4533 ea
2401 4479 2745 4548 sejungebut,
2769 4489 2825 4533 et
2846 4495 2968 4533 cum
2995 4480 3450 4547 subsequentibus

1869 4574 2257 4643 conjungebat;
2285 4573 2386 4626 hoc
2419 4574 2616 4626 modo:
2649 4590 2668 4622 ι
2705 4571 2864 4625 Aliud
2896 4566 3281 4639 consequatur.
3308 4571 3448 4638 Quid

1869 4668 1985 4737 ipse
2023 4665 2246 4729 dixeris,
2281 4679 2483 4734 quaeso,
2528 4664 2620 4733 qui
2663 4664 2830 4717 vitam
2872 4663 2926 4715 in
2971 4663 3273 4731 otiodegis,
3305 4665 3449 4731 quod
3526 4692 3532 4698 ο

1868 4757 2085 4829 quidem
2131 4754 2382 4809 maleficii
2437 4754 2760 4822 principium
2808 4767 2933 4806 esse
2973 4768 3133 4808 nemo
3175 4755 3266 4821 qui
3301 4754 3450 4824 igno-

1869 4850 2102 4904 rantiam
2150 4857 2446 4916 praetexere
2498 4845 2715 4915 possit?
2750 4863 2768 4895 ι
2815 4845 3022 4899 Similis
3071 4847 3338 4900 sententia
3369 4855 3452 4899 est

1871 4939 2235 4996 Ecclesiastici
2268 4954 2462 5000 xxxtn,
2489 4938 2559 4992 29
2587 4953 2598 4988 :
2630 4934 2883 5004 Πολλὴν
2920 4937 3031 5005 γὰρ
3069 4937 3290 4993 κακίαν
3330 4937 3452 4990 est.

1869 5035 2054 5101 δαξεν
2080 5035 2118 5102 ἡ
2149 5031 2344 5103 ἀργίαο
2365 5030 2591 5084 Multam
2615 5031 2750 5084 enim
2782 5030 3038 5083 malitiam
3061 5031 3238 5083 docuit
3268 5031 3451 5083 otiosi-

1871 5139 1972 5182 tas.
2006 5125 2411 5180 Immutavimus
2435 5131 2490 5177 et
2515 5121 2664 5186 illud,
2693 5122 2834 5191 quod
2858 5121 3189 5190 sequebatur
3213 5139 3226 5174 :
3251 5138 3270 5172 ι
3294 5118 3449 5174 Haud

1871 5221 2124 5290 exiguum
2165 5217 2310 5274 subit
2351 5218 2452 5271 sub
2493 5216 2610 5284 ipso
2651 5223 2905 5283 tauquam
2939 5213 3175 5266 anchora
3212 5213 3450 5280 seipsum

1872 5312 2172 5366 stabiliens.
2208 5329 2225 5361 )
2251 5308 2599 5363 Eustathius:
2635 5322 2656 5358 ι
2687 5305 2807 5372 Quo
2835 5303 2979 5359 velut
3012 5303 3263 5358 anchora;
3293 5303 3454 5357 dente

1871 5404 2157 5466 subnixus,
2190 5401 2591 5472 quassationem
2631 5398 2967 5466 tempestatis
2998 5397 3182 5453 evitet.
3213 5413 3231 5446 ι

1944 5496 2060 5551 Col.
2088 5495 2191 5550 l59
2230 5496 2271 5548 Β
2303 5495 2386 5548 14.
2448 5492 2586 5558 Quid
2626 5491 2724 5546 sibi
2765 5490 2871 5546 vult
2915 5490 3018 5544 hic.
3054 5485 3449 5559 Argyropylus,

1879 5610 1898 5643 ι
1939 5589 2076 5657 Quid
2113 5589 2228 5644 [nec
2256 5604 2373 5643 mea
2409 5587 2546 5640 ratio
2582 5586 2739 5639 vult?
2769 5585 2896 5656 quid
2932 5581 3236 5653 portendit?
3264 5599 3281 5631 ι
3336 5577 3450 5635 Me-

1874 5685 1977 5740 lius
2006 5681 2342 5748 Eustathius,
2365 5698 2382 5731 ι
2409 5679 2548 5748 Quid
2580 5679 2740 5749 igitur
2773 5678 2878 5734 iste
2906 5689 3082 5734 sermo
3103 5669 3404 5729 desiderat?
3423 5686 3448 5725 ι
