3824 6214
363 254 468 313 999

1528 251 1740 306 NOTAE
1782 248 2175 305 F-BONTON’lS
2215 246 2446 303 DUCEI

3500 247 3646 303 1000

364 371 578 440 Optime
616 365 933 421 Ambrosius
976 363 1068 418 lib.
1103 378 1155 428 v,
1187 377 1306 432 cap.
1347 364 1402 428 7,
1427 377 1587 431 quem
1629 362 1798 416 secuti
1848 378 1937 414 su-

2046 362 2262 416 animal.
2286 376 2304 412 :
2333 361 2398 412 At
2444 359 2502 414 δὲ
2537 357 2719 412 πίνναι
2749 359 2906 432 ὀρθαὶ
2939 356 3164 427 φύονται
3195 359 3262 412 ἐκ
3292 356 3386 412 τοῦ
3431 357 3646 428 βύσσου

366 475 524 516 mus:
565 477 584 509 ι
613 457 747 524 Quid
784 456 885 509 sibi
923 455 1036 508 vult
1071 470 1252 509 sermo
1284 453 1590 523 huiusmodi
1624 453 1726 506 nisi
1765 455 1942 506 feren-

364 553 462 608 dos
503 564 625 606 esse
669 563 849 602 mores
903 547 1234 616 coniugum?
1269 566 1288 600 ι
1337 544 1606 601 Caeterum
1645 546 1788 614 quod
1843 545 1943 597 hoc

364 635 483 702 loco
515 648 582 701 de
613 644 810 714 viperae
854 657 979 697 cum
1032 658 1269 698 muraena
1308 642 1452 698 coitu
1487 641 1694 712 profert
1730 649 1942 703 auctor,

363 738 716 794 conﬁrmatur
748 734 1018 789 variorum
1049 733 1373 804 scriptorum
1395 735 1728 796 testimonio,
1766 742 1824 785 ut
1855 731 1946 786 Li-

362 829 488 883 ciuii
513 827 677 882 Macri
706 830 846 899 apud
867 825 1100 881 Plinium
1134 826 1225 880 lib.
1258 839 1434 890 χχχιι,
1463 841 1584 894 cap.
1608 826 1665 891 2,
1699 830 1789 896 qui
1822 845 1939 883 mu-

363 936 537 976 rtenas
566 920 731 975 tradit
763 918 1007 975 feminini
1041 925 1245 972 tantum
1297 931 1468 972 sexus
1499 932 1639 979 esse,
1683 929 1844 988 atque
1875 936 1939 974 ex

362 1010 703 1080 serpentibus
736 1009 1056 1078 concipere;
1088 1006 1336 1077 Oppiaui,
1365 1007 1460 1076 qui
1489 1007 1586 1062 lib.
1618 1023 1637 1061 ι
1667 1007 1741 1062 De
1770 1010 1942 1078 pisca-

364 1102 503 1155 tione
537 1102 654 1155 hazc
694 1100 760 1154 de
791 1108 1077 1167 serpente:
1395 1164 1397 1166 _

429 1192 584 1260 Στὰς
621 1191 672 1245 δ’
695 1191 770 1260 ἂρ
794 1191 892 1244 ἐπὶ
917 1189 1210 1259 ῥηγμῖνος
1237 1189 1341 1243 ἑὸν
1368 1191 1558 1258 νόμον
1587 1186 1921 1257 ἐρῤοιζησε.

430 1281 790 1350 Κικλήσκων
807 1279 1115 1348 φιλότηταο
1136 1277 1286 1343 θοῶς
1313 1276 1671 1331 δ’ὲσάκουσε
1693 1277 1940 1347 κελαινὴ

444 1373 642 1444 Ἰυγὴν
661 1374 941 1442 μύραινα,
967 1371 1064 1424 καὶ
1085 1372 1314 1423 ἐσσυτο
1344 1367 1580 1424 θᾶσσον
1605 1367 1832 1422 ὀϊστοῦ.

431 1463 634 1520 Littore
663 1463 957 1517 consistens
984 1460 1302 1514 horrendum
1323 1458 1500 1512 sibilat
1526 1475 1636 1524 ore,

433 1558 851 1626 Concubitusque
878 1555 1026 1623 petit,
1058 1553 1234 1606 subito
1267 1567 1502 1605 murazna
1535 1551 1803 1617 profundo

438 1650 628 1703 Excila
651 1662 772 1702 voce
794 1646 999 1716 furens,
1023 1645 1127 1696 ruit
1159 1643 1305 1695 ocior
1325 1641 1419 1695 illa
1455 1641 1671 1710 sagitta.

363 1740 611 1796 Elianus
653 1738 748 1792 lib.
775 1709 830 1802 ι’,
867 1752 986 1806 cap.
1019 1734 1110 1800 50,
1149 1733 1226 1788 De
1268 1709 1606 1796 animalibus,
1636 1742 1691 1786 et
1735 1732 1828 1786 lib.
1861 1748 1934 1793 ts.
1971 1709 2011 1763 Β

361 1846 481 1899 cap.
516 1830 584 1885 66
611 1847 625 1883 :
655 1828 881 1883 Μέλλων
923 1830 952 1880 ὁ
995 1825 1110 1896 ἔχις
1155 1823 1363 1896 ὁμιλεῖν
1411 1824 1671 1898 pupa-(vn,
1700 1824 1787 1878 ἵνα
1815 1824 1942 1899 δόξῃ

361 1923 536 1991 πρᾶος
563 1922 658 1974 καὶ
699 1919 922 1992 πρέπων
965 1916 1183 1988 νυμφίῳ
1204 1958 1218 1983 ,
1253 1916 1343 1969 τὸν
1386 1917 1463 1968 ὶὸν
1503 1917 1709 1986 ἁπεμεῖ
1737 1916 1830 1970 καὶ
1853 1918 1945 1969 ὲκ·-

362 2014 582 2077 6άλλει,
637 2013 730 2066 καὶ
777 2010 950 2074 οὓτως
986 2008 1322 2079 ὑποσυρίσας
1359 2008 1458 2079 τὴν
1509 2006 1726 2078 νύμφην
1761 2025 1942 2079 παρα-

361 2106 522 2162 -ναλεῖ
545 2121 558 2135 ·
595 2103 758 2156 οἱονεὶ
794 2100 1100 2173 προγάμιόν
1142 2117 1262 2153 τινα
1293 2099 1551 2169 ὑμεναῖον
1593 2099 1940 2170 ,ἀναμέλψαςυ

367 2215 387 2248 ι
420 2197 554 2250 Cum
595 2194 900 2264 proximum
943 2200 1048 2257 est,
1083 2200 1141 2245 ut
1177 2191 1360 2260 vipera
1400 2189 1682 2259 complexu
1713 2205 1945 2246 venereo

360 2303 486 2344 cum
537 2299 773 2342 muraena
812 2285 1110 2355 jungatur,
1144 2296 1411 2337 venenum
1460 2281 1754 2337 vomitione
1797 2281 1946 2349 ejicit

364 2389 526 2449 atque
547 2376 786 2447 expellit,
819 2383 877 2430 ut
898 2373 1130 2429 blandus
1151 2373 1489 2440 decorusque
1509 2385 1745 2440 sponsus
1765 2372 1944 2425 videa-

365 2481 477 2524 tur.
508 2467 702 2524 Postea
723 2467 871 2521 edito
896 2464 1078 2528 sibilo,
1115 2474 1369 2534 tanquam
1397 2463 1681 2533 hymenaeo
1711 2463 1942 2531 quodam

366 2571 492 2615 ante
527 2559 744 2629 nuptias
769 2557 954 2622 misso,
989 2570 1243 2626 Sponsam
1280 2553 1535 2623 appellat.
1563 2571 1588 2605 ο
1625 2552 1946 2624 llippolytus

368 2662 544 2705 tamen
578 2649 880 2712 Salvianus,
900 2647 1223 2718 Aquatilistm
1269 2644 1581 2698 animalium
1621 2643 1849 2697 historia
1883 2659 1945 2704 vt.

365 2741 674 2812 opinionem
708 2747 992 2794 auctorum
1036 2737 1263 2793 istorum
1297 2751 1402 2792 non
1427 2735 1643 2804 probat,
1673 2735 1933 2804 primum,

366 2831 509 2900 quod
560 2844 736 2898 neque
777 2828 999 2882 omuiuo
1047 2841 1175 2880 vera
1229 2824 1485 2881 credatur
1518 2839 1550 2877 a
1575 2821 1850 2878 Nicandro
1889 2823 1944 2876 in

371 2921 659 2988 Theriacis,
683 2935 829 2977 vers.
852 2918 956 2974 826
983 2935 998 2972 :

435 3015 506 3069 Ei
529 3013 581 3067 δ’
599 3014 822 3082 ἔτυμον
848 3010 1057 3078 κείνην
1079 3026 1145 3079 γε
1165 3007 1291 3063 σὺν
1316 3008 1572 3073 ίοϐόλοις
1601 3005 1840 3076 ἐχίεσσι

438 3108 770 3175 Θόρνυσθαι
822 3101 1240 3172 προλιποῦσαν
1286 3101 1435 3168 ἁλὸς
1471 3101 1660 3171 νόμον
1681 3100 1940 3169 ἠπείροι-

1779 3191 1906 3264 [σιν
1921 3209 1941 3256 ;

367 3285 539 3343 Fama
557 3296 662 3354 est,
695 3287 740 3341 si
761 3286 917 3340 modo
940 3301 1084 3349 uera,
1112 3299 1423 3349 mura'nam,
1453 3284 1612 3338 maris
1640 3300 1832 3348 pascuo
1851 3284 1944 3337 de-

366 3380 566 3444 relicto,
587 3381 644 3433 in
669 3379 954 3432 continenti
987 3393 1107 3432 cum
1132 3392 1382 3430 venenum
1401 3375 1942 3445 jaculantibus'vipe-

366 3471 441 3525 ris
481 3471 656 3535 coire;
693 3467 928 3524 secundo
979 3468 1122 3538 quod
1159 3468 1275 3522 haec
1311 3467 1496 3532 opinio
1539 3467 1776 3535 vulgaris
1815 3482 1940 3522 cen-

366 3572 548 3617 scatur
585 3577 616 3616 a
655 3560 828 3616 Plinio
875 3561 1087 3615 dicente
1124 3559 1218 3613 lib.
1252 3573 1330 3623 ix,
1353 3573 1471 3627 cap.
1510 3557 1618 3613 23:
1654 3577 1673 3610 ι
1707 3558 1761 3612 ln
1795 3559 1938 3614 sicca

367 3651 544 3706 littora
571 3650 720 3721 lapsa
738 3649 928 3719 vulgus
951 3649 1096 3704 coitu
1121 3658 1426 3718 serpentem
1461 3647 1671 3717 impleri
1699 3659 1885 3717 putat;
1912 3667 1932 3700 s

370 3743 533 3798 tertio
561 3744 704 3811 quod
730 3755 793 3796 ea
820 3741 1004 3810 Opinio
1037 3739 1171 3794 falsa
1204 3739 1449 3794 videatur
1478 3741 1703 3795 Audrea:
1726 3741 1938 3794 cuidam

368 3834 507 3904 apud
533 3834 850 3888 Athenaaum
880 3832 976 3887 lib.
1009 3846 1106 3895 VII,
1130 3846 1252 3900 pag.
1283 3831 1425 3886 3H:
1463 3832 1552 3885 'Ev
1577 3831 1654 3901 τῷ
1681 3830 1938 3902 περὶτῶν

365 3923 576 3996 ψευδῶς
603 3922 1051 3993 πεπιστευμένων
1084 3921 1276 3992 ψεῦδός
1301 3939 1465 3994 φησιν
1493 3917 1632 3976 εἶναι
1656 3922 1717 3975 τὸ
1745 3921 1939 3992 μύραι-

367 4033 466 4072 ναν
491 4015 604 4086 ἔχει
627 4015 916 4087 μίγνυσθαι
945 4014 1355 4087 προερχομένην
1378 4014 1470 4068 ἐπὶ
1493 4015 1554 4068 τὸ
1582 4015 1885 4083 τεναγῶδες
1917 4032 1932 4047 ο

367 4107 487 4161 οὐδὲ
510 4107 618 4177 γὰρ
650 4105 742 4159 ἐπὶ
766 4105 1026 4174 τενάγους
1064 4104 1206 4175 ἔχεις
1246 4104 1502 4175 νέμεσθαι
1523 4145 1538 4164 .
1584 4105 1936 4176 φιληδοῦντας

368 4195 658 4268 λιμὼδεσιν
677 4195 933 4269 ἐρημίαις
953 4213 967 4226 ·
1010 4215 1028 4247 ι
1059 4196 1114 4250 In
1141 4196 1280 4251 libro
1306 4197 1372 4250 de
1401 4197 1466 4250 iis
1494 4212 1614 4265 quae
1644 4197 1781 4250 falso
1811 4212 1934 4252 cre-

370 4293 570 4345 duntur
610 4303 706 4344 eos
739 4287 954 4342 mentiri
1003 4287 1212 4352 scribit,
1240 4285 1332 4355 qui
1370 4287 1522 4340 aiunt
1553 4301 1848 4342 murteuam
1880 4287 1932 4340 in

2044 455 2102 505 ὲν
2133 455 2245 515 τοῖς
2290 451 2578 523 ἀμμώδεσι
2623 453 2716 505 καὶ⁵
2748 450 3132 524 βορϐορώδεσιο
3179 469 3199 503 ι
3229 451 3414 506 Pinna:
3441 462 3644 506 οτεεω

2046 544 2177 597 locis
2206 545 2454 598 areuosis
2481 545 2825 613 rmuosisque
2855 559 2920 597 ex
2958 545 3141 614 bysso,
3167 544 3217 598 id
3243 553 3327 600 est
3356 543 3488 600 villo
3517 545 3642 597 sive

2047 634 2166 688 lana
2205 635 2291 688 illa
2323 637 2546 703 pinnali,
2581 637 2923 706 proveniunt.
2966 655 2984 686 ι
3023 636 3140 705 Ipse
3177 635 3413 690 Basilius
3445 646 3641 690 noster

2045 725 2268 779 humilia
2300 725 2368 780 In
2391 721 2599 781 ’divites
2625 742 2817 779 avaros
2845 726 2913 778 de
2942 725 3044 779 hac
3074 726 3364 794 pinnarum
3397 725 3529 780 lana
3555 726 3640 778 lo-

2043 826 2200 872 cutus
2223 827 2327 884 est,
2362 820 2575 873 tametsi
2608 819 2758 872 locus
2786 835 2891 872 no
2931 819 3064 874 satis
3097 817 3330 870 lideliter
3358 818 3430 872 ab
3460 818 3640 871 inter-

2042 921 2194 980 prete
2239 925 2527 979 expressus
2560 911 2808 964 videtur:
2839 911 2921 964 Τὰ
2971 911 3028 963 δὲ
3059 912 3122 962 ἐκ
3177 909 3450 980 Θαλάττης
3493 909 3636 980 ἄνθη

2044 1005 2077 1073 ἡ
2112 1001 2325 1072 κόχλος,
2370 1003 2404 1073 ἡ
2434 1001 2625 1067 πίννα,
2658 1002 2799 1072 ὑπὲρ
2824 1002 2885 1054 τὸ
2921 1004 2984 1054 ἐκ
3005 1001 3114 1053 τῶν
3149 999 3438 1071 προϐάτων
3462 999 3634 1071 ἔριον·

2048 1113 2067 1147 ι
2100 1095 2289 1150 Florus
2338 1110 2468 1150 vero
2492 1111 2559 1148 ex
2603 1095 2779 1159 mari,
2815 1094 3158 1163 conchylium
3184 1134 3198 1156 ,
3229 1094 3411 1162 pinna,
3447 1093 3636 1146 lanam

2043 1201 2108 1240 ex
2139 1187 2328 1241 ovibus
2358 1191 2646 1241 excedunt.
2679 1206 2698 1237 s
2739 1185 2851 1239 lloc
2888 1195 3002 1248 est,
3044 1194 3191 1239 tanta
3232 1184 3387 1254 copia
3428 1184 3637 1254 pretio-

2044 1294 2226 1333 sorum
2260 1279 2487 1333 istorum
2515 1278 2764 1334 colorum
2800 1277 3131 1345 exquiritur,
3161 1285 3226 1330 .ut
3255 1276 3632 1329 communium

2047 1384 2113 1421 ex
2138 1369 2333 1422 ovibus
2367 1369 2614 1424 lanarum
2635 1370 3028 1422 multitudinem
3059 1375 3298 1435 superet.
3325 1365 3496 1433 Quam
3527 1366 3641 1420 Ba-

2043 1458 2200 1512 silius
2229 1457 2405 1510 lanam
2450 1473 2694 1521 auream,
2733 1458 3074 1522 Aristoteles,
3102 1457 3316 1511 [ratione
3341 1455 3465 1509 ﬂavi
3491 1456 3642 1509 colo-

2045 1550 2141 1611 ris,
2171 1551 2384 1620 byssum
2419 1550 2674 1620 appellat,
2698 1559 2756 1604 ut
2780 1559 2930 1604 notat
2962 1550 3044 1604 \"ir
3083 1550 3274 1604 doctus
3302 1549 3357 1603 in
3382 1548 3634 1603 Athenaei

2045 1637 2239 1692 librum
2270 1654 2321 1692 v.

2126 1730 2258 1785 lbid.
2305 1731 2346 1786 C
2395 1732 2449 1786 2.
2511 1730 2676 1789 £11....
2759 1729 3089 1785 immobilem.
3160 1728 3293 1784 Cum
3372 1743 3403 1783 a
3473 1730 3637 1784 nobis

2045 1833 2325 1879 correctus
2349 1824 2418 1878 sit
2436 1833 2614 1877 textus
2633 1821 2875 1888 Graecus,
2896 1821 3208 1890 interpretis
3225 1834 3438 1890 quoque
3463 1823 3632 1875 verba

2047 1931 2268 1971 necesse
2308 1915 2412 1969 fuit
2447 1915 2747 1969 immutari.
2784 1913 2876 1968 Sic
2917 1915 3082 1983 igitur
3126 1913 3315 1968 habuit
3359 1915 3636 1981 posterior

2045 2006 2211 2060 editio
2235 2006 2578 2060 Basiliensis:
2603 2005 2901 2058 Φυλάσσειν
2927 2003 3114 2076 ὥσπερ
3143 2003 3555 2076 καταρῤιζωθὲν
3572 2004 3633 2056 ὲν

2046 2097 2192 2170 αὐτῷ
2221 2097 2297 2168 τῷ
2319 2096 2567 2166 πελάγει.
2600 2096 2956 2150 Henriciauus
2978 2095 3184 2165 Regius
3212 2095 3348 2149 tiher
3377 2113 3390 2148 :
3416 2093 3632 2147 Φυλάσ-

2049 2208 2162 2244 σειν
2207 2191 2306 2262 τὴν
2355 2188 2518 2251 ναῦν,
2547 2187 2736 2259 ὥσπερ
2783 2184 3218 2258 καταρῤιζωθέν,
3251 2187 3401 2255 quasi
3445 2187 3510 2239 ad
3565 2185 3634 2239 τὺ

2049 2282 2282 2354 ἰχθύδιον
2335 2281 2640 2346 referatur;
2682 2289 2738 2334 at
2776 2279 3062 2335 Medicams
3117 2278 3631 2351 καταρριζωθεῖσαν

2048 2377 2258 2441 habuit,
2287 2391 2445 2446 quem
2477 2374 2648 2429 secuti
2682 2388 2890 2438 sumus,
2920 2388 3136 2442 unaque
3156 2372 3495 2428 Eustathium
3526 2387 3629 2428 ve-

2047 2477 2215 2522 terem
2249 2467 2623 2536 interpretem,
2676 2483 2696 2516 ι
2731 2480 2897 2520 naves
2941 2465 3186 2535 ingentes
3225 2465 3296 2518 ita
3349 2466 3628 2527 retardat,

2048 2575 2113 2614 ac
2144 2561 2357 2624 retinet,
2402 2567 2462 2612 ut
2517 2557 2721 2613 diutius
2765 2556 3066 2611 eﬂiciantur
3115 2557 3446 2621 immobiles,
3480 2557 3631 2612 velut

2047 2651 2371 2718 quibusdam
2421 2649 2660 2704 fundatae
2698 2649 2972 2704 radicibus
3017 2650 3068 2702 in
3099 2649 3403 2717 profundo;
3436 2668 3454 2700 ι
3495 2649 3627 2703 item

2047 2741 2392 2804 Ambrosius,
2424 2741 2520 2795 lib.
2553 2755 2607 2806 v,
2636 2755 2754 2808 cap.
2787 2739 2856 2793 10
2890 2758 2905 2794 :
2940 2759 2959 2791 ι
2995 2739 3146 2795 Sicut
3183 2741 3364 2796 brevis
3393 2741 3631 2810 piscicu-

2047 2830 2130 2885 lus
2157 2832 2414 2887 echeneis
2460 2840 2610 2886 tanta
2659 2831 2920 2886 facilitate
2956 2843 3286 2887 memoratur
3311 2848 3503 2892 navem
3539 2833 3630 2886 in-

2046 2933 2260 2992 gentem
2309 2933 2573 2991 statuere,
2610 2933 2670 2979 ut
2717 2926 2870 2992 quasi
2921 2926 3214 2980 radicatam
3246 2927 3381 2981 mari
3417 2927 3631 2981 haerere

2047 3015 2257 3089 videas,
2287 3031 2387 3070 nec
2411 3017 2635 3070 moveri.
2671 3035 2691 3068 ι
2730 3015 3006 3085 Oppianus
3031 3018 3122 3071 lib.
3151 3033 3169 3071 ι
3207 3018 3280 3072 De
3310 3021 3628 3088 piscatione,

2051 3120 2192 3160 vers.
2225 3105 2332 3160 225
2365 3122 2381 3158 :

2471 3200 2700 3252 ...Κατὰ
2730 3199 2782 3252 δ’
2814 3199 3076 3268 ἔμπεδον
3103 3201 3447 3268 ἐστήρικται
3465 3242 3480 3266 ,

2141 3266 2296 3322 Ἠῢτ’
2321 3266 2391 3320 ὲν
2418 3267 2815 3323 ἀκλύστοισιν
2844 3266 3172 3340 ’ἐεργομένη
3197 3266 3551 3341 λιμένεσσι.

2047 3377 2402 3449 Finniterque
2439 3381 2616 3450 deﬁxa
2643 3394 2716 3436 est
2758 3385 2925 3449 navis,
2955 3396 3205 3457 tanquam
3237 3387 3292 3440 in
3319 3388 3630 3458 tranquillis

2046 3472 2252 3527 inclusa
2302 3474 2576 3544 portubus.
2629 3477 2683 3531 lu
2727 3494 2886 3548 quem
2928 3479 3104 3535 locum
3158 3480 3405 3537 scribens
3454 3485 3628 3538 scho-

2047 3563 2234 3620 liastes
2253 3579 2321 3619 cx
2356 3567 2676 3622 Rondeletio
2708 3571 2874 3624 tradit
2902 3571 3196 3638 triremem,
3223 3574 3276 3626 in
3307 3589 3412 3643 qua
3441 3576 3628 3629 cardi-

2046 3655 2186 3710 nalis
2211 3656 2520 3712 Turnonius
2548 3659 2844 3714 vehebatur
2876 3671 3060 3716 nostra
3093 3672 3253 3718 actate
3283 3662 3532 3729 Romam,
3567 3669 3624 3721 in

2047 3748 2226 3803 medio
2265 3763 2428 3804 cursu
2473 3751 2725 3807 omnibus
2773 3753 3170 3809 admirantibus
3201 3756 3370 3812 fuisse
3414 3758 3622 3813 inhibi-

2047 3849 2177 3909 tam,
2219 3852 2278 3896 ut
2322 3844 2500 3900 minus
2548 3846 2829 3911 miremur,
2875 3848 3019 3916 quod
3064 3857 3148 3902 est
3191 3850 3330 3918 apud
3382 3848 3622 3906 Plinium

2043 3929 2138 3988 lib.
2173 3947 2344 3999 xxx",
2389 3948 2510 4003 cap.
2547 3935 2572 3988 1
2608 3951 2623 3988 :
2660 3953 2678 3985 ι
2703 3933 2882 3990 Ruant
2921 3937 3064 3991 venti
3107 3938 3259 4004 licet,
3296 3949 3350 3992 et
3386 3942 3622 3996 saeviant

2043 4023 2322 4092 procellae,
2367 4025 2596 4095 imperat
2635 4026 2840 4095 furori,
2889 4037 2944 4082 et
2997 4029 3141 4099 cogit
3189 4033 3618 4104 stare‘navigia.

2041 4113 2238 4168 Fertur
2287 4115 2511 4170 Actiaco
2570 4115 2742 4172 Marte
2804 4119 3043 4174 tenuisse
3097 4122 3276 4176 navim
3343 4123 3616 4183 Antonii:

2043 4205 2213 4259 tenuit
2237 4213 2291 4260 et
2327 4205 2443 4259 Caii
2473 4208 2730 4277 principis
2763 4209 2974 4275 navim,
3007 4222 3059 4264 et
3089 4214 3616 4284 quadringentorum

2042 4295 2304 4364 remigum
2339 4298 2601 4365 obsequio
2636 4298 2978 4365 intercessit,
3026 4303 3118 4370 qui
3163 4304 3616 4375 quinqueremem

369 4379 686 4436 lutulentam
729 4378 895 4433 maris
929 4392 1078 4432 oram
1121 4377 1548 4446 progredientem
1588 4392 1712 4432 cum
1752 4378 1932 4446 vipera

2046 4387 2352 4450 trahebant,
2375 4401 2497 4441 cum
2523 4387 2890 4455 gubernaculo
2918 4392 3238 4448 adhaereret.
3265 4413 3285 4446 ι
3325 4396 3469 4450 Idem
3493 4397 3620 4452 Plu-

369 4471 586 4528 misceri
615 4489 630 4526 :
662 4487 781 4541 qua:
813 4471 868 4525 in
907 4469 1140 4526 cmuosis
1173 4466 1309 4523 locis
1347 4485 1454 4524 non
1486 4471 1653 4540 degit,
1682 4471 1778 4525 sed
1821 4471 1933 4524 loca

368 4565 483 4620 sola
512 4573 678 4630 amat,
705 4563 792 4618 ubi
823 4563 955 4618 nihil
975 4578 1162 4620 eorum
1196 4567 1518 4627 inveniatur,
1540 4562 1736 4632 quibus
1767 4559 1936 4615 fames

369 4654 615 4719 sedatur;
649 4673 669 4707 s
707 4663 901 4723 quarto
931 4655 1167 4723 demum,
1195 4657 1336 4725 quod
1366 4661 1488 4710 eum
1516 4654 1568 4708 in
1598 4651 1935 4722 quampluri-

369 4745 472 4799 mis
491 4745 657 4800 maris
681 4745 951 4802 littoribus
971 4746 1428 4818 frequentissima:
1461 4751 1657 4815 degant
1677 4760 1765 4798 mu
1775 4757 1934 4797 nenae

370 4850 471 4890 nec
494 4837 840 4906 piscatorum,
864 4851 964 4894 nec
986 4854 1196 4905 eorum,
1219 4840 1310 4910 qui
1334 4840 1480 4895 circa
1505 4838 1690 4892 littora
1714 4851 1935 4891 versan-

369 4936 457 4980 tur
487 4926 718 4996 aliquem
743 4927 1011 4982 iuvenerit
1043 4929 1328 4985 Salvianus
1356 4929 1492 4999 ipse,
1523 4928 1614 4999 qui
1645 4926 1816 4983 semel
1839 4941 1933 4981 eas

367 5033 488 5071 cum
521 5017 719 5086 viperis
743 5018 937 5073 viderit
963 5021 1405 5075 concumbentes.

437 5107 550 5162 Col.
588 5107 692 5162 162
739 5110 784 5161 Α
827 5109 913 5162 ii.
979 5109 1178 5165 Lanam
1227 5129 1464 5166 auream.
1515 5110 1594 5166 lla
1648 5111 1932 5166 maluimus

365 5202 431 5254 ad
461 5204 680 5254 verbum
719 5216 838 5255 cum
868 5200 1002 5257 Jano
1027 5202 1310 5269 Cornario,
1339 5219 1500 5273 quam
1531 5217 1653 5258 cum
1699 5203 1932 5273 Argyra-

366 5290 508 5360 pylo,
548 5309 566 5342 ι
597 5291 766 5346 vellus
792 5307 1035 5360 aureum,
1059 5312 1078 5345 s
1117 5308 1184 5348 ne
1211 5295 1334 5362 quis
1365 5295 1431 5348 ad
1458 5292 1772 5348 Colchidum
1802 5293 1929 5347 illud

365 5382 589 5450 spolium
622 5381 784 5435 alludi
817 5391 1048 5452 putaret,
1084 5383 1210 5438 licet
1239 5383 1563 5437 Ambrosius
1600 5395 1813 5451 quoque
1847 5382 1927 5437 sic

364 5472 634 5538 extulerit,
690 5473 783 5528 lib.
810 5487 867 5538 v,
894 5488 1013 5544 cap.
1048 5475 1108 5529 11
1139 5489 1157 5528 :
1217 5492 1236 5526 ι
1266 5474 1502 5529 Aureum
1547 5473 1712 5528 etiam
1760 5473 1928 5528 vellus

365 5577 503 5630 aqua
535 5563 722 5628 nutrit,
749 5573 804 5618 et
837 5564 1012 5619 lanam
1049 5567 1101 5619 in
1133 5566 1412 5620 memorati
1444 5565 1674 5635 speciem
1727 5565 1927 5620 metalli

365 5652 586 5722 gignunt
612 5653 808 5710 littora.
842 5673 860 5707 ι
897 5655 1213 5712 Aristoteles
1237 5657 1329 5712 lib.
1367 5671 1418 5724 v,
1448 5672 1566 5728 cap.
1610 5655 1694 5724 l5,
1720 5653 1919 5714 Histor.
1963 5719 1991 5729 ,

2040 4473 2280 4537 tarchus,
2316 4474 2410 4529 lib.
2443 4489 2482 4528 II
2511 4477 2870 4544 Symposium,
2899 4488 3090 4547 quaest.
3125 4481 3177 4548 7,
3209 4481 3277 4538 de
3304 4485 3619 4564 thremo-

2036 4564 2220 4628 niano,
2250 4579 2374 4619 cum
2410 4565 2463 4619 iu
2495 4565 2678 4622 Siculo
2699 4569 2835 4621 mari
2869 4571 3167 4640 navigaret,
3206 4577 3300 4628 καὶ
3328 4575 3615 4648 θαυμάσαι

2033 4653 2132 4723 τὴν
2168 4651 2416 4723 δύναμιν,
2467 4653 2566 4706 οὐκ
2594 4653 2782 4726 ὀλίγην
2828 4656 3138 4730 βραδύτητα
3183 4663 3279 4717 καὶ
3323 4665 3614 4740 διατριϐὴν

2035 4743 2184 4814 παρὰ
2249 4744 2342 4799 τὸν
2407 4746 2573 4800 πλοῦν
2631 4747 3096 4823 ἀπεργασαμένης
3159 4754 3257 4824 τῆς
3315 4756 3612 4827 ἐχενηῖδος,

2040 4853 2060 4887 ι
2089 4837 2412 4892 admiratum
2445 4839 2562 4908 ejus
2587 4839 2755 4896 fuisse
2783 4842 2914 4910 vim,
2951 4859 3073 4897 cum
3102 4847 3429 4916 navigationi
3461 4851 3611 4907 haud

2033 4930 2282 4998 exiguam
2319 4931 2624 4985 tarditatem
2654 4948 2968 5004 moramque
2996 4934 3288 5003 iniecisset.
3331 4957 3351 4990 ι

2100 5020 2217 5076 Col.
2257 5022 2359 5076 165
2381 5021 2423 5078 C
2449 5023 2504 5078 9.
2539 5023 2740 5079 Deinde
2771 5028 2930 5084 ratio.
2963 5030 3360 5100 Argyropylum
3377 5034 3613 5090 vertisse

2033 5113 2285 5167 admouet
2315 5111 2697 5181 Moulacutius,
2736 5134 2756 5166 ‹
2788 5115 2986 5172 Deinde
3018 5118 3155 5174 ratio
3181 5119 3612 5178 Manichaeorum

2033 5204 2086 5256 in
2154 5205 2486 5259 contrarium
2565 5217 2859 5262 evertetur.
2899 5227 2919 5260 ι
2993 5210 3188 5279 Aptius
3260 5211 3608 5268 Cornarius:

2037 5293 2280 5349 «Deinde
2317 5293 2734 5351 Manichaeorum
2779 5313 2958 5354 sermo
3004 5301 3056 5353 in
3102 5303 3434 5356 contrarium
3474 5303 3611 5370 ipsis

2031 5395 2452 5451 convertatur“
2504 5395 2558 5441 et
2593 5387 2909 5444 Eustathius
2941 5406 2954 5442 :
2994 5409 3012 5442 ι
3039 5391 3247 5447 Deinde
3286 5393 3337 5446 iu
3386 5407 3609 5447 contra-

2031 5477 2166 5530 rium
2207 5476 2515 5533 Manichwis
2560 5493 2743 5534 sermo
2783 5483 3076 5536 vertendus
3115 5492 3218 5538 est.
3245 5503 3265 5537 ι
3335 5483 3447 5539 Hoc
3497 5497 3605 5550 est,

2030 5567 2267 5634 ipsorum
2299 5567 2541 5622 doctrina
2572 5569 2639 5625 de
2663 5570 2866 5637 anima,
2897 5587 3018 5640 quae
3047 5572 3159 5641 jam
3194 5584 3352 5631 terra:
3376 5575 3607 5644 inesset,

2030 5657 2266 5726 ipsorum
2295 5657 2636 5730 dogmatibus
2668 5661 3065 5719 adversabitur.
