3824 6214
253 260 385 312 ιυυι

1353 256 1442 306 AD
1477 255 1806 307 HUMlLtAb
1839 257 1908 305 IN
1957 257 2455 311 HEXAEMEHUN.

3373 259 3514 313 ιυος

318 375 441 432 Col.
494 374 600 430 164
645 373 806 429 (315.
849 373 998 427 οὔτε
1039 372 1171 443 γάρ.
1215 374 1288 427 Ita
1328 373 1612 429 Mediczeus
1642 373 1829 434 codex,
1861 382 1906 433 Λ
2008 371 2139 427 lhid.
2170 374 2234 429 C.
2259 373 2488 427 Pulchra
2509 374 2820 442 decoraque.
2857 328 3034 426 Locus
3062 378 3144 425 est
3168 369 3514 431 Proverbior.

246 477 305 523 at
339 468 540 535 Regius
576 467 732 532 alter,
755 465 878 519 οὔτε
902 465 1010 537 γὰρ
1034 466 1121 520 ὅτε
1153 466 1375 537 ἤκουσε,
1415 453 1772 536 summa»
1797 465 1830 534 ἡ

244 560 324 632 γῆ
357 554 558 630 βοτάνη
569 576 614 612 ν.

320 650 444 705 Col.
475 652 572 705 171
601 648 643 703 C
676 651 763 709 l2.
812 651 921 706 Nec
950 650 1128 720 facile.
1164 649 1279 705 Non
1305 650 1410 704 hoc
1439 650 1554 703 vult
1578 647 1829 712 Basilius,

245 740 482 811 gallinas
509 744 669 799 domo
706 761 812 801 non
838 747 1123 809 excedere,
1159 742 1253 797 sed
1288 751 1342 796 et
1372 742 1516 812 ipsas
1541 749 1597 793 ut
1621 740 1797 795 colum
1818 767 1833 779 -

244 833 345 888 bas
394 849 517 890 esse
571 835 822 892 lascivas.
881 837 1037 893 Unde
1104 835 1438 899 Eustathius,
1499 832 1830 886 «libidinosa

241 923 540 991 columba,
591 927 1001 996 domesticaque
1050 926 1268 993 gallina.
1301 942 1320 976 ι
1365 923 1609 979 Cornarii
1657 922 1832 992 potius

242 1017 559 1085 usurpanda
593 1027 677 1071 est
699 1016 1098 1087 interpretatio,
1155 1034 1177 1068 ‹
1204 1016 1446 1069 Lasciva:
1476 1024 1601 1068 sunt
1627 1015 1833 1067 colum-

242 1107 346 1173 ba,
407 1118 462 1160 et
505 1108 813 1162 domestica:
863 1108 1110 1177 gallinae,
1169 1107 1314 1160 omni
1369 1114 1612 1175 tempore
1655 1107 1830 1160 coitus

241 1199 696 1265 consuetudinem
729 1199 1012 1254 habentes.
1048 1219 1067 1251 ι
1113 1199 1264 1265 Quod
1301 1197 1546 1268 sequitur
1591 1198 1659 1254 de
1703 1213 1827 1267 per-

238 1292 388 1355 dice,
440 1293 723 1347 obscurius
773 1292 1042 1362 expressit
1095 1293 1400 1360 interpres,
1468 1291 1654 1345 dicens
1701 1304 1825 1344 eum

242 1383 519 1437 malitiose
546 1382 597 1435 in
626 1383 804 1452 praeda
835 1399 997 1453 agere
1017 1399 1033 1450 ;
1054 1383 1367 1437 Eustathius
1399 1381 1574 1451 potius
1606 1381 1826 1434 audien-

239 1475 346 1527 dus
382 1490 401 1528 :
434 1491 453 1524 ι
477 1473 702 1528 Dolosus
731 1484 786 1528 et
823 1473 1099 1544 zelotypus
1138 1473 1330 1542 perdix
1359 1510 1374 1535 ,
1439 1471 1824 1539 interdumque

240 1562 569 1617 venantibus
601 1561 908 1616 hominibus
940 1562 1008 1616 ad
1042 1561 1270 1616 aliorum
1306 1570 1523 1629 captum
1553 1560 1825 1614 malitiose

240 1655 615 1709 consentiens.
642 1674 661 1707 ι
715 1654 1011 1709 Coruarius
1045 1655 1170 1708 item
1204 1669 1217 1707 :
1257 1671 1276 1704 ι
1306 1653 1529 1708 Dolosus
1578 1661 1635 1706 et
1680 1651 1824 1706 zelo-

241 1754 407 1815 typus
452 1753 535 1799 est
582 1745 795 1815 perdix,
841 1745 1086 1813 nequiter
1130 1743 1389 1813 auljuvans
1430 1755 1716 1796 venatores
1757 1742 1823 1795 ad

238 1837 507 1909 prtedam.
538 1855 560 1890 ι
615 1836 855 1891 Meminit
908 1847 965 1891 et
1005 1836 1323 1890 Aristoteles
1367 1837 1644 1904 perdicum
1690 1851 1822 1904 quo-

240 1930 494 1984 rumdam
516 1968 531 1995 ,
567 1944 701 2001 quos
729 1928 1021 2000 θηρευτὰς,
1064 1939 1335 1982 venatores
1377 1927 1610 1997 appellat
1641 1927 1734 1980 lib.
1767 1941 1822 1979 Ix

241 2017 479 2087 Hirtam,
513 2020 756 2082 auimal.,
785 2034 904 2087 cap.
935 2018 968 2072 8
997 2037 1011 2072 :
1054 2018 1175 2071 Ἐπὶ
1205 2018 1262 2071 δὲ
1291 2017 1381 2070 τὸν
1404 2017 1672 2089 Θηρευτὴν
1692 2017 1825 2086 πέρ-

237 2113 371 2167 δικα
420 2112 641 2166 ὠθεῖται
695 2111 804 2165 τῶν
857 2111 1063 2183 ἀγρίων
1111 2112 1140 2162 ὁ
1179 2110 1401 2182 ἡγεμὼν
1448 2110 1707 2173 ἀντιάσας
1747 2109 1823 2172 ὡς

241 2204 608 2277 μαχούμενος
633 2204 822 2259 τούτου
845 2204 888 2256 δ’
918 2204 1136 2267 ἁλόντος
1150 2205 1209 2257 ὲν
1227 2207 1346 2266 ταῖς
1372 2205 1629 2274 πηκταίς,
1657 2202 1821 2256 πάλιν

240 2298 610 2370 προσέρχεται
633 2297 791 2361 ἄλλος
822 2298 1081 2360 ἀντιάσας
1108 2295 1197 2349 τὸν
1223 2296 1384 2349 αὐτὸν
1411 2296 1629 2368 τρόπον.
1664 2294 1822 2349 «Per-

238 2392 423 2446 dicem
455 2398 767 2444 venatorem
823 2391 932 2443 dux
974 2388 1303 2443 silvestrium
1343 2388 1550 2457 primus
1586 2386 1820 2453 invadit,

239 2494 590 2551 pugnamque
631 2479 848 2534 obviam
892 2478 1132 2533 conserit
1163 2498 1174 2533 :
1204 2492 1310 2546 quo
1343 2488 1501 2546 capto
1541 2478 1819 2546 compede,

238 2572 387 2627 alter
407 2572 669 2636 occurrit,
709 2581 821 2624 tum
853 2569 1011 2633 alius,
1044 2579 1207 2638 atque
1242 2569 1314 2622 ita
1342 2569 1567 2638 singulis
1599 2570 1824 2623 dimica-

243 2674 396 2717 ων.»
445 2661 650 2717 Plinius
676 2661 769 2721 lib.
805 2678 861 2726 χ,
891 2677 1011 2731 cap.
1050 2661 1142 2727 55,
1178 2663 1303 2716 dum
1330 2661 1634 2716 Aristotelis
1658 2663 1825 2716 inter-

243 2765 456 2823 pretetn
516 2753 669 2823 agit,
733 2752 1005 2825 θηρευτήν
1069 2751 1305 2822 appellat
1359 2753 1583 2805 indicent
1634 2752 1722 2807 vel
1766 2761 1824 2806 ut

242 2848 472 2916 corrigit
516 2846 838 2911 Turnebus,
896 2845 1085 2898 illicem
1118 2856 1139 2895 :
1189 2863 1208 2896 ι
1259 2843 1560 2915 Capiuntur
1609 2859 1823 2914 quoque

244 2939 595 3008 pugnacitate
623 2935 864 3005 ejusdem
896 2935 1134 2990 libidinis
1152 2943 1339 2989 contra
1367 2935 1591 3001 aucupis
1621 2935 1818 2989 illicem

1856 1714 1897 1770 Β

243 3039 476 3085 exeunte
525 3028 579 3082 in
635 3026 876 3097 praelium
925 3027 1062 3080 duce
1116 3026 1283 3079 totius
1320 3024 1519 3094 gregis.
1550 3025 1719 3095 Capto
1756 3039 1820 3078 co
1849 3066 1892 3124 ϐ

244 3120 491 3194 procedit
519 3120 676 3183 alter,
729 3132 792 3172 ac
820 3116 1052 3171 subinde
1102 3116 1320 3186 singuli.
1351 3135 1370 3167 ι
1424 3113 1677 3189 [Elianus
1726 3114 1821 3168 lib.

245 3226 324 3279 tv,
352 3228 404 3268 c.
445 3210 533 3273 l6,
559 3211 754 3279 quibus
792 3208 929 3263 dolis
967 3208 1107 3263 feros
1138 3208 1327 3263 illiciat
1368 3209 1617 3277 perdices
1662 3224 1824 3264 vena-

247 3313 333 3357 tor
361 3303 581 3366 eXpouit
613 3316 627 3351 :
657 3299 1000 3369 Προσάγεται
1033 3296 1091 3348 δὲ
1118 3297 1225 3367 ἄρα
1245 3299 1274 3350 ὁ
1301 3296 1492 3369 πέρδιξ
1515 3297 1608 3351 καὶ⁸
1642 3298 1825 3369 σειρῆ-

243 3410 343 3456 νας
376 3394 457 3454 εἰς
482 3389 543 3443 τὸ
576 3390 819 3459 ὲφολκόνο
846 3389 1077 3459 ἕστηκεν
1106 3388 1247 3461 ᾄδων
1274 3389 1302 3440 ὁ
1330 3388 1547 3459 πρῶτος
1567 3388 1630 3441 τὸ
1665 3388 1825 3459 μέλος

244 3481 616 3558 προκλητικὸν
644 3483 723 3545 εἰς
742 3480 923 3552 μάχην
949 3479 1224 3550 ὑποθῆγον
1244 3479 1334 3535 τὸν
1355 3481 1565 3553 ἄγριον·
1603 3500 1622 3531 ι
1646 3479 1826 3535 Utitur

244 3576 438 3648 perdix
481 3581 704 3628 venator
743 3571 1014 3626 illecebris
1053 3571 1374 3639 quibusdam
1415 3572 1483 3624 ad
1524 3569 1825 3624 illiciendos

244 3670 437 3734 feros;
480 3677 607 3720 ante
657 3665 794 3719 retia
845 3665 990 3720 enim
1049 3665 1257 3734 positus
1313 3673 1530 3718 cantum
1584 3662 1696 3717 edit
1731 3677 1825 3718 eos

243 3762 603 3817 lacessentem
634 3759 699 3813 ad
734 3774 990 3828 pugnam.
1023 3778 1042 3810 ι

319 3853 439 3909 Col.
483 3851 585 3905 174
637 3851 698 3906 Β.
753 3848 1043 3920 Nunquam
1079 3851 1246 3903 utitur
1284 3849 1398 3904 illo.
1451 3849 1563 3906 lloc
1604 3849 1821 3920 quidem

245 3943 497 3999 nonnulli
522 3943 590 3996 de
614 3957 773 4010 apum
808 3956 935 4009 rege
964 3941 1323 4009 scripserunt,
1358 3942 1452 3996 sed
1478 3942 1531 3997 id
1561 3958 1667 3998 non
1693 3944 1825 3998 dicit

243 4035 505 4098 Basilius,
532 4048 720 4086 verum
752 4033 944 4087 aculeo
969 4048 1034 4086 eo
1069 4047 1173 4085 non
1209 4033 1285 4086 uti
1309 4035 1374 4086 ad
1403 4033 1682 4090 ultionem.
1717 4035 1826 4089 lta-

244 4144 359 4199 que
401 4126 771 4196 amplectenda
830 4125 1012 4194 potius
1059 4125 1269 4179 videtur
1316 4125 1562 4180 Cornarii
1619 4128 1822 4191 versio,

244 4236 374 4292 quae
417 4220 497 4275 sic
530 4220 733 4274 habet:
765 4239 782 4271 ι
806 4219 869 4272 Et
913 4228 997 4272 est
1033 4219 1251 4288 quidem
1283 4220 1504 4274 aculeus
1536 4217 1686 4290 regi,
1727 4222 1823 4276 sed

246 4331 359 4371 non
391 4314 559 4369 utitur
587 4328 652 4367 eo
687 4314 754 4366 ad
793 4313 1072 4365 ultionem.
1098 4331 1116 4363 ι
1151 4311 1490 4366 Eustathius:
1516 4330 1534 4363 t
1559 4311 1627 4365 Et
1662 4313 1824 4368 habet

1936 478 1988 517 v1
2015 467 2151 530 apud
2180 464 2343 531 LXX,
2390 467 2479 520 ubi
2526 474 2649 536 post
2674 480 2891 520 versum
2925 463 2981 531 6,
3020 463 3167 518 Vade
3213 466 3283 518 ad
3325 466 3517 535 [armi-

1934 571 2070 619 cam,
2099 573 2129 608 o
2158 557 2326 626 piger,
2359 557 2576 611 additur
2606 556 2660 611 in
2696 556 2885 612 Graeco
2934 566 3101 623 textu,
3133 557 3170 626 ἢ
3195 559 3518 625 πορεύθητι

1932 645 2081 713 πρὸς
2113 647 2228 716 τὴν
2267 647 2591 717 μέλισσαν,
2626 649 2723 703 καὶ
2769 647 2920 718 μάθε
2962 649 3043 715 ὡς
3085 647 3320 718 ἐργάτις
3359 648 3515 713 ἐστὶ,

1933 735 2046 803 τήν
2071 755 2135 791 τε
2155 739 2444 809 ἐργασίαν
2464 742 2543 807 ὡς
2567 740 2804 809 σεμνὴν
2825 741 3098 803 ποιεῖται,
3132 737 3209 811 ἧς
3237 741 3379 808 τοὺς
3410 742 3518 794 πόα

1931 845 2079 893 νους
2100 830 2382 898 βασιλεῖς
2411 850 2477 886 τε
2505 833 2604 886 καὶ
2634 831 2856 886 ἰδιῶται
2893 832 3044 901 πρὸς
3068 835 3301 902 ὑγίειαν
3328 847 3516 901 προσ-

1930 922 2233 989 φέρονται.
2286 924 2413 987 Qua:
2460 924 2519 978 S.
2558 925 2876 978 Ambrosius
2913 925 3007 979 lib.
3052 940 3104 991 v,
3146 940 3268 993 cap.
3317 925 3408 986 2|,
3458 925 3514 977 in

1931 1011 2274 1079 Hexaemer.,
2301 1012 2486 1067 Basilii
2512 1014 2686 1069 locum
2714 1015 2906 1068 Latino
2931 1016 3245 1083 exprimens
3273 1013 3511 1081 eloquio,

1931 1103 2010 1157 sic
2037 1105 2218 1167 Vertit,
2268 1103 2414 1157 Vade
2457 1105 2525 1158 ad
2552 1121 2722 1173 apem,
2754 1116 2802 1158 et
2835 1105 2951 1159 vide
2979 1107 3239 1174 quomodo
3271 1106 3514 1173 operaria

1928 1204 2003 1247 est
2032 1208 2048 1247 .'
2073 1197 2429 1261 operationem
2456 1212 2661 1266 quoque
2687 1212 2846 1267 quam
2874 1197 3217 1250 venerabilem
3241 1208 3510 1263 operatur,

1929 1286 2080 1353 cujus
2104 1284 2334 1339 laborem
2362 1302 2503 1357 reges
2536 1298 2582 1340 et
2618 1288 2905 1340 mediocres
2929 1290 2997 1340 ad
3020 1288 3241 1340 salutem
3274 1298 3507 1342 sumunt.

1931 1375 1990 1431 S.
2039 1376 2399 1447 Hieronymus
2433 1380 2487 1432 in
2522 1394 2644 1447 cap.
2684 1395 2745 1433 ιιι
2784 1379 3084 1433 Ezechielis
3117 1397 3129 1432 :
3166 1398 3183 1429 ι
3206 1380 3267 1432 Ει
3292 1380 3343 1433 in
3372 1378 3511 1433 Pro-

1927 1468 2129 1523 verbiis
2156 1469 2224 1524 de
2256 1485 2356 1539 ape
2387 1471 2605 1537 dicitur,
2652 1487 2960 1540 quanquam
2996 1472 3102 1525 hoc
3145 1470 3371 1525 Hebraea
3400 1488 3506 1525 non

1927 1559 2163 1616 habeant
2213 1562 2542 1631 exemplaria
2598 1582 2611 1618 :
2676 1563 2823 1618 Vade
2871 1566 2940 1617 ad
2992 1580 3179 1632 apem,
3237 1574 3284 1617 et
3334 1566 3507 1627 disce,

1926 1655 2187 1723 quomodo
2220 1660 2487 1723 operatrt'a:
2524 1657 2646 1710 sit.»
2686 1655 2811 1711 thc
2836 1657 3030 1711 absunt
3075 1672 3102 1707 a
3147 1667 3294 1709 textu
3322 1656 3511 1711 Grch

1926 1743 2224 1798 Bibliorum
2274 1745 2775 1811 Plantinianotum,
2822 1757 2876 1800 ut
2917 1755 2966 1799 et
3012 1748 3115 1801 alia
3155 1747 3268 1801 fere
3302 1747 3507 1812 omnia,

1924 1851 2043 1907 qme
2078 1838 2130 1893 in
2167 1837 2398 1893 Hebraeo
2424 1849 2569 1892 textu
2611 1854 2716 1893 neu
2749 1841 3044 1896 habentur.

1996 1928 2129 1983 Ibid.
2174 1931 2214 1985 C
2249 1930 2337 1983 12.
2380 1930 2581 1984 Deinde
2630 1931 2755 1985 alia:
2793 1947 2968 2000 super.
3014 1933 3253 2003 Ὄροφος
3289 1931 3508 2000 quidem

1923 2037 2219 2087 cameram,
2247 2022 2332 2076 vel
2366 2033 2588 2085 tectum,
2627 2024 2869 2095 ειόροφή
2902 2025 3366 2091 contignationem
3392 2025 3510 2079 sive

1928 2110 2224 2165 tabulatum
2254 2121 2414 2166 sonat
2450 2130 2464 2165 :
2496 2127 2658 2181 quam
2698 2115 2766 2166 ob
2804 2127 3022 2165 causam
3070 2114 3167 2167 has
3200 2128 3363 2180 apum
3399 2115 3510 2167 cel-

1924 2203 2061 2257 lulas
2119 2204 2438 2259 describens
2497 2206 2574 2257 ait
2628 2204 3205 2276 exﬁnterpretatione
3255 2202 3506 2259 Cornarii

1923 2296 2155 2351 Basilius
2181 2315 2196 2351 :
2232 2313 2250 2347 ι
2280 2295 2482 2350 Deinde
2513 2294 2706 2349 ﬁstulae
2736 2296 2816 2349 ha:
2844 2296 2927 2350 bis
2952 2312 3016 2350 ac
3041 2305 3124 2349 ter
3158 2310 3508 2350 concamera-

1925 2397 2010 2452 tae,
2066 2397 2232 2458 atque
2282 2389 2455 2443 instar
2503 2387 2966 2456 contignationum
3021 2388 3214 2442 aedium
3267 2388 3408 2440 inter
3450 2395 3511 2440 s'e

1923 2478 2365 2549 snperazdilicatte
2418 2489 2577 2544 sunt;
2607 2498 2625 2530 ι
2693 2487 2746 2532 et
2799 2476 3114 2532 Eustathius
3150 2495 3164 2531 :
3203 2497 3221 2529 ι
3248 2477 3509 2532 Subtilis-

1923 2571 2060 2626 sima
2094 2570 2394 2625 forulorum
2429 2569 2819 2639 interseptione
2871 2570 3216 2633 discluditur,
3248 2571 3337 2639 qui
3367 2568 3511 2625 binis

1924 2676 2017 2718 aut
2046 2664 2215 2718 ternis
2247 2678 2408 2733 super
2432 2679 2488 2717 se
2512 2671 2637 2717 sunt
2664 2662 2901 2717 ordinati
2934 2663 3278 2731 tegminibus.
3305 2681 3325 2713 ι

1996 2756 2114 2813 Col.
2146 2756 2248 2811 178
2270 2756 2310 2811 C
2340 2756 2423 2809 12.
2471 2756 2614 2822 Quin
2654 2757 2794 2809 [tunc
2824 2771 3045 2825 quoque.
3083 2752 3374 2823 Perperam
3405 2754 3509 2807 hoc

1923 2847 2199 2915 expressit
2250 2847 2541 2915 interpres,
2603 2846 2758 2915 quasi
2825 2845 3079 2898 nimirum
3128 2845 3257 2899 velit
3318 2854 3509 2898 auctor

1925 2937 2166 3006 aquilam
2202 2937 2429 2990 alterum
2456 2935 2683 3006 pullum,
2715 2950 2875 3004 quem
2905 2935 3006 2988 sibi
3051 2935 3325 3004 proprium
3366 2935 3509 2989 asclo

1924 3030 2027 3095 vit,
2059 3029 2280 3083 tandem
2327 3028 2395 3083 ob
2428 3026 2810 3081 nutricationis
2841 3025 3214 3080 dillicultatem
3246 3025 3507 3094 obiicere,

1930 3120 2076 3190 quod
2121 3121 2188 3175 de
2230 3121 2408 3189 primo
2448 3126 2658 3172 tantum
2693 3118 3093 3187 intelligendum
3130 3130 3246 3182 est,
3297 3133 3350 3173 et
3381 3133 3507 3173 cum

1929 3211 2065 3270 Jano
2096 3213 2359 3270 Cornario
2385 3212 2722 3273 \‘ertendum,
2763 3229 2781 3263 ι
2818 3210 3142 3265 familiarem
3170 3211 3273 3265 sibi
3321 3211 3453 3264 facit
3486 3251 3505 3276 ,

1930 3315 2151 3378 propter
2183 3304 2422 3358 alimenti
2457 3301 2822 3357 diﬂicultatem
2854 3301 3138 3367 abdicans,
3166 3318 3324 3370 quem
3349 3318 3510 3371 gene.

1932 3397 2092 3453 ravit.
2127 3416 2145 3448 ι
2211 3394 2527 3449 Eustathius
2577 3393 2828 3462 pariter:
2872 3393 2992 3446 «ιω
3059 3400 3280 3461 prOpter
3328 3392 3506 3446 victus

1932 3490 2168 3561 inopiam
2195 3490 2407 3555 cegitur
2441 3502 2663 3557 negare,
2699 3500 2858 3554 quem
2890 3484 3098 3555 genuit.
3132 3502 3152 3536 ι
3184 3482 3506 3537 Ambrosius

1932 3592 2111 3639 tamen
2178 3581 2378 3636 Basilio
2431 3595 2538 3635 non
2591 3579 2889 3633 assentitur
2934 3593 3111 3647 neque
3169 3578 3503 3642 auctoribus,

1930 3690 2068 3746 quos
2123 3675 2213 3729 ille
2258 3681 2475 3729 secutus
2520 3680 2622 3726 est.
2669 3671 2758 3724 Ait
2797 3668 2984 3724 enim:
3021 3685 3040 3719 ι
3069 3668 3260 3738 Aquila
3291 3683 3508 3737 quoque

1930 3767 2172 3839 plurimo
2219 3779 2471 3820 sermone
2535 3772 2856 3831 usurpatur,
2921 3762 3063 3830 quod
3118 3775 3244 3815 suos
3292 3760 3508 3814 abdicet

1930 3866 2099 3931 fetus,
2132 3863 2225 3920 sed
2263 3878 2368 3917 non
2401 3871 2709 3929 utrumque,
2738 3873 2925 3912 verum
2964 3873 3128 3911 unum
3157 3872 3225 3910 ex
3255 3855 3504 3910 duobus:

1929 3957 2073 4026 quod
2106 3953 2265 4021 aliqui
2294 3950 2407 4006 ﬁeri
2441 3956 2765 4019 putaverunt
2797 3946 3249 4016 geminandorum
3280 3944 3505 3997 alimen-

1933 4063 2108 4103 torum
2138 4045 2394 4101 fastidio:
2423 4044 2516 4097 sed
2552 4042 2603 4097 id
2646 4057 2750 4095 non
2782 4040 3026 4094 arbitror
3067 4037 3226 4092 facile
3274 4039 3502 4092 creden-

1930 4140 2079 4204 dum,
2124 4152 2247 4192 cum
2277 4136 2490 4205 Moyses
2527 4143 2734 4187 tantum
2791 4131 3162 4186 testimonium
3204 4128 3422 4200 pietatis
3452 4129 3506 4181 in

1929 4230 2104 4300 pullos
2153 4243 2281 4284 suos
2326 4227 2454 4282 huic
2502 4225 2710 4280 dederit
2748 4225 2858 4289 avi,
2917 4233 2976 4277 ut
3029 4223 3235 4277 diceret
3286 4241 3301 4277 :
3354 4221 3506 4276 Sicut

1931 4322 2108 4394 aquila
2157 4321 2379 4392 protegit
2427 4319 2614 4371 nidum
2646 4332 2824 4380 suum,
2878 4326 2928 4369 et
2974 4332 3130 4385 super
3166 4314 3338 4384 pullos
3382 4331 3505 4366 suos

245 4407 458 4477 spicula
506 4406 751 4474 quaedam
779 4441 794 4467 ,
850 4403 946 4456 sed
998 4403 1082 4456 bis
1111 4404 1178 4455 ad
1210 4402 1483 4457 laesionem
1519 4417 1625 4456 non
1657 4404 1823 4457 utitur

1934 4413 2215 4483 concupivit
2234 4410 2415 4482 (Deut.
2448 4425 2624 4474 xxx",
2658 4408 2768 4478 ll).
2792 4426 2811 4459 ι
2848 4405 2981 4460 Tum
3012 4406 3158 4459 addit
3190 4405 3508 4459 existimau-

246 4510 596 4556 czetcrorum.
622 4516 641 4547 ρ
665 4495 911 4550 Eliauus
942 4494 1035 4547 lib.
1067 4510 1106 4557 t,
1137 4509 1257 4562 cap.
1288 4493 1357 4547 60
1384 4509 1398 4546 :
1426 4494 1589 4562 Λέγει
1615 4495 1713 4565 μέν
1741 4512 1827 4559 τις

245 4589 406 4659 λόγος
432 4587 724 4657 ἀκέντρους
749 4581 885 4638 εἷναι
917 4587 1041 4646 τοὺς
1064 4584 1268 4637 τούτων
1295 4583 1568 4655 βασιλέας,
1593 4585 1740 4655 λέγει
1768 4586 1825 4640 δὲ

246 4683 345 4738 καὶ
370 4681 555 4751 ἔτερος
592 4680 687 4731 καὶ
720 4678 856 4730 πάνυ
890 4676 1176 4749 ἐρρωμένοι
1200 4675 1270 4728 τὰ
1301 4677 1503 4748 κέντρα
1540 4694 1826 4749 συμπεφυ-

246 4774 404 4830 κέναι
458 4772 663 4835 αὺτοῖς,
722 4770 815 4822 καὶ
850 4767 1162 4838 τεΟηγμένα
1198 4767 1568 4837 ἀνδρειότατα·
1602 4768 1725 4822 οὔτε
1767 4770 1825 4823 δὲ

245 4869 334 4921 ἐπ’
363 4863 516 4934 ἀνδρί
546 4880 676 4917 ποτε
700 4860 935 4934 χρῆσθαι
980 4861 1182 4925 αὐτοῖς,
1215 4858 1337 4912 οὔτε
1370 4861 1462 4913 ἐπὶ
1488 4863 1608 4924 ταῖς
1638 4862 1825 4932 μελίτ-

244 4974 392 5022 ταις-
449 4954 688 5026 (Opinio
734 4969 836 5008 una
871 4963 956 5008 est
997 4967 1156 5020 aputu
1201 4966 1356 5020 reges
1405 4952 1679 5008 aculeatos
1717 4969 1823 5008 non

242 5067 402 5107 esse:
427 5061 511 5104 est
540 5064 731 5104 rursus
757 5047 952 5111 altera,
993 5059 1096 5110 eos,
1118 5046 1311 5100 robore
1339 5045 1648 5101 aculeorum
1695 5063 1824 5118 per-

245 5156 534 5201 acutorum
568 5150 806 5219 armatos
833 5153 954 5194 esse
980 5155 994 5192 2
1024 5153 1296 5207 nunquam
1339 5147 1518 5193 tamen
1546 5155 1611 5194 eo
1649 5156 1826 5211 neque

242 5250 436 5294 contra
467 5238 762 5298 hominem,
803 5247 977 5302 neque
1024 5242 1214 5287 contra
1255 5247 1384 5301 apes
1425 5232 1524 5285 uti.
1556 5250 1575 5284 ι
1619 5232 1822 5289 Plinius

244 5332 342 5386 lib.
373 5347 451 5395 xl,
492 5343 610 5398 cap.
647 5326 712 5382 17
748 5344 763 5383 :
796 5346 815 5378 ί
838 5325 952 5379 Non
981 5334 1196 5380 constat
1236 5326 1378 5379 inter
1405 5334 1689 5390 auctores,
1727 5342 1822 5380 rex

245 5421 526 5477 nullumne
560 5419 707 5474 solus
732 5418 933 5472 habeat
968 5416 1215 5472 aculeum
1244 5456 1260 5482 ,
1298 5417 1583 5487 majestate
1612 5426 1819 5472 tantum

245 5522 491 5569 arnnatus
522 5529 536 5565 :
567 5526 635 5564 an
667 5510 876 5564 dederit
904 5523 1027 5562 eum
1059 5510 1279 5577 quidem
1310 5519 1529 5573 natura,
1551 5508 1643 5562 sed
1665 5524 1818 5563 usum

242 5606 366 5676 ejus
396 5604 471 5659 illi
506 5610 714 5658 tantum
750 5601 1049 5671 negaverit.
1081 5600 1212 5656 Illud
1240 5612 1486 5671 constat,
1524 5605 1817 5675 imperato-

243 5711 362 5754 rem
398 5694 584 5750 aculeo
615 5708 719 5747 non
749 5692 848 5747 uti.

645 5787 915 5849 Ρλτιιοι..
969 5786 1084 5849 Gn.
1126 5787 1340 5851 XXX.

1932 4507 2059 4561 dum
2086 4519 2209 4559 esse
2249 4503 2454 4557 idcirco
2487 4514 2874 4570 nonnunquam
2910 4497 3059 4567 rejici
3104 4496 3329 4566 pullum,
3362 4497 3505 4565 qttud

1933 4598 2099 4653 radiis
2151 4596 2283 4651 solis
2332 4593 2576 4663 obiectus
2627 4592 2951 4660 intrepidam
3012 4589 3291 4643 oculorum
3332 4589 3504 4642 aciem

1931 4704 2036 4743 non
2090 4695 2288 4749 servet,
2343 4700 2407 4738 ac
2459 4683 2682 4753 proinde
2737 4679 2891 4749 quasi
2945 4679 3270 4747 degenerem
3323 4676 3503 4744 abjici.

1931 4778 2136 4832 Tuetur
2169 4786 2349 4830 tamen
2398 4772 2657 4827 Basilium
2691 4771 2828 4824 fides
2853 4778 2909 4823 et
2945 4768 3244 4823 auctoritas
3292 4769 3506 4822 Aristo-

1933 4873 2070 4937 telis,
2097 4888 2159 4925 ex
2189 4886 2295 4940 quo
2331 4869 2433 4923 ista
2465 4867 2805 4936 decerpsisse
2833 4864 3067 4927 videtur,
3091 4862 3183 4917 lib.
3214 4877 3267 4915 γι
3295 4861 3503 4916 Histor.

1931 4962 2261 5026 animalium,
2284 4978 2403 5030 cap.
2435 4961 2487 5024 6,
2521 4960 2611 5029 qui
2642 4956 2842 5013 veteris
2869 4966 3039 5027 poetae
3068 4953 3251 5009 Musaai
3288 4967 3505 5008 versum

1929 5056 2062 5109 citat
2084 5056 2151 5109 de
2177 5054 2355 5124 aquila
2381 5071 2397 5108 :

1936 5148 2041 5211 Ὃς
2065 5144 2198 5213 τρία
2209 5145 2327 5213 μὲν
2349 5143 2551 5208 τίκτει,
2569 5140 2678 5195 δύο
2701 5138 2753 5194 δ’
2776 5124 3038 5206 ἐκλέπει,
3064 5138 3135 5195 ἐν
3154 5138 3208 5193 δ’
3228 5134 3502 5208 ἀλεγίζει.

2032 5237 2119 5299 Ὠς
2183 5235 2281 5305 μὲν
2331 5228 2425 5287 οὖν
2474 5233 2542 5286 τὰ
2592 5231 2763 5285 πολλὰ
2817 5231 2959 5285 οὕτω
3030 5228 3312 5302 συμδαίνει
3339 5268 3354 5293 ,
3399 5228 3501 5301 ήδη

1927 5327 1985 5381 δὲ
2040 5328 2135 5381 καὶ
2171 5330 2319 5398 τρεῖς
2371 5326 2573 5381 νεοττοὶ
2617 5325 2862 5397 ὼμμένοι
2905 5324 3062 5377 εἰσίν.
3126 5320 3409 5376 Ἐκὸάλλει
3455 5321 3503 5374 δ’

1928 5419 2306 5492 αὐξανομένων
2342 5419 2433 5472 τὸν
2460 5418 2647 5489 ἕτερον
2685 5417 2793 5472 τῶν
2821 5414 3051 5471 νεοττῶν
3087 5413 3385 5487 ἀχθόμενος
3431 5414 3501 5485 τῇ

1878 5581 1883 5586 ¹
1925 5510 2115 5582 ἐδωδῇ.
2139 5511 2244 5563 Τὸν
2254 5511 2311 5563 δὲ
2327 5509 2655 5579 ἐκϐληθέντα
2668 5507 2882 5579 δέχεται
2903 5506 2994 5560 καὶ
3012 5505 3264 5576 ἐκτρέφει
3288 5502 3499 5575 ήφήνη.

2092 5601 2348 5655 Excludit
2375 5603 2541 5666 binos,
2571 5602 2679 5655 edit
2707 5612 2876 5665 terna,
2912 5600 3099 5653 educat
3144 5611 3331 5653 unum.

1935 5716 1954 5751 ι
1975 5696 2080 5755 Sed
2105 5695 2351 5767 quamvis
2369 5710 2560 5766 magna
2586 5709 2650 5751 ex
2684 5704 2835 5766 parte
2863 5694 2943 5751 sic
2973 5694 3085 5758 liat,
3109 5701 3289 5746 tamen
3312 5698 3368 5746 et
3391 5695 3502 5745 tres

3105 5789 3185 5852 32
