3824 6214
329 261 465 319 1005

1488 261 1698 319 NOTAE
1737 261 2133 320 FRONTONIS
2170 262 2398 319 DUCA‘II

3426 266 3601 323 ’1004

324 380 428 437 visi
491 378 786 451 aliquando
828 386 958 435 sunt
1010 377 1163 449 pulli.
1217 378 1462 436 Alterum
1513 381 1568 438 in
1620 382 1901 438 educando
1930 395 1975 443 Α
2004 382 2247 438 occultos
2294 383 2471 439 aditus
2514 382 2743 438 latenter
2789 381 2997 452 ingredi
3036 380 3339 436 molientes.
3369 398 3390 434 ι
3451 381 3595 437 Nam

324 472 544 543 expellit
578 472 739 529 taedio
770 472 1065 528 nutriendi.
1110 472 1221 528 Sed
1263 473 1466 544 pullum
1496 474 1728 545 ejectum
1760 475 1895 529 ossi-

325 565 476 636 (raga
551 563 754 632 excipit
807 572 969 633 atque
1024 564 1239 618 educat.
1272 582 1292 616 ι
1354 563 1762 620 Observandum
1821 574 1904 619 est

314 666 505 712 autem
534 655 675 726 apud
714 653 963 709 eumdem
1003 653 1351 709 Aristotelem
1398 655 1552 724 plura
1598 654 1901 723 aquilarum

325 747 503 803 elierri
549 759 766 817 genera,
801 743 894 798 lib.
934 760 991 799 tx
1034 742 1109 799 De
1132 744 1351 798 historia
1407 743 1749 810 animalium,
1781 759 1901 812 cap.

326 838 415 903 52,
443 851 508 893 ac
556 838 622 892 de
656 836 818 891 tertio
855 850 1043 890 earum
1101 849 1306 906 genere
1356 835 1539 890 colore
1595 834 1903 904 nigricante

327 931 473 986 illum
520 929 810 1000 subjicere,
833 927 1089 1000 ἐκτρέφει
1128 928 1187 981 δὲ
1220 928 1378 998 μόνος
1422 920 1579 992 οὗτος
1609 927 1678 980 τὰ
1709 926 1900 992 τέκνα,

323 1021 422 1077 καὶ
445 1020 651 1088 ἐξάγει,
694 1036 714 1070 t
739 1034 844 1074 una
870 1019 985 1073 haec
1008 1018 1148 1073 fetus
1175 1033 1301 1073 suos
1329 1018 1446 1084 alit,
1467 1027 1629 1087 atque
1650 1017 1896 1072 educit»

326 1122 439 1168 tum
468 1111 729 1181 expositis
763 1109 932 1164 variis
975 1109 1280 1179 aquilarum
1326 1109 1616 1178 generibus
1651 1108 1706 1162 in
1755 1122 1903 1162 com-

322 1220 490 1261 mune
517 1207 583 1259 de
614 1202 718 1257 illis
744 1203 1022 1272 praedicat,
1056 1200 1315 1272 τρέφουσι
1354 1200 1413 1253 δὲ
1459 1199 1711 1262 νεοττοὺς
1731 1239 1746 1262 ,
1797 1197 1904 1260 ἓως

324 1298 394 1352 ἂν
431 1295 643 1351 δυνατοὶ
680 1293 942 1363 γένωνται
983 1291 1261 1346 πέτεσθαι⁸
1314 1292 1435 1346 τότε
1479 1291 1537 1344 δὲ
1569 1293 1633 1344 ἐκ
1662 1290 1903 1353 νεοττίας

323 1389 519 1452 αὐτοὺς
578 1386 948 1442 ἐκϐάλλουσιν.
1002 1385 1213 1441 «Alunt
1272 1399 1398 1440 suos
1461 1384 1675 1455 pullos,
1735 1385 1904 1439 donec

325 1490 564 1549 potestas
602 1478 817 1533 volandi
872 1479 966 1532 ﬁat
998 1494 1012 1531 :
1047 1486 1159 1531 tum
1217 1477 1345 1531 nido
1399 1491 1494 1532 eos
1550 1476 1897 1546 expellunt.»

325 1571 627 1640 Utrumque
654 1569 830 1625 locum
863 1567 1131 1640 expressit
1171 1567 1381 1624 Plinius
1415 1569 1508 1622 lib.
1540 1585 1597 1636 x,
1633 1584 1684 1625 c.
1716 1569 1774 1624 5.
1809 1568 1903 1624 Sic

324 1663 466 1716 enim
505 1663 571 1716 de
600 1661 778 1730 aquila
812 1675 980 1730 quam
1044 1660 1396 1716 meitenaeton
1438 1658 1615 1715 Graeci
1667 1659 1900 1716 dicunt:

330 1767 350 1802 ι
380 1747 599 1804 Minima
646 1748 1034 1819 magnitudine,
1091 1748 1299 1803 viribus
1366 1750 1660 1818 praecipua,
1710 1749 1897 1806 colore

323 1838 626 1910 nigricans;
674 1839 789 1894 sola
836 1839 1139 1909 aquilarum
1175 1839 1317 1895 fetus
1345 1855 1472 1895 suos
1499 1840 1625 1907 alit;
1671 1851 1900 1906 caetera,

325 1941 385 1987 ut
415 1932 677 1997 dicemus,
712 1931 920 2002 lugant.
957 1949 976 1984 ι
1029 1930 1168 1986 Tum
1220 1934 1288 1987 de
1337 1933 1534 2002 aquilis
1585 1934 1800 1989 caeteris
1849 1937 1902 1988 in

326 2040 616 2082 commune
658 2025 853 2080 addit:
892 2046 911 2076 ι
941 2024 1167 2080 Pariunt
1215 2040 1316 2080 ova
1364 2035 1560 2091 terna;
1611 2027 1907 2082 excludunt

322 2120 498 2190 pullos
539 2121 730 2181 binos;
763 2118 863 2174 visi
894 2125 1022 2173 sunt
1055 2126 1112 2173 et
1141 2127 1252 2174 tres
1302 2119 1636 2189 aliquando:
1670 2117 1903 2173 alterum

321 2212 596 2282 expellunt
624 2213 782 2269 taedio
817 2212 1116 2268 nutriendi.
1152 2231 1173 2266 ι
1219 2212 1373 2279 Quod
1415 2212 1579 2283 igitur
1607 2212 1673 2267 de
1711 2212 1906 2282 aquilis

323 2303 379 2356 in
411 2302 827 2368 Deuteronomio
874 2304 1135 2376 scriptum
1186 2314 1271 2359 est
1314 2304 1492 2374 pullos
1537 2304 1905 2361 nutrientibus

323 2409 389 2450 ac
446 2393 770 2461 foventibus,
821 2395 889 2449 ad
949 2395 1303 2449 meltenaeton
1364 2394 1710 2449 referendum
1769 2404 1892 2458 est,

322 2483 621 2554 praesertim
669 2498 791 2539 cum
838 2483 1044 2538 scribat
1082 2481 1332 2538 ASIianus
1376 2484 1471 2538 lib.
1510 2499 1585 2548 ll,
1640 2499 1758 2554 cap.
1784 2485 1900 2540 LO:

323 2574 773 2645 Ζηλοτυπάντατον
819 2569 956 2627 εἶναι
999 2572 1136 2638 ζῶον
1188 2573 1346 2628 ἀετὸν
1377 2575 1506 2647 περὶ
1550 2574 1619 2628 τὰ
1646 2575 1858 2629 νεόττια
1886 2593 1901 2608 ο

322 2662 417 2717 ἐὰν
439 2663 570 2733 γοῦν
599 2663 858 2734 θεάσηταί
902 2680 1025 2717 τινα
1065 2664 1390 2736 προσιόντα,
1422 2664 1670 2719 ἐπελθεῖν
1693 2664 1904 2737 ἀτιμώ-

324 2769 495 2824 ρητον
544 2754 643 2807 οὐκ
692 2752 998 2825 ἐπιτρέπει*
1079 2772 1098 2806 t
1129 2754 1207 2809 Ex
1276 2757 1531 2811 omnibus
1583 2756 1903 2812 animalibus

323 2844 563 2899 maximo
616 2845 795 2901 studio
841 2849 895 2902 in
944 2847 1086 2903 fetus
1137 2860 1267 2903 suos
1303 2849 1570 2903 exsistere
1616 2847 1850 2917 aquilam
1887 2866 1900 2901 :

321 2936 709 3005 quare;acriter
737 2951 860 2992 eum
884 2938 1229 3009 persequitur
1255 2954 1416 3009 quem
1461 2941 1512 2994 in
1542 2940 1726 2995 nidum
1758 2942 1905 2995 inva-

322 3027 460 3082 sisse
480 3029 850 3098 conspexerit.
882 3046 903 3082 ι
978 3027 1112 3095 Quae
1156 3045 1286 3086 vero
1313 3031 1380 3086 de
1409 3032 1618 3086 saevitia
1644 3046 1903 3103 quamm-

321 3118 446 3171 dam
481 3118 782 3188 aquilarum
817 3119 872 3174 in
902 3119 1077 3190 pullos
1108 3136 1237 3177 suos
1261 3121 1351 3178 alii
1377 3131 1631 3190 narrant,
1663 3124 1716 3178 in
1753 3124 1897 3179 aliud

318 3208 621 3279 aquilarum
657 3226 826 3281 genus
847 3224 1186 3282 competunt.

389 3300 507 3356 Col.
541 3301 641 3357 180
678 3301 738 3357 G.
785 3303 1080 3371 Οὐρανοῦ,
1102 3304 1239 3361 caeli.
1283 3304 1489 3361 Desunt
1523 3305 1614 3361 hic
1654 3305 1899 3376 quadam

319 3393 463 3461 apud
518 3392 937 3467 Argyropylum,
995 3409 1170 3465 neque
1215 3394 1360 3451 enim
1415 3396 1726 3466 exprimunt
1764 3395 1853 3451 illa
1882 3436 1899 3461 ,

317 3483 413 3536 τοῦ
441 3483 601 3555 ἀέρος
641 3484 1103 3556 προσειρημένου.
1147 3484 1313 3540 Recte
1358 3485 1674 3552 Cornarius,
1722 3485 1901 3541 ccasio

320 3579 411 3635 hic
452 3592 625 3632 urano
656 3577 863 3633 Graecis
904 3579 1023 3647 ipso
1057 3591 1185 3632 aere
1222 3576 1512 3648 appellato.
1544 3600 1565 3629 ι
1628 3576 1728 3657 llic
1770 3591 1900 3647 ergo

317 3667 710 3726 scribendum:
747 3686 766 3720 t
805 3667 970 3724 Juxta
1031 3667 1436 3723 ﬁrmamentum
1495 3676 1675 3722 autem
1739 3667 1897 3732 coeli,

317 3768 601 3831 propterea
637 3760 802 3828 quod,
852 3769 911 3813 ut
954 3768 1080 3814 ante
1120 3759 1392 3824 diximus,
1438 3773 1532 3814 aer
1578 3758 1667 3812 hic
1701 3758 1899 3813 coelum

318 3849 635 3921 appellatur,
676 3851 777 3905 hoc
806 3862 888 3905 est
914 3849 1167 3922 οὐρανός,
1197 3864 1228 3904 a
1260 3850 1424 3905 verbo
1460 3849 1718 3922 ὁρᾶσθαι,
1753 3848 1899 3919 quod

317 3950 405 3993 est
443 3938 629 3994 videri.
656 3956 681 3992 ι
740 3938 850 3993 Nec
879 3940 993 4009 ipse
1025 3939 1344 3994 Eustathius
1386 3948 1621 3993 mentem
1661 3940 1899 3994 auctoris

315 4030 622 4099 expressit:
652 4048 671 4080 t
695 4027 905 4084 Ctelum
944 4039 1129 4084 autem
1174 4029 1262 4084 hic
1294 4028 1604 4099 intelligere
1636 4030 1900 4085 debemus

302 4137 347 4174 .a
381 4118 651 4173 cernendo
694 4119 896 4174 dictum
931 4136 947 4175 :
976 4119 1165 4175 Graece
1214 4120 1361 4175 enim
1396 4119 1628 4192 οὐρανός
1674 4130 1899 4175 vocatur

314 4210 424 4267 ἀπὸ
442 4208 537 4263 τοῦ
569 4209 849 4282 ὁρᾶσθαι.»
875 4210 1211 4276 Ambrosius,
1244 4209 1338 4265 lib.
1367 4226 1421 4279 v,
1453 4225 1573 4279 cap.
1599 4209 1671 4264 22
1698 4228 1711 4265 :
1740 4229 1759 4263 ι
1783 4211 1897 4265 Οὐ·-

317 4302 478 4375 ρανός
522 4310 703 4356 autem
746 4301 854 4355 ἀπὸ
895 4301 990 4354 τοῦ
1020 4300 1278 4373 ὁρᾶσθαι,
1333 4303 1386 4357 id
1418 4314 1502 4358 est
1538 4317 1569 4357 a
1613 4303 1846 4358 videndo
1879 4322 1893 4358 :

317 4396 438 4451 ideo
464 4396 606 4464 quod
633 4410 727 4450 aer
753 4394 1068 4464 perspicuus
1093 4394 1182 4459 sit,
1210 4404 1265 4449 et
1285 4394 1351 4448 ad
1372 4394 1661 4450 videndum
1686 4394 1893 4464 purior,

316 4487 369 4545 in
414 4501 545 4542 aere
597 4485 876 4541 volitantia
912 4499 1110 4555 genera
1157 4485 1297 4540 dixit
1340 4486 1719 4541 animantium.
1748 4506 1766 4540 ι
1814 4488 1896 4543 Ab

315 4577 641 4648 Hippocrate
662 4591 876 4647 quoque
904 4589 1054 4631 more
1070 4574 1217 4646 vulgi
1247 4575 1450 4631 dicitur
1471 4591 1590 4642 aer,
1617 4578 1707 4648 qui
1734 4593 1899 4648 supra

313 4684 414 4724 nos
463 4678 570 4733 est,
617 4683 791 4739 usque
844 4667 912 4722 ad
946 4667 1172 4723 nubium
1205 4668 1518 4737 regionem,
1566 4677 1624 4723 ut
1675 4679 1899 4724 annotat

310 4760 567 4818 Gorrteus
614 4773 682 4814 ex
726 4758 953 4815 Galeno.
982 4758 1088 4813 Alii
1112 4758 1359 4814 derivant
1386 4760 1452 4814 ab
1479 4761 1627 4832 ὅρος.
1682 4762 1895 4816 Aristo-

313 4853 444 4909 teles
481 4852 558 4906 De
594 4851 810 4917 mundo,
861 4865 981 4918 cap.
1044 4850 1077 4904 6
1105 4868 1119 4905 :
1143 4851 1387 4923 Οὐρανὸν
1418 4851 1648 4925 ’ἐτύμως
1683 4852 1893 4906 καλοῦ-

313 4962 413 5018 μεν
441 4945 550 5001 ἀπὺ
579 4943 674 4999 τοῦ
720 4944 844 5016 ὅρον
881 4939 1148 5012 εἶναιτῶν
1177 4943 1290 4999 ἄνω
1311 4960 1326 4976 ο
1383 4961 1402 4995 t
1434 4943 1655 5000 Urauon
1693 4945 1761 4999 ab
1787 4945 1897 5000 ori-

310 5038 434 5108 gine
479 5037 629 5092 vocis
706 5036 978 5099 dicimus,
1052 5036 1209 5105 quasi
1274 5037 1564 5090 terminum
1631 5039 1892 5092 extimum

309 5145 687 5201 supremorum
732 5143 1090 5199 corporumn
1157 5127 1315 5183 Philo
1351 5127 1573 5184 Judaeus
1626 5129 1766 5184 libro
1817 5131 1894 5186 De

307 5223 633 5291 plantation:
668 5219 786 5276 Noe
818 5237 838 5275 :
871 5221 975 5275 Τὸν
1010 5220 1067 5274 δὲ
1114 5221 1351 5294 αἰθέριον
1394 5223 1455 5273 ἐν
1494 5221 1680 5293 κύκλῳ
1729 5222 1892 5276 τόπον

306 5309 605 5384 ὠχυροῦτο,
632 5312 741 5366 τῶν
783 5311 931 5377 ἐντὸς
956 5311 1081 5383 ὅρον
1104 5329 1164 5365 τε
1205 5311 1302 5365 καὶ
1329 5312 1693 5385 φυλακτήριον
1725 5313 1891 5367 αὐτὸν

303 5401 513 5467 τιθείς·
570 5420 590 5455 t
619 5401 745 5458 llaec
772 5411 952 5457 autem
996 5402 1420 5473 circumquaque
1468 5404 1700 5458 munivit
1741 5418 1891 5471 aere,

298 5475 571 5571 I'ext'imum
605 5495 748 5550 hunc
781 5495 1072 5551 terminum
1118 5480 1233 5565 pro»
1255 5496 1591 5550 munimento
1617 5497 1895 5551 cusmdia-

308 5599 413 5654 que
424 5594 688 5655 statuens,
702 5588 841 5643 unde
852 5586 1052 5643 ctelum
1064 5585 1264 5643 Graecis
1277 5587 1608 5643 uouiinatum
1622 5587 1853 5646 videtur.
1867 5607 1886 5640 ι

377 5676 496 5733 Col.
539 5678 641 5734 182
681 5678 723 5735 C
779 5678 834 5734 5.
887 5677 993 5736 Per
1022 5664 1274 5736 occultos.
1332 5679 1674 5750 Eustathius,
1734 5698 1754 5733 t
1783 5694 1880 5751 per

2005 474 2189 528 Livius
2219 475 2459 545 quidem,
2503 473 2599 529 lib.
2638 488 2692 540 v,
2736 488 2859 542 cap.
2888 471 2978 537 47,
3014 471 3202 527 scribit
3247 470 3435 527 Gallos
3470 473 3593 527 ani-

2004 566 2292 621 madverso
2348 568 2416 621 ad
2479 565 2783 621 Carmentis
2842 579 3032 619 saxum
3091 577 3322 617 ascensu
3388 577 3598 631 aquo,

2014 658 2359 714 sublevantes
2387 659 2638 722 invicem,
2681 658 2735 711 in
2770 671 3044 710 summum
3077 655 3338 719 evasisse,
3374 664 3429 709 et
3462 652 3593 707 Plu-

2005 751 2224 805 tarchus
2271 750 2324 803 in
2374 749 2630 816 Camillo,
2665 748 2796 821 περὶ
2833 748 3003 819 μέσας
3045 747 3249 809 νύκτας
3294 745 3595 809 ἐπιϐάντες

2004 840 2119 910 ἅμα
2151 840 2333 894 πολλοὶ
2359 842 2459 912 τῆς
2486 842 2694 913 πέτρας
2740 840 2980 913 ἐχώρουν
3009 840 3121 894 ἄνω
3164 839 3301 911 μετὰ
3335 839 3553 909 σιωπῆς
3571 853 3591 868 ⁸

2010 931 2236 987 tNoctis
2286 933 2580 989 conticinio
2632 935 2786 989 multi
2838 932 2999 989 simul
3055 940 3343 1001 cteperunt
3400 929 3597 984 silenti

2004 1023 2221 1091 agmine
2268 1033 2478 1092 petram
2521 1024 2802 1080 scandere.
2841 1042 2860 1076 ι
2915 1022 3184 1078 Diodorus
3222 1020 3439 1076 Siculus
3486 1020 3594 1077 lib.

2003 1129 2095 1167 xtv
2122 1131 2138 1170 :
2169 1115 2290 1168 Τῶν
2316 1115 2374 1170 δὲ
2397 1116 2618 1170 Κελτῶν
2649 1132 2795 1178 τινες
2823 1114 2961 1169 κατὰ
2987 1114 3087 1184 τῆς
3108 1114 3312 1186 πέτρας
3345 1112 3554 1183 ἔϐησαν
3571 1126 3594 1144 δ

2009 1223 2027 1256 t
2057 1204 2286 1271 Quidam
2335 1215 2515 1261 autem
2558 1221 2625 1261 ex
2672 1206 2842 1262 Gallis
2879 1206 2934 1260 in
2973 1220 3244 1260 summum
3277 1203 3430 1273 rupis
3454 1217 3597 1257 eva-

2003 1311 2147 1351 sere.
2182 1316 2201 1350 ι
2244 1300 2496 1352 Attamen
2530 1297 2754 1352 Servius
2793 1297 3147 1367 quorumdam
3182 1295 3468 1357 meminit,
3493 1293 3592 1363 qui

2004 1389 2203 1444 Basilio
2219 1388 2606 1459 suffragantur,
2627 1398 2683 1443 et
2705 1404 2800 1459 per
2825 1388 3069 1443 occultos
3086 1387 3368 1443 cuniculos
3393 1400 3595 1441 ascen-

2005 1482 2148 1538 disse
2165 1482 2344 1539 Gallos
2365 1483 2572 1548 volunt,
2589 1482 2906 1551 scribensjn
2925 1498 3021 1536 vtu
3035 1480 3257 1535 zEueid.
3274 1488 3331 1535 et
3353 1481 3407 1534 in
3431 1479 3595 1547 illud,

2113 1614 2253 1669 Galli
2277 1632 2369 1686 per
2399 1616 2584 1671 dumos
2612 1615 2858 1679 aderant,
2886 1628 3160 1684 arcemque
3186 1610 3425 1665 tenebant
3458 1623 3479 1661 :

1935 1732 1980 1788 Β
2014 1726 2035 1761 t
2065 1709 2248 1764 Gallos
2293 1709 2383 1764 alii
2417 1724 2514 1780 per
2561 1712 2800 1771 dumeta,
2832 1717 2889 1763 et
2936 1721 3065 1761 saxa
3111 1717 3325 1775 aspera,
3360 1700 3451 1755 alii
3487 1711 3596 1771 per

2007 1799 2287 1854 cuniculos
2316 1799 2501 1854 dicunt
2522 1808 2748 1854 conatos
2780 1812 2901 1851 esse
2932 1795 3250 1851 ascendere.
3280 1810 3300 1843 ι

2077 1910 2192 1966 Col.
2232 1910 2332 1964 182
2388 1910 2430 1964 D
2475 1910 2530 1965 4.
2581 1908 2935 1979 Ἀνθρώπων
2981 1920 3236 1962 κατασκ.
3279 1904 3395 1960 Duo
3432 1900 3594 1971 Regii

2007 2016 2137 2057 mss.
2166 2003 2705 2073 παρασκευάσαντος.

2078 2117 2213 2172 ibid.
2262 2116 2304 2170 D
2329 2117 2385 2172 5.
2426 2115 2495 2171 Ut
2521 2116 2742 2172 seleucis
2786 2117 2919 2170 avis.
2959 2113 3086 2168 Haec
3120 2111 3275 2167 aliter
3305 2112 3596 2179 interpun-

2008 2209 2180 2277 genda
2218 2219 2364 2274 sunt,
2397 2218 2563 2279 atque
2600 2209 2671 2264 ab
2695 2209 2990 2277 interprete
3019 2205 3227 2276 digesta
3252 2210 3589 2267 occurrunt;

2009 2301 2238 2354 iteratur
2304 2300 2448 2355 enim
2514 2298 2868 2368 interrogatio
2926 2297 2979 2352 in
3041 2305 3194 2352 textu
3244 2293 3433 2349 Graeco
3480 2292 3591 2346 hac

2010 2392 2218 2447 ratione
2247 2410 2261 2446 :
2304 2410 2325 2442 ι
2349 2393 2529 2460 Atque
2558 2389 2912 2445 mandatum?
2949 2402 3186 2459 quonam
3220 2370 3382 2456 pacto
3407 2384 3593 2438 seleu-

2009 2485 2089 2540 cis
2112 2484 2228 2539 avis
2251 2498 2373 2538 eam
2418 2483 2743 2553 insequitur,
2794 2481 3094 2537 remedium
3128 2479 3321 2544 cladis,
3361 2476 3594 2530 insatia-

2008 2574 2168 2629 bilem
2197 2589 2228 2629 a
2258 2584 2509 2630 creatore
2537 2584 2791 2629 naturam
2822 2572 3013 2628 sortita
3035 2612 3050 2635 ,
3084 2585 3190 2639 quo
3219 2577 3366 2623 tanta
3402 2565 3592 2621 divino

2010 2666 2187 2721 benef.
2222 2666 2429 2737 pernic.
2458 2681 2488 2720 e
2516 2665 2657 2720 med.
2703 2664 2814 2719 tolli
2846 2663 3057 2733 possit?
3085 2680 3105 2714 ι
3156 2661 3396 2715 Illustrat
3437 2656 3593 2711 hunc

2009 2754 2186 2810 locum
2238 2757 2689 2825 interpretatione
2734 2769 2829 2811 sua
2877 2764 2935 2809 et
2976 2752 3221 2821 exemplo
3244 2750 3590 2813 Ambrosius,

2008 2846 2104 2900 lib.
2138 2862 2189 2910 v,
2228 2862 2277 2903 c.
2326 2846 2397 2902 25
2430 2867 2442 2902 :
2480 2866 2499 2899 t
2523 2845 2778 2910 Locusta,
2827 2847 2967 2900 sicut
3009 2845 3064 2898 in
3110 2842 3296 2897 Exodo
3334 2840 3590 2910 legimus,

2010 2939 2249 2994 ctelestis
2282 2940 2544 2994 ultionem
2597 2938 2917 2994 oll‘ensionis
2949 2936 3288 3005 exsequitur,
3330 2932 3434 3003 pia:
3481 2931 3592 2984 mi-

2012 3029 2181 3083 nistra
2223 3029 2478 3084 vindicta:
2513 3045 2529 3084 :
2566 3030 2707 3084 hanc
2750 3044 2967 3098 quoque
2999 3029 3116 3081 avis
3150 3026 3376 3080 devorat
3409 3021 3593 3077 seleu-

2004 3120 2104 3187 cis,
2152 3120 2233 3175 sic
2271 3119 2419 3174 enim
2453 3119 2642 3175 Graeco
2684 3119 2802 3173 avis
2830 3118 2947 3175 haec
2978 3124 3320 3185 nuncupatur
3342 3110 3588 3177 nomine,

2004 3216 2132 3270 data
2163 3216 2232 3269 ad
2255 3215 2553 3290 remedium
2580 3213 2866 3281 malorum,
2907 3228 3029 3284 quae
3055 3213 3261 3267 locusta
3292 3206 3588 3266 consuevit

2002 3310 2222 3365 inferre.
2256 3327 2275 3361 ι
2330 3307 2646 3363 Eustathius
2671 3306 2863 3364 Latina
2896 3307 3131 3361 dictione
3155 3305 3321 3359 utitur
3347 3321 3363 3358 :
3394 3301 3581 3369 «Quo-

2002 3399 2166 3455 modo
2203 3399 2367 3454 etiam
2416 3412 2634 3468 mergus
2680 3397 3048 3452 insatiabilem
3078 3394 3333 3450 vescendi
3373 3394 3588 3463 patitur

2004 3490 2238 3555 orexim,
2269 3503 2365 3559 per
2387 3502 2549 3558 quam
2597 3487 2914 3543 vulneribus
2954 3486 3037 3542 sui
3084 3485 3290 3540 ventris
3338 3483 3584 3539 remedia

2003 3578 2250 3635 sanitatis
2267 3577 2541 3649 acquirit?
2564 3596 2586 3630 η»
2614 3577 2870 3643 Galenus,
2901 3575 2996 3630 lib.
3018 3592 3069 3629 vr
3097 3576 3173 3630 De
3196 3574 3323 3629 locis
3352 3574 3580 3643 a/fectis,

2001 3686 2122 3740 cap.
2161 3670 2199 3724 5
2237 3688 2252 3724 :
2292 3669 2382 3732 Ὦς
2410 3671 2523 3732 τοῖς
2574 3667 2882 3740 ὀρνιφύοις,
2932 3665 2969 3721 ἃ
2999 3664 3257 3719 καλοῦσιν
3306 3667 3366 3718 ἐν
3424 3664 3583 3735 Ἀσίᾳ

1998 3762 2131 3834 παρ’
2181 3763 2311 3832 ἡμῖν
2374 3758 2703 3822 σελευκίδαςο
2755 3756 3086 3818 ἁττελὰὅους
3135 3755 3245 3826 γὰρ
3285 3752 3460 3808 ταῦτα
3512 3753 3583 3807 δι’

1997 3852 2126 3922 ὅλης
2171 3850 2383 3922 ἡμέρας
2424 3849 2715 3921 ἀπλήστως
2755 3846 3000 3901 ἐσθίοντα
3057 3845 3355 3916 διαταχέως
3386 3844 3583 3911 αὐτοὺς

1999 3941 2278 4013 ἐκκρίνεισ
2336 3957 2354 3990 t
2390 3939 2457 3995 Ut
2514 3938 2778 4004 aviculte,
2828 3951 2979 4005 «quas
3022 3945 3293 3990 nostrates
3345 3936 3400 3988 in
3452 3934 3583 3989 Asia

2001 4034 2302 4089 seleucidas
2328 4040 2545 4095 vocant,
2574 4029 2778 4100 iugiter
2808 4029 2955 4083 enim
2981 4042 3045 4082 ac
3078 4036 3189 4082 toto
3223 4028 3312 4082 die
3341 4026 3586 4081 locustas

1998 4122 2183 4188 edunt,
2221 4130 2275 4175 at
2299 4120 2554 4176 celeriter
2593 4133 2688 4174 cas
2728 4126 3048 4174 excernunt.
3080 4135 3098 4169 ι
3156 4115 3456 4179 Gesnerus,
3487 4116 3581 4170 lib.

1999 4226 2061 4267 tu
2092 4211 2166 4266 De
2182 4211 2387 4277 avibus,
2412 4209 2563 4263 addit
2594 4223 2662 4264 ex
2689 4213 2816 4263 Ant.
2850 4205 3027 4263 Galat.
3058 4206 3136 4261 De
3161 4205 3401 4277 Japygite
3434 4207 3580 4261 situ:

2004 4304 2132 4361 t-De
2160 4304 2353 4359 harum
2409 4301 2589 4356 avium
2642 4314 2840 4372 genere
2869 4300 3040 4355 videri
3084 4314 3239 4354 avem
3287 4298 3581 4363 marinam,

1928 4431 1974 4486 Β
2000 4414 2123 4469 quae
2149 4398 2202 4452 in
2235 4396 2429 4467 Apulia
2469 4395 2626 4464 gaina
2676 4394 2897 4459 dicitur,
2928 4410 3048 4465 quae
3083 4395 3325 4450 bruchos
3357 4395 3425 4451 iis
3453 4394 3584 4450 locis

2002 4490 2225 4546 nimium
2268 4488 2606 4544 abundantes
2648 4487 2912 4552 devorat,
2968 4497 3024 4543 et
3070 4487 3188 4542 ovis
3229 4501 3419 4542 eorum
3456 4488 3581 4542 feti-

1997 4583 2209 4652 busque
2243 4580 2517 4636 vescitur:
2553 4598 2574 4632 ι
2621 4580 2764 4649 quod
2819 4589 3082 4635 annotare
3119 4595 3298 4651 operae
3348 4581 3580 4650 pretium

1997 4672 2202 4734 censui,
2228 4670 2481 4740 quoniam
2522 4666 2746 4739 Ulysses
2784 4668 3166 4726 Aldrovandus
3207 4669 3305 4725 lib.
3351 4685 3408 4734 ι,
3459 4685 3578 4738 cap.

1997 4761 2033 4816 5
2063 4761 2460 4830 Ornilholagiw,
2495 4774 2674 4815 meras
2705 4774 2829 4819 esse
2860 4759 3069 4815 fabulas
3129 4770 3312 4829 putat,
3364 4775 3485 4830 quae
3514 4761 3580 4814 de

2001 4850 2278 4907 seleucide
2343 4856 2559 4904 veteres
2622 4851 2996 4920 prodiderunt.
3068 4850 3319 4905 Zosituus
3387 4850 3583 4906 Comes

1995 4943 2332 4999 seleuciades
2378 4942 2614 5012 appellat
2655 4957 2785 4996 aves
2819 4944 2949 4997 istas
2996 4941 3136 4995 lib.t
3171 4941 3403 5008 "istan,
3459 4957 3579 5013 pag.

1995 5034 2099 5090 659
2152 5035 2283 5089 edit.
2312 5033 2592 5089 Wechel.:
2620 5034 2827 5088 Ἅπασι
2859 5037 2971 5098 τοῖς
3003 5034 3109 5089 ὑπὸ
3135 5034 3312 5106 λύμης
3345 5034 3582 5104 ἀκρίδων

1993 5123 2401 5196 ἐνοχλουμένοις
2458 5125 2808 5189 πλευκιάδας
2867 5125 3215 5198 παραδιδοὺς,
3259 5126 3314 5179 αἱ
3362 5125 3427 5197 δὴ
3464 5130 3584 5190 ταῖς

1995 5219 2181 5289 ἀκρίσι
2226 5217 2786 5290 συμπεριιπτάμεναι,
2823 5219 2916 5271 καὶ
2960 5222 3067 5282 τοῖς
3103 5219 3336 5289 στόμασι
3378 5219 3581 5284 ταύτας

1992 5307 2299 5379 δεχόμεναι,
2342 5309 2681 5380 παραχρῆμα
2721 5308 2925 5380 πλῆθος
2974 5309 3201 5380 ἄπειρον
3242 5309 3578 5382 διέφθειρον·

2000 5419 2019 5453 t
2045 5401 2198 5469 Quod
2227 5401 2482 5456 omnibus
2507 5418 2537 5454 a
2562 5400 2897 5456 locustarum
2944 5401 3033 5455 lue
3079 5402 3287 5455 vexatis
3320 5400 3581 5455 seleucia-

1994 5494 2092 5550 des
2121 5494 2252 5548 dare
2293 5492 2482 5549 solitus
2515 5490 2701 5559 fuerit,
2733 5509 2853 5563 quae
2879 5492 3085 5548 circum
3125 5493 3366 5548 locustas
3393 5492 3583 5547 volan-

1996 5596 2098 5650 tes,
2125 5593 2178 5639 et
2203 5585 2400 5641 rostris
2431 5599 2528 5640 eas
2554 5584 2834 5655 capientes
2855 5625 2871 5652 ,
2920 5585 3189 5641 inﬁnitam
3224 5601 3411 5641 earum
3441 5584 3583 5641 mul-

1995 5677 2278 5736 titudinem
2311 5677 2497 5735 statim
2523 5677 2899 5735 absumebant.
2936 5696 2956 5731 ι
2991 5676 3238 5735 Meminit
3284 5692 3476 5735 earum
3522 5686 3578 5735 et
