3824 6214
214 333 240 384 1
253 331 361 384 005

1311 321 1402 375 AD
1440 317 1765 376 HOMILIAS
1803 315 1870 370 lN
1911 314 2414 372 HEXAEMERON.

3330 313 3469 368 1006

211 443 426 498 Plinius
467 441 560 496 lib.
585 457 644 506 ι,
685 455 804 511 cap.
827 439 921 505 9.7,
951 446 1007 493 et
1035 438 1148 509 ipse
1177 436 1406 494 Basilius
1470 439 1616 493 hom.
1667 437 1699 490 7
1737 438 1790 490 in
1823 441 1863 496 Α
1900 454 1918 486 ι
1956 434 2142 504 Neque
2177 437 2322 491 enim
2355 436 2592 491 Eliseum
2623 435 2820 497 amici,
2853 435 3008 503 quasi
3041 433 3242 488 malum
3285 433 3470 488 convi-

211 535 548 586 ditescentes.

288 619 408 674 Col.
439 619 541 672 185
567 618 610 672 Ι)
639 620 692 674 8.
730 617 998 683 Mulieres,
1039 616 1248 670 sedetis.
1303 616 1574 686 lnterpres
1609 616 1792 671 edide-

214 721 340 776 rat,
390 730 411 764 ι
449 710 493 766 0
526 711 818 776 mulieres,
873 711 1118 779 repetitis
1160 711 1371 764 vicibus
1420 709 1701 773 ordimini,
1738 716 1794 762 et

215 805 547 871 retorquetis
576 811 812 856 vestram
847 801 1220 868 operationem
1253 799 1657 863 sedentariam,
1702 799 1788 852 ﬁla

216 894 514 957 nimirum,
543 910 560 942 ι
587 900 694 944 etc.
723 889 1063 953 Eustathius,
1089 908 1107 940 ι
1146 890 1348 956 Itaque,
1377 903 1472 943 vos
1491 898 1750 943 matrona:
1773 927 1788 952 ,

209 985 436 1054 quando
481 983 682 1037 sedetis
726 997 912 1036 eorum
972 981 1314 1036 revolventes
1361 995 1558 1048 Opera,
1614 980 1668 1034 id
1707 990 1792 1034 est

213 1079 472 1141 stamina,
509 1092 628 1145 qua:
657 1075 816 1130 Seres
845 1075 952 1128 huc
987 1077 1252 1145 dirigunt.
1286 1094 1304 1126 ι
1349 1073 1592 1128 Cornarii
1625 1072 1788 1124 verba

213 1171 623 1236 usurpavimus,
657 1183 831 1236 neque
851 1167 1094 1221 obsecuti
1127 1180 1314 1219 sumus
1341 1163 1642 1219 doctissimi
1681 1162 1785 1216 viri

211 1263 562 1331 conjectum,
597 1261 687 1329 qui
717 1261 802 1313 hic
833 1260 1110 1327 legendum
1153 1259 1387 1322 censuit,
1417 1255 1788 1325 ὲνατενιζόμε-

210 1371 323 1416 ναι,
357 1370 377 1403 ι
414 1353 706 1415 intuentes,
738 1369 756 1400 ι
789 1365 888 1418 pro
913 1346 1402 1420 ἀναπηνιζόμεναι,
1427 1347 1623 1414 quippe
1645 1345 1788 1414 quod

209 1457 267 1500 et
293 1447 402 1500 dno
442 1444 591 1513 Regii
626 1445 897 1512 vulgatam
945 1441 1235 1496 lectionem
1280 1449 1555 1502 tueantur,
1588 1447 1642 1492 et
1666 1439 1791 1490 Ari-

211 1537 438 1589 stoteles
488 1537 554 1588 de
607 1534 962 1604 bombycibus
1015 1547 1184 1602 agens
1233 1533 1335 1586 hoc
1383 1533 1572 1586 eodem
1623 1530 1789 1583 verbo

211 1637 421 1691 utatur,
448 1626 540 1678 lib.
568 1639 620 1688 ν,
643 1639 690 1678 c.
728 1624 817 1686 19,
855 1622 1057 1676 Histor.
1087 1622 1306 1676 animal.
1331 1638 1351 1676 :
1394 1623 1490 1675 Ἐκ
1514 1622 1572 1675 δὲ
1597 1621 1785 1674 τούτου

208 1719 354 1784 ζὼου
386 1720 481 1770 καὶ
503 1717 571 1768 τὰ
599 1715 865 1787 βομὸύκια
893 1714 1180 1768 ἀναλύουσι
1205 1713 1314 1767 τῶν
1341 1713 1614 1782 γυναικῶν
1641 1729 1786 1775 τινες

1897 539 2016 578 vam
2045 526 2281 595 agmstia
2315 534 2674 595 apponentcm
2703 525 2873 588 olera,
2909 523 3233 580 refutarunt.
3268 541 3287 573 ι

1966 613 2100 670 Ibid.
2144 612 2186 668 C
2236 614 2320 670 11.
2383 617 2466 670 An
2501 617 2724 682 speciem
2763 614 2950 666 habeat
2999 613 3176 666 vanni.
3221 610 3468 666 Graecam

1894 722 2079 761 vocem
2114 707 2410 762 retinuerat
2439 708 2807 778 Argyropylus
2830 748 2845 771 ,
2897 726 2916 757 ‹
2953 722 3020 758 an
3057 703 3388 766 licnoeides,
3417 710 3472 753 et

1898 799 1950 852 in
2004 799 2184 852 medio
2218 814 2476 855 concava.
2515 818 2537 854 ι
2589 799 2884 856 Carnarius
2926 799 3084 863 dixit,
3121 816 3139 848 ι
3178 809 3359 852 vanno
3407 810 3472 848 ac

1893 889 2197 944 ventilabro
2259 890 2475 947 similis.
2529 910 2548 943 ι
2613 891 2931 946 Eustathius
2981 890 3199 959 penitus
3254 886 3464 942 omisit.

1892 978 1983 1034 Sic
2033 981 2172 1050 apud
2204 981 2570 1046 Aristotelem,
2620 981 2714 1037 lib.
2765 981 2930 1048 niDe
2989 981 3155 1045 caelo,
3191 995 3312 1050 cap.
3359 979 3462 1044 15,

1891 1071 2076 1126 eadem
2113 1085 2254 1128 terra
2289 1073 2487 1130 dicitur
2513 1091 2526 1128 :
2557 1074 2794 1128 Πλατεῖα
2826 1075 2921 1127 καὶ
2947 1073 3009 1126 τὸ
3039 1073 3225 1143 σχῆμα
3251 1088 3467 1142 τυμπα-

1891 1165 2118 1230 νοειδές,
2165 1183 2185 1217 ι
2222 1166 2380 1235 plana
2410 1175 2464 1220 et
2497 1166 2667 1234 ﬁgura
2697 1176 2951 1236 tympano
2995 1165 3188 1220 similis
3213 1205 3228 1228 ,
3266 1184 3284 1216 ι
3323 1161 3467 1233 quod

1893 1274 2057 1312 unum
2095 1257 2264 1312 fuisse
2294 1273 2362 1312 ex
2401 1257 2617 1327 placitis
2650 1256 2909 1327 Leucippi
2943 1255 3250 1324 pltllOSOplll
3303 1255 3469 1309 refert

1892 1347 2215 1403 Plutarchus
2243 1347 2334 1402 lib.
2371 1364 2454 1413 ιιι,
2480 1364 2531 1402 c.
2561 1348 2650 1410 10,
2684 1348 2759 1402 De
2790 1348 3001 1416 placitis
3035 1347 3332 1415 philosoplt.
3362 1345 3466 1398 De-

1894 1444 2151 1496 mocritus
2178 1458 2302 1496 vero
2324 1483 2337 1505 ,
2365 1441 2636 1511 δισκοειδῆ
2671 1442 2767 1512 μὲν
2803 1440 2881 1511 τῷ
2914 1439 3106 1492 πλάτει
3134 1478 3148 1502 ,
3179 1438 3365 1508 κοίλην
3407 1436 3465 1489 δὲ

1889 1532 1949 1584 τὸ
1985 1533 2172 1602 μέσον,
2211 1553 2228 1584 ι
2266 1532 2498 1587 formant
2531 1533 2664 1586 disci
2701 1534 2903 1586 habere
2934 1543 3136 1585 terram
3186 1532 3237 1583 iu
3275 1544 3468 1598 sUper-

1891 1615 2036 1679 ﬁcie,
2073 1617 2125 1668 in
2159 1617 2335 1669 medio
2366 1631 2553 1670 cavam
2589 1632 2711 1670 esse
2737 1617 2969 1671 dicebat.
3003 1635 3021 1667 ι

1961 1706 2077 1761 Col.
2106 1709 2202 1762 191
2236 1709 2343 1762 135.
2377 1707 2443 1762 Ut
2463 1709 2743 1777 ﬁguratus.
2774 1712 3039 1780 Argyrop.
3067 1727 3080 1762 :
3116 1727 3133 1760 ι
3175 1708 3262 1762 Uti
3290 1707 3468 1761 forma

208 1807 674 1878 ἀναπηνιζόμεναι
694 1848 708 1871 ,
738 1807 971 1860 κᾶπειτα
1001 1804 1315 1874 ὑφαίνουσιν
1337 1821 1350 1834 ο
1395 1821 1412 1854 ι
1436 1803 1512 1856 Ex
1535 1805 1637 1856 hoc
1669 1803 1782 1855 ani-

1895 1809 1945 1854 le
1977 1811 2168 1854 natura
2207 1801 2507 1872 insignivit,
2538 1811 2592 1857 et
2621 1810 2766 1857 tuam
2792 1804 2956 1856 vitam
2986 1804 3276 1872 disponere
3311 1801 3466 1856 velis.

209 1904 372 1956 malis
410 1915 607 1970 genere
637 1899 922 1970 bombycia
957 1899 1047 1951 illa
1085 1897 1343 1952 mulieres
1383 1894 1652 1950 nonnullae
1705 1910 1790 1947 re-

209 1993 516 2062 torquendo
541 1993 592 2044 in
625 1992 769 2044 ﬁlum
799 1991 1090 2053 deducunt,
1118 1990 1311 2043 deinde
1339 1987 1790 2041 texuntal’linius

207 2097 427 2152 quoque
462 2082 553 2136 lib.
585 2096 661 2144 XI,
691 2095 813 2150 cap.
846 2080 938 2143 25,
973 2080 1204 2133 Ianiﬁcia
1242 2078 1565 2148 bombycum
1588 2069 1790 2131 sei-ibit

208 2176 442 2229 humore
465 2173 785 2234 lentescere,
820 2186 942 2224 mox
977 2170 1028 2222 in
1061 2170 1147 2223 lila
1179 2168 1390 2222 tenuari
1417 2168 1616 2236 junceo
1643 2165 1784 2222 fuso.

209 2263 445 2328 Suidas,
479 2263 815 2334 ἀναπηνίζω,
847 2263 1181 2332 ἁναλὲγομαι
1203 2301 1218 2324 ,
1250 2260 1456 2324 ὲκλύω,
1489 2259 1784 2324 ἀνακυλίω,

211 2375 233 2410 ι
284 2359 389 2411 hoc
417 2366 500 2411 est
524 2395 539 2420 ,
567 2356 688 2409 I'uso
713 2355 1050 2408 circumacto
1080 2354 1355 2422 recolligo,
1387 2367 1452 2406 ac
1479 2351 1716 2405 revolvo.
1762 2369 1780 2402 ι

208 2448 270 2504 S.
319 2447 665 2511 Ambrosius,
721 2444 818 2502 lib.
866 2459 917 2512 v,
961 2442 1220 2513 cap.25:
1275 2461 1294 2494 ι
1346 2442 1424 2497 Ex
1475 2441 1636 2511 hujus
1685 2441 1787 2494 Iilis

205 2542 392 2597 mollia
427 2541 519 2594 illa
557 2538 720 2593 Seres
764 2537 1057 2606 depectant
1088 2535 1325 2600 vellera,
1377 2549 1499 2602 quae
1542 2535 1608 2587 ad
1658 2548 1786 2587 usus

204 2635 310 2690 sibi
357 2633 606 2703 proprios
644 2629 837 2684 divites
883 2629 1247 2682 vindicarunt.
1296 2647 1314 2681 ι
1367 2627 1574 2681 Alludit
1621 2627 1785 2681 nimi-

205 2741 330 2780 rum
365 2724 431 2777 ad
463 2722 593 2776 illud
622 2720 828 2790 Virgilii
862 2735 899 2773 ιι
928 2718 1168 2789 Georgio.
1199 2735 1219 2772 :

293 2836 598 2905 Velleraque
622 2845 674 2888 ut
703 2834 847 2903 {aliis
879 2835 1147 2903 depectant
1178 2835 1356 2888 tenuia
1381 2831 1552 2895 Seres.

205 2950 317 3004 Sed
365 2949 768 3003 observandum
817 2956 902 3002 est
953 2947 1217 3017 quosdam
1266 2962 1330 3002 ex
1382 2930 1690 3005 veteribus-—
1711 2951 1785 3006 ita

205 3043 428 3096 laniﬁcii
461 3041 621 3110 hujus
645 3051 824 3095 ortum
858 3055 1106 3104 narrare,
1145 3049 1203 3093 ut
1229 3040 1393 3094 velint
1425 3039 1590 3098 Seres
1618 3041 1785 3098 India:

203 3134 436 3204 populos
488 3149 555 3187 ex
601 3133 746 3186 foliis
785 3142 838 3186 et
877 3133 1040 3185 ramis
1083 3133 1336 3185 arborum
1371 3133 1458 3185 Illa
1494 3133 1776 3203 depectere
1813 3152 1855 3210 ρ

210 3229 330 3282 haec
373 3227 569 3281 serica.
605 3226 680 3279 Ita
721 3226 948 3290 Plinius,
983 3224 1076 3279 lih.
1118 3240 1191 3290 vt,
1245 3241 1363 3294 cap.
1406 3227 1513 3282 I7:
1563 3246 1581 3278 ι
1622 3227 1784 3284 Seres

202 3320 448 3374 laniﬁcio
476 3320 732 3372 silvarum
767 3317 996 3382 nobiles,
1027 3316 1299 3385 perfusam
1327 3331 1466 3386 aqua
1498 3318 1784 3387 depecten-

203 3427 287 3468 tes
343 3411 620 3465 frondium
669 3408 926 3462 canitiem
977 3425 990 3461 :
1056 3408 1195 3461 unde
1247 3410 1495 3476 geminus
1563 3409 1781 3467 feminis

199 3503 414 3560 nostris
443 3501 616 3563 labor,
643 3498 986 3553 redordiendi
1004 3498 1118 3560 lila,
1143 3513 1472 3566 rursumque
1492 3502 1726 3554 texendi.
1755 3522 1773 3554 ι

197 3597 386 3649 Amm.
423 3592 804 3653 Marcellinus,
843 3589 935 3643 lib.
969 3605 1104 3643 xxnt
1133 3606 1148 3643 :
1186 3607 1205 3640 ι
1238 3591 1389 3658 Apud
1409 3591 1572 3646 Seras
1598 3593 1782 3645 sublu-

197 3689 336 3743 cidae
367 3686 537 3750 silvae,
562 3685 616 3738 in
643 3685 838 3753 quibus
860 3685 1113 3737 arborum
1143 3682 1285 3736 fetus
1313 3697 1576 3751 aquarum
1601 3698 1781 3752 asper-

197 3781 422 3850 ginibus
460 3778 668 3832 crebris
715 3777 862 3830 velut
901 3777 1148 3845 quaedam
1194 3774 1394 3828 vellera
1452 3775 1777 3841 mollientes,

198 3889 264 3926 ex
297 3873 556 3940 lanugine
589 3879 644 3924 et
683 3869 892 3937 liquore
946 3868 1161 3920 mistam
1208 3866 1564 3921 subtilitatem
1600 3877 1779 3922 tener-

200 3964 398 4017 rimam
436 3970 674 4028 pectunt.
719 3980 736 4010 ι
771 3962 838 4012 At
869 3958 1098 4011 Basilius
1126 3968 1181 4010 et
1209 3956 1530 4012 Ambrosius
1576 3959 1644 4012 ab
1694 3959 1778 4012 his

199 4053 417 4123 populis
449 4051 611 4104 Indiae
644 4051 779 4102 mitti
806 4050 1043 4103 sericum
1078 4065 1143 4102 ex
1175 4050 1496 4117 bombycum
1540 4048 1780 4104 lanificio

199 4147 544 4210 desumptum
602 4142 788 4194 volunt
825 4159 840 4206 ;
872 4156 980 4208 quo
1017 4150 1176 4208 pacto
1229 4142 1394 4192 etiam
1442 4140 1686 4206 Servius,
1726 4143 1778 4195 in

203 4236 356 4290 illum
393 4233 602 4301 Virgilii
645 4231 820 4284 locum
863 4231 1127 4293 seribens,
1161 4246 1378 4284 vermes
1401 4230 1524 4286 illos
1549 4232 1779 4302 bomby-

203 4342 297 4381 ces
349 4325 404 4378 in
457 4323 742 4377 arboribus
791 4321 1087 4374 collocatos
1143 4318 1310 4374 fuisse
1360 4327 1549 4389 putat,
1596 4335 1778 4388 neque

203 4417 383 4470 lanam
436 4416 722 4468 arboream
768 4413 1030 4478 admittit,
1062 4413 1189 4466 licet
1230 4413 1321 4467 alii
1357 4413 1514 4468 multi
1562 4413 1776 4469 dissen-

203 4509 348 4564 tiant
378 4506 647 4561 historici.

271 4639 390 4697 Col.
432 4639 536 4692 185
577 4638 620 4692 Β
663 4637 714 4691 7.
771 4636 1210 4707 Ἐπιθυμητικά.
1247 4637 1362 4693 Duo
1398 4640 1552 4710 Regii
1588 4643 1780 4698 melius

200 4731 536 4802 ἐπιθυμητὰ,
563 4741 620 4784 ιιι
652 4740 706 4783 et
738 4732 930 4798 psalm.
967 4744 1122 4790 xvnt,
1157 4730 1244 4783 II.

271 4847 389 4902 Col.
421 4846 521 4899 187
563 4845 608 4896 Α
636 4844 724 4898 II.
769 4842 1054 4897 Matutina.
1090 4842 1204 4898 Non
1243 4853 1300 4898 ut
1333 4844 1605 4914 interpres
1639 4845 1780 4900 scri-

201 4948 409 5010 pserat,
459 4955 478 4987 (
533 4952 695 5005 quant
746 4951 942 4990 aurora
987 4935 1269 4990 exoriente
1319 4937 1555 5004 primum
1612 4954 1777 5007 appa-

202 5032 339 5086 ravi.
384 5048 404 5081 ι
451 5028 532 5082 Ad
567 5030 810 5091 verbum,
847 5050 866 5077 ι
907 5042 1091 5080 mensa
1128 5042 1464 5082 sermonum.
1518 5049 1536 5083 ι
1579 5030 1774 5084 Eusta-

202 5125 318 5178 thio
339 5163 355 5186 ,
389 5141 407 5173 ι
439 5119 914 5174 sermocinationis
941 5117 1207 5170 matutina
1236 5134 1420 5172 mensa
1447 5137 1461 5172 :
1506 5138 1524 5171 ι
1563 5136 1629 5174 ne
1654 5124 1775 5188 quis

201 5215 342 5270 forte
386 5223 597 5283 putaret
627 5227 839 5266 summo
874 5224 1030 5264 mane
1058 5208 1380 5264 concionari
1411 5210 1628 5264 solitum
1665 5211 1772 5264 Ba-

201 5308 404 5362 silium.
439 5304 609 5358 Porro
660 5304 858 5357 factum
905 5302 1066 5356 lilisei
1117 5311 1371 5355 narratur
1413 5301 1475 5354 IV
1510 5301 1644 5372 Reg.
1686 5320 1770 5364 ιιι,

200 5401 317 5455 39:
369 5398 464 5452 sed
511 5396 666 5463 illud,
695 5394 1062 5465 παρῃτοῦντο,
1110 5393 1376 5448 nonsatis
1425 5407 1774 5462 expresserat

200 5490 604 5561 Argyropylus,
652 5507 671 5539 ι
715 5489 767 5541 in
802 5486 1104 5556 praebendis
1143 5485 1319 5554 epulis
1366 5486 1488 5540 vilis
1537 5488 1774 5542 habeba-

201 5594 309 5638 tur.
351 5600 370 5633 ι
412 5581 729 5635 Eustathius
759 5580 941 5634 dixit:
987 5597 1007 5630 ι
1047 5577 1235 5646 Neque.
1262 5579 1405 5633 enim
1435 5579 1674 5640 Eliseutn
1717 5591 1775 5634 ut

202 5676 510 5744 improbum
543 5681 814 5743 pastorem
838 5670 1148 5727 refutabant
1174 5671 1317 5725 illius
1352 5673 1606 5740 temporis
1641 5688 1776 5728 con-

202 5767 395 5821 vivae.»
426 5765 624 5822 Insistit
647 5763 886 5834 veStigiis
911 5763 1054 5820 beati
1079 5762 1371 5825 Ambrosii,
1399 5763 1491 5818 lib.
1515 5779 1588 5822 vt.
1616 5779 1664 5819 c.
1692 5765 1726 5817 ξ’.
1754 5782 1769 5818 ;

1891 1893 1947 1946 In
2002 1894 2274 1961 republica
2325 1896 2535 1950 caelesti
2577 1909 2820 1950 versare.
2855 1916 2874 1947 ι
2923 1896 3242 1951 Eustathius
3295 1895 3466 1960 dixit,

1896 2004 1914 2036 ι
1947 1987 2215 2054 quomodo
2244 1998 2402 2042 natus
2429 2002 2512 2051 es,
2533 1989 2604 2041 ita
2629 1989 2902 2058 propriam
2931 1989 3187 2058 disponas
3203 1988 3367 2042 vitam
3397 2003 3412 2038 :
3443 2007 3462 2038 ι

1889 2080 1982 2132 sed
2017 2078 2314 2134 Cornarius
2341 2079 2510 2134 multo
2541 2080 2752 2136 ﬁdelius
2786 2083 2955 2136 vertit
2984 2101 2997 2136 :
3037 2102 3054 2132 ι
3091 2082 3236 2135 velut
3265 2081 3466 2149 ﬁgura-

1890 2181 1976 2224 tus
2002 2186 2082 2234 es,
2117 2170 2190 2224 ita
2222 2172 2389 2226 etiam
2432 2172 2659 2241 dispone
2685 2184 2830 2228 tuam
2871 2176 3040 2244 ipsius
3065 2175 3252 2228 vitam.
3286 2194 3306 2226 ι
3352 2173 3468 2228 Hoc

1889 2263 2142 2316 nimirum
2168 2263 2282 2317 vult
2310 2264 2454 2328 quod
2481 2265 2676 2319 iisdem
2712 2281 2851 2334 pene
2891 2282 2956 2322 ac
2984 2267 3143 2335 plane
3186 2266 3464 2336 germanis

1889 2353 2079 2408 borum
2108 2354 2287 2408 verbis
2313 2354 2609 2427 Gregorius
2638 2358 2916 2428 Nyssenus
2944 2357 3061 2426 ejus
3087 2359 3256 2413 frater
3276 2399 3291 2422 ,
3317 2371 3464 2412 orat.

1886 2446 1921 2498 2
1949 2447 1999 2499 in
2030 2447 2182 2513 illud,
2217 2445 2502 2502 Faciamus
2529 2451 2816 2515 hominem,
2847 2450 3132 2522 ἄνθρωπος
3174 2449 3357 2503 οὐκέτι
3385 2451 3468 2510 εἰς

1886 2539 2128 2610 γαστέρα
2165 2539 2372 2610 βλέπει,
2419 2539 2533 2592 ἀλλ’
2581 2543 2660 2605 εἰς
2709 2541 2776 2594 τὰ
2839 2541 2971 2595 ἄνω.
3031 2541 3256 2612 Κεφαλὴ
3316 2539 3466 2609 αὐτῷ

1887 2624 2101 2703 ὑψηλὴ,
2132 2632 2219 2684 ἵνα
2259 2632 2356 2703 τὴν
2391 2632 2502 2686 ἅνω
2547 2633 2716 2704 βλέπῃ
2765 2635 3103 2702 συγγένειαν,
3168 2633 3466 2705 Ὁφϐαλμοὶ

1886 2725 1986 2776 οὐκ
2017 2725 2095 2787 εἰς
2126 2725 2224 2794 τὴν
2255 2724 2359 2794 γῆν
2400 2725 2666 2790 νεύοντες.
2693 2727 2784 2798 Μὴ
2831 2727 3009 2781 τοίνυν
3054 2727 3194 2780 ποίει
3241 2729 3467 2781 σεαυτὸν

1893 2814 2039 2886 παρὰ
2072 2814 2254 2885 φύσιν,
2290 2815 2363 2886 μὴ
2397 2815 2465 2870 τὰ
2497 2819 2661 2888 γήινα
2706 2821 3051 2890 περισκόπει.
3085 2838 3104 2870 ι
3138 2819 3313 2876 Homo
3355 2836 3464 2876 nan

1889 2921 2130 2964 ventrem
2174 2911 2426 2980 despicit,
2475 2911 2570 2966 sed
2616 2912 2896 2978 superiora
2924 2919 3235 2965 contuetur.
3289 2911 3467 2976 Caput

1890 2999 1964 3054 illi
1997 3000 2226 3056 sublime
2268 3011 2386 3067 est,
2419 3009 2480 3056 ut
2520 3016 2690 3070 genus
2730 3001 2951 3056 caeleste
2993 3002 3276 3090 suspicias.
3305 3001 3460 3058 Oculi

1892 3109 1997 3148 non
2034 3095 2260 3149 tendunt
2304 3095 2357 3150 in
2398 3104 2622 3150 terram.
2670 3094 2932 3162 Quocirca
2985 3111 3052 3150 ne
3099 3097 3208 3150 vim
3258 3097 3465 3158 inferas

1892 3194 2099 3240 natura:
2129 3194 2253 3250 tuae,
2282 3195 2482 3240 terram
2515 3201 2583 3241 ne
2614 3195 2848 3256 spectes.
2878 3205 2898 3238 ›
2935 3187 3146 3251 Cicero,
3178 3203 3218 3242 ιι
3246 3188 3325 3242 De
3359 3205 3461 3242 na—

1885 3285 2005 3328 tura
2063 3277 2252 3330 deor.:
2309 3293 2328 3328 ι
2382 3275 2626 3331 Primum
2677 3276 2929 3331 homines
2983 3279 3150 3333 humo
3195 3279 3464 3334 excitatos

1885 3367 2060 3424 celsos
2085 3377 2140 3422 et
2167 3377 2382 3424 erectos
2411 3369 2714 3436 constituit,
2742 3377 2799 3424 ut
2834 3370 3060 3423 deorum
3097 3371 3462 3442 cognitionem

1885 3461 2082 3516 ctelum
2133 3461 2408 3517 intuentes
2449 3476 2646 3532 capere
2692 3463 2922 3532 possint.
2972 3483 2990 3514 ι
3029 3464 3206 3530 0vid.,
3241 3481 3254 3517 I
3292 3463 3461 3518 Meta-

1883 3568 2016 3606 ﬂlOl’.
2045 3568 2066 3606 ἔ

1955 3642 2027 3716 Qs
2061 3645 2266 3698 homini
2294 3645 2515 3698 sublime
2536 3645 2700 3712 dedit,
2732 3647 3017 3716 cmlumque
3051 3651 3187 3701 tueri

1952 3713 2147 3779 Iussit,
2173 3725 2222 3768 et
2248 3726 2444 3769 erectos
2472 3719 2540 3767 ad
2567 3716 2742 3768 sidera
2764 3713 2945 3769 tollere
2981 3719 3175 3771 vultus.

1881 3827 2012 3884 Illud
2041 3843 2241 3896 porro,
2275 3827 2578 3898 πολίτευμα
2609 3827 2700 3899 ἔχε
2732 3831 2789 3881 ὲν
2820 3828 3104 3899 οὐρανοῖς,
3155 3849 3173 3880 ι
3217 3830 3268 3884 in
3311 3848 3460 3902 repn-

1882 3918 2017 3972 blica
2049 3917 2262 3974 cmlesti
2307 3934 2552 3985 versare,
2599 3940 2620 3972 ι
2679 3921 3064 3989 interpretatus
3093 3934 3176 3976 est
3213 3927 3460 3995 Argyro-

1881 4009 2066 4079 pylus,
2129 4025 2235 4064 non
2288 4011 2732 4069 animadvertetis
2781 4013 3016 4070 fortasse
3063 4018 3138 4070 uti
3200 4015 3460 4075 Basilium

1883 4101 2065 4157 verbis
2097 4102 2367 4172 Apostoli,
2395 4102 2731 4174 Philippeos.
2761 4120 2844 4173 ιιι,
2870 4105 2940 4160 20
2967 4125 2980 4160 :
3027 4107 3218 4178 Ἠμῶν
3243 4110 3310 4163 τὸ
3334 4126 3460 4178 Ατο-

1879 4193 2132 4264 νῖίτευμα
2153 4195 2225 4249 ἐν
2245 4195 2522 4263 οὐρανοῖς
2550 4199 2806 4267 ὑπάρχει
2833 4213 2846 4226 ·
2872 4201 3014 4270 quod
3042 4201 3282 4272 Vulgata:
3317 4205 3464 4258 Lati~

1884 4304 1965 4343 nae
1989 4301 2180 4344 auctor
2204 4290 2612 4360 interpretatur,
2641 4309 2661 4343 ι
2686 4292 2882 4348 Nostra
2913 4304 3094 4350 autem
3117 4301 3461 4353 conversatio

1884 4379 1936 4433 in
1964 4381 2120 4436 caelis
2149 4391 2266 4449 est,
2302 4403 2321 4435 ι
2358 4400 2463 4438 non
2489 4425 2506 4453 ,
2535 4393 2595 4439 ut
2619 4388 2799 4455 inepte
2829 4385 2967 4440 Beza
2995 4407 3009 4442 :
3047 4406 3064 4438 ι
3104 4389 3299 4443 Nostra
3331 4406 3460 4444 vero

1810 4497 1854 4552 ο
1883 4476 2079 4532 civitas
2113 4478 2163 4532 in
2191 4479 2347 4534 caelis
2373 4489 2498 4535 est:
2540 4499 2560 4533 ι
2597 4481 2790 4539 melius
2825 4482 3213 4549 Tertullianus,
3253 4485 3330 4539 De
3363 4503 3456 4539 co-

1885 4585 2016 4622 rona
2054 4570 2259 4637 militis,
2291 4587 2414 4639 eap.
2446 4572 2518 4628 δε
2551 4592 2570 4626 ι
2602 4572 2973 4642 Municipatus
3004 4586 3191 4630 noster
3216 4577 3270 4632 in
3299 4579 3458 4637 cmlis

1882 4669 1996 4728 est;
2048 4680 2067 4714 ι
2119 4673 2174 4717 et
2221 4674 2408 4716 contra
2464 4664 2824 4727 Marcionem,
2871 4667 2966 4721 lib.
3025 4684 3120 4732 ιιι,
3169 4680 3293 4738 cap.
3333 4671 3453 4726 24:

1887 4771 1905 4805 ι
1960 4753 2159 4824 Utique
2191 4756 2404 4813 caelesti
2441 4757 2651 4812 civitati
2682 4773 2806 4812 eum
2851 4760 3101 4828 deputat,
3129 4771 3186 4816 et
3226 4763 3461 4817 munici-

1881 4854 2066 4912 patum
2095 4827 2340 4903 nostrum
2365 4848 2419 4902 in
2447 4847 2603 4901 caelis
2626 4863 2748 4902 esse
2769 4827 3150 4917 pronuntians.
3187 4869 3207 4902 ι
3246 4849 3456 4907 Passim

1883 4945 2060 4990 tamen
2101 4937 2242 5006 apud
2282 4935 2474 4992 Patres
2505 4936 2725 4992 Graecos
2766 4951 2863 5006 pro
2909 4938 3152 4992 moribus
3191 4939 3458 5009 cujusque

1882 5027 2217 5096 privatorum
2270 5031 2506 5084 sumitur
2567 5029 2848 5094 πολιτεία,
2903 5029 2988 5084 vel
3044 5046 3144 5098 pro
3196 5031 3457 5088 Ecclesia:

1881 5118 2167 5188 disciplina
2187 5162 2203 5186 ,
2235 5122 2592 5190 quamobrem
2624 5121 2756 5176 illud
2805 5121 3181 5191 Chrysostomi
3207 5163 3223 5190 ,
3267 5124 3454 5184 homil.

1881 5211 1950 5265 75
1992 5214 2048 5266 in
2092 5211 2424 5280 Matthwum,
2461 5225 2608 5271 recte
2643 5216 2989 5270 itnmutatum
3038 5228 3124 5271 est
3152 5220 3457 5287 nuper‘sub

1875 5301 2042 5356 linem
2068 5303 2330 5360 humilia):
2372 5305 2508 5358 Ἀλλ’
2539 5306 2692 5360 οὐδὲν
2719 5305 2911 5376 ὄφελος
2942 5306 3192 5365 ἐντεῦθεν
3214 5310 3296 5373 εἰς
3319 5310 3458 5362 ἀπο-

1878 5393 2062 5462 λογίαν
2096 5395 2299 5460 αὐτοῖς,
2331 5395 2519 5468 ὥσπερ
2550 5391 2643 5450 οὖν
2671 5397 2792 5450 οὐδὲ
2821 5400 2932 5461 τοῖς
2962 5397 3237 5461 πολιτείας
3269 5397 3459 5455 ἕνεκεν

1882 5486 2363 5556 μετανοοῦσιτότεο
2399 5507 2418 5540 ι
2447 5489 2552 5542 Sed
2582 5490 2717 5544 nihil
2742 5489 3135 5546 utilitatisinde
3164 5491 3455 5562 accipient,

1879 5579 2333 5648 quemadmodum
2378 5595 2557 5650 neque
2596 5581 2672 5636 illi
2703 5582 2795 5652 qui
2825 5597 3016 5638 eversa
3043 5583 3274 5638 civitate
3319 5588 3460 5640 resio

1879 5671 2147 5739 piscunt.»
2176 5669 2288 5726 Imo
2310 5711 2326 5738 ,
2359 5691 2378 5726 ‹
2405 5675 2857 5748 quemadmodum
2887 5689 2986 5732 uec
3026 5675 3140 5746 illi,
3163 5691 3300 5748 quos
3342 5687 3456 5736 tum

1878 5764 2292 5828 vitaanteacta:
2319 5767 2628 5838 paenitebit.
