3824 6214
401 260 541 347 too't

1552 289 1762 348 NOTAE
1804 287 2198 347 FRONTONIS
2236 290 2467 349 ῡυΟΑΕί

3521 297 3664 353 ιοοδ

470 404 589 461 Col.
640 404 740 460 192
776 404 816 461 C
846 405 897 463 7.
936 409 1039 465 Διὰ
1064 410 1180 479 τὴν
1217 411 1286 465 ἐκ
1319 413 1584 481 φύσεως.
1628 413 1823 471 Omisit
1864 416 1970 470 hoc
1998 421 2045 477 Α
2073 413 2310 485 σκύμνον
2331 414 2549 479 λέοντος
2586 414 2788 480 Ἰούδας
2817 416 3115 472 αἰνίττεται
3142 416 3357 484 Ἰακὼϐ,
3374 417 3553 487 λέγων
3567 420 3662 474 τὸν

398 497 690 570 interpres,
729 511 785 556 at
828 518 933 559 non
963 505 1305 570 Eustathius,
1342 508 1433 575 qui
1476 507 1642 561 vertit
1668 507 1970 576 eleganter,

404 608 426 645 ι
459 596 595 647 vitio
641 594 909 663 superbiae
953 596 1218 652 naturalis
1266 598 1442 653 elatus
1482 597 1683 667 refugit
1733 599 1966 654 aliorum

397 685 876 741 consociationem.
930 705 949 739 ι
1001 686 1336 755 Cornarius,
1400 708 1424 741 ι
1481 700 1704 759 propter
1760 701 1971 748 natura:

396 777 725 847 superbiam.
766 796 783 829 ι
823 777 905 833 Ad
939 780 1199 845 verbum,
1234 799 1256 833 ι
1296 790 1519 852 propter
1546 783 1771 837 insitam
1811 798 1841 838 a
1875 799 1972 838 na-

397 877 517 923 tura
562 869 895 936 superbiam.
937 888 956 923 ι
994 871 1403 928 lmmutavimus
1434 874 1596 928 etiam
1634 874 1765 928 illud
1812 876 1972 942 paulo

392 972 515 1015 ante
545 961 866 1033 εὐχάριστον
895 963 925 1016 ὁ
958 962 1125 1029 κύων,
1167 982 1186 1017 ι
1238 965 1509 1033 gratiosus
1542 965 1696 1020 canis
1719 1008 1734 1032 ,
1788 985 1808 1018 ι
1846 982 1967 1020 nam

392 1053 714 1126 εὐχάριστος
737 1064 819 1108 est
845 1074 864 1107 ι
896 1072 1101 1111 memor
1119 1057 1389 1120 beneficii,
1417 1075 1436 1109 ι
1470 1072 1596 1123 non,
1624 1076 1645 1109 ι
1677 1058 1765 1128 qui
1795 1059 1968 1129 gratia

392 1148 557 1202 valet.
610 1166 628 1198 ι
675 1146 1026 1214 Eustathius,
1085 1169 1103 1201 ι
1146 1150 1427 1218 gratificus
1471 1150 1645 1207 canis.
1690 1169 1709 1202 ι
1776 1150 1970 1205 Simile

391 1240 518 1294 illud
546 1238 709 1303 infra,
739 1240 801 1293 τὸ
826 1240 884 1294 δὲ
918 1242 1263 1312 μνημόσυνον
1304 1242 1404 1313 τῆς
1438 1242 1665 1314 χάριτος
1698 1241 1793 1295 τοῦ
1820 1241 1966 1307 ζώου

388 1332 510 1386 τίνα
529 1331 638 1387 τῶν
668 1332 977 1404 ἀχαρίστων
1009 1333 1146 1405 πρὸς
1176 1334 1360 1405 εὐεργ.
1394 1334 1456 1387 ού
1485 1333 1739 1405 καταίσχ.

457 1425 576 1479 Col.
621 1426 724 1480 194
759 1425 799 1477 Β
846 1425 900 1481 8.
949 1425 996 1479 Ε
1044 1426 1266 1480 stabulis
1303 1428 1371 1480 ad
1421 1443 1504 1480 ex.
1556 1425 1964 1499 Argyropylus,

394 1538 413 1570 ι
451 1519 590 1574 lzetis
640 1519 952 1589 aspectibus
980 1533 1011 1573 e
1051 1520 1279 1574 stabulis
1323 1521 1437 1574 suis
1481 1521 1860 1587 egrediuntur,
1911 1531 1966 1576 et

387 1623 539 1667 recta
571 1612 638 1665 ad
688 1613 900 1666 viarum
936 1612 1117 1667 exitus
1153 1622 1422 1682 spectant.
1477 1630 1496 1663 ι
1548 1614 1621 1667 At
1672 1628 1779 1668 non
1836 1613 1968 1670 dicit

386 1714 593 1768 auctor,
642 1705 808 1759 boves
850 1705 1033 1775 egredi
1072 1720 1102 1757 e
1143 1703 1373 1759 stabulis
1418 1704 1614 1760 hiemis
1675 1714 1960 1775 tempore,

385 1796 482 1849 sed
508 1808 574 1849 ex
612 1794 680 1849 iis
717 1772 1089 1865 prospectare,
1135 1803 1299 1863 atque
1328 1794 1647 1865 egrediendi
1687 1772 1959 1865 cupidita-
1995 1772 2038 1829 Β

385 1894 495 1943 tem
523 1902 635 1957 prae
660 1904 718 1942 se
750 1886 895 1942 ferre
924 1906 937 1941 :
972 1887 1116 1957 quod
1145 1888 1418 1956 quomodo
1446 1885 1559 1954 fiat,
1589 1887 1761 1941 fusius
1794 1902 1964 1955 expo-

383 1979 465 2035 nit
522 1978 581 2034 S.
628 1978 990 2044 Ambrosius,
1027 1979 1121 2034 lib.
1172 1994 1260 2045 vt,
1292 1994 1417 2048 cap.
1451 1978 1486 2032 4
1523 1997 1536 2032 :
1597 1996 1617 2029 ι
1651 1979 1819 2034 Iidem
1871 1977 1963 2032 ubi

384 2071 615 2127 naturali
650 2086 811 2126 sensu
846 2070 1204 2126 mutationem
1253 2070 1378 2127 coeli
1426 2070 1775 2138 collegerint,
1812 2068 1962 2125 foras

381 2174 649 2233 spectant,
674 2174 730 2219 et
752 2163 892 2218 ultra
918 2164 1181 2234 praesepia
1204 2164 1451 2219 cervices
1479 2164 1783 2219 extendunt
1806 2178 1957 2228 suas,

380 2273 487 2312 una
522 2272 712 2314 omnes
746 2258 959 2326 specie,
988 2268 1048 2311 ut
1074 2259 1294 2327 prodire
1327 2274 1387 2313 se
1426 2257 1572 2312 velle
1599 2264 1893 2312 testentur.
1932 2274 1952 2308 ι

381 2352 698 2407 Eustathius
739 2351 976 2420 denique
1007 2351 1090 2407 sic
1135 2351 1299 2405 vertit
1332 2369 1345 2406 :
1387 2367 1407 2402 ι
1460 2350 1535 2403 De
1568 2348 1784 2405 stabulo
1826 2348 1959 2405 foris

379 2444 544 2501 simul
572 2459 763 2501 onmes
790 2444 1065 2515 aspiciunt
1094 2452 1371 2498 mutantes
1397 2444 1628 2497 vultum.
1672 2460 1693 2495 ι

449 2536 567 2592 Col.
600 2535 702 2592 198
727 2536 769 2590 Ο
804 2535 858 2588 7.
903 2534 986 2589 Ea:
1013 2534 1093 2589 his
1127 2534 1311 2606 liquet.
1345 2534 1439 2590 Sic
1481 2535 1825 2604 interpretati
1862 2551 1955 2590 su-

380 2643 501 2684 nms
537 2629 655 2685 loco
676 2628 916 2691 illorum,
939 2642 1058 2695 qua:
1086 2627 1457 2699 Argyropylus
1479 2628 1745 2683 ediderat:
1786 2645 1806 2680 ι
1833 2628 1960 2683 llaec

379 2720 627 2774 indicant
671 2719 980 2771 animantes
1021 2727 1250 2771 cunctas
1287 2718 1589 2771 istiusmodi
1637 2729 1830 2770 natura
1873 2718 1956 2770 in-

379 2812 582 2869 dociles
608 2824 732 2865 esse
756 2823 820 2863 ac
844 2809 1106 2865 doctrina:
1137 2808 1357 2863 rudes.)
1390 2812 1459 2863 At
1492 2808 1637 2863 enim
1669 2809 1755 2863 hic
1769 2807 1955 2862 ἀδιδά-

376 2921 539 2968 κτους
586 2919 710 2958 cum
762 2902 892 2956 dicit
923 2897 1063 2956 εἶναι
1091 2901 1192 2965 τὰς
1229 2899 1442 2971 φύσεις,
1483 2902 1625 2956 idem
1658 2899 1953 2971 significat,

376 3012 443 3052 ac
468 2997 510 3052 si
549 2993 966 3058 αὐτοδιδάκτους
998 2994 1328 3063 appellaret,
1361 2994 1467 3048 hoc
1491 3002 1598 3059 est,
1627 3001 1821 3061 suapte
1858 3008 1956 3045 na-

379 3103 494 3144 tura
529 3089 711 3143 facere
742 3088 1002 3158 pleraque
1028 3085 1285 3141 animalia
1320 3101 1406 3141 res
1452 3086 1574 3141 illas
1601 3100 1816 3150 omnes,
1852 3099 1952 3140 nec

375 3196 514 3250 Opus
540 3194 684 3245 esse,
715 3188 777 3233 ut
806 3178 942 3249 ipsis
968 3178 1073 3233 illa:
1101 3178 1351 3232 doctrina
1379 3177 1463 3232 vel
1499 3178 1788 3247 prmceptis
1818 3177 1951 3231 alio-

376 3286 499 3327 rum
568 3270 936 3324 innotescant.
1000 3268 1095 3323 Sic
1156 3268 1369 3324 locutus
1436 3269 1648 3324 videtur
1700 3268 1957 3325 Clemens

374 3361 798 3428 Alexandrinus,
825 3360 921 3417 lib.
947 3359 1341 3431 ttthdagog.,
1382 3375 1503 3430 cap.
1540 3360 1574 3414 8
1604 3377 1618 3412 :
1654 3361 1719 3413 Οἱ
1752 3360 1851 3431 μὲν
1875 3361 1955 3413 δι-

371 3454 660 3528 δαχθέντες
684 3452 986 3526 ἐσώθησαν·
1005 3448 1066 3506 οί⁸
1085 3454 1141 3507 δὲ
1166 3453 1582 3517 αὑτοδιδάκτως,
1600 3454 1635 3525 ἢ
1671 3452 1953 3525 ἐζήλωσαν

371 3548 406 3620 ἢ
422 3548 697 3619 ἐζήτησαν
717 3547 916 3619 ἀρετήν
937 3563 950 3577 ·
974 3564 993 3597 ι
1024 3545 1098 3600 Ex
1124 3546 1433 3601 hominibus
1458 3545 1545 3601 alii
1571 3545 1788 3615 quidem
1809 3546 1952 3600 docti

371 3641 573 3696 servati
598 3647 745 3703 sunt,
765 3637 855 3691 alii
872 3651 999 3692 vero
1012 3651 1112 3691 sua
1130 3647 1323 3706 Sponte
1344 3636 1598 3690 virtutem
1616 3635 1699 3691 vel
1716 3636 1951 3706 amplexi

370 3716 598 3786 suntvel
633 3728 983 3799 quaesierunt.
1020 3746 1039 3780 ι
1071 3726 1304 3782 Basilius
1325 3727 1440 3796 ipse
1462 3727 1517 3781 in
1545 3727 1949 3783 Commentario

369 3824 427 3878 in
448 3821 681 3876 Isaiam:
704 3821 784 3875 Τὰ
811 3818 1124 3891 γεννώμενα
1147 3818 1251 3872 ὑπὸ
1270 3818 1382 3873 τῶν
1406 3819 1769 3891 κερασφόρων
1795 3818 1951 3884 ζώων

369 3915 469 3985 τὴν
502 3912 669 3985 Θηλὴν
694 3911 995 3976 ἀδιδάκτως
1035 3909 1319 3982 ἐπιζητεῖ*
1376 3929 1396 3963 ι
1436 3910 1798 3966 Cornutorum
1831 3913 1952 3967 ani~

369 4007 592 4061 malium
644 4005 772 4073 pulli
818 4005 988 4058 ubera
1037 4003 1186 4059 nullo
1238 4004 1465 4059 docente
1522 4004 1872 4073 perquirunt.
1921 4022 1943 4057 ι

368 4097 684 4159 Eustathius
723 4096 827 4150 hoc
875 4094 997 4149 loco
1020 4094 1244 4151 vertit:
1282 4113 1305 4146 ι
1338 4094 1473 4161 Quia
1517 4093 1788 4149 naturalis
1817 4110 1949 4163 pru-

368 4190 552 4245 dentia
580 4189 843 4244 doctrina:
879 4188 1171 4244 traditione
1199 4202 1306 4242 non
1335 4189 1526 4243 utitur.
1564 4207 1587 4239 ι
1625 4188 1794 4242 Paulo
1824 4198 1948 4258 post

365 4281 430 4338 D.
459 4281 516 4347 5,
542 4280 717 4335 ταῦτα
745 4280 1019 4334 δείκνυται
1053 4281 1202 4353 παρὰ
1235 4281 1335 4350 τῆς
1362 4278 1577 4350 φύσεως
1608 4282 1637 4333 ὁ
1664 4278 1814 4334 κύων
1849 4297 1949 4333 πε-

367 4373 743 4445 παιδευμένος,
780 4373 921 4427 idem
951 4372 1271 4427 Eustathius
1299 4373 1501 4427 clarius
1526 4376 1941 4443 interpretatur,

2075 507 2327 577 Χριστὸν,
2356 508 2594 572 καὶτοὺς
2624 509 2682 561 ἐν
2703 512 2769 580 τῇ
2809 510 3175 580 Ἀποκαλύψει
3200 510 3472 565 Ἰωάννου·
3501 512 3663 567 Ἰδοὺ

2072 599 2360 666 ἐνίκησεν
2392 602 2425 654 ό
2442 599 2600 654 λέων
2620 604 2654 654 ό
2679 601 2747 655 ἐκ
2762 602 2968 670 φυλῆς
2992 602 3207 657 Ἰούδιυ
3227 603 3414 674 λεαίνῃ
3442 602 3505 656 δὲ
3532 602 3660 657 δευ-

2072 688 2205 759 τέρα
2234 689 2294 741 ού
2319 688 2526 758 γίνεται
2564 687 2760 759 κύησις
2782 706 2796 720 ·
2833 691 2943 762 ἄρα
2969 690 3153 743 οὐκέτι
3205 690 3399 761 κύησιν
3431 685 3577 745 οἶδεν
3626 691 3663 762 ἡ

2071 781 2281 853 Μαρία,
2308 780 2497 836 οὐκέτι
2520 782 2813 851 συνάφειαν
2840 784 3110 853 σωμάτων
3135 785 3168 852 ἡ
3201 782 3330 850 ἁγία
3350 781 3624 853 παρθένος
3641 799 3658 811 ·

2078 892 2098 924 ι
2137 872 2193 926 Si
2220 873 2366 927 enim
2399 874 2640 927 catulum
2669 874 2842 929 leonis
2871 872 3009 928 Juda
3038 873 3270 929 obscure
3293 874 3433 927 dixit
3459 872 3655 935 Iacob.

2072 965 2343 1019 Christum
2397 967 2607 1029 dicens,
2645 967 2788 1021 etin
2823 967 3151 1038 Apocalypsi
3205 967 3463 1031 habetur,
3520 966 3661 1021 Ecce

2044 1057 2192 1109 ‘ricit
2243 1056 2322 1110 leo
2362 1055 2427 1109 de
2462 1055 2601 1109 tribu
2632 1054 2813 1119 Iuda,
2846 1057 3031 1111 latente
3064 1067 3245 1112 autem
3279 1073 3384 1111 non
3422 1059 3662 1125 contigit

2072 1149 2344 1202 secundus
2376 1156 2565 1217 partus
2594 1166 2610 1201 :
2644 1163 2777 1218 ergo
2812 1165 2919 1204 non
2965 1150 3202 1220 amplius
3248 1160 3467 1219 partum
3504 1151 3661 1204 novit

2071 1240 2261 1306 Maria,
2290 1257 2394 1295 non
2420 1243 2651 1311 amplius
2673 1241 3114 1310 coniunctionem
3141 1259 3433 1311 corporum
3463 1250 3662 1297 sancta

2069 1333 2247 1402 virgo.
2285 1352 2304 1385 ι
2344 1335 2622 1389 Aviccnna
2664 1349 2886 1389 causam
2919 1336 3133 1399 reddit,
3170 1336 3371 1390 citatus
3405 1350 3438 1389 a
3480 1334 3662 1389 Caelio

2070 1424 2331 1495 lthodig.,
2372 1426 2467 1479 lib.
2504 1442 2695 1492 xxvtu,
2733 1442 2858 1496 cap.
2898 1425 2955 1490 9,
2981 1442 3079 1480 cur
3112 1427 3283 1481 semel
3324 1426 3545 1494 pariat;
3586 1425 3662 1478 ob

2068 1517 2267 1573 caloris
2298 1520 2660 1574 nimietatem.
2697 1518 3075 1574 Adversantur
3106 1528 3285 1575 tamen
3311 1520 3494 1574 eidem
3528 1533 3663 1572 sen-

2070 1614 2253 1667 tentiae
2273 1655 2287 1680 ,
2319 1622 2371 1666 et
2405 1613 2650 1667 historiae
2683 1614 2813 1684 περὶ
2861 1611 3179 1683 μονοτοκίας
3200 1651 3215 1677 ,
3269 1611 3507 1680 primum
3536 1610 3658 1679 ipsa

2068 1702 2350 1770 Scriptura
2395 1716 2595 1768 sacra,
2641 1716 2764 1771 qua:
2815 1701 3053 1770 plurium
3105 1698 3415 1755 catulorum
3468 1701 3663 1753 lemma

2065 1793 2331 1857 meminit,
2364 1807 2471 1846 non
2503 1792 2769 1862 singulari
2799 1808 3027 1847 numero
3054 1792 3223 1847 catuli
3270 1802 3506 1854 tantum,
3549 1790 3658 1846 Job

2065 1898 2295 1949 xxxvm,
2327 1884 2397 1939 '59
2437 1901 2451 1939 :
2486 1901 2506 1935 ι
2547 1883 2799 1952 Nunquid
2830 1888 3012 1952 capies
3051 1885 3232 1939 leaena:
3280 1885 3521 1953 pra‘dam
3545 1924 3564 1951 ,
3597 1895 3659 1939 et

2063 1974 2296 2028 animam
2350 1975 2653 2030 catulorum
2695 1975 2813 2044 ejus
2860 1976 3152 2046 implebis?
3197 1995 3216 2029 ι
3277 1976 3652 2047 Hieronymus

2061 2063 2118 2118 in
2145 2079 2215 2118 vn
2248 2064 2520 2119 Danielis:
2557 2084 2576 2117 ι
2606 2064 2803 2120 Dicunt
2829 2066 2920 2135 qui
2948 2067 3014 2119 de
3039 2067 3336 2120 bestiarum
3367 2067 3655 2135 scripsero

2063 2157 2297 2221 naturis,
2340 2156 2540 2210 leaenas
2569 2172 2691 2211 esse
2724 2158 3044 2220 ferociores,
3078 2159 3317 2213 maxime
3344 2158 3390 2213 si
3422 2158 3652 2213 catulos

2065 2248 2320 2301 nutriant.
2357 2265 2377 2300 ι
2414 2247 2705 2316 Homerus,
2734 2250 2827 2306 lib.
2859 2264 2973 2306 xvtt
3006 2250 3208 2305 Iliados
3234 2266 3253 2303 :
3568 2303 3577 2311 .

2141 2339 2413 2407 Ἐστήκει
2443 2340 2525 2407 ὥς
2562 2343 2656 2409 τίς
2686 2359 2752 2397 τε
2791 2343 2935 2397 λέων
2966 2344 3100 2411 περὶ
3127 2338 3251 2398 οἷσι
3283 2341 3600 2398 τέκεσσιν.

2131 2451 2301 2523 thue
2330 2456 2407 2509 leo
2430 2456 2484 2508 in
2508 2456 2638 2510 silva
2666 2456 2865 2522 stabat,
2892 2474 2989 2511 sua
3014 2459 3239 2527 pignora
3275 2458 3497 2512 circum.

2061 2564 2278 2633 liorat.,
2319 2568 2414 2623 lib.
2450 2584 2509 2622 ιιι
2543 2570 2747 2635 Carm.,
2778 2569 2996 2624 ode20:

2243 2681 2366 2752 Non
2402 2684 2566 2746 vides,
2590 2694 2787 2752 quanto
2814 2701 3020 2738 matteas
3047 2685 3266 2752 periclo,

2239 2750 2462 2821 Pyrrhe,
2498 2750 2719 2808 thrtlw
2744 2754 2947 2808 catulos
2973 2750 3177 2811 leaenam

2128 2842 2475 2908 Plutarchus,
2497 2843 2592 2899 lib.
2630 2844 2705 2897 De
2737 2862 2916 2899 amore
2941 2848 3126 2911 prolis,
3147 2850 3323 2904 ritans
3351 2863 3415 2902 ex
3448 2848 3646 2905 eodem

2054 2931 2274 2988 Homeri
2324 2934 2461 2989 libro
2522 2933 2722 2988 Iliados
2775 2950 3038 3003 versum,
3077 2936 3285 2992 leonem
3350 2941 3455 3005 ait,
3501 2939 3648 3012 πρὸς

2053 3026 2180 3088 τοὺς
2210 3026 2484 3095 κυνηγοὺς
2512 3026 2834 3081 σπένδεσθαι
2866 3030 2996 3102 περὶ
3037 3029 3148 3083 τῶν
3181 3030 3386 3084 τέκνων
3405 3048 3421 3061 ·
3459 3050 3478 3083 ι
3502 3032 3643 3087 Cum

1978 3133 2021 3189 ο
2056 3119 2409 3181 venatoribus
2456 3120 2657 3188 pacisci
2705 3120 2771 3174 de
2817 3120 3032 3176 catulis.
3060 3140 3079 3173 ι
3140 3121 3374 3189 Plinius,
3410 3122 3506 3176 lih.
3544 3138 3645 3177 vm

2059 3208 2291 3274 IIistor.,
2332 3225 2451 3277 cap.
2485 3210 2575 3278 16,
2605 3210 2882 3282 vulgarem
2933 3212 3080 3268 illam
3128 3215 3441 3282 opinionem
3491 3218 3642 3271 refu-

2059 3310 2136 3354 tat
2169 3317 2184 3354 :
2222 3318 2242 3351 ι
2268 3299 2450 3356 Semel
2508 3312 2691 3356 autem
2737 3303 2821 3357 edi
2863 3313 3076 3371 partum
3116 3303 3353 3359 lacerato
3379 3307 3644 3375 unguium

2056 3394 2175 3446 acie
2225 3400 2380 3448 utero
2431 3393 2483 3446 in
2537 3393 2701 3448 enim
2728 3393 2944 3464 vulgum
2975 3396 3272 3450 credidisse
3298 3395 3456 3451 video
3511 3398 3645 3451 Ari-

2054 3482 2279 3537 stoteles
2321 3482 2505 3548 tradit,
2539 3481 2766 3536 leaenam
2800 3483 2983 3551 primo
3026 3482 3136 3537 fetu
3166 3498 3359 3553 parere
3386 3484 3639 3553 quinque

2055 3574 2283 3638 catulos,
2317 3589 2383 3630 ac
2420 3589 2517 3644 per
2555 3588 2726 3629 annos
2755 3574 2999 3644 singulos
3040 3590 3149 3630 uno
3188 3577 3387 3641 minus,
3425 3576 3495 3629 ab
3526 3591 3639 3630 uno

2052 3666 2413 3721 sterilescere.
2450 3684 2468 3717 ι
2503 3664 2678 3719 Verba
2713 3665 3023 3719 Aristotelis
3076 3666 3193 3720 hmo
3226 3676 3376 3731 sunt,
3428 3665 3524 3721 lib.
3560 3682 3639 3730 vt,

2052 3770 2177 3824 cap.
2199 3755 2258 3809 ’51
2277 3794 2290 3819 ,
2314 3753 2388 3807 De
2413 3752 2616 3807 Histor.
2652 3752 2870 3807 animal.
2891 3768 2911 3807 :
2926 3753 3132 3817 Τίκτει,
3163 3753 3238 3816 ὡς
3260 3756 3353 3807 ἐπὶ
3368 3753 3504 3807 πολὺ
3521 3754 3639 3818 δύο,

2051 3847 2123 3901 τὰ
2141 3846 2320 3918 μέντοι
2342 3845 2569 3899 πλεῖστα
2591 3844 2670 3909 ἒξ,
2696 3844 2869 3898 τίκτει
2900 3844 2956 3898 δὲ
2985 3847 3155 3898 ἐνίοτε
3172 3846 3263 3898 καὶ
3278 3846 3357 3899 ἓν.
3390 3846 3449 3899 '0
3469 3847 3528 3901 δὲ
3558 3846 3644 3901 λθ-

2050 3939 2199 4011 χθεὶς
2221 3936 2388 4010 μῦθος
2408 3937 2536 4009 περὶ
2563 3936 2657 3990 τοῦ
2684 3937 2965 3991 ἐκϐάλλειν
2994 3938 3093 4001 τὰς
3122 3937 3355 4009 ὑστέρας
3379 3938 3639 3994 τίκτοντα

2050 4028 2297 4100 ληρώδης
2345 4027 2483 4081 ἐστί.
2521 4045 2541 4079 ι
2573 4026 2723 4081 Parit
2772 4042 2969 4094 magna
3034 4042 3100 4081 ex
3150 4040 3302 4098 parte
3362 4032 3636 4099 geminos,

2048 4121 2144 4175 sed
2172 4135 2296 4174 cum
2326 4118 2595 4188 plurimos
2625 4133 2725 4173 sex
2755 4118 2984 4187 catulos,
3031 4135 3427 4190 nonnunquam
3460 4124 3630 4176 etiam

2048 4226 2237 4266 unum.
2280 4210 2435 4277 Quod
2485 4220 2667 4265 autem
2710 4210 2776 4263 de
2820 4209 2987 4266 leaena
3032 4210 3206 4265 fertur
3237 4211 3457 4266 vulvam
3504 4229 3633 4269 cum

2047 4309 2207 4371 partu
2238 4302 2509 4364 emittere,
2534 4301 2704 4356 delira
2735 4300 2911 4357 fabula
2950 4311 3055 4356 est.
3081 4321 3101 4354 ι
3138 4301 3273 4356 Tum
3317 4304 3486 4370 addit,
3521 4305 3635 4360 leo-

2048 4404 2146 4445 nes
2183 4387 2356 4460 Syria:
2386 4389 2675 4459 quinquies
2704 4390 2756 4444 in
2792 4390 2901 4443 vita
2935 4403 3155 4460 parere,
3190 4390 3427 4459 primum
3469 4392 3634 4460 quin-

370 4483 392 4519 ι
434 4482 496 4521 ea
528 4482 649 4536 qua:
678 4481 772 4536 per
806 4466 976 4520 otium
1006 4465 1130 4521 vine
1175 4466 1395 4535 longum
1434 4466 1657 4536 quidam
1686 4467 1942 4521 sedentes

2054 4495 2174 4550 que,
2220 4489 2341 4550 post
2380 4494 2488 4533 uno
2536 4481 2767 4535 subinde
2816 4481 3125 4550 pauciores,
3174 4481 3371 4536 deinde
3412 4482 3632 4537 steriles

363 4558 454 4612 vix
504 4558 748 4613 invenire
796 4566 1119 4627 potuerunt,
1180 4556 1449 4612 beneficio
1495 4556 1732 4612 naturali
1792 4558 1944 4614 canis

362 4660 694 4706 consecutus
719 4649 1008 4703 asseritur.
1041 4666 1061 4702 ι

433 4739 549 4796 Col.
586 4741 688 4797 199
714 4741 759 4794 Α
798 4740 887 4796 14.
924 4739 1115 4795 Leonis
1152 4741 1331 4795 unius.
1389 4740 1715 4796 Addidimus
1748 4756 1937 4796 vocem

366 4850 388 4885 ι
407 4833 565 4886 unius
588 4851 608 4884 ι
626 4832 806 4886 verbis
844 4833 1178 4901 interpretis,
1204 4848 1362 4901 quam
1386 4845 1442 4888 et
1478 4833 1942 4888 Eustathiusomi-

360 4927 451 4982 sit:
469 4926 561 4981 sed
578 4933 879 4993 agnoscunt
893 4925 1045 4993 Regii
1058 4926 1161 4978 duo
1173 4923 1384 4989 λέοντος
1399 4925 1535 4988 ἑνός.
1555 4924 1941 4993 διιαιεειιιιιιιτ

361 5018 490 5073 huic
517 5019 803 5073 sententia:
850 5018 917 5071 de
953 5016 1135 5072 ieiunae
1178 5029 1338 5086 partu
1390 5020 1551 5072 unico
1586 5017 1895 5073 Herodotus
1922 5057 1938 5081 ,

361 5107 572 5176 Thalia,
600 5123 654 5176 p.
674 5107 781 5162 252
809 5125 824 5162 :
861 5108 925 5161 Ἦ
954 5105 1142 5161 λέαινα
1174 5108 1261 5161 ὲὸν
1290 5110 1641 5180 ἰσχυρότατον
1668 5110 1763 5161 καὶ
1795 5108 1931 5179 ορα-

358 5201 606 5264 σύτατον,
641 5198 790 5266 ἅπαξ
825 5202 883 5254 ὲν
924 5198 1004 5271 τῷ
1053 5200 1152 5272 βίῳ
1180 5201 1354 5254 τίκτει
1402 5201 1493 5254 ἒνο
1527 5202 1786 5255 τίκτουσα
1824 5201 1935 5273 γὰρ

356 5293 707 5349 συνεκῦἁλλει
727 5293 806 5366 τῷ
825 5293 1002 5365 τέκνῳ
1021 5295 1119 5356 τὰς
1144 5295 1378 5366 μήτρας·
1404 5311 1426 5345 ι
1457 5293 1678 5360 Lemna,
1701 5293 1931 5347 validis-

351 5386 550 5442 simum
575 5386 1081 5457 ferocissimumque
1101 5387 1326 5453 animal,
1356 5387 1526 5441 semel
1554 5388 1731 5441 invita
1762 5404 1930 5442 unum

353 5481 493 5549 parit
520 5497 536 5534 :
570 5497 696 5535 nam
731 5497 834 5535 una
861 5495 984 5535 cum
1014 5479 1127 5535 fetu
1152 5490 1368 5534 uterum
1394 5479 1649 5535 emittit»
1672 5478 1919 5551 Egyptii

351 5586 590 5641 quoque,
613 5582 769 5628 utest
792 5574 932 5643 apud
953 5572 1152 5626 liorum
1175 5570 1468 5635 Niliacum,
1495 5572 1776 5627 mulierem
1802 5589 1927 5643 quae

350 5663 520 5716 oculei
544 5672 751 5717 tantum
789 5666 1001 5733 peperit
1033 5664 1346 5734 signiﬁcare
1386 5663 1663 5728 volentes,
1691 5664 1922 5718 leaenam

349 5759 596 5829 pingunt.
642 5758 974 5830 Epiphanius
1020 5760 1239 5817 demum
1289 5761 1482 5819 haeresi
1531 5760 1602 5818 78
1644 5761 1768 5852 :_l3i
1810 5760 1928 5835 γὰρ

2045 4585 2241 4642 agere;
2292 4571 2385 4626 sed
2437 4572 2542 4627 hoc
2564 4574 2872 4642 generatim
2920 4574 2987 4626 de
3039 4572 3293 4626 omnibus
3345 4571 3621 4637 leonibus,

2044 4663 2140 4723 lib.
2182 4679 2244 4718 ιιι
2291 4663 2369 4717 De
2418 4665 2753 4735 generatione
2792 4663 3131 4729 animaiium,
3170 4680 3292 4735 cap.
3343 4665 3368 4719 l
3422 4675 3479 4720 et
3536 4667 3627 4731 10,

2045 4754 2185 4808 unde
2210 4755 2415 4811 Plinius
2438 4756 2567 4810 illud
2587 4756 2819 4825 accepit,
2862 4766 2916 4811 et
2950 4754 3230 4821 Eliauus,
3266 4757 3361 4811 lib.
3397 4773 3474 4822 tv,
3497 4774 3625 4828 cap.

2041 4846 2134 4914 δι,
2165 4846 2241 4901 De
2279 4848 2627 4903 animalibus.
2662 4848 2967 4917 Oppianus,
2991 4849 3086 4903 lib.
3127 4865 3182 4903 In
3210 4848 3459 4920 Cyneget,
3495 4849 3628 4905 Phi-
3682 4834 3686 4838 ’

2044 4938 2322 5004 lustratus,
2356 4939 2409 4992 in
2458 4938 2576 4992 Vita
2612 4940 2900 5008 Apollonii,
2933 4940 3028 4996 lib.
3053 4957 3092 5006 I,
3128 4957 3246 5010 cap.
3278 4940 3368 5004 l6,
3399 4951 3483 4995 ter
3511 4941 3628 4995 leo-

2041 5044 2164 5083 nem
2197 5032 2251 5085 in
2287 5030 2391 5084 vita
2420 5045 2636 5099 parere,
2666 5032 2841 5100 prima
2879 5033 2997 5086 vice
3025 5041 3158 5097 tres,
3186 5033 3423 5086 secunda
3465 5034 3625 5096 duos,

2040 5121 2181 5189 quod
2204 5121 2249 5176 si
2278 5122 2460 5187 tertio,
2493 5120 2631 5176 forte
2652 5138 2849 5176 unum.
2879 5122 3115 5178 Severus
3138 5121 3434 5193 Sulpicius,
3467 5122 3619 5177 Dial.

2042 5212 2097 5276 1,
2140 5226 2258 5281 cap.
2303 5212 2359 5279 9,
2411 5213 2603 5268 scribit
2638 5212 2825 5269 Nitriae
2864 5217 3161 5271 monachos
3206 5216 3272 5269 ad
3327 5217 3621 5285 quemdam

2041 5306 2425 5360 anachoretam
2474 5307 2792 5377 pervenisse
2827 5307 2880 5362 in
2915 5308 3134 5364 deserto
3174 5307 3408 5378 Memphi
3449 5309 3623 5364 conti-

2040 5410 2164 5467 guo,
2205 5398 2295 5465 qui
2326 5397 2505 5452 lemua:
2536 5398 2732 5453 catulis
2762 5399 3006 5469 quinque
3047 5400 3208 5455 caecis
3248 5401 3428 5456 visum
3464 5401 3621 5457 resti-

2044 5489 2165 5553 tuit,
2197 5503 2336 5556 quos
2364 5488 2418 5543 in
2442 5490 2701 5558 spelunca
2734 5491 3028 5546 nutriebat.
3047 5492 3193 5548 idem
3222 5491 3508 5550 ferendum
3535 5501 3619 5549 est

2035 5578 2299 5649 judicium
2352 5580 2419 5634 de
2472 5579 2644 5634 altera
2706 5581 2901 5650 vipera:
2946 5582 3217 5649 historia,
3262 5598 3358 5638 seu
3410 5585 3614 5650 fabula,

2040 5685 2200 5739 quam
2232 5669 2451 5739 subiicit
2477 5670 2566 5725 hic
2596 5670 2831 5728 Basilius
2854 5686 2918 5727 ex
2946 5662 3149 5730 eodem
3175 5675 3434 5732 Herodoti
3471 5678 3614 5733 fonte

2037 5762 2402 5831 deductam,et
2433 5780 2496 5820 ex
2529 5763 2645 5833 ejus
2673 5764 2768 5822 lib.
2794 5781 2877 5836 ιιι,
2906 5782 3069 5838 quam
3097 5780 3153 5825 et
3185 5769 3361 5828 Horas
3390 5771 3605 5842 Apollo,
