3824 6214
226 365 385 423 1009

1422 369 1517 427 AD
1555 372 1879 431 HOMlLlAS
1917 371 1984 427 IN
2020 369 2365 431 PSALMOS.

3371 362 3506 420 iOlO

233 478 663 552 hieroglyphieo
697 480 789 549 56,
821 480 1174 552 Plutarchus,
1225 485 1324 541 lib.
1368 485 1448 555 De
1495 490 1825 558 garrulitate,
1857 496 1901 549 Α
1934 485 2117 556 pylum
2148 487 2327 556 aptius
2370 485 2784 552 interpretatum
2838 478 2892 534 in
2938 477 3215 534 veteribus
3253 477 3509 534 editioni-

226 569 475 637 Plinius,
513 572 608 629 lib.
628 589 687 642 χ,
710 588 834 645 cap.
872 574 1252 642 62,£lianus,
1287 578 1382 636 lib.
1411 596 1451 643 ι,
1481 598 1603 652 cap.
1628 582 1723 648 25,
1752 581 1827 637 De

231 665 589 732 animalibus,
606 678 992 738 propagarunt.
1014 670 1442 742 Theophrastus,
1470 675 1567 729 lib.
1593 691 1684 741 xv,
1706 690 1825 745 cap.

238 754 344 819 16,
379 771 485 810 non
534 757 741 813 catulos
775 759 973 829 viperae
1025 766 1270 831 parentis
1317 776 1530 823 uterum
1576 771 1825 834 exedere,

234 846 344 900 sed
392 859 624 904 matrem
668 852 806 906 uteri
852 855 1120 924 angustiis
1172 857 1504 926 compulsam
1558 861 1827 932 disrumpi

235 938 435 992 tradit.
477 938 750 995 Nicander
787 944 938 1008 item,
972 946 1024 999 in
1059 945 1348 1013 Tlteriacis,
1383 958 1439 1004 et
1476 951 1826 1018 Athanasius,

234 1040 442 1098 quiest.
492 1032 564 1087 56
615 1039 685 1088 ad
724 1038 1063 1105 Antiochum,
1112 1039 1469 1110 Epiphanius,
1515 1043 1706 1099 hmresi
1740 1045 1829 1101 26.

237 1118 544 1177 Refellitnr
571 1125 686 1180 lucc
722 1126 947 1182 historia
978 1132 1253 1185 contraria
1284 1135 1618 1196 experientia
1648 1146 1703 1192 et
1736 1153 1831 1193 au-

236 1212 851 1277 cloritateAristotelis,
875 1217 969 1272 lib.
992 1234 1046 1282 v,
1074 1235 1193 1288 cap.
1219 1221 1308 1284 55,
1341 1221 1597 1279 Historia:
1627 1228 1833 1282 anima-

239 1301 406 1366 lium,
432 1306 525 1373 qui
554 1306 620 1360 de
644 1307 830 1376 vipera
869 1309 969 1364 hoc
1024 1311 1235 1366 tradit:
1269 1312 1454 1368 Τίκτει
1514 1317 1687 1388 μικρὰ
1722 1319 1833 1390 ἔχι-

236 1393 347 1448 δνα
368 1395 430 1448 ὲν
464 1396 680 1466 ὑμέσιν.
708 1398 759 1452 οἳ
786 1402 1248 1472 περιρῤήγνυνται
1279 1408 1545 1474 τριταῖοιο
1575 1409 1749 1462 τίκτει
1778 1410 1835 1464 δὲ

240 1486 308 1538 ἐν
515 1488 699 1583 ἡμέρᾳ
736 1489 860 1543 καθ’
903 1491 994 1544 ἒν·
1052 1493 1245 1549 «Parit
1295 1498 1507 1555 catulos
1552 1501 1835 1558 obvolutos

249 1579 615 1643 membranis,
665 1596 787 1649 qua:
840 1584 997 1639 tertia
1074 1598 1434 1654 rumpantur:
1467 1592 1606 1658 parit
1654 1602 1833 1648 autem

246 1666 485 1733 singulis
502 1667 692 1721 diebus
719 1669 983 1741 singulos.
1012 1691 1031 1725 s
1066 1671 1459 1742 Philostratus,
1488 1678 1582 1733 lib.
1621 1695 1660 1733 tt
1701 1677 1837 1734 Vitta

247 1757 551 1828 Apollonii,
598 1761 812 1826 scribit,
852 1763 1023 1817 visam
1054 1766 1291 1834 viperam
1338 1781 1643 1839 serpentes,
1700 1787 1837 1843 quos

1932 576 2033 631 bus
2088 575 2315 630 doctiss.
2377 570 2744 626 Montacutius
2776 585 2790 622 :
2831 586 2850 619 ι
2879 566 3032 622 Nunc
3069 581 3202 622 vero
3237 574 3386 632 sunt,
3415 566 3505 634 qui

1938 668 2217 721 memoria:
2264 664 2620 735 prodiderunt
2664 660 2923 716 trecentis
2960 660 3119 715 annis
3144 669 3199 715 et
3232 658 3371 712 ultra
3396 657 3509 712 ele-

1932 760 2185 828 phantem
2231 758 2467 811 vivere.)
2497 753 2655 817 Τινὲς
2689 751 2988 824 ἱστοροῦσι,
3020 751 3177 816 dixit,
3207 767 3336 817 non,
3362 746 3510 814 τινὲς

1936 851 2140 907 ἴσασιν.
2192 848 2489 905 Cornarius
2534 864 2598 901 ει
2633 843 2788 901 Nunc
2836 853 3014 898 autem
3078 845 3298 897 tradunt
3342 842 3506 911 aliqui

1937 951 2214 998 trecentos
2262 954 2437 995 annos
2494 948 2549 995 et
2587 937 2774 1007 plures
2824 937 3000 993 adhuc
3027 937 3214 990 vivere
3250 934 3509 1004 elephan—

1936 1044 2067 1088 tem.
2097 1050 2117 1084 s
2164 1031 2506 1095 Eustathius,
2549 1050 2568 1081 ι
2594 1031 2769 1084 fertur
2792 1039 2971 1081 autem
3014 1026 3357 1096 elephantum
3395 1036 3509 1079 tre-

1933 1135 2149 1179 centos.
2179 1144 2197 1177 s
2242 1125 2370 1179 Item
2400 1124 2531 1177 illud
2567 1123 2707 1192 quod
2741 1122 3010 1191 sequitur,
3049 1118 3137 1174 διὰ
3170 1117 3329 1174 τοῦτο
3374 1133 3509 1189 συμ-

1937 1216 2210 1287 πεπηγός,
2244 1232 2349 1268 nun
2376 1213 2603 1270 aﬂertur
2640 1227 2668 1266 a
2700 1211 2906 1267 Basilio
2948 1221 3202 1280 tanquam
3238 1208 3507 1265 diuturni-

1936 1307 2068 1364 tatis
2119 1309 2243 1362 vitae
2282 1322 2470 1372 causa,
2529 1316 2590 1360 ut
2635 1304 2949 1374 interpretis
2995 1303 3160 1357 verba
3211 1309 3425 1365 sonant,
3456 1309 3510 1355 et

1938 1400 2054 1456 haec
2103 1400 2423 1455 Ambrosii:
2466 1417 2484 1450 ι
2512 1397 2664 1452 Nunc
2715 1408 2897 1451 autem
2932 1407 2987 1452 et
3022 1396 3282 1451 trecentis
3310 1404 3362 1448 et
3397 1408 3513 1447 am-

1937 1493 2079 1561 plins
2134 1488 2386 1547 feruntur
2430 1490 2588 1548 annis
2622 1490 2788 1544 vitam
2829 1489 3151 1559 producere,
3177 1489 3301 1556 quia
3332 1485 3514 1541 omnia

1941 1583 2043 1636 sibi
2102 1584 2169 1634 ad
2222 1580 2647 1649 magnitudinem
2716 1579 2957 1634 membra
3009 1578 3366 1640 conveniunt;
3402 1594 3421 1627 ι
3463 1584 3517 1631 et

1940 1674 2057 1728 luec
2102 1673 2350 1729 Cornarii
2388 1688 2402 1724 :
2443 1691 2462 1724 ι
2496 1671 2724 1742 Propter
2780 1672 2920 1725 hanc
2953 1678 3170 1724 artuum
3201 1682 3515 1740 compagem

1940 1764 2119 1819 nullos
2158 1764 2423 1819 articulos
2462 1764 2801 1819 habentem:
2844 1782 2865 1815 ι
2896 1765 2990 1817 sed
3027 1762 3132 1816 hoc
3181 1760 3515 1829 signiﬁcant,

247 1862 568 1922 νεροτετδιν
616 1853 793 1925 lingua
838 1855 1100 1911 lambere.
1163 1834 1444 1918 Allienus
1475 1834 1732 1932 Magnus,
1779 1867 1835 1921 in
1866 1834 1909 1888 Β
1938 1869 2062 1909 cum
2112 1854 2202 1907 diu
2245 1853 2411 1917 vivat,
2439 1852 2645 1908 idcirco
2679 1850 2980 1919 compactis
3007 1860 3204 1904 etnon
3249 1848 3518 1903 distinctis

245 1942 470 1998 Hister.
501 1944 744 2009 animal.,
777 1946 871 2010 23,
905 1949 1179 2019 vulgarem
1219 1967 1526 2009 sermonem
1566 1957 1631 2010 de
1679 1968 1835 2024 partu

247 2036 459 2104 vipera:
487 2046 542 2091 et
572 2038 747 2107 ipsum
779 2039 1010 2095 Plinium
1041 2044 1186 2099 velut
1216 2048 1558 2102 mendacium
1583 2064 1837 2105 asseren-

249 2138 366 2180 tem
415 2127 630 2192 irridet,
660 2145 820 2200 quem
860 2120 1381 2192 recentiores'multi
1419 2152 1744 2208 sequuntur.
1780 2152 1839 2197 ut

251 2218 490 2285 Pierius,
508 2220 597 2275 lib.
614 2238 699 2276 xw
716 2222 1262 2293 HierOglyplticorum,
1279 2228 1553 2297 Brodtcus,
1574 2231 1839 2287 Miscella-

250 2326 404 2366 rear.
435 2312 532 2366 lib.
565 2330 764 2381 χχχιιι,
804 2331 926 2379 cap.
961 2321 1052 2381 11,
1082 2319 1377 2377 eardinalis
1416 2323 1655 2390 Toletus,
1686 2325 1740 2378 in
1773 2341 1835 2382 ιιι

250 2402 421 2456 Ιιιιιιω
449 2411 637 2458 annot.
669 2404 761 2468 22,
790 2407 879 2474 qui
909 2422 1098 2464 sacros
1127 2408 1382 2466 doctores
1414 2414 1686 2477 admonet,
1719 2415 1838 2469 vul-

250 2509 442 2563 garem
473 2508 691 2550 secutos
719 2498 1055 2567 Opinionem,
1077 2516 1194 2555 eam
1232 2503 1365 2557 satis
1387 2504 1489 2559 sibi
1516 2507 1839 2562 existiman-

254 2594 338 2639 tes
354 2587 421 2639 ad
439 2586 845 2667 similitudines,
862 2592 1057 2659 quibus
1082 2594 1391 2659 utebantur,
1411 2598 1839 2655 eoneinnandas.

326 2677 444 2732 Col.
480 2679 652 2733 2028
682 2680 735 2737 8.
769 2680 839 2735 Et
873 2686 1080 2754 quidem
1121 2697 1261 2740 sunt.
1288 2688 1561 2745 Admonet
1601 2691 1845 2764 Argyra-

255 2786 1416 2811 Μ*-

1470 2799 3375 2825 Mm

1937 1948 2200 2000 membris
2242 1958 2368 2001 eum
2417 1945 2704 2014 praeditum
2759 1956 2901 1998 esse.
2945 1941 3045 1996 llic
3086 1955 3215 2010 ergo
3271 1939 3517 1996 scriben-

1939 2036 2092 2100 dum,
2121 2054 2140 2086 ι
2174 2036 2259 2092 bis
2316 2045 2468 2090 tanto
2505 2034 2726 2105 plures,
2760 2039 3071 2102 'propterea
3132 2041 3411 2099 compacta
3463 2040 3517 2085 et

1939 2128 2100 2183 nullis
2145 2127 2394 2183 articulis
2435 2126 2690 2181 distincta
2737 2137 2863 2180 sunt
2905 2124 3025 2194 ejus
3080 2125 3342 2180 membra.
3375 2142 3395 2175 ι
3442 2123 3519 2177 De

1936 2218 2280 2290 longmvilate
2306 2216 2943 2288 elephantiAristoteles,
2987 2216 3081 2269 lib.
3121 2231 3239 2279 vm,
3268 2230 3317 2271 c.
3351 2214 3404 2279 9,
3443 2213 3517 2267 De

1939 2312 2123 2366 histor.
2180 2310 2403 2364 animal.
2430 2329 2451 2368 :
2493 2310 2599 2365 Τὸν
2625 2308 2671 2362 δ’
2696 2300 2963 2378 ὲλέφὰντα
3003 2307 3102 2381 ζῇν
3135 2324 3298 2377 φασιν
3341 2307 3390 2360 οἱ
3420 2305 3520 2377 μὲν

1936 2402 2065 2478 περὶ
2128 2402 2224 2474 ἔτη
2263 2402 2533 2465 διακόσια.
2598 2404 2647 2456 οἰ
2704 2402 2765 2458 δὲ
2814 2402 3139 2474 τριακόσιαο
3183 2420 3203 2454 ‹
3251 2401 3521 2470 Elephan-

1940 2504 2047 2548 tem
2103 2492 2195 2549 alii
2236 2509 2408 2549 annos
2440 2496 2658 2549 circiter
2690 2495 2950 2550 ducentos
2992 2495 3172 2549 vivere
3224 2493 3396 2560 aiunt,
3429 2494 3518 2546 alii

1942 2592 2280 2640 trecentos.)
2332 2588 2474 2641 Idem
2524 2586 2750 2652 Plinius,
2796 2586 2891 2643 lib.
2956 2602 3052 2641 vni
3105 2585 3336 2653 Πεδίον..
3396 2600 3518 2656 cap.

1942 2674 2033 2742 10,
2066 2686 2121 2732 et
2152 2675 2427 2743 lElianus,
2452 2678 2547 2734 lib.
2582 2681 2711 2741 uti,
2742 2694 2864 2748 cap.
2894 2679 2949 2733 7.

3382 2806 3492 2824 4-—

669 2978 697 3006 '
1054 2983 1179 3072 IN
1253 2981 1850 3080 HOMILIAS
1926 2991 2058 3082 IN
2134 2993 2703 3086 PSALMOS.

330 3311 450 3367 Col.
490 3312 588 3367 2H
623 3311 666 3367 Β
698 3313 784 3370 id.
814 3314 918 3370 Aut
960 3322 1116 3370 certe.
1148 3314 1206 3371 S.
1246 3316 1583 3387 Augustinus
1619 3318 1672 3373 in
1702 3318 1839 3375 Pro-
1867 3323 1914 3387 C
1944 3335 2094 3376 χχιιι
2120 3338 2175 3377 :c
2198 3321 2524 3378 Psalterium
2543 3320 2826 3377 desursum
2848 3321 3010 3377 habet
3031 3324 3519 3393 caramen,pnedi-

258 3407 386 3478 lego
406 3410 462 3463 in
494 3407 758 3475 Psalmos,
782 3410 865 3464 vel
890 3411 1137 3481 quisquis
1167 3410 1257 3467 ille
1285 3421 1390 3477 est,
1428 3413 1520 3483 qui
1550 3412 1839 3486 Prologum

261 3502 410 3555 hunc
442 3515 473 3555 e
497 3499 686 3556 Graeco
709 3501 890 3557 Basilii
928 3502 1118 3558 Latine
1156 3505 1447 3568 convertit,
1473 3515 1527 3560 et
1566 3504 1633 3560 S.
1656 3507 1844 3577 Augu-

260 3591 393 3646 stini
433 3590 750 3645 tractatibus
796 3592 850 3645 in
889 3590 1135 3646 Psalmos
1175 3594 1430 3663 praeﬁxit,
1468 3610 1629 3665 quem
1665 3605 1843 3653 tamen

261 3680 503 3751 theologi
530 3679 901 3737 Lovanienses
928 3684 981 3736 in
1017 3686 1402 3754 manuscriptis
1428 3687 1707 3744 codicibus
1729 3688 1846 3757 ejus

261 3789 495 3843 Operum
520 3789 627 3827 non
663 3782 1008 3842 repererunt,
1040 3775 1186 3831 hunc
1211 3776 1387 3831 locum
1420 3778 1495 3832 ita
1518 3778 1848 3849 interpreta-

262 3875 356 3919 tus
376 3873 492 3928 est;
521 3880 627 3919 non
661 3875 721 3919 ut
755 3865 1095 3929 Tilmannus,
1130 3887 1149 3919 ι
1183 3869 1267 3923 vel
1303 3878 1450 3924 certe
1474 3887 1683 3927 morum
1731 3889 1849 3928 ma-

261 3958 495 4012 turitate
520 3956 760 4011 nondum
787 3958 1151 4015 incauuerunt
1183 3977 1198 4015 :
1235 3979 1254 4013 ι
1284 3971 1514 4031 possunt
1549 3964 1694 4018 enim
1739 3979 1848 4018 ma-

264 4050 493 4105 turitate
524 4065 732 4104 morum
762 4053 924 4105 etiam
957 4068 1062 4107 non
1091 4068 1250 4108 senes
1293 4054 1518 4124 pollere,
1551 4065 1604 4112 et
1629 4056 1848 4127 juveni-

265 4141 335 4196 lis
372 4153 506 4196 :etas
556 4144 912 4213 exprimenda
959 4144 1080 4198 fuit.
1124 4145 1426 4202 Carnarius
1458 4147 1650 4215 edidit,
1689 4168 1711 4202 ι
1738 4165 1847 4219 quo

265 4233 422 4301 pueri
452 4242 632 4298 :ctate,
656 4233 941 4287 autetiam
976 4236 1198 4291 omnino
1236 4236 1498 4294 moribus.
1526 4256 1546 4291 ι
1569 4238 1745 4310 Atque
1768 4243 1849 4297 ha:

269 4327 522 4394 genuinae
549 4337 681 4381 sunt
718 4335 775 4381 et
822 4326 1076 4397 legitimae
1114 4328 1354 4384 homilite
1396 4330 1586 4387 Basilii
1619 4334 1671 4387 in
1696 4333 1848 4389 Psal-

270 4432 410 4482 mos,
442 4433 507 4472 ex
542 4419 741 4487 quibus
788 4419 841 4472 in
884 4420 1087 4474 Catena
1135 4420 1337 4478 Nicette
1384 4422 1750 4483 Heracliensis
1795 4436 1850 4484 et

272 4510 395 4565 aliis
442 4510 713 4565 similibus
768 4512 1023 4580 decerpta
1077 4511 1379 4583 fragmenta
1423 4517 1690 4588 citantur,
1740 4536 1847 4576 non

273 4602 403 4656 item
458 4601 548 4655 illa
610 4602 815 4656 scholia
850 4603 904 4656 in
942 4600 1207 4669 Psalmos,
1240 4604 1379 4662 falso
1433 4609 1510 4663 illi
1562 4611 1845 4678 attributa,

1947 3412 2094 3466 catio
2120 3411 2362 3468 scelestis
2404 3412 2491 3467 vel
2528 3411 2784 3467 mandata
2813 3411 3186 3482 intelliguntur
3212 3410 3267 3465 in
3295 3412 3521 3476 sanctis,

1946 3517 2066 3571 qua:
2106 3503 2174 3560 de
2222 3504 2473 3575 supernis
2508 3503 3012 3559 veniunt:cithara
3062 3503 3315 3558 deorsum
3361 3503 3524 3558 habet

1948 3610 2228 3652 eavamen.
2258 3615 2277 3648 ι
2303 3596 2442 3662 Quin
2476 3596 2640 3650 etiam
2690 3596 2818 3650 hinc
2861 3596 3057 3651 allucct
3082 3596 3373 3665 explicatio
3401 3611 3525 3650 ver-

1948 3684 2031 3740 bis
2067 3684 2227 3742 Joan.
2254 3686 2626 3757 Chrysostomi
2661 3688 2717 3741 in
2752 3686 3022 3750 Psalmos,
3053 3703 3171 3756 qua:
3204 3693 3522 3755 repetuntur

1946 3777 2111 3831 etiam
2162 3779 2230 3833 ab
2288 3779 2950 3851 Eutltymi0:‘l’ahi;ptov
2980 3778 3087 3833 τῶν
3135 3778 3371 3833 ἐντατῶν
3422 3779 3521 3851 μὲν

1945 3859 2035 3937 ἦν,
2067 3864 2205 3939 πλὴν
2232 3866 2431 3938 ὄρθιον,
2467 3868 2563 3923 καὶ
2594 3867 2799 3922 ἄνωθεν
2846 3864 2959 3940 εἶχε
3012 3867 3120 3922 τῶν
3149 3867 3399 3938 φθόγγων
3421 3866 3523 3931 τὰς

1947 3957 2201 4030 ἀφορμάς
2226 3974 2240 3989 ο
2279 3977 2301 4010 ι
2322 3958 2643 4015 Psalterium
2669 3961 2734 4015 ad
2753 3960 2805 4014 id
2834 3974 3002 4030 genus
3040 3959 3518 4014 instrumentorum

1950 4053 2184 4118 pertinet
2233 4067 2354 4121 qua:
2408 4053 2800 4113 intenduntur;
2838 4060 2919 4106 est
2978 4060 3158 4106 autem
3204 4061 3436 4117 arctum,
3467 4060 3522 4106 et

1948 4155 2184 4211 superne
2242 4157 2435 4198 causas
2492 4143 2678 4207 habet,
2732 4143 2874 4198 unde
2923 4156 3088 4199 voces
3140 4144 3416 4198 emittam
3464 4142 3521 4198 lu

1949 4233 2217 4302 prommio
2239 4236 2381 4304 quod
2414 4234 2588 4290 cidem
2622 4235 3012 4305 Chrysostomo
3060 4234 3318 4290 tribuitur
3344 4236 3524 4291 obser-

1950 4334 2133 4379 vatum
2157 4334 2260 4391 est,
2291 4327 2433 4398 quod
2464 4327 2630 4381 etiam
2682 4342 2712 4381 a
2767 4328 3047 4398 plerisque
3103 4327 3518 4392 recentioribus,

1951 4416 2042 4485 qui
2071 4413 2502 4472 Commentarios
2528 4417 2815 4473 ediderunt
2862 4419 2916 4470 in
2956 4415 3218 4483 Prolatos,
3253 4416 3526 4485 approba-

1954 4519 2060 4573 tur,
2094 4507 2237 4577 quod
2271 4508 2410 4577 apud
2437 4507 2653 4564 Graecos
2680 4508 3015 4579 psalterium,
3052 4508 3121 4563 ab
3151 4505 3397 4562 llebrteis
3426 4523 3524 4561 na-

1953 4600 2095 4653 blam
2133 4601 2237 4655 dici
2261 4601 2345 4653 vel
2373 4602 2553 4669 potius
2580 4583 2677 4660 5:3
2711 4600 2853 4653 neve!
2878 4617 2897 4655 :
2923 4610 2976 4654 et
3001 4614 3132 4655 sane
3169 4597 3312 4653 LXX
3332 4601 3527 4669 sacpius

273 4708 395 4763 qua:
433 4693 484 4746 in
515 4693 727 4749 Latinis
752 4694 1081 4749 editionibus
1106 4696 1172 4748 ad
1207 4698 1412 4753 calcent
1452 4700 1577 4756 libri
1619 4702 1846 4773 subjun-

1962 4690 2245 4746 Hebraeum
2273 4708 2458 4747 vocem
2518 4692 2661 4747 illam
2707 4691 2769 4744 τὸ
2818 4691 3116 4763 ψαλτήριον
3172 4700 3408 4757 vertunt,
3468 4701 3527 4746 ut

272 4786 563 4856 gebantur,
607 4799 835 4855 qumque
889 4786 1014 4840 alibi
1069 4788 1378 4845 monuimus
1408 4804 1473 4845 ex
1522 4792 1850 4849 homiliis‘in

275 4874 524 4932 Psalntos
552 4875 616 4930 Β.
657 4876 817 4932 Joan.
854 4877 1224 4948 Chrysostmni
1258 4880 1310 4933 in
1346 4883 1724 4950 compendium
1760 4900 1848 4940 re-

274 4965 473 5030 dactis,
504 4976 560 5019 et
591 4965 983 5020 commentario
1007 4965 1330 5022 Theodoreti
1360 4970 1415 5023 in
1443 4971 1659 5027 eosdem
1690 4970 1848 5028 Psal-

272 5075 388 5111 mos
410 5072 532 5112 esse
558 5057 954 5111 consarcinata.

346 5148 469 5205 Col.
496 5147 603 5203 2H
628 5148 690 5203 Ο.
725 5145 963 5215 Superne
999 5157 1277 5203 attactum.
1326 5149 1443 5205 Non
1483 5152 1585 5209 hoc
1612 5154 1726 5209 vult
1753 5153 1851 5211 Ba-

276 5236 457 5299 silius,
514 5236 567 5291 in
612 5235 877 5304 superiori
927 5245 1083 5304 parte
1116 5239 1263 5309 tangi
1309 5241 1551 5308 psalterii
1588 5246 1846 5311 chordas,

275 5329 372 5384 sed
412 5329 465 5383 iu
506 5328 773 5398 superiori
829 5336 980 5396 parte
1025 5341 1264 5386 concava
1309 5348 1500 5389 sonum
1551 5336 1850 5405 ell‘ormari,

276 5434 339 5476 ut
384 5437 452 5477 ex
506 5420 649 5476 Beda
696 5427 910 5476 constat
950 5419 1003 5473 in
1039 5421 1444 5481 Commentario
1474 5428 1529 5481 in
1557 5426 1796 5484 Psalmos
1830 5446 1849 5484 :

284 5532 304 5566 ι
336 5513 661 5569 Psalterium
722 5513 988 5567 musicum
1044 5514 1462 5573 instrumentum
1520 5520 1587 5574 ad
1635 5524 1850 5578 modum

275 5605 479 5661 litterae
534 5604 704 5670 Delta,
727 5618 849 5673 qum
877 5604 1202 5675 triangulata
1245 5620 1349 5677 est,
1392 5612 1682 5667 formatum
1709 5630 1725 5679 ;
1757 5630 1851 5670 su-

279 5710 453 5771 perne
481 5695 688 5751 habens
716 5705 960 5749 ventrem
988 5709 1304 5756 concavum.
1339 5720 1359 5755 ι
1398 5702 1591 5759 Hausit
1622 5703 1723 5759 hoc
1751 5704 1853 5759 for-

283 5801 431 5844 tasse
457 5784 601 5844 Beda
630 5801 693 5842 ex
719 5785 1122 5845 Commentario
1148 5791 1457 5866 Hieronymi
1507 5797 1561 5851 in
1593 5797 1853 5867 psalmum

1954 4783 2161 4852 psalmo
2199 4798 2306 4847 Lvt,
2350 4783 2438 4848 ll,
2482 4782 2878 4854 Ἐξεγέρθητι,
2916 4781 3255 4851 ψαλτήριον
3297 4784 3395 4839 καὶ
3440 4801 3528 4839 κι-

1954 4872 2138 4942 θάρα,
2166 4871 2430 4941 Exsurge,
2469 4874 2781 4941 psalterium
2823 4883 2871 4927 et
2904 4875 3143 4939 cit/mra;
3177 4882 3233 4929 et
3271 4876 3409 4944 psal.
3438 4891 3525 4940 cc,

1948 4966 2003 5031 5,
2040 4965 2269 5022 Αἰνεῖτε
2305 4968 2492 5021 αὑτὸν
2519 4966 2591 5019 ἐν
2620 4967 2931 5035 ψαλτηρίῳ
2972 4967 3073 5021 καὶ
3121 4966 3354 5036 κιθάρᾳ,
3385 4967 3530 5023 Lau-

1952 5059 2073 5112 date
2115 5075 2229 5141 eum
2276 5059 2330 5112 in
2368 5057 2618 5127 psalterio
2667 5069 2715 5112 et
2761 5060 3006 5125 cithara;
3040 5060 3092 5114 in
3146 5059 3345 5141 quibus
3397 5060 3531 5117 locis

1952 5151 2105 5219 prius
2133 5133 2231 5209 ’πυ
2270 5150 2464 5205 deinde
2494 5158 2618 5210 ’τιΞὲ
2656 5149 2845 5204 ltinnor
2873 5153 3114 5221 punitur.
3157 5133 3367 5221 Schius
3394 5153 3527 5215 dixi,
3570 5170 3579 5192 '-

1953 5241 2079 5310 quia
2110 5257 2215 5296 non
2248 5257 2486 5311 semper,
2523 5244 2615 5296 sed
2662 5242 2955 5312 aliquando
2983 5244 3103 5298 vice
3134 5258 3318 5305 versa,
3360 5244 3526 5310 priori

1952 5332 2075 5389 loco
2131 5335 2271 5391 neue!
2336 5335 2559 5409 κιθάρα,
2629 5335 2915 5405 posteriori
2990 5335 3178 5390 kinuor
3230 5334 3530 5407 ψαλτήριον

1952 5424 2140 5481 Graece
2192 5424 2435 5492 eﬂertur,
2498 5436 2553 5480 ut
2609 5425 2817 5493 psalmo
2867 5442 3036 5492 Lux,
3072 5427 3129 5488 2.
3184 5412 3533 5494 Ψαλτιψιον
3584 5440 3587 5443 ·

1952 5516 2212 5586 τερπνὸν
2236 5517 2387 5587 μετὰ
2416 5516 2689 5586 κιθάρας,
2716 5516 3039 5572 Psalterium
3077 5518 3379 5588 jucundum
3410 5532 3530 5571 cum

1953 5609 2160 5663 cithara
2188 5623 2211 5662 :l
2238 5620 2293 5664 et
2325 5609 2553 5665 Genesis
2582 5625 2656 5674 tv,
2680 5609 2899 5685 2l,.ubi
2931 5608 3156 5679 Vulgata
3185 5627 3201 5664 :
3237 5628 3255 5660 ι
3280 5609 3400 5679 Ipse
3428 5607 3533 5663 fuit

1954 5711 2106 5769 pater
2138 5702 2453 5755 canentium
2488 5702 2697 5756 cithara
2732 5711 2788 5757 et
2823 5716 3047 5772 organo.
3088 5720 3107 5754 ι
3142 5700 3305 5756 LXX.
3340 5695 3532 5765 Οὗτος

1954 5796 1988 5848 ό
2040 5792 2394 5864 καταδείξας
2442 5793 2784 5872 ψαλτήριον
2831 5795 2936 5851 καὶ
2983 5794 3257 5868 κιθάραν,
3293 5794 3337 5849 Η
3348 5775 3394 5848 ξε
3421 5792 3527 5862 fuit

3578 6088 3814 6172 Δ
