3824 6214
377 390 518 453 UH
1473 393 1682 449 ΝΟΤΔΞ
1718 391 1893 446 FRON

2002 394 2109 450 MS
2147 393 2378 449 ΜΣΕᾹΞῙ
3495 404 3560 458 10
3575 404 3634 459 ΙΞ

375 509 477 566 oui
511 505 737 562 ostendit
769 504 1077 576 psalterium
1131 514 1177 558 et
1205 491 1507 560 rit/turam.
1565 506 1830 562 llebraice
1871 516 1954 562 est
1982 518 2028 572 Α
2056 518 2237 578 pserat
2261 510 2404 562 enim
2434 527 2446 562 :
2492 526 2512 560 ι
2542 507 2673 563 Nam
2710 523 2814 562 una
2864 507 3036 562 virtus
3061 506 3164 562 viri
3197 517 3252 562 et
3280 507 3496 562 femina:
3522 521 3626 575 est,

374 608 535 664 mm
567 609 688 658 '11::
725 597 912 652 kiunar
940 592 1260 668 veghozﬁab,
1303 597 1445 668 quod
1499 600 1715 654 tertium
1753 601 1956 655 instru-
2054 605 2268 673 quando
2307 620 2403 674 par
2436 605 2654 674 utrique
2688 605 2890 659 creatio
2931 614 3052 671 est,
3098 606 3378 674 honorque
3407 605 3622 662 similis.

385 692 557 746 menti
597 691 783 747 musici
835 706 1004 760 genus
1047 690 1333 760 aliquando
1392 690 1604 760 κιθάρα
1645 691 1861 756 dicitur,
1893 700 1954 746 ut
2051 692 2184 746 Audi
2217 693 2353 748 Gen.
2384 693 2523 763 Ergo
2549 694 2792 762 sequitur
2824 708 2922 761 par
2948 693 3239 747 sententia.
3273 693 3496 748 Τούτων
3525 694 3624 751 καὶ

381 781 484 835 hoc
527 780 756 836 Genesis
807 781 945 847 loco,
985 781 1274 850 aliquando
1325 782 1686 851 ψαλτήριον,
1728 793 1787 838 ιιι
1820 784 1890 838 Er.

2049 782 2078 834 ὁ
2113 781 2323 852 μισθός.
2357 802 2375 834 ι
2404 783 2699 837 Coruarius
2723 782 2928 837 edidit:
2958 802 2977 833 ι
3007 781 3140 836 Nam
3157 792 3211 836 et
3232 785 3434 838 creatio
3453 785 3620 840 utris-

329 919 335 937 ,
379 871 568 926 chiclis
602 887 792 933 χχχιιι,
831 873 921 939 39.,
959 874 1050 939 Ὡς
1077 871 1244 942 φωνὴ
1268 874 1628 941 ψαλτηρίου,
1659 884 1714 928 et
1740 873 1893 943 psaln

2047 887 2152 941 que
2185 873 2427 941 aequalis,
2456 887 2624 940 quare
2667 874 2829 927 etiam
2854 889 3061 929 merces
3081 876 3270 930 eadem
3295 877 3562 945 utrisque.
3593 896 3613 930 ι

327 995 332 1019 ι
377 976 462 1025 ει,
499 963 554 1028 4,
591 963 900 1033 Ὄργανον·
949 963 1243 1035 Organum.
1292 963 1443 1030 Quod
1497 965 1660 1034 igitur
1684 967 1790 1020 hoc
1828 965 1946 1020 loco
2047 963 2389 1032 Sequebatur
2422 965 2562 1047 apud
2599 964 2948 1033 interpretem
2974 1006 2988 1024 .
3031 983 3050 1016 ι
3084 965 3224 1030 Fiat,
3251 968 3424 1036 inquit
3456 969 3616 1035 Deus,

308 1040 321 1126 ἰ
373 1054 603 1110 Basilius
640 1058 708 1110 de
739 1055 911 1110 forma
943 1057 1188 1126 psalterii
1215 1067 1426 1122 narrat,
1459 1057 1538 1112 sic
1567 1057 1940 1126 accipiendum
2045 1052 2247 1106 homo:
2283 1070 2302 1103 ι
2341 1053 2479 1120 quod
2501 1040 2927 1119 immutavimus,
2957 1069 3130 1122 neque
3158 1057 3300 1109 enim
3326 1057 3414 1110 his
3435 1059 3616 1113 verbis

301 1121 328 1194 ,θ’
372 1162 591 1210 censeo,
615 1155 674 1200 ut
702 1147 752 1202 ei
788 1121 972 1218 generi
1015 1149 1205 1202 musici
1260 1149 1601 1203 instrumenti
1631 1149 1936 1215 conveniat,
2041 1151 2301 1210 concepta
2335 1144 2606 1196 sententia
2641 1143 2753 1197 haec
2785 1144 2838 1198 in
2874 1144 3154 1214 Scriptura
3199 1148 3490 1214 reperitur,
3522 1151 3614 1204 sed

370 1239 513 1306 quod
545 1240 685 1308 apud
721 1238 939 1294 Graecos
971 1239 1026 1294 in
1058 1255 1155 1294 usu
1184 1250 1320 1306 erat,
1347 1249 1401 1294 ει
1437 1239 1736 1311 ψαλτήριον
1770 1241 1838 1296 ab
1859 1241 1939 1295 eis
2038 1241 2196 1299 prout
2241 1232 2542 1296 edidimus,
2590 1241 2646 1286 et
2685 1232 2874 1288 Graeca
2909 1233 3094 1289 Basilii
3133 1237 3295 1290 verba
3325 1239 3609 1292 sonabant.

368 1333 807 1386 vocabatur:an
859 1345 990 1386 vero
1040 1330 1213 1385 na‘bla:
1272 1333 1578 1393 conveniat,
1609 1333 1725 1386 sive
1777 1331 1934 1386 alteri

366 1419 714 1478 Hebraeorum
748 1422 1263 1500 instrumento,_non
1305 1422 1374 1476 ita
1407 1432 1615 1477 certum
1661 1429 1762 1486 est,
1812 1437 1932 1477 cum

365 1513 521 1568 nobis
555 1529 659 1567 non
696 1526 846 1588 cert‘p
883 1522 1118 1578 constet,
1148 1500 1248 1581 itan
1303 1514 1491 1568 eadem
1541 1515 1703 1569 fuerit
1758 1514 1930 1570 forma

361 1604 599 1671 psalterii
625 1613 682 1675 et
713 1605 908 1669 nablae,
937 1620 1058 1659 cum
1085 1620 1115 1658 a
1147 1606 1357 1660 cithara
1384 1605 1702 1674 psalterium
1734 1607 1930 1660 distin-

361 1706 525 1765 guant
573 1699 886 1766 scriptores,
934 1708 989 1752 et
1037 1707 1214 1752 tamen
1259 1697 1609 1767 Septuaginta
1647 1700 1794 1754 varia
1830 1699 1930 1754 He-

360 1790 628 1844 braeorum
690 1790 1050 1844 instrumenta
1102 1804 1244 1844 nunc
1292 1790 1533 1858 psalterii
1595 1792 1924 1861 exprimant,

2035 1322 2170 1377 Gen.
2210 1339 2248 1385 ι,
2279 1322 2367 1384 26,
2399 1323 2487 1378 2'7.

2107 1412 2222 1476 Col.
2255 1412 2362 1468 222
2390 1415 2451 1470 Ι).
2482 1413 2586 1468 Sed
2619 1416 2850 1469 meliori.
2884 1417 3278 1472 Admouuimus
3303 1418 3431 1471 olim
3459 1418 3613 1470 πολι-

2031 1507 2180 1560 τείαν
2210 1509 2298 1562 hic
2351 1523 2457 1562 non
2504 1509 2894 1578 rempublicam
2940 1520 3032 1564 aut
3079 1511 3392 1578 civitatem,
3421 1515 3612 1590 .jusve

2031 1597 2264 1654 civitatis
2292 1615 2487 1656 sonare
2514 1634 2539 1664 ,-
2561 1610 2616 1654 ut
2647 1603 2834 1655 Actor.
2867 1617 2979 1656 un
2999 1641 3014 1666 ,
3043 1602 3112 1656 28
3140 1621 3154 1657 :
3190 1603 3332 1673 Ἐγὼ
3372 1606 3611 1660 πολλοῦ

2028 1693 2356 1759 κεφαλαίου
2378 1692 2493 1760 τὴν
2512 1694 2819 1747 πολιτείαν
2837 1695 3064 1761 ταύτην
3081 1695 3438 1764 ἐκτησάμην
3453 1715 3467 1728 ·
3493 1695 3609 1766 Ego

2027 1783 2193 1834 multa
2245 1799 2450 1836 summa
2497 1786 2757 1838 civitatem
2797 1785 2932 1838 hanc
2980 1797 3286 1840 consecutus
3323 1804 3481 1851 sum;
3510 1791 3608 1844 sed

358 1895 500 1934 nunc
528 1882 754 1935 dum”,
783 1881 1039 1936 dictione.
1072 1881 1176 1936 Sed
1226 1892 1283 1936 ,η
1314 1883 1380 1936 ad
1413 1883 1919 1950 interpretationem
1953 1897 1994 1952 Β
2029 1872 2151 1924 vitae
2183 1874 2442 1926 rationem
2482 1884 2537 1928 et
2568 1877 3038 1930 conversationem
3060 1915 3076 1939 ,
3115 1887 3175 1931 ut
3219 1878 3505 1946 Ephesior.
3540 1896 3604 1943 ιι,

355 1973 639 2028 redeamus
667 1969 877 2038 Basilii,
908 1988 969 2028 ea
995 1975 1346 2042 concipienda
1382 1975 1596 2029 videtur
1622 1976 1703 2029 his
1743 1975 1920 2029 verbis

349 2063 599 2118 Coruarii
633 2083 646 2118 :
677 2083 697 2116 ι
723 2064 858 2118 Nam
891 2065 1112 2120 citharae
1144 2082 1208 2121 ac
1257 2067 1388 2137 lyrae
1437 2082 1510 2121 tes
1563 2082 1627 2122 ex
1678 2066 1919 2121 inferiori

349 2165 500 2224 parte
543 2155 612 2210 ad
659 2155 922 2226 plectrum
959 2159 1194 2212 sonitum
1239 2159 1349 2216 edit
1380 2175 1394 2210 :
1423 2160 1524 2213 hoc
1553 2173 1682 2212 vero
1715 2158 1919 2225 psalte-

347 2250 487 2301 rium
534 2257 895 2303 concentuum
949 2249 1251 2304 concordia:
1297 2265 1488 2305 causas
1539 2264 1606 2304 ex
1654 2249 1916 2318 superiori

347 2351 500 2407 parte
527 2339 706 2394 habet.
736 2358 755 2390 ι
799 2339 858 2393 8.
912 2339 1246 2410 Augustinus
1290 2341 1503 2395 demum
1567 2340 1812 2395 scribens
1860 2341 1915 2392 in

344 2431 607 2498 psalmum
633 2446 743 2495 Lvr,
771 2441 828 2485 et
870 2431 922 2484 in
965 2431 1116 2495 illud,
1147 2432 1410 2501 Exsurge,
1444 2431 1778 2500 psalterium,
1809 2432 1914 2486 dif-

345 2521 628 2575 ferentiam
667 2522 815 2576 illam
849 2523 1089 2591 psalterii
1125 2533 1180 2576 et
1209 2523 1431 2577 citharae
1459 2523 1538 2577 sic
1563 2522 1816 2591 explicat,
1855 2533 1918 2590 ut

341 2610 522 2665 Basilii
553 2611 902 2680 interpretem
933 2621 1090 2680 agat:
1121 2615 1139 2664 ι
1169 2612 1487 2667 Psalterium
1513 2622 1596 2668 est
1619 2629 1908 2682 organum,

339 2702 480 2772 quod
514 2703 728 2771 quidem
769 2689 1020 2758 manibus
1064 2703 1239 2757 fertur
1265 2703 1640 2770 percutientis,
1667 2713 1722 2759 et
1755 2706 1910 2760 chor-

340 2790 437 2843 das
479 2789 741 2846 distentas
766 2791 966 2846 habet:
992 2793 1084 2845 sed
1118 2793 1264 2847 illum
1296 2793 1494 2858 locum,
1540 2797 1684 2851 unde
1715 2811 1906 2850 sonum

337 2879 614 2950 accipiunt
662 2881 904 2947 chorda};
957 2882 1085 2936 illud
1140 2899 1434 2938 concavum
1480 2885 1707 2956 lignum,
1760 2889 1904 2956 quod

335 2977 530 3040 pendet
550 2981 604 3026 et
637 2981 840 3028 tactum
888 2982 1125 3040 resonat,
1152 2978 1277 3044 quia
1305 2980 1546 3048 concipit
1597 2994 1805 3047 aerem,
1845 2983 1902 3038 in

332 3070 609 3136 superiore
643 3078 795 3138 parte
824 3069 1003 3124 habet.
1035 3089 1054 3121 ›

399 3159 519 3214 Col.
547 3159 653 3214 215
678 3159 722 3212 Β
757 3161 812 3214 2.
857 3159 924 3214 Ut
987 3163 1152 3216 oculis
1221 3163 1385 3218 ultra.
1424 3165 1900 3240 ’Υπερκύπτοντες

2027 1963 2114 2027 12,
2139 1964 2700 2034 ἀπηλλωτριωμένοι
2734 1965 2845 2033 τῆς
2866 1969 3164 2035 πολιτείας
3193 1970 3298 2023 τοῦ
3327 1969 3602 2039 Ἰσραήλ,

2025 2056 2247 2108 alienati
2270 2073 2301 2108 a
2329 2057 2718 2110 conversatione
2744 2055 2952 2122 Israel;
2987 2074 3147 2128 quam
3197 2062 3321 2115 alibi
3369 2063 3600 2130 apostoli

2019 2146 2421 2216 ἀναστροφήν
2446 2148 2743 2217 appellant,
2769 2149 2788 2202 l
2818 2149 2960 2203 Petri
2991 2165 3074 2213 ιιι,
3107 2151 3170 2215 2;
3205 2152 3284 2204 vel
3319 2155 3602 2208 πολίτευ-

2013 2256 2120 2307 μα,
2151 2249 2210 2291 ιιι
2239 2238 2571 2308 Philippens.
2601 2256 2683 2298 ιιι.
2706 2241 2796 2295 20.
2831 2241 3040 2297 Idcirco
3071 2245 3264 2298 merito
3297 2260 3326 2298 a
3355 2247 3474 2300 viro
3501 2249 3600 2302 do—

2018 2331 2263 2386 ctissimo
2289 2335 2573 2387 emendata
2601 2344 2681 2389 est
2708 2336 2856 2404 prior
2881 2337 3060 2390 versio
3080 2379 3094 2402 ,
3144 2357 3164 2388 ε
3192 2339 3286 2392 sed
3314 2341 3598 2408 superiore

2015 2422 2226 2475 ratione
2259 2423 2325 2476 ad
2358 2424 2747 2492 rempublicam
2783 2429 2897 2479 sive
2922 2429 3262 2482 sodalitatem
3292 2431 3592 2484 studiosam

2014 2513 2230 2580 pietatis
2259 2529 2316 2568 se
2365 2517 2603 2583 recepit:
2636 2536 2652 2567 ι
2692 2519 2990 2586 eodemque
3035 2521 3196 2574 modo
3239 2522 3594 2588 corrigendus

2011 2602 2205 2656 similis
2256 2605 2395 2674 apud
2442 2607 2882 2676 Chrysostomum
2948 2607 3096 2663 locus
3167 2611 3356 2680 homil.
3396 2611 3466 2666 75
3535 2618 3592 2668 in

2012 2694 2319 2748 Matt/imum
2351 2711 2369 2749 :
2411 2697 2549 2750 Ἀλλ’
2578 2698 2730 2751 οὐδὲν
2769 2699 2962 2767 ὄφελος
3004 2700 3253 2754 ἐντεῦθεν
3279 2703 3360 2766 εἰς
3383 2703 3590 2758 ἀπολο-

2007 2785 2130 2852 γίαν
2159 2787 2371 2850 αὐτοῖς·
2408 2788 2596 2860 ὥσπερ
2644 2784 2736 2842 οὖν
2754 2791 2872 2844 οὐδὲ
2899 2794 3012 2853 τοῖς
3066 2793 3340 2858 πολιτείας
3398 2798 3589 2850 ἕνεκεν

2008 2880 2325 2946 μετανοοῦσι
2375 2879 2536 2932 τότε·
2599 2899 2617 2932 ι
2667 2881 2771 2937 Sed
2825 2883 2956 2936 nihil
2992 2885 3115 2940 inde
3143 2887 3391 2941 utilitatis
3437 2888 3587 2944 acci-

2003 2968 2189 3036 pient;
2218 2971 2673 3038 quemadmodum
2707 2987 2882 3045 neque
2913 2974 2984 3026 illi
3012 2975 3102 3044 qui
3136 2991 3325 3031 eversa
3358 2979 3585 3034 civitate

2001 3059 2350 3127 resipiscunt.
2385 3081 2404 3114 ι
2439 3061 2837 3135 Nonnunquam
2875 3066 3036 3120 etiam
3072 3083 3176 3123 non
3216 3078 3322 3122 tam
3369 3070 3437 3124 de
3472 3072 3584 3141 pri-

2001 3159 2124 3203 vata
2165 3150 2428 3220 cuiusque
2453 3153 2582 3222 vita,
2613 3170 2772 3224 quam
2797 3157 2863 3211 de
2887 3158 3102 3227 publica
3132 3159 3390 3216 Ecclesiae
3412 3165 3581 3220 disci-

331 3251 528 3316 πόνους
557 3250 715 3316 dixit,
753 3253 893 3321 quod
926 3252 1016 3305 alii
1047 3262 1293 3308 auctores
1347 3255 1504 3310 aliter
1552 3236 1894 3323 éxmnssem’
1926 3240 1966 3298 (ζ
2003 3236 2168 3305 plina,
2197 3249 2251 3292 et
2273 3239 2418 3293 cultu
2447 3242 2535 3295 Dei
2563 3253 2874 3312 usurpatur,
2893 3257 2949 3300 ut
2971 3249 3108 3316 apud
3131 3250 3376 3304 eumdem
3400 3251 3580 3324 Chry-

330 3342 769 3414 ὑπερκύπτοντες
799 3343 995 3408 πόνων,
1033 3352 1092 3397 ut
1117 3345 1168 3398 in
1194 3346 1360 3400 veteri
1405 3347 1595 3413 lexico,
1657 3350 1895 3422 ὑπερκύ-

326 3443 461 3488 πτον
496 3433 589 3487 τοῦ
621 3434 812 3497 ὓδατος
845 3434 1062 3504 φύλλον,
1107 3453 1127 3486 ι
1154 3434 1336 3490 folium
1359 3449 1512 3493 extra
1540 3455 1732 3509 aquam
1763 3445 1896 3496 emi-

328 3539 483 3580 nens.
521 3544 540 3576 ι
570 3525 796 3581 Budaeus
832 3536 1010 3581 tamen
1055 3527 1108 3581 in
1143 3527 1545 3586 Commentariis
1575 3533 1707 3587 citat
1743 3535 1894 3588 simi-

326 3615 431 3670 lem
459 3617 634 3672 locum
667 3619 824 3686 hujus
848 3621 1019 3675 nostri
1050 3623 1288 3676 auctoris
1324 3624 1510 3680 homil.
1541 3625 1616 3680 De
1642 3628 1839 3682 invidia
1871 3644 1892 3683 :

326 3706 506 3773 ’Όλως¹
531 3709 586 3763 δὲ
617 3711 932 3782 ὑπερκύψας
957 3713 1036 3785 τῷ
1065 3714 1309 3787 λογισμῷ
1334 3716 1402 3770 τὰ
1428 3717 1764 3790 ἀνθρώπινα,
1794 3720 1890 3774 καὶ

322 3799 461 3872 προς
505 3801 568 3854 τὸ
618 3802 786 3866 ὅντως
829 3805 991 3858 καλὸν
1035 3807 1129 3860 καὶ
1158 3808 1440 3864 ἐπαινετὸν
1467 3810 1700 3864 ἀπιδών·
1740 3830 1760 3862 ι
1786 3812 1887 3879 Qui

322 3899 506 3946 mente
546 3900 602 3944 et
657 3895 985 3962 cogitatione
1027 3912 1086 3950 se
1131 3902 1412 3954 sustulerit
1435 3917 1596 3970 supra
1628 3905 1884 3970 humana,

321 3990 376 4036 ot
403 3983 470 4036 ad
493 3997 671 4039 veram
700 3985 1155 4054 pulchritudinem
1182 3990 1502 4061 laudemque
1522 4009 1580 4049 se
1604 4007 1886 4051 converte-

319 4073 457 4127 rit.s
490 4072 627 4128 Male
667 4075 827 4145 igitur
864 4089 1102 4134 verterat
1144 4083 1409 4152 interpres
1459 4084 1561 4139 hoc
1606 4086 1745 4151 loco,
1787 4098 1884 4143 «ut

318 4158 615 4226 laboribus,
647 4166 772 4220 dum
806 4168 856 4220 in
887 4171 1134 4226 manibus
1169 4184 1317 4239 sunt,
1363 4175 1522 4228 veluti
1550 4179 1663 4247 jam
1702 4187 1882 4234 trans-

319 4255 528 4319 missis,
562 4265 671 4310 tota
713 4269 893 4314 mente
942 4262 1006 4315 ad
1038 4262 1199 4317 bona.
1226 4283 1245 4315 ι
1281 4265 1522 4322 Similem
1554 4274 1877 4327 sententiain

315 4347 541 4414 protulit
571 4348 990 4420 Chrysostomus
1046 4353 1234 4408 homil.
1267 4356 1301 4411 8
1353 4357 1430 4412 De
1467 4362 1793 4428 pwnitentia,
1823 4379 1877 4432 p.

315 4437 417 4492 692
434 4439 563 4494 edit.
586 4440 738 4495 Paris
762 4457 774 4492 :
809 4444 905 4496 Ἃν
927 4444 1024 4512 μὲν
1056 4444 1164 4516 γὰρ
1187 4445 1277 4499 τὸν
1303 4449 1460 4502 πόνον
1481 4449 1596 4522 ἴδῃς
1614 4454 1720 4506 τῶν
1749 4471 1880 4507 κατ·

310 4529 666 4602 ορθωμὰτων,
701 4533 839 4605 βαρὺ
891 4535 985 4589 καὶ
1018 4539 1302 4609 φορτικόν·
1324 4539 1390 4594 ἂν
1428 4541 1485 4595 δὲ
1519 4544 1618 4614 τὴν
1647 4545 1876 4618 ἀμοιϐὴν

313 4621 448 4694 ἴδῃς,
483 4625 682 4696 κοῦφον
714 4629 806 4681 καὶ
841 4630 1035 4700 ῥᾷστον
1071 4632 1131 4685 τὸ
1178 4636 1564 4706 προκείμενον·
1603 4659 1620 4691 ι
1645 4640 1698 4694 Si
1733 4644 1871 4697 enim

311 4713 550 4769 laborem
606 4723 982 4789 prospexeris,
1032 4739 1194 4791 grave
1238 4736 1398 4794 atque
1453 4746 1774 4796 onerosum;
1828 4736 1871 4789 si

313 4817 444 4859 vero
487 4809 900 4867 retributionem
939 4815 1392 4886 consideraveris,
1442 4819 1561 4877 leve
1606 4834 1662 4878 et
1691 4823 1870 4893 facile,

309 4895 453 4965 quod
481 4900 820 4970 proponitur.
855 4920 875 4954 ι

376 5011 512 5066 Ibid.
543 5011 586 5067 B
614 5014 697 5069 l3.
727 5014 899 5082 Quam
929 5019 1075 5072 nulla
1105 5021 1333 5093 attingit.
1363 5025 1524 5095 Atqui
1554 5028 1762 5085 dixerat
1789 5031 1871 5086 in-

303 5107 536 5166 terpres,
569 5119 589 5151 ι
625 5103 767 5159 nulla
804 5120 923 5160 eam
956 5110 1173 5179 attingit
1203 5112 1303 5167 loci
1333 5120 1677 5184 permutatio.
1713 5139 1732 5173 ι
1770 5121 1869 5178 Ve-

304 5203 608 5248 rumtamen
644 5209 747 5250 non
798 5196 900 5252 loci
932 5208 1134 5255 tantum
1157 5243 1173 5268 ,
1205 5205 1296 5259 sed
1328 5222 1427 5262 nec
1458 5208 1618 5264 ullius
1644 5213 1718 5266 rei
1751 5229 1868 5268 mu-

301 5283 556 5339 tationem
592 5288 890 5357 experitur.
933 5291 1134 5346 Alludit
1179 5296 1320 5348 eiiim
1351 5298 1416 5350 ad
1447 5298 1573 5354 illud
1601 5299 1784 5358 Jacobi
1813 5321 1863 5368 ι,

303 5373 410 5430 ιτι
449 5393 468 5428 ι
496 5377 648 5446 Apud
677 5393 837 5448 quem
867 5398 972 5438 non
1007 5395 1090 5438 est
1123 5390 1500 5445 transmutatio
1521 5432 1537 5458 ,
1575 5408 1673 5449 nec
1691 5397 1863 5452 ~vicis-

299 5464 550 5522 situdinis
575 5469 947 5542 obumbratio;
977 5496 996 5530 ι
1041 5479 1152 5532 οὐκ
1189 5479 1283 5536 ἔνι
1323 5489 1716 5561 παραλλαγή,
1760 5508 1864 5548 non

298 5562 395 5618 est,
424 5555 598 5624 inquit
624 5559 948 5631 Apostolus,
975 5581 1079 5620 non
1108 5578 1166 5623 ut
1195 5571 1497 5642 interpres,
1539 5595 1562 5629 ι
1590 5555 1710 5638 non
1735 5597 1863 5637 con-

299 5646 544 5714 spicitur.
573 5667 594 5700 ι
620 5649 980 5719 Quamobrem
1013 5657 1306 5717 Cornarius
1333 5667 1509 5731 potius
1535 5673 1858 5740 sequendus,

302 5739 457 5794 Circa
480 5758 638 5811 quam
669 5760 771 5798 non
813 5756 888 5800 est
919 5749 1180 5806 alteratio.
1224 5753 1392 5813 Paulo
1426 5769 1548 5828 post
1587 5739 1862 5831 «proinde

307 5845 535 5888 merces.
571 5853 590 5888 ι
627 5836 834 5891 Omissa
866 5838 1081 5896 fuerant
1124 5845 1237 5901 haec
1275 5851 1342 5903 ab
1371 5849 1696 5922 interprete,
1725 5857 1859 5912 scri-

1997 3334 2221 3380 Sostom.
2251 3328 2306 3382 in
2353 3331 2548 3398 psalm.
2584 3348 2705 3386 XLIX
2735 3351 2749 3388 :
2781 3333 2865 3386 Τὰ
2897 3336 3026 3404 ἅγια
3053 3337 3161 3388 τῶν
3191 3339 3380 3406 ἁγίων,
3414 3343 3448 3412 ἡ
3483 3342 3577 3396 λα-

1995 3417 2148 3486 τρεία
2179 3420 2348 3482 πᾶσα,
2371 3421 2464 3473 καὶ
2491 3425 2523 3493 ἡ
2555 3423 2799 3477 πολιτεία
2823 3425 2925 3496 τῆς
2950 3427 3185 3493 παλαιᾶς
3207 3431 3536 3500 νομοθεσίας
3557 3451 3574 3466 ο

2001 3524 2021 3557 e
2049 3506 2245 3562 Sancta
2277 3521 2610 3577 sanctorum,
2645 3515 2823 3569 omnis
2857 3517 3059 3581 cultus,
3083 3521 3366 3588 omnisque
3395 3503 3582 3579 forma

1993 3612 2056 3652 ac
2088 3599 2221 3652 ritus
2256 3601 2387 3669 legis
2420 3603 2657 3666 veteris;
2695 3623 2713 3655 ›
2750 3617 2800 3659 et
2822 3645 2838 3667 ,
2873 3607 3124 3661 Μάλιστα
3157 3610 3254 3680 μὲν
3279 3613 3374 3664 καὶ
3404 3614 3574 3678 αὐτὸς

1991 3689 2019 3741 ὁ
2043 3688 2144 3757 τῆς
2178 3689 2526 3756 διδασκαλίας
2563 3694 2763 3766 τρόπος
2803 3697 3204 3770 ὲνηλλαγμένην
3240 3705 3571 3774 παρεισάγει

1989 3778 2266 3834 πολιτείαν
2291 3799 2309 3817 ο
2339 3802 2358 3835 ι
2389 3782 2621 3839 Maxime
2648 3788 2864 3856 quidem
2896 3803 2949 3844 et
2977 3792 3090 3861 ipse
3119 3795 3309 3850 modus
3337 3799 3570 3854 docendi

1989 3869 2284 3926 introducit
2317 3885 2576 3929 mutatam
2615 3876 2840 3932 formam
2870 3883 3167 3952 religionis.
3197 3905 3215 3937 ι

2056 3961 2167 4014 Col.
2196 3963 2300 4016 9.25
2350 3964 2390 4016 Β
2440 3966 2493 4020 5.
2527 3967 2665 4021 Dum
2693 3979 2910 4027 αξιοι-ιτα.
2959 3973 3160 4028 Αἰὼνια
3194 3987 3437 4034 verterat
3478 3982 3567 4036 in-

1985 4061 2188 4121 lerpres
2217 4074 2236 4105 ι
2264 4057 2563 4126 surcularis,
2597 4079 2614 4111 ι
2648 4077 2752 4130 qua
2776 4079 2908 4118 vocc
2938 4081 3026 4120 res
3054 4070 3234 4123 mundi
3275 4070 3436 4140 hujus
3470 4090 3566 4128 ca-

1985 4146 2106 4199 duci
2154 4147 2530 4219 designantur.
2579 4151 2894 4221 Cornarius,
2947 4177 2965 4208 ι
2999 4159 3088 4213 ubi
3134 4171 3332 4216 aeterna
3375 4181 3560 4222 secum

1982 4233 2257 4290 volutarit.
2299 4257 2318 4289 ι
2362 4239 2591 4307 Subjicit
2619 4243 2812 4298 deinde
2833 4286 2846 4310 ,
2883 4249 3000 4300 ἐκεῖ
3025 4250 3394 4322 δουλαγωγῐαν
3428 4274 3563 4330 σαρ-

1981 4325 2096 4389 κός,
2129 4346 2148 4378 ι
2177 4329 2517 4398 disciplinam
2550 4334 2765 4399 carnis,
2799 4354 2818 4387 ι
2860 4337 2946 4392 ubi
2978 4342 3224 4397 substitui
3259 4361 3417 4414 posse
3448 4325 3553 4417 pri-

1980 4414 2096 4468 dem
2117 4420 2442 4484 monuimus,
2468 4439 2488 4471 ι
2506 4423 2913 4493 castigationem
2937 4432 3117 4486 carnis
3141 4450 3191 4486 τι
3214 4435 3297 4487 vel
3324 4454 3343 4486 ι
3359 4414 3557 4494 manci.

1977 4504 2267 4571 patiouem,
2293 4527 2310 4558 ι
2341 4507 2421 4562 vel
2451 4527 2470 4559 ι
2495 4514 2935 4571 macerationem.
2962 4536 2982 4568 ι
3006 4519 3094 4573 Sic
3121 4523 3264 4576 enim
3286 4531 3556 4591 expressit

1911 4593 1951 4646 D
1983 4591 2187 4647 Latinae
2211 4594 2453 4666 Vulgata:
2477 4611 2667 4655 auctor
2701 4602 2832 4657 illud
2857 4606 3098 4673 Apostoli
3132 4611 3147 4664 Ι
3179 4612 3307 4669 Cor.
3335 4631 3416 4681 ιι,
3438 4617 3508 4672 27
3538 4641 3550 4674 :

1987 4681 2316 4744 ’Υποπιάζω
2344 4704 2464 4755 μου
2493 4689 2558 4743 τὸ
2585 4690 2775 4760 σῶμα,
2804 4697 2900 4750 καὶ
2930 4697 3308 4774 δουλαγωγῶ.
3335 4707 3552 4780 Castigo

1973 4787 2163 4838 corpus
2213 4792 2417 4842 meum,
2467 4788 2517 4831 et
2557 4781 2610 4835 in
2648 4785 2950 4840 seruitutem
2988 4791 3190 4860 redigo.
3251 4795 3550 4853 Cornarius

1972 4863 2213 4930 scripsit,
2255 4881 2273 4915 ι
2305 4864 2402 4920 Hic
2424 4866 2572 4923 videt
2598 4871 2784 4926 carnis
2815 4874 3061 4942 delicias,
3096 4878 3206 4934 illic
3227 4883 3413 4938 carnis
3434 4899 3549 4940 ser-

1969 4954 2244 5010 vitutem.»

2037 5045 2172 5100 Ibid.
2205 5049 2268 5103 Ι).
2303 5049 2371 5104 Ut
2402 5052 2456 5105 in
2488 5051 2750 5123 plerisque
2783 5058 2927 5114 aliis.
2979 5059 3171 5131 Aptius
3210 5064 3506 5124 Carnarius
3527 5109 3544 5135 ,

1973 5153 1993 5185 ι
2021 5135 2154 5190 Cum
2181 5138 2232 5191 in
2262 5149 2512 5195 naturam
2535 5143 2852 5216 plermnque
2874 5155 3203 5208 consuetudo
3225 5164 3484 5214 transeat.
3519 5178 3540 5211 ι

1967 5225 2020 5279 Id
2050 5227 2192 5281 enim
2224 5229 2367 5285 valet
2394 5233 2462 5288 τὰ
2489 5236 2679 5302 πολλὰ,
2702 5248 2761 5292 ιιι
2785 5241 2944 5306 infra,
2967 5243 3062 5296 καὶ
3084 5248 3414 5316 στρατιῶται
3440 5251 3544 5320 μὲν

1965 5316 2041 5382 ὡς
2089 5318 2158 5373 τὰ
2209 5323 2380 5377 πολλὰ
2425 5327 2542 5390 τοῖς
2593 5332 3093 5404 στρατοπεδάρχαις
3127 5316 3540 5409 ἐξομοιοῦνταιο

1970 5427 1991 5460 e
2020 5419 2074 5463 et
2105 5411 2303 5468 milites
2336 5416 2654 5488 plerumque
2691 5421 2919 5478 ducibus
2950 5429 3239 5483 assimilari
3281 5432 3476 5487 solent.
3510 5453 3532 5487 ι

1957 5496 2273 5591 Έῐιιῑοᾴἰοιο
2304 5519 2619 5572 germanum
2649 5511 2778 5568 illud
2808 5515 2860 5568 in
2910 5517 3094 5587 regula
3133 5519 3304 5574 fusius
3329 5523 3533 5591 disput.

1962 5587 2225 5680 βεξΈβος
2250 5593 2359 5665 γὰρ
2391 5595 2478 5649 διὰ
2513 5601 2725 5671 μακροῦ
2754 5603 2943 5674 χρόνον
2976 5606 3272 5677 βεδαιωθὲν
3320 5587 3536 5680 φύσεως

1965 5677 2115 5746 ἰσχὺν
2132 5678 2417 5748 λαμϐάνει.
2436 5687 2504 5740 At
2527 5686 2818 5760 Gregorius
2833 5693 3204 5754 Nazianzenus
3223 5677 3531 5769 000-9960"),

1960 5771 2053 5824 sed
2075 5770 2238 5863 νόμον
2263 5774 2547 5844 aliquando
2574 5780 2690 5836 ﬁeri
2721 5785 2850 5840 dicit
2875 5794 3014 5840 orat.
3043 5790 3114 5844 54
3133 5809 3148 5845 :
3167 5791 3376 5863 Ἐπειδὴ
3399 5792 3532 5862 χρό-

1957 5876 2032 5928 νῳ
2061 5861 2121 5915 τὸ
2148 5862 2266 5930 ἔθος
2294 5867 2585 5936 βεϐαιωθὲν
2615 5874 2873 5948 ἑνομίσθη
2908 5879 3071 5950 νόμος
3092 5897 3104 5910 ·
3139 5899 3158 5932 t
3184 5861 3530 5938 Consuetudo
