3824 6214
189 331 343 390 1013

1331 333 1423 388 AD
1461 333 1793 392 HOMILIAS
1830 335 1898 393 IN
1934 337 2272 396 PSALMOS.

3322 350 3457 401 tun

179 453 342 507 enim
393 450 655 519 temporis
703 443 1103 522 longinquitate
1155 448 1475 506 conﬁrmata
1516 464 1617 519 pro
1655 451 1774 522 lege
1803 457 1852 515 Α
1881 456 2162 520 moribus,
2209 469 2345 526 quos
2392 469 2496 510 non
2544 457 2717 526 magis
2753 467 3025 525 mutaret,
3063 473 3226 531 quam
3279 473 3456 520 cutem

186 542 386 599 habita
413 551 516 598 est.
551 561 570 594 1

258 633 382 688 Col.
429 633 539 687 2'35
573 633 612 686 D
638 632 692 686 6.
725 631 806 686 Ne
849 633 1078 703 injicias.
1117 633 1347 703 lnterpr.
1385 630 1503 686 «Ne
1542 630 1776 701 applices

185 723 412 778 oculum
444 733 647 778 tuum.»
689 723 876 778 Verbis
902 724 983 778 usi
1019 738 1203 779 sumus
1223 723 1472 776 editionis
1496 722 1772 784 Romanae,

188 816 246 869 in
282 831 450 884 quam
481 815 721 870 Nobilius
745 816 1058 881 annotavit,
1101 814 1359 870 Proverb.
1388 830 1442 868 Ix
1466 852 1482 878 ,
1514 814 1582 868 18
1605 856 1618 878 ,
1663 813 1777 868 haec

188 907 389 962 abesse
431 921 462 961 a
497 906 723 976 Vulgata
753 907 964 974 Latina,
1007 908 1100 962 sed
1131 907 1318 961 haberi
1358 905 1497 974 apud
1522 904 1686 968 LXX,
1721 913 1777 959 et

187 999 358 1052 citari
403 1015 432 1052 a
475 1000 681 1054 sanctis
707 999 960 1054 Patribus
985 1000 1284 1071 Cypriane,
1326 1009 1380 1052 et
1406 997 1690 1052 Ambrosio
1723 1005 1778 1051 et

194 1089 553 1162 Hieronymo,
594 1092 791 1160 quibus
815 1093 937 1146 addi
973 1103 1026 1146 et
1064 1092 1119 1146 S.
1157 1091 1342 1145 Basilii
1390 1089 1629 1144 calculus
1679 1104 1776 1160 po-

191 1189 322 1237 test.
387 1183 541 1252 Apud
570 1183 887 1238 Cornarium
918 1198 1198 1254 perperam
1231 1182 1572 1238 Proverbior.
1597 1185 1718 1250 eap.
1743 1195 1776 1232 v

194 1282 523 1328 annotatum
574 1282 739 1328 erat:
784 1276 876 1326 sed
921 1275 1163 1329 inversus
1207 1282 1290 1328 est
1312 1274 1447 1328 ordo
1484 1271 1774 1327 verborum

194 1364 520 1433 Scriptum,
543 1364 654 1418 ἀλλ’
677 1365 1050 1437 ἁποπήδησον,
1079 1364 1152 1436 μὴ
1172 1363 1427 1436 χρονίσῃς
1451 1365 1508 1416 ὲν
1536 1361 1613 1434 τῷ
1629 1361 1780 1431 τόπῳ

191 1456 390 1529 αὐτῆς,
425 1458 562 1527 μηδὲ
592 1459 893 1531 ἐπιστήσῃς
921 1458 982 1511 τὸ
1018 1459 1108 1512 σὸν
1131 1459 1286 1529 ὄμμα
1318 1458 1454 1528 πρὸς
1478 1456 1671 1526 αὐτὴν.

263 1549 385 1605 Col.
417 1549 524 1604 295
551 1549 591 1603 D
611 1550 1219 1620 5.Συι·εμφαίνουσιν.
1247 1549 1384 1604 Oliv.
1405 1550 1571 1604 codex
1594 1546 1779 1608 habet,

192 1641 690 1711 συνεμφανίζουσιν
743 1642 983 1706 ἑαυταῖς.
1035 1642 1243 1710 Anglici
1292 1638 1779 1708 συναναφαίνουσιν

195 1733 429 1795 ἑαυταῖς
472 1733 568 1786 καὶ
609 1750 663 1788 τ.
710 1732 762 1802 β.
807 1732 915 1786 τῶν
964 1732 1419 1804 περιϐλεπόντων,
1460 1749 1478 1781 ι
1511 1742 1700 1784 eorum
1747 1740 1779 1779 a

1890 543 2159 615 IEthiops.
2204 546 2270 600 Et
2297 545 2491 600 mirum
2520 561 2648 601 sane
2669 546 2924 602 Basilium
2955 550 3044 604 hic
3079 552 3259 607 dicere
3281 567 3459 624 neque

1878 637 2092 704 Chusi,
2147 652 2321 706 neque
2366 638 2528 692 alium
2581 640 2816 708 aliquem
2862 640 2914 695 in
2967 641 3188 696 historia
3247 641 3454 711 Regum

1882 729 2048 783 ﬁlium
2077 729 2270 786 .lemini
2303 731 2550 800 reperiri,
2574 747 2693 786 cum
2719 731 2896 787 Semei
2921 734 3230 788 nominetur
3250 735 3292 789 ll
3319 736 3453 805 Reg.

1879 838 1971 876 XIX
1995 863 2010 887 ,
2040 821 2142 888 16,
2189 821 2322 889 Υἱὸς
2343 823 2529 892 Γηρᾶ,
2555 823 2688 877 υἱοῦ
2722 823 2966 892 Ἱεμινεί.
2996 822 3277 882 Postremo
3304 837 3456 883 notet

1881 914 1967 968 hic
1998 913 2192 982 lector,
2229 929 2390 984 quam
2426 915 2682 984 antiquus
2710 929 2864 968 error
2898 914 3026 970 huic
3066 914 3184 971 loco
3213 918 3459 973 adhaese-

1878 1002 1949 1056 rit
1976 1001 2029 1056 in
2067 1017 2199 1058 voce
2227 1003 2622 1071 ἀρχιεταῖρος,
2651 1001 2904 1072 Princeps
2935 1005 3211 1070 sociorum,
3243 1005 3283 1059 ll
3317 1004 3451 1074 Reg.

1884 1107 1976 1156 xv,
2008 1092 2098 1146 52.
2129 1092 2360 1148 Omnino
2389 1094 2533 1147 enim
2557 1093 2831 1160 probabile
2857 1094 3090 1159 videtur,
3111 1096 3250 1163 quod
3273 1097 3453 1166 suspi-

1877 1195 2036 1240 catur
2067 1186 2152 1239 vir
2183 1185 2530 1240 doctissimus
2554 1185 2850 1242 Flaminius
2889 1186 3130 1241 Nobilius
3162 1187 3214 1240 in
3251 1187 3450 1244 librum

1878 1274 1921 1328 11
1959 1275 2116 1346 Reg.,
2156 1277 2291 1331 duas
2325 1275 2492 1332 fuisse
2522 1291 2685 1332 voces
2723 1281 2755 1332 ὀ
2784 1278 3020 1348 Ἀραχὶ,
3062 1279 3456 1348 ἀρχιεταῖρος,

1879 1377 1936 1421 ut
1961 1367 2125 1423 habet
2157 1367 2323 1424 editio
2351 1368 2771 1437 Compluteusis,
2803 1355 2975 1424 velle:
3002 1369 3230 1434 duabus,
3258 1369 3457 1438 Ἀραχέ

1880 1464 1934 1509 et
1959 1453 2213 1524 ἑταῖρος,
2241 1470 2402 1509 unam
2426 1469 2545 1510 esse
2567 1455 2851 1510 conﬂatam
2878 1458 3241 1529 ἀρχιεταϊρος,
3266 1458 3451 1523 Chusi,

1882 1545 2078 1598 Arachi
2101 1547 2265 1614 ﬁlius,
2293 1547 2467 1600 socius
2498 1545 2690 1600 David.
2732 1545 2822 1601 Sic
2850 1549 2994 1601 enim
3023 1557 3108 1602 est
3137 1550 3190 1602 in
3219 1547 3448 1619 Vulgata

1884 1633 2075 1689 Latina
2101 1635 2143 1690 ll
2169 1636 2303 1706 Reg.
2335 1652 2447 1702 xvr,
2474 1637 2541 1692 16
2567 1655 2580 1691 :
2609 1637 2806 1692 Chusai
2835 1637 3102 1692 Arachites
3122 1639 3321 1693 anticus
3340 1638 3455 1692 Da-

1882 1727 1966 1780 vid
1987 1743 2006 1789 ;
2031 1728 2172 1782 unde
2197 1727 2397 1783 factum
2423 1739 2503 1783 est
2535 1743 2719 1783 errore
2757 1727 3134 1794 librariorum,
3173 1739 3233 1784 ut
3259 1744 3454 1785 nomen

192 1824 1246 1895 quibuscircumspiciuntur.:Pliniusin
1265 1819 1778 1894 PanegyricouVita
1813 1811 1853 1865 B
1884 1818 2085 1872 Arachi
2129 1829 2484 1888 repeteretur,
2529 1818 2906 1888 legereturque
2965 1822 2999 1873 ὀ
3050 1820 3244 1891 Ἁραχὶ
3290 1822 3456 1890 ἀρχι-

192 1917 462 1987 principis
478 1931 707 1972 eensura
729 1924 812 1972 est
833 1931 1003 1986 eaque
1028 1926 1281 1986 perpetua
1305 1934 1319 1970 :
1345 1918 1410 1970 ad
1431 1917 1572 1970 hanc
1591 1912 1776 1984 dirigi-

194 2023 345 2061 mur.
379 2025 400 2060 1
437 2007 784 2074 Claudianus,
820 2007 895 2062 De
937 2017 1124 2078 quarto
1169 2006 1390 2061 Honorii
1423 2005 1623 2060 consul.
1659 2021 1678 2059 :

988 2109 1424 2177 ....Componitur
1448 2108 1588 2161 orbis

270 2181 438 2249 Regis
470 2182 538 2234 ad
564 2183 875 2248 exemplum,
907 2197 997 2234 nec
1020 2181 1097 2234 sic
1129 2181 1389 2248 inﬂectere
1419 2194 1601 2232 sensus

271 2251 555 2306 Humano:
589 2254 758 2305 edicta
793 2251 984 2320 valent,
1013 2267 1168 2322 quam
1194 2251 1301 2304 vita
1328 2249 1569 2319 regentis.

267 2363 388 2419 Col.
415 2363 521 2418 226
547 2363 610 2418 D.
638 2363 742 2428 Qui
767 2363 1020 2432 potentia.
1055 2359 1244 2417 Graeca
1278 2367 1475 2415 sonant
1502 2373 1569 2414 ex
1599 2357 1777 2412 verbis

198 2456 482 2522 Cornarii,
521 2473 539 2507 ι
572 2455 664 2525 qui
695 2470 915 2509 avarum
946 2454 1190 2508 imitatur
1215 2462 1308 2508 aut
1343 2453 1540 2515 alium,
1581 2450 1671 2520 qui
1711 2464 1774 2503 ex

199 2547 309 2603 alia
345 2547 582 2616 quadam
622 2545 826 2599 malitia
856 2545 1069 2600 civilem
1096 2544 1328 2613 aliquam
1376 2542 1640 2596 illustrem
1677 2554 1778 2608 po-

203 2648 456 2693 testatem
480 2638 705 2708 adeptus
734 2647 838 2701 est,
867 2645 960 2691 aut
999 2637 1236 2706 gentium
1274 2635 1556 2706 imperium
1592 2633 1776 2700 habet,

201 2741 298 2786 aut
328 2733 664 2788 exercituum
689 2732 796 2785 dux
827 2738 964 2785 est.»
997 2730 1193 2785 Omisit
1220 2730 1509 2797 interpres,
1536 2725 1594 2792 ἐξ
1615 2726 1781 2796 ἄλλης

198 2825 350 2891 τινος
409 2826 698 2896 ’πονηρίας⁸
754 2835 808 2882 et
857 2824 1017 2896 paulo
1065 2832 1188 2892 post
1238 2822 1331 2876 τοῦ
1389 2819 1780 2892 ζηλονουμένου

199 2933 492 2990 perperam
551 2919 851 2988 expressit,
895 2936 917 2969 ι
973 2932 1132 2987 quem
1164 2917 1486 2971 imitatorem
1525 2915 1720 2980 habet,
1756 2931 1776 2965 1

200 3026 326 3066 cum
358 3010 598 3066 scribere
623 3010 919 3076 debuisset,
951 3025 1072 3069 cum
1101 3007 1385 3072 Cornario,
1424 3025 1442 3057 ι
1473 3006 1588 3075 ejus
1621 3017 1781 3074 quem

201 3101 473 3154 imitatur.
503 3119 524 3152 1

271 3190 394 3246 Col.
429 3191 532 3244 227
565 3189 607 3244 A
649 3189 740 3244 l0.
770 3188 886 3244 Etsi
908 3198 1084 3244 autem
1125 3205 1262 3258 qum.
1305 3187 1617 3258 lnterpres,
1664 3204 1684 3238 ι
1723 3184 1778 3240 Si

202 3293 412 3348 autem,
441 3297 560 3352 quae
583 3283 721 3350 ccepi
750 3283 929 3337 dicere
959 3283 1024 3336 de
1055 3281 1287 3335 vitandis
1313 3288 1438 3333 ante
1461 3279 1638 3333 omnia
1669 3293 1782 3332 ma-

205 3376 299 3444 ris,
339 3377 514 3446 deque
545 3375 884 3446 profectione
905 3388 1000 3441 per
1022 3374 1160 3429 bona
1183 3386 1348 3442 opera
1377 3370 1778 3439 consequentia,

205 3470 311 3524 hoc
343 3483 595 3523 sermone
625 3481 731 3521 non
770 3466 1000 3522 absolvi.
1030 3485 1049 3518 1
1085 3465 1140 3520 ln
1176 3465 1373 3532 quibus
1410 3462 1588 3518 verbis
1625 3471 1779 3516 trun-

203 3568 388 3615 catam
416 3559 580 3613 fuisse
603 3559 924 3614 sententiam
938 3557 1171 3614 auctoris
1193 3556 1360 3610 lector
1380 3554 1778 3609 animadvertit.

279 3653 398 3708 Col.
425 3652 532 3707 250
561 3653 606 3707 Α
638 3652 691 3705 7.
737 3651 901 3705 Irrita
943 3645 1205 3719 faciendo.
1257 3646 1559 3718 Legebatur
1586 3655 1742 3698 antea
1764 3684 1780 3710 ,

213 3766 232 3798 ι
267 3746 324 3800 in
352 3745 616 3799 irritando
640 3746 715 3798 ita
744 3753 1018 3798 strenuam
1043 3755 1106 3795 ac
1132 3739 1326 3795 fortem
1356 3753 1598 3808 Operam.
1628 3755 1647 3789 1
1678 3736 1783 3792 Vo-

210 3840 526 3893 laterranus
566 3835 894 3906 scripserat,
947 3850 966 3885 ι
995 3831 1276 3886 consilium
1319 3828 1584 3892 irritavit,
1621 3836 1782 3898 atque

209 3931 283 3985 ita
311 3939 624 3984 strenuam.
673 3946 692 3980 1
729 3926 1046 3980 Tilmannus
1089 3924 1317 3978 fortasse
1353 3922 1454 3976 hoc
1490 3931 1648 3991 pacto
1682 3922 1782 3974 im-

209 4029 456 4076 mutaret
483 4037 500 4074 :
541 4037 561 4071 ι
589 4019 812 4074 consilia
847 4017 1108 4072 irritando
1135 4058 1149 4081 ,
1181 4034 1201 4066 1
1231 4015 1370 4083 quod
1395 4013 1641 4068 Latinum
1676 4027 1780 4066 non

209 4125 318 4169 est.
351 4112 580 4167 Basilius
609 4111 747 4166 dixit
772 4128 786 4163 :
818 4108 1050 4163 διαλύων
1083 4107 1140 4160 δὲ
1170 4107 1269 4170 τὰς
1299 4105 1523 4176 βουλάς,
1559 4123 1578 4156 ί
1605 4103 1783 4158 consi-

212 4207 284 4260 lia
324 4219 453 4259 vero
473 4202 847 4270 Achitopbelis
870 4201 972 4254 viri
1002 4199 1258 4254 acerrimi
1282 4207 1336 4251 et
1354 4195 1606 4252 ductandi
1627 4209 1785 4250 exer~

211 4296 357 4350 citus
401 4291 716 4364 peritissimi
759 4289 989 4345 reddens
1038 4290 1190 4343 irrita
1216 4297 1492 4342 strenuam
1525 4301 1589 4342 ac
1625 4285 1726 4341 for.
1757 4304 1776 4337 1

212 4386 384 4441 Porro
408 4383 548 4453 quod
572 4382 649 4437 ait
685 4382 770 4436 hic
790 4379 1019 4434 Basilius
1043 4379 1206 4435 Chusi
1239 4379 1444 4433 socium
1472 4387 1527 4434 et
1549 4379 1779 4432 amicum

1873 1923 2123 1975 εταιρος.

1951 1996 2069 2052 Col.
2097 1997 2196 2052 9.31
2230 1997 2272 2054 C
2303 1999 2356 2053 5.
2408 1998 2548 2054 Vade
2570 1999 2624 2053 in
2649 2007 2795 2069 pace.
2838 1999 2964 2062 Haec
2995 2000 3176 2057 addita
3212 2011 3337 2056 sunt
3383 2014 3453 2057 ex

1876 2086 2015 2143 Oliv.
2047 2099 2100 2144 et
2128 2090 2390 2160 Anglicis,
2425 2105 2544 2160 quae
2566 2092 2836 2146 adduntur
2856 2093 3016 2147 etiam
3039 2093 3198 2148 Luca:
3225 2109 3321 2158 vu,
3345 2093 3450 2160 50;

1877 2179 2006 2233 illud
2021 2194 2168 2243 vero,
2185 2180 2581 2245 Fiattibi,sicut
2611 2183 2898 2248 credidisti,
2933 2183 3168 2240 Matthael
3221 2186 3448 2251 vm,l5.

1950 2269 2066 2326 Col.
2098 2271 2204 2325 254
2235 2271 2275 2325 Β
2298 2271 2352 2326 4.
2391 2270 2516 2327 Νοη
2561 2275 2734 2328 solum
2777 2288 3002 2348 recepto.
3044 2275 3452 2330 Emendandum

1878 2360 2020 2415 hunc
2042 2360 2219 2417 locum
2261 2377 2382 2417 esse
2419 2379 2823 2432 monueramus,
2847 2383 2967 2422 cum
2991 2366 3246 2422 edidisset
3283 2365 3454 2421 inter—

1878 2465 2024 2521 pres,
2061 2471 2079 2504 c
2112 2469 2217 2508 non
2243 2454 2416 2508 solum
2450 2457 2503 2510 in
2535 2459 2814 2525 praemium
2846 2458 3062 2529 aliquod
3087 2457 3216 2513 boni
3247 2466 3304 2512 et
3325 2455 3453 2511 mali

1880 2544 2147 2612 accipere,
2172 2545 2266 2600 sed
2291 2545 2342 2599 in
2369 2547 2639 2602 actionum
2662 2549 2925 2619 principio
2943 2590 2959 2617 ,
2995 2559 3087 2614 ut,
3118 2548 3394 2616 Retribue,
3425 2565 3449 2602 ι

1880 2635 2014 2704 psal.
2047 2650 2248 2700 cxvut,
2279 2636 2366 2693 17.
2415 2637 2470 2692 ln
2502 2653 2660 2706 quem
2685 2639 2862 2695 locum
2889 2649 2943 2695 et
2973 2640 3025 2694 in
3057 2638 3320 2710 psalmum
3350 2651 3456 2693 σιν

1881 2728 2127 2783 scribens
2148 2728 2312 2782 Fran.
2347 2729 2606 2785 Vatablus
2631 2730 2917 2797 admonet,
2941 2713 3054 2793 ξω
3086 2732 3308 2786 verbum
3346 2729 3456 2784 He-

1882 2819 2124 2873 braicum
2147 2859 2161 2883 ,
2188 2819 2330 2889 quod
2354 2823 2657 2876 retribuere
2686 2830 2880 2888 sonat,
2917 2822 3060 2876 sumi
3112 2836 3211 2890 pro
3247 2820 3455 2876 beneﬂ-

1883 2910 2025 2964 cium
2057 2908 2328 2975 conferre,
2359 2921 2409 2966 et
2447 2911 2856 2969 retributionem
2890 2928 2987 2982 pro
3015 2913 3290 2968 beneﬁciis
3331 2912 3455 2980 qui-

1883 3000 2070 3056 busve.
2107 3001 2445 3073 Euthymius,
2471 3004 2563 3073 qui
2586 3004 2898 3076 plerumque
2921 3008 3054 3061 solet
3077 3005 3261 3062 Basilii
3285 3006 3450 3061 verba

1885 3101 2152 3161 repetere,
2189 3093 2277 3147 hic
2306 3093 2437 3148 dicit
2466 3095 2832 3150 ἀνταπόδοσιν
2855 3098 2992 3152 sumi
3025 3097 3148 3150 ἀντὶ
3184 3097 3281 3168 τῆς
3317 3099 3454 3151 ἀπο-

1883 3183 2100 3247 δόσεως,
2127 3185 2531 3240 retributionem
2561 3202 2658 3256 pro
2687 3188 2990 3243 redditione
3013 3206 3026 3243 :
3056 3188 3129 3241 Τὸ
3150 3188 3207 3241 δὲ
3235 3188 3452 3260 πρῶτον

1881 3277 1979 3348 τῆς
2023 3277 2434 3342 ἀνταποδόσεως
2475 3279 2678 3350 ὖνομα,
2715 3281 3167 3352 καταχρηστικῶς
3195 3281 3313 3334 ἀντὶ
3350 3281 3448 3351 τῆς

1881 3368 2186 3433 ἀποδόσεως
2214 3369 2487 3441 εἴληπται.
2526 3372 2680 3435 Δόσις
2716 3371 2812 3442 μὲν
2851 3370 2960 3442 γὰρ
2999 3373 3032 3443 ή
3075 3371 3320 3444 καταρχὴ
3350 3373 3453 3443 τῆς

1880 3461 2180 3532 εὐποιίαςῆ
2211 3462 2529 3528 κακώσεως,
2561 3463 2821 3528 ἀπόδοσις
2859 3463 2916 3516 δὲ
2951 3466 2985 3534 ἡ
3023 3463 3117 3517 τοῦ
3157 3464 3271 3517 ἴσου
3305 3465 3455 3518 ἀντι-

1884 3552 2145 3625 μέτρησις
2164 3594 2178 3618 ,
2212 3555 2562 3620 ἀνταπόδοσις
2595 3556 2652 3609 δὲ
2682 3555 2904 3628 δευτέρα
2942 3574 3024 3620 τις
3054 3557 3324 3628 καταϐολὴ
3351 3574 3454 3611 κα-

1881 3647 1994 3701 κῶν
2027 3648 2060 3719 ἢ
2091 3648 2272 3702 καλῶν
2305 3649 2412 3703 ἀπὸ
2455 3649 2562 3702 τῶν
2604 3649 2799 3704 δόντων
2846 3652 2926 3714 είς
2963 3651 3088 3714 τοὺς
3121 3651 3448 3715 ἀποδόνταςο

1886 3759 1906 3792 ι
1945 3739 2331 3796 Retributionis
2386 3743 2603 3796 nomine
2638 3741 2814 3810 primo
2861 3742 2980 3798 loco
3027 3743 3320 3812 improprie
3363 3745 3452 3798 hic

1884 3844 2012 3886 usus
2035 3839 2140 3894 est,
2163 3844 2260 3900 pro
2283 3831 2602 3886 redditione.
2629 3829 2764 3885 Nam
2787 3832 2876 3900 qui
2904 3831 3102 3887 bonum
3131 3841 3223 3886 aut
3249 3831 3451 3888 malum

1882 3921 2101 3991 aliquod
2130 3922 2335 3985 primus
2360 3921 2545 3990 infert,
2571 3923 2618 3977 is
2648 3922 2778 3977 dare
2800 3922 2999 3977 dicitur
3023 3941 3036 3977 :
3065 3923 3292 3978 reddere
3321 3937 3452 3978 vero

1882 4011 1930 4066 is
1953 4051 1969 4076 ,
1999 4012 2091 4082 qui
2127 4011 2269 4066 datis
2307 4028 2494 4082 parem
2539 4013 2712 4067 vicem
2743 4013 2932 4068 tribuit
2961 4032 2974 4068 :
3016 4013 3314 4069 retribuere
3351 4029 3452 4068 au-

1883 4111 2015 4167 tem,
2043 4103 2124 4158 vel
2149 4103 2562 4170 ἀνταποδοῢναι,
2588 4113 2774 4158 contra
2811 4103 3134 4169 retribuere,
3163 4105 3210 4160 is
3232 4105 3452 4173 dicitur,

1883 4193 1975 4263 qui
2005 4194 2296 4249 secundam
2333 4193 2718 4249 beneﬁciorum
2750 4204 2842 4248 aut
2885 4193 3206 4264 iniuriarum
3238 4195 3454 4251 vicissi-

1885 4284 2121 4338 tudinem
2162 4283 2355 4338 reddit.
2403 4301 2422 4334 1

1956 4373 2071 4430 Col.
2101 4373 2213 4429 2'58
2243 4373 2285 4427 B
2315 4375 2406 4429 14.
2443 4373 2646 4429 Rursus
2672 4374 2895 4428 dictum.
2929 4372 3231 4445 Legebatur
3256 4383 3413 4428 antea
3436 4413 3452 4440 ,

213 4475 438 4530 Davidis
463 4473 630 4528 ﬁlium
657 4472 823 4526 fuisse
848 4471 1045 4524 Arachi
1068 4485 1170 4523 non
1197 4467 1426 4532 Jemeui,
1451 4483 1634 4523 verum
1657 4479 1739 4522 est
1765 4490 1776 4523 :
1811 4489 1862 4544 ι)
1891 4485 1910 4518 ι
1940 4466 2150 4521 Rursus
2172 4467 2326 4530 dicit,
2350 4465 2561 4520 Judicio
2589 4465 2882 4520 contendet
2907 4466 3166 4520 Dominus
3194 4466 3452 4519 adversus

212 4568 295 4624 sic
332 4565 476 4620 enim
507 4564 766 4632 scriptum
805 4563 1074 4631 reperitur
1097 4560 1140 4614 ll
1167 4561 1296 4631 Reg.
1331 4575 1462 4623 xvu,
1491 4559 1562 4614 5:
1595 4557 1783 4613 Καλέ-

213 4671 366 4712 crate
407 4653 516 4708 τὸν
555 4652 740 4706 Χουσὶ
766 4651 871 4705 τὸν
911 4652 1114 4720 Ἀραχί
1138 4667 1150 4681 ⁸
1193 4649 1379 4705 Vocate
1409 4649 1572 4704 Chusi
1612 4651 1783 4720 ﬁlium

215 4748 456 4804 Arachi:
489 4745 582 4800 sed
614 4745 832 4800 dubium
857 4751 977 4809 est,
1015 4758 1078 4796 an
1117 4742 1206 4796 ille
1246 4743 1317 4796 sit
1356 4741 1460 4797 iste
1485 4739 1646 4796 Chusi
1673 4783 1688 4806 ,
1720 4744 1786 4796 de

144 4843 153 4854 '
215 4855 327 4910 quo
360 4839 421 4892 ﬁt
451 4838 654 4891 mentio
688 4837 742 4890 in
782 4835 944 4904 hujus
975 4833 1165 4904 psalmi
1196 4834 1393 4887 titulo:
1421 4848 1542 4888 cum
1572 4833 1658 4888 hic
1682 4833 1787 4888 He-

217 4932 407 4987 braice
437 4929 738 4998 appelletur
763 4937 868 4986 um
901 4927 1071 4992 Chus,
1106 4940 1204 4994 per
1227 4922 1374 4993 Caph
1397 4963 1412 4986 ,
1448 4924 1588 4977 unde
1617 4923 1788 4978 Scho-

219 5025 353 5078 lium
393 5021 639 5076 Graecum
686 5033 716 5072 a
763 5017 973 5072 Nobilio
1012 5017 1232 5072 citatum
1279 5015 1442 5070 vertit
1495 5014 1783 5082 Αἰθίοπος,

221 5112 516 5181 £thiopis,
546 5111 630 5165 vel
661 5110 838 5180 potius
871 5123 1007 5164 unus
1035 5123 1101 5162 ex
1135 5107 1306 5162 tribus
1345 5107 1584 5176 antiquis
1617 5107 1784 5162 inter.

223 5202 492 5270 pretibus,
530 5199 751 5269 Aquila,
779 5198 1144 5268 Symmacho,
1166 5207 1221 5252 et
1246 5197 1654 5263 'l‘lreodotione,
1691 5213 1787 5267 pro

223 5289 396 5345 Χυυσί
435 5291 598 5344 vertit
636 5289 732 5342 τοῦ
771 5290 1055 5354 Αἰθίοπος,
1107 5299 1170 5345 ut
1209 5298 1423 5344 constat
1459 5305 1524 5344 ex
1568 5292 1787 5346 homilia

223 5383 598 5452 Chrysostomi
635 5383 686 5435 in
733 5381 874 5436 hunc
897 5382 1160 5450 psalmum
1187 5400 1201 5436 :
1231 5391 1285 5435 at
1314 5382 1404 5437 ille
1435 5382 1571 5437 alter
1595 5383 1635 5438 ll
1665 5384 1788 5438 libri

223 5474 433 5542 Regum
466 5481 600 5532 tum
621 5511 636 5538 ,
685 5487 783 5542 per
822 5472 1026 5536 Cbeth,
1061 5471 1256 5526 Chusai
1306 5471 1501 5526 dicitur
1529 5491 1542 5526 :
1575 5475 1789 5528 tametsi

227 5562 585 5632 Septuaginta
628 5562 914 5631 utrobique
951 5560 1499 5630 scripseruuthuat.
1545 5561 1649 5616 Sed
1691 5561 1792 5616 Va-

228 5653 412 5706 tablus
439 5651 658 5706 Saulem
691 5661 842 5722 putat
862 5653 949 5706 hic
979 5651 1158 5706 vocari
1187 5650 1356 5715 Chus,
1387 5652 1440 5706 id
1470 5660 1554 5706 est
1580 5649 1792 5705 Ethio-

229 5757 354 5812 pem
384 5741 550 5799 ﬁlium
592 5741 786 5798 Jemini
806 5785 820 5810 ,
858 5743 873 5797 I
911 5743 1039 5811 Reg.
1067 5758 1118 5797 tx
1141 5783 1154 5808 ,
1178 5743 1238 5798 21
1267 5783 1282 5811 ,
1313 5743 1455 5808 quod
1487 5745 1618 5800 atris
1646 5753 1792 5800 esset

1887 4575 2101 4614 omnem
2131 4572 2370 4613 carnem.
2401 4577 2419 4610 1
2473 4557 2526 4611 111
2568 4557 2791 4612 Olivarii
2832 4557 3054 4623 codice,
3096 4554 3453 4627 κριθήσεσθαι

1885 4651 2110 4723 Κύριον.
2143 4649 2395 4704 Arbitror
2451 4658 2628 4703 tamen
2671 4647 2919 4704 Jeremire
2951 4647 3126 4702 locum
3149 4647 3304 4702 citari
3327 4661 3450 4716 cap.

1885 4755 2014 4806 xxv,
2037 4741 2126 4802 51,
2165 4739 2410 4810 κρίνεται
2436 4737 2599 4800 αὐτὸς
2627 4737 2763 4808 πρὸς
2785 4737 2965 4790 πᾶσαν
2994 4736 3204 4808 σάρκα·
3244 4753 3370 4792 nam
3399 4746 3456 4792 et

1886 4830 2036 4884 illum
2082 4831 2238 4884 video
2287 4829 2460 4884 notari
2510 4830 2562 4882 in
2611 4828 2852 4896 margine
2895 4828 3110 4883 Cateme
3140 4829 3452 4885 Grmcorum

1887 4923 2104 4978 Patrum
2135 4923 2186 4975 in
2204 4919 2466 4983 Psalmos,
2494 4919 2712 4974 Daniele
2732 4920 2968 4974 Barbare
2993 4921 3320 4990 interprete,
3350 4921 3446 4990 qui

1888 5015 2030 5070 haud
2055 5014 2188 5068 satis
2217 5014 2459 5082 apposite
2498 5013 2660 5066 vertit
2684 5051 2700 5076 ,
2737 5029 2756 5063 ι
2782 5011 3065 5067 Dominum
3086 5012 3450 5079 iudicaturum

1888 5119 2101 5160 omnem
2132 5119 2375 5158 carnem.
2407 5120 2424 5154 1
2459 5102 2564 5157 Sed
2589 5111 2643 5157 et
2670 5101 2776 5157 illic
2802 5112 2856 5156 et
2885 5102 3025 5172 apud
3055 5101 3310 5156 Basilium
3343 5115 3456 5155 me-

1889 5201 1993 5254 lius
2031 5199 2261 5254 !ortasse
2293 5197 2562 5268 legeretur
2587 5198 2802 5271 εἴρηται
2829 5197 3110 5269 κρίνεσθαι
3138 5197 3364 5270 Κύριον,
3397 5205 3455 5252 ut

1889 5290 2028 5360 apud
2072 5290 2244 5359 ipsum
2296 5289 2646 5359 prophetam,
2678 5305 2801 5344 cum
2843 5298 3100 5359 sequatur
3139 5291 3226 5345 hic
3265 5288 3457 5343 ἑαυτὸν

1893 5381 2182 5436 ὑποϐάλλει
2213 5383 2280 5452 τῇ
2316 5382 2514 5453 κρίσει,
2551 5397 2571 5430 ι
2607 5390 2725 5435 acta
2767 5391 2927 5446 sunt,
2967 5381 3171 5451 judicio
3217 5382 3453 5451 seipsum

1891 5472 2457 5544 subjicit.rDelendum
2479 5473 2622 5526 enim
2641 5483 2722 5527 est
2749 5473 2874 5528 illud
2894 5511 2909 5536 ,
2938 5491 2957 5525 ι
2985 5473 3452 5543 uniuscujusque.»
3494 5455 3497 5462 ’

1961 5563 2076 5617 Col.
2110 5561 2216 5617 259
2250 5562 2292 5617 D
2320 5561 2374 5616 9.
2409 5560 2606 5626 Multa,
2659 5563 2851 5632 inquit.
2898 5563 3011 5618 lmo
3049 5563 3154 5618 hoc
3210 5565 3314 5618 sibi
3346 5563 3460 5620 vult

1899 5653 2129 5708 Basilius
2159 5671 2172 5707 :
2207 5670 2226 5704 ι
2257 5651 2451 5718 Multa,
2477 5653 2691 5722 inquit,
2732 5655 2798 5717 de
2837 5653 3046 5724 iustitia
3073 5656 3176 5712 dici
3202 5665 3454 5727 possunt,

1895 5752 1953 5802 et
1976 5743 2224 5803 perfectae
2259 5742 2473 5801 iustitia:
2501 5743 2635 5801 ﬁnes
2661 5746 3049 5801 comprehensa
3101 5758 3226 5798 sunt
3271 5747 3457 5795 σιῑιηρι.
