3824 6214
368 303 505 359 1015

1452 308 1662 367 NOTAE
1699 308 2091 367 FRONTONIS
2129 313 2359 372 DCC/El

3490 312 3630 369 1θ16

365 416 468 473 les.
501 437 523 471 ι
553 416 797 474 Similem
828 418 997 474 habes
1025 414 1344 477 locutionem
1367 425 1507 493 apud
1534 426 1848 495 Apostolum
1873 427 1930 478 ad

2044 428 2231 495 psalmi
2265 431 2364 484 fuit
2396 448 2412 485 :
2456 430 2673 500 Ὀμιλία
2704 427 2846 483 κατὰ
2890 426 3214 492 τοκιζόντων
3234 466 3250 492 ,
3283 426 3379 481 καὶ
3425 429 3507 492 εἰς
3558 428 3628 482 τὰ
3651 461 3668 477 .

366 507 640 574 Hebraeos,
676 527 727 574 ν,
757 509 819 565 il
857 530 870 566 :
911 513 1047 583 Περὶ
1077 506 1140 567 οὗ
1177 515 1344 580 πολὺς
1394 518 1524 587 ἡμῖν
1552 518 1581 570 ὁ
1619 517 1807 586 λόγος,
1849 516 1944 570 καὶ⁵

367 599 806 672 δυσερμήνευτος
834 602 1013 672 λέγειν
1033 620 1047 635 ·
1074 605 1294 676 «Deque
1317 608 1472 663 nobis
1498 609 1714 678 grandis
1741 624 1941 671 sermo.

367 702 423 746 et
455 693 939 762 ininterpretabilis
979 698 1046 750 ad
1098 699 1408 753 dicendum.
1449 719 1469 751 ι
1502 701 1670 755 Paulo
1696 711 1817 772 post
1845 717 1943 771 pro

365 788 597 857 γεννητῇ
623 785 782 854 φύσει
811 787 1103 858 aliquando
1128 791 1386 860 suspicati
1415 807 1602 849 sumus
1631 797 1808 865 aptius
1839 794 1939 865 legi

364 891 528 945 posse
566 881 831 949 yevq'rﬁ,
859 898 879 930 ι
909 886 1106 936 creata:
1153 895 1396 948 naturae,
1442 903 1461 936 ι
1516 887 1659 955 quod
1705 891 1939 960 γεννητῇ

370 985 391 1019 ι
421 976 760 1035 generatam,
788 987 808 1021 ι
834 970 917 1024 vel
945 989 963 1022 ι
988 974 1340 1042 generatione
1359 976 1670 1043 productam
1700 995 1719 1029 ι
1746 988 1938 1034 sonat:

365 1072 473 1127 qua
501 1060 737 1129 ratione,
766 1076 888 1116 cum
919 1062 986 1119 de
1013 1065 1257 1133 personis
1277 1065 1561 1122 Trinitatis
1589 1069 1786 1139 agitur,
1814 1087 1941 1139 γεν-

370 1149 554 1221 νητός,
586 1169 605 1202 ι
626 1152 865 1217 genitus,
887 1172 907 1205 ι
936 1155 1134 1209 dicitur
1148 1156 1342 1221 Filius,
1360 1173 1466 1212 non
1484 1161 1760 1230 γενητός,‹
1788 1176 1942 1216 crea-

365 1249 478 1300 tus.
509 1262 529 1294 D
567 1254 621 1298 et
648 1242 812 1299 Pater
835 1246 1151 1317 ἀγέννητος,
1195 1267 1213 1300 ι
1244 1264 1348 1303 non
1375 1252 1622 1319 genitus:
1658 1271 1683 1305 ι
1710 1269 1830 1308 cum
1857 1262 1939 1306 ta-

363 1348 489 1388 men
537 1333 589 1387 in
626 1335 764 1391 Oliv.
807 1345 862 1391 et
905 1337 1024 1392 aliis
1071 1354 1202 1394 mss.
1248 1341 1336 1396 hic
1375 1351 1690 1398 constanter
1731 1344 1939 1415 legatur

363 1429 623 1497 γεννητῇ,
661 1428 797 1482 nihil
827 1433 1138 1483 mutandum
1172 1447 1487 1497 censemus,
1516 1450 1638 1490 cum
1674 1437 1816 1506 apud
1844 1435 1937 1490 .lu-

363 1525 565 1570 sttnum
598 1515 889 1587 Martyrem
927 1535 991 1574 ex
1026 1522 1317 1578 Aristotele
1350 1524 1626 1597 ἄφθαρτος
1665 1528 1760 1581 καὶ
1791 1528 1938 1597 ,ἀγέ-

363 1624 526 1679 νητος
555 1609 655 1679 ὕλη
681 1613 763 1665 vel
796 1612 891 1666 καὶ
919 1613 1217 1686 ἀγέννητος
1246 1616 1479 1681 dicatur,
1512 1618 1936 1689 incorrttplibilis

365 1700 452 1754 vel
475 1702 710 1770 ingenita
745 1703 859 1758 sive
901 1704 1149 1760 inereala
1189 1708 1448 1775 materia,
1480 1717 1536 1765 et
1573 1709 1627 1763 in
1667 1709 1935 1765 Exhorta-

363 1789 509 1844 tione
542 1792 612 1844 ad
640 1790 851 1847 ercos
873 1810 893 1848 :
917 1795 1021 1848 Τὸν
1046 1796 1144 1866 μὲν
1171 1796 1467 1867 ἀγέννητον
1488 1797 1657 1852 ἀΐδιον
1688 1796 1826 1856 εἶναι
1849 1800 1934 1856 λέ-
1963 1776 2006 1831 Β

362 1898 551 1950 γοντα,
581 1885 707 1948 τοὺς
736 1886 793 1940 δὲ
818 1888 1110 1958 γεννητοὺς
1137 1887 1171 1958 ἢ
1196 1889 1257 1961 δη
1268 1890 1649 1961 μιουργητούς.
1679 1910 1698 1944 ‹
1726 1891 1937 1962 Ingeni-

359 1979 478 2026 tum
507 1974 721 2041 quidem
755 1976 1139 2045 sempiternum
1169 1993 1323 2040 esse,
1373 1983 1582 2050 genitos
1614 1994 1790 2037 autem
1819 1989 1933 2040 sive

362 2064 631 2119 conditos.
660 2084 680 2118 ο
730 2066 917 2137 Itaque
960 2070 1197 2140 γεννητά
1243 2086 1622 2143 nonnunquam
1655 2075 1936 2138 dicuntur,

358 2168 482 2225 quae
514 2158 704 2224 quovis
731 2160 891 2214 modo
918 2173 1202 2228 procreata
1231 2172 1376 2218 sunt.

433 2266 548 2322 Col.
575 2268 684 2323 245
713 2269 753 2324 C
785 2271 873 2325 M.
914 2271 1021 2338 Qui
1041 2275 1181 2327 eruit
1212 2291 1313 2328 me.
1358 2275 1448 2331 Sic
1490 2278 1824 2333 restituimus
1863 2293 1929 2334 ex

358 2357 589 2415 Genesis
611 2376 800 2427 vant,
820 2362 908 2417 l6.
939 2363 1103 2419 Paulo
1128 2375 1249 2436 post
1279 2366 1429 2433 illud,
1469 2387 1487 2419 s
1514 2369 1800 2439 Obliquum
1825 2387 1932 2426 non

358 2440 641 2520 dirigetur,
673 2472 693 2506 ι
737 2454 980 2509 nonnihil
1015 2457 1357 2512 immutatum
1394 2470 1479 2515 est
1520 2475 1549 2514 a
1586 2460 1803 2517 Basilio.
1843 2463 1935 2518 Sic

355 2541 503 2597 enim
534 2544 730 2614 legitur
751 2545 1094 2603 Ecclesiastm
1122 2565 1174 2613 ι,
1200 2551 1268 2606 15
1297 2569 1310 2605 :
1357 2554 1834 2624 Διεστραμμένον
1861 2559 1933 2610 οὐ

354 2633 688 2701 δυνήσεται
712 2637 1213 2710 ἐπικοσμηθῆναυ
1249 2661 1268 2695 ε
1301 2643 1618 2700 Perversum
1651 2665 1755 2700 non
1792 2659 1934 2715 pote-

356 2727 432 2779 rit
467 2728 718 2782 adornari
746 2746 761 2783 :
793 2749 812 2783 ι
840 2729 1069 2799 Vulgata
1096 2732 1287 2788 Latina
1308 2776 1324 2799 ,
1371 2754 1391 2786 ι
1430 2736 1673 2792 Perversi
1721 2739 1933 2796 dimi-ile

355 2815 739 2884 corriguntur:
777 2837 797 2870 ι
827 2827 884 2872 at
905 2819 1111 2889 psalmo
1130 2837 1354 2887 exxxu,
1383 2825 1451 2878 12
1478 2843 1492 2880 :
1527 2827 1707 2896 Ἀνὴρ
1738 2833 1933 2898 γλωσ-

355 2907 559 2976 σώδης
603 2912 676 2965 οὐ
706 2913 1253 2981 κατευθυνθήσεται
1275 2932 1291 2947 ο
1328 2935 1351 2968 ι
1379 2916 1472 2972 Vir
1506 2918 1783 2990 linguosus
1824 2937 1930 2977 non

352 3001 637 3071 dirigetur.
680 3022 705 3056 ι

428 3117 562 3173 Ibid.
592 3118 715 3189 ΒΑ.
753 3119 895 3175 Nam
920 3124 1174 3193 quisquis.
1210 3125 1531 3192 Carnarius,
1560 3146 1580 3180 σ
1603 3128 1702 3197 Qui
1733 3129 1873 3185 enim
1896 3144 1926 3184 a
1954 3111 2005 3168 ο

355 3206 675 3267 fortitudine
719 3212 861 3268 infra
916 3217 1186 3284 declinat,
1233 3224 1530 3276 secundum
1583 3223 1924 3281 timiditatem

354 3303 703 3368 pervertitur.
740 3323 760 3359 ι
788 3305 1148 3374 Montacutius
1175 3326 1305 3368 vero
1332 3314 1578 3381 corrigit,
1612 3333 1630 3366 ι
1660 3316 1757 3381 Qui
1782 3318 1924 3372 enim

354 3390 410 3444 in
443 3389 653 3447 defectu
686 3393 920 3451 declinat
948 3412 977 3451 a
1013 3397 1346 3457 fortitudine.
1374 3401 1505 3457 Nam
1533 3414 1587 3458 et
1618 3407 1794 3465 audax
1832 3407 1926 3461 de-

352 3482 519 3539 clinat
550 3500 579 3538 a
615 3484 953 3553 fortitudine,
985 3491 1080 3545 sed
1109 3493 1162 3546 in
1196 3507 1443 3551 excessu.
1473 3515 1493 3548 ι

422 3595 540 3650 Col.
566 3596 670 3651 246
695 3597 734 3650 Β
762 3597 809 3651 l.
845 3598 969 3654 Non
997 3601 1269 3657 irascitur.
1295 3603 1480 3672 Verte,
1516 3624 1534 3658 ι
1563 3617 1618 3664 et
1645 3625 1751 3665 non
1786 3612 1922 3666 iram

353 3688 628 3744 adducens
657 3706 753 3759 per
784 3691 1028 3763 singulos
1053 3695 1186 3751 dies.
1221 3716 1239 3749 ι
1269 3697 1359 3753 Sic
1384 3700 1527 3754 enim
1560 3701 1663 3755 ista
1697 3717 1924 3758 conver-

352 3788 541 3832 tuntttr
564 3796 595 3832 e
625 3780 817 3837 εἶτα·ρο
851 3783 995 3838 LXX
1025 3788 1164 3855 apud
1189 3788 1246 3843 S.
1279 3789 1633 3860 Augustinum
1672 3794 1727 3849 in
1766 3793 1922 3851 Psal-

351 3887 492 3934 mos,
515 3873 642 3926 etin
666 3884 897 3943 utraque
922 3875 1201 3935 Basiliensi
1224 3881 1460 3937 editione
1482 3884 1696 3955 legitur.
1726 3887 1819 3944 καὶ
1846 3888 1929 3962 μὴ’

299 3970 317 3985 ’
350 3963 523 4041 ὀργὴν
547 3965 791 4033 ἐπάγων,
843 3969 1019 4036 primo
1051 3970 1205 4039 loco;
1244 3976 1482 4029 secundo
1518 3991 1647 4031 vero
1696 3979 1925 4048 conjun-

355 4054 468 4116 ctio
501 4055 595 4115 καί
625 4059 913 4122 omittitur,
960 4062 1104 4130 quod
1145 4064 1371 4119 fortasse
1412 4068 1463 4121 in
1506 4083 1666 4124 causa
1697 4069 1827 4135 fuit,
1864 4084 1925 4127 ut

352 4144 653 4201 Flaminius
674 4148 917 4205 Nobilius
938 4165 1225 4210 annotaret
1245 4158 1387 4224 apud
1408 4158 1665 4215 Basiliam
1689 4176 1794 4216 non
1819 4164 1922 4234 legi

354 4236 450 4290 καὶ
487 4236 598 4308 μή,
645 4237 785 4292 sicut
826 4241 966 4308 apud
1002 4240 1395 4301 Theodorelum
1433 4259 1485 4303 et
1519 4249 1919 4320 Nicephorum:

353 4335 410 4382 at
437 4325 491 4381 in
519 4343 620 4393 ms,
650 4327 790 4386 Oliv.
826 4331 878 4384 in
909 4343 1137 4403 utroque
1166 4335 1282 4392 loco
1312 4341 1600 4408 reperitur.

2046 520 2339 593 λειπόμενα
2367 520 2461 576 τοῦ
2497 522 2556 575 ιδ’
2573 520 2812 593 ψαλμοῦ.

2116 612 2232 668 Col.
2259 614 2428 668 270A
2460 615 2510 669 1.
2542 613 2832 669 Creditare.
2868 610 3185 668 Addeodum
3208 619 3289 666 est
3311 651 3325 675 .
3354 611 3547 683 inquit,
3570 619 3631 666 ut

2043 714 2257 759 constet
2279 720 2400 759 esse
2426 706 2588 760 verba
2620 704 2938 774 Scriptura),
2957 720 3077 774 qua:
3104 705 3342 771 reperies
3366 703 3625 757 Proverb.

2043 813 2203 863 xxix,
2268 799 2336 853 l3
2385 797 2727 852 εΔανειστοῦ
2780 798 2871 851 καὶ
2926 797 3320 870 χρεωφειλέτου
3375 794 3629 865 ἀλλήλοις

2044 889 2424 951 συνελθόντων,
2448 891 2630 944 ἐπισκ.
2661 907 2680 940 ι
2718 888 2853 943 Dum
2894 888 3189 949 fenerator,
3222 887 3426 956 inquit,
3452 894 3508 939 et
3532 885 3629 939 de-

2043 984 2183 1038 bitor
2238 983 2382 1037 inter
2425 997 2485 1037 se
2545 982 2896 1037 conveniunt.
2928 998 2949 1032 ι
2995 979 3287 1035 Cornarius
3327 992 3396 1031 ex
3434 975 3628 1032 Graeco

2040 1073 2253 1139 Basilii,
2293 1092 2313 1126 ι
2349 1072 2482 1127 Dum
2517 1072 2794 1127 fenerator
2818 1081 2874 1127 et
2917 1071 3128 1126 debitor
3156 1070 3295 1123 inter
3323 1082 3383 1122 se
3405 1066 3625 1120 obviam

2039 1173 2322 1229 venerunt,
2357 1167 2743 1234 inspectionem
2768 1171 3118 1230 utrorumque
3144 1159 3272 1213 facit
3306 1158 3621 1213 Dominus.»

2042 1257 2255 1327 Excipit
2277 1258 2417 1311 hunc
2442 1258 2619 1313 locum
2649 1256 2784 1310 alter
2805 1270 2871 1310 ex
2900 1254 3086 1309 eodem
3112 1252 3247 1307 libro
3273 1248 3529 1306 Praverh.
3564 1264 3628 1315 v,

2039 1350 2145 1404 15:
2183 1349 2313 1403 Bibe
2338 1366 2536 1419 aquam
2566 1364 2631 1403 ea:
2662 1349 2820 1401 vasis.
2846 1347 2926 1401 Ex
2963 1346 3153 1400 eadem
3192 1343 3458 1398 sententia
3494 1339 3623 1394 Pla-

2039 1443 2181 1497 tonis
2215 1443 2385 1511 legent
2411 1441 2631 1510 exponit
2656 1439 2976 1494 Plutarchus
3005 1439 3058 1492 in
3106 1435 3282 1491 libello
3306 1433 3383 1488 De
3408 1432 3625 1487 eiume

2039 1549 2143 1588 dare
2169 1535 2361 1598 alieno,
2394 1548 2501 1602 qua
2535 1533 2753 1587 vetabat
2780 1532 2927 1586 cives
2956 1543 3081 1584 suos
3097 1528 3286 1582 aliena:
3311 1539 3464 1594 aqum
3493 1538 3625 1591 par-

2040 1625 2228 1694 ticipes
2262 1624 2378 1679 fieri
2417 1624 2586 1693 prius,
2605 1638 2767 1692 quam
2801 1622 2947 1676 domi
2975 1620 3095 1675 solo
3115 1633 3284 1689 usque
3303 1617 3368 1670 ad
3392 1613 3624 1685 argilam

2037 1716 2337 1778 exhausto,
2382 1729 2539 1784 aquae
2577 1715 2629 1768 id
2681 1713 2867 1767 sterile
2922 1708 3423 1779 deprehendissent.
3472 1704 3632 1775 Ἄρα

2034 1805 2300 1860 δέδεικται
2316 1805 2445 1878 περὶ
2466 1822 2569 1876 χρη
2579 1802 2762 1875 μάτων
2787 1796 2927 1856 εἶναι
2959 1802 3143 1871 νόμον,
3167 1800 3314 1862 ὅπως
3344 1796 3419 1869 μὴ
3450 1795 3627 1850 δανεὶ-

2035 1894 2235 1962 ζωνται
2265 1899 2395 1967 παρ’
2426 1897 2647 1967 ἐτέρων,
2673 1895 2796 1967 μηδ’
2827 1896 2912 1948 ἐπ’
2925 1893 3212 1965 ἀλλοτρίας
3244 1890 3426 1962 πηγὰς
3469 1888 3625 1959 βαδί-

2036 2007 2202 2051 σωσι,
2235 1990 2309 2061 μὴ
2347 1989 2611 2060 πρότερον
2660 1988 2796 2040 οἴκοι
2847 1985 2947 2049 τὰς
2995 1984 3172 2039 αὐτῶν
3219 1980 3473 2054 ἀφορμὰς
3526 1978 3627 2048 ἐξ·

2034 2080 2352 2149 ελέγξαντες
2378 2098 2391 2110 ·
2412 2100 2430 2132 ι
2456 2080 2643 2135 Nonne
2674 2080 2894 2134 evidens
2930 2088 3014 2133 est
3051 2092 3170 2132 eam
3202 2076 3369 2146 legem
3402 2076 3471 2130 ad
3499 2088 3620 2128 rem

2034 2172 2401 2241 pecuniariam
2426 2172 2716 2240 pertinere,
2744 2184 2811 2224 ne
2845 2168 2913 2223 ab
2951 2168 3071 2223 aliis
3103 2177 3346 2221 mutuum
3372 2174 3627 2234 sumant,

2035 2266 2347 2334 alienosque
2384 2264 2559 2321 fontes
2593 2266 2812 2332 adeant,
2843 2278 2948 2318 non
2982 2270 3108 2316 ante
3134 2258 3277 2315 domi
3301 2258 3471 2327 c0piis
3498 2258 3623 2312 suis

2034 2357 2362 2412 examinatis
2382 2356 2411 2409 ἱ
2440 2374 2460 2407 s

2103 2446 2219 2501 Col.
2245 2446 2417 2501 274A
2445 2447 2529 2503 l5.
2570 2445 2713 2501 Vasa
2753 2461 2976 2516 quoque.
3006 2443 3160 2513 Legit
3201 2439 3488 2493 ἐσθιόντων
3525 2436 3625 2491 in—

2037 2550 2267 2610 terpres.
2302 2550 2362 2593 ut
2407 2556 2475 2594 ex
2514 2539 2754 2608 Anglicis
2787 2536 3136 2591 substitutum
3178 2545 3298 2596 est;
3326 2530 3496 2599 magis
3528 2538 3619 2582 ta-

2034 2647 2154 2685 men
2184 2631 2386 2684 arridet
2416 2629 2736 2683 Basiliensis
2763 2626 3016 2682 editionis
3045 2633 3103 2679 et
3128 2622 3328 2679 codicis
3349 2618 3612 2675 ms.0|iv.

2033 2706 2207 2787 lectio,
2263 2720 2582 2784 ἑστιώντων,
2615 2736 2677 2773 ex
2717 2734 2822 2789 qua
2875 2717 3014 2787 apud
3048 2714 3396 2776 Cornarium,
3430 2729 3450 2762 ‹
3485 2723 3627 2765 vasa

2032 2824 2087 2869 et
2125 2813 2506 2883 supellectilem
2544 2826 2731 2867 eorum
2775 2825 2806 2863 a
2842 2806 3050 2877 quibus
3098 2804 3346 2861 convivio
3408 2802 3621 2870 excipi—

2034 2917 2139 2961 tur.
2172 2926 2190 2959 ι
2225 2904 2424 2960 Eorum
2471 2904 2616 2961 enim
2654 2903 2855 2973 potius,
2884 2900 2974 2968 qui
3021 2897 3270 2954 convivio
3301 2894 3623 2965 excipiunt,

2032 3009 2157 3053 sunt
2193 3012 2340 3057 vasa.
2373 3012 2533 3066 quam
2568 2996 2935 3051 convivarum.

2102 3088 2235 3143 Ibid.
2255 3087 2297 3141 B
2327 3088 2412 3141 ll.
2444 3087 2503 3141 Τί
2532 3085 2901 3156 πολυπλόκῳ
2921 3081 3117 3150 θηρίῳ.
3160 3077 3313 3134 Unde
3345 3074 3619 3144 expressit

2036 3176 2350 3243 Carnarius,
2379 3195 2397 3227 ι
2433 3177 2570 3243 Quid
2608 3174 3106 3244 multiplici‘bestize
3157 3170 3383 3238 teipsum
3416 3165 3617 3232 adjun-

2033 3269 2115 3340 gis
2142 3270 2166 3323 ?
2198 3288 2215 3321 ι
2254 3270 2552 3337 eodemque
2580 3266 2739 3322 modo
2776 3267 2828 3320 in
2859 3263 2998 3319 Oliv.
3031 3262 3289 3330 scriptum
3315 3259 3437 3311 fuit.
3466 3257 3617 3311 Sane

2032 3361 2385 3419 πολυπλόκων
2430 3362 2592 3415 etiam
2642 3357 2885 3413 meminit
2923 3356 3235 3425 Scriptura,
3266 3351 3366 3407 Job
3410 3366 3466 3412 ν,
3518 3350 3610 3415 l5,

2025 3454 2268 3523 βουλὴν
2284 3454 2351 3508 δὲ
2360 3454 2760 3509 πολυπλόκων
2771 3450 3124 3517 ἐξέστησεν,
3147 3445 3418 3500 consilium
3431 3452 3613 3496 autem

2030 3558 2325 3602 astutarum
2357 3546 2583 3614 disjecil.
2611 3546 2717 3599 Sed
2772 3544 2946 3613 aptior
2990 3551 3074 3595 est
3114 3539 3270 3594 lectio
3310 3535 3520 3604 Anglic.
3553 3543 3616 3588 et

2031 3641 2339 3709 interpretis
2384 3638 2685 3708 πολυτόκῳ,
2721 3656 2739 3688 ι
2778 3637 3039 3699 fecundae,
3070 3652 3089 3686 ι
3125 3632 3266 3703 quod
3302 3630 3607 3698 epithetum

2032 3732 2237 3787 nomini
2269 3740 2323 3786 et
2354 3741 2560 3785 natura:
2587 3730 2759 3800 magis
2782 3728 3052 3788 convenit,
3094 3724 3232 3778 unde
3266 3732 3320 3776 et
3359 3721 3424 3774 de
3453 3719 3613 3787 lepo-

2030 3824 2180 3878 ribus
2227 3822 2687 3890 superfetautihus
2741 3820 2977 3887 subjicit.
3024 3816 3099 3870 Ita
3134 3813 3480 3884 psal.cxutt,
3511 3809 3609 3872 16,

2027 3915 2101 3968 τὰ
2157 3913 2419 3981 πρόϐατα
2480 3910 2677 3967 αὐτῶν
2722 3909 3064 3973 πολύτοκα,
3118 3920 3231 3959 oves
3289 3914 3468 3956 eorum
3526 3897 3617 3967 [e-

2028 4018 2176 4059 εοεαι.

2098 4096 2213 4152 Col.
2244 4095 2350 4150 275
2376 4093 2423 4148 Α
2452 4094 2535 4150 15.
2562 4092 2732 4153 Liber.
2773 4092 3083 4162 Ἐλεύθερον
3100 4103 3207 4156 pne
3231 4101 3289 4143 se
3306 4087 3407 4140 fert
3433 4083 3610 4140 etiam

2030 4204 2132 4244 ms.
2158 4187 2321 4252 Oliv.,
2346 4197 2400 4241 at
2422 4186 2813 4242 emendandum
2855 4196 2935 4239 est
2957 4181 3260 4253 ἐλεύθερος.
3308 4180 3391 4234 Ab
3412 4178 3613 4232 eadem

2030 4289 2209 4332 mente
2234 4278 2361 4331 illud
2395 4286 2477 4331 est
2504 4275 2775 4331 Plutarchi
2794 4274 2931 4332 libro
2953 4273 3059 4343 iam
3090 4273 3255 4326 citato
3292 4285 3410 4338 pag.
3442 4265 3549 4320 828
3591 4284 3609 4320 :

2040 4369 2235 4439 Ἠμείς
2265 4367 2325 4421 δὲ
2361 4367 2460 4438 τὴν
2490 4366 2823 4435 αὐτάρκειαν
2845 4363 3221 4434 αἰσχυνόμενοι
3250 4355 3616 4413 καταδουλοῶ

422 4441 539 4499 Col.
561 4442 667 4498 266
687 4444 726 4498 Β
750 4445 806 4504 2.
840 4446 962 4501 Νοη
994 4448 1272 4519 fencrabis.
1301 4451 1475 4511 Locus
1510 4467 1595 4513 est
1629 4459 1912 4535 Dettterou,

2037 4477 2123 4515 sev
2176 4460 2400 4523 ἑαυτοὺς
2439 4458 2740 4529 ὑποθήκαις
2792 4457 2887 4509 καὶ
2934 4451 3306 4524 συμϐολαίοις,
3350 4448 3469 4503 δέον
3513 4450 3609 4514 εἰς

348 4547 512 4598 xxnt,
538 4534 631 4600 19,
667 4537 756 4593 ubi
783 4537 1006 4606 Vulgata
1052 4540 1265 4609 Latina,
1316 4545 1439 4599 Non
1476 4547 1734 4615 fenerabis
1764 4534 1922 4623 fratri

349 4633 440 4681 tuo
473 4624 542 4678 ad
589 4643 840 4684 usuram.
874 4629 1105 4685 Verbum
1156 4635 1299 4688 enim
1350 4635 1598 4693 Latinum
1644 4643 1923 4703 fenerandi

349 4715 522 4770 solum
555 4728 794 4776 mutuum
823 4721 1111 4789 aliquando
1147 4724 1413 4791 signiﬁcat
1443 4748 1459 4785 ε
1492 4740 1550 4785 ιιι
1583 4733 1793 4789 Denter.
1830 4753 1920 4805 xv,

350 4804 385 4858 6
420 4819 436 4858 :
480 4804 765 4865 Fenerabis
799 4812 1037 4879 gentibus
1071 4814 1269 4877 multis,
1316 4826 1364 4869 et
1396 4818 1505 4886 ipse
1542 4836 1575 4872 a
1616 4822 1756 4876 nullo
1786 4804 1922 4878 accié

346 4896 457 4964 pies
484 4907 722 4953 mutuum
746 4917 765 4964 ;
787 4904 929 4970 quod
962 4902 1106 4959 LXX
1131 4905 1317 4962 Graece
1359 4910 1610 4966 dixerunt
1636 4930 1651 4966 :
1686 4915 1795 4968 Καὶ
1819 4915 1921 4971 δα-

344 4987 571 5054 νείσεις
595 4990 798 5045 ἔθνεσι
824 4994 1095 5062 πολλοῖς,
1123 4996 1205 5053 σὺ
1239 4998 1308 5052 δὲ
1329 5003 1401 5055 οὐ
1437 5002 1663 5072 (Samii.
1694 5004 1920 5062 Hebrai-

342 5095 466 5134 cum
509 5090 781 5145 est-my.
830 5085 902 5138 At
948 5086 1050 5142 hoc
1090 5089 1210 5145 loco
1255 5094 1474 5148 verbum
1523 5106 1606 5150 est
1623 5107 1755 5163 πως,
1777 5101 1918 5168 quod

349 5190 368 5221 ε
406 5174 653 5231 mordere
693 5195 712 5225 ι
756 5177 1043 5247 signiﬁcat,
1077 5189 1130 5235 et
1169 5199 1195 5232 ι
1234 5186 1508 5249 arrodere,
1553 5205 1572 5238 ι
1613 5197 1667 5243 et
1703 5190 1921 5243 exacui.

341 5261 475 5328 ζειν,
505 5265 607 5320 hoc
654 5276 759 5331 est,
801 5287 820 5319 ι
863 5270 929 5321 ad
977 5286 1194 5337 usuram
1249 5277 1669 5331 mutuumdare.
1714 5297 1734 5331 ι
1765 5278 1918 5344 Quod

340 5369 470 5410 vero
494 5357 738 5427 sequitur
764 5374 830 5412 ex
857 5358 1103 5416 Jeremiae
1129 5378 1206 5429 rx,
1230 5361 1281 5425 6,
1310 5366 1548 5419 nonnihil
1579 5369 1914 5425 immutatum

340 5451 425 5499 est
447 5445 514 5499 ab
536 5456 776 5507 auctore,
814 5463 935 5503 cum
961 5451 1101 5518 apud
1152 5453 1469 5521 prophetam
1501 5454 1732 5525 legatur,
1760 5459 1917 5523 τόκος

339 5535 432 5586 ἐπὶ
468 5535 630 5607 τόκῳ,
673 5537 823 5602 δόλος
864 5540 957 5595 ἐπὶ
991 5540 1149 5613 δόλῳ.
1198 5542 1544 5614 Mauuscripti
1599 5562 1719 5602 eum
1759 5552 1915 5606 editis

338 5627 705 5681 consentiunt.
742 5630 954 5685 Tertius
984 5631 1133 5688 locus
1157 5645 1240 5690 est
1259 5637 1452 5706 psalm.
1481 5654 1591 5704 Liv,
1628 5640 1714 5695 12.
1743 5641 1917 5699 Caete-

339 5726 459 5772 rum
496 5716 548 5772 in
607 5719 794 5776 codice
840 5721 979 5782 Oliv.
1036 5724 1317 5797 inscriptio
1356 5730 1510 5801 hujus
1564 5734 1914 5806 expositionis

2024 4546 2162 4599 αὐτὰ
2188 4547 2255 4599 τὰ
2283 4547 2527 4617 χρήσιμα
2575 4543 2930 4607 συσταλέντας
2974 4543 3069 4597 καὶ
3113 4538 3604 4610 συσπειραθέντας,

2024 4637 2089 4690 ἐκ
2142 4635 2250 4689 τῶν
2295 4627 2584 4707 ἀχρήστων
2629 4635 2725 4688 καὶ
2777 4633 3050 4706 περιττῶν
3102 4629 3518 4691 κατακοπέντων
3564 4631 3604 4702 ἢ

2024 4729 2383 4800 πραθέντων,
2431 4728 2742 4798 ἐλευθερίας
2800 4728 2981 4789 αὐτοῖς
3045 4725 3186 4796 ἱερὸν
3241 4722 3604 4796 ἱδρύσασθαι·

2026 4840 2046 4874 s
2095 4821 2201 4875 Nos
2252 4823 2378 4875 dum
2441 4831 2722 4875 contentos
2765 4835 2884 4873 esse
2933 4819 3134 4872 nostris
3188 4818 3349 4871 rebus
3402 4816 3603 4884 pudet,

2021 4913 2213 4967 dandis
2278 4913 2595 4983 pignoribus
2660 4909 3134 4978 contractibusque
3195 4907 3482 4963 subeundis
3538 4906 3604 4963 in

2020 5003 2334 5058 servitutem
2358 5011 2566 5058 nosmet
2597 5003 2809 5066 damus,
2850 5002 2940 5057 ubi
2995 5018 3093 5072 par
3132 5012 3269 5067 erat,
3303 5001 3605 5059 contractis

2021 5096 2085 5150 ad
2110 5095 2261 5148 utilia
2292 5094 2699 5171 cupiditatibus,
2732 5096 2941 5150 inutilia
2982 5111 3082 5150 nos
3126 5105 3180 5149 et
3210 5096 3381 5150 otiosa
3409 5095 3603 5148 conci-

2018 5188 2146 5241 dere
2196 5197 2290 5239 aut
2327 5188 2638 5251 divendere,
2671 5188 2855 5257 itaque
2907 5188 3065 5243 nobis
3109 5188 3369 5243 libertatis
3402 5187 3599 5240 fanum

2017 5289 2318 5334 exstruere.
2370 5297 2388 5330 ι
2429 5278 2684 5347 Sequitur
2715 5279 2866 5334 locus
2911 5282 3049 5350 apud
3101 5279 3352 5334 Basiliam
3392 5280 3597 5348 partim

2016 5370 2082 5424 ad
2116 5369 2336 5425 verbum
2385 5372 2579 5439 partim
2624 5371 2924 5427 imitatione
2965 5386 3268 5439 expressus,
3298 5385 3362 5424 ex
3395 5370 3597 5426 eodem

2016 5460 2152 5516 libro
2184 5462 2457 5517 Plutarchi
2503 5463 2804 5530 descriptus
2846 5478 2967 5531 pag.
3000 5463 3144 5516 850:
3179 5460 3302 5526 Πῶς
3330 5458 3423 5516 οὖν
3474 5460 3599 5518 δια.-

2015 5553 2247 5622 τραφῶ;
2279 5552 2447 5611 Τοῦτο
2490 5555 2719 5625 ἐρωτᾷς,
2772 5552 2911 5624 ἔχων
2961 5556 3178 5624 χεῖρας,
3228 5552 3366 5625 ἔχων
3400 5553 3592 5619 πόδας,

2015 5648 2157 5719 ἔχων
2181 5651 2389 5721 φωνὴν,
2419 5649 2704 5721 ἄνθρωπος
2726 5648 2821 5712 ὣν,
2857 5641 2901 5716 ᾧ
2930 5647 2990 5700 τὸ
3009 5647 3180 5715 φιλεῖν
3198 5648 3314 5701 ἐστι
3336 5688 3352 5701 .
3387 5648 3483 5702 καὶ
3501 5666 3594 5711 φι-

2014 5740 2241 5806 λεῖσθαι,
2293 5742 2388 5796 καὶ
2437 5739 2498 5795 τὸ
2546 5738 2882 5811 χαρίζεσθαι,
2936 5738 3029 5793 καὶ
3082 5739 3146 5793 τὸ
3201 5738 3584 5809 εὐχαριστεῖν,
