3824 6214
192 243 358 303 1017

1307 252 1400 306 AD
1440 252 1765 309 HOMILIAS
1802 252 1867 307 ΙΝ
1906 253 2240 311 PSALMOS.

3355 270 3491 326 iOlS

190 365 537 438 γράμματα
568 366 857 433 διδάσκων,
897 369 991 420 καὶ
1020 369 1410 439 παιδαγωγωνε
1446 390 1465 422 ι
1500 371 1656 428 Dices
1689 391 1700 425 :
1752 377 1777 426 ἐ

1929 374 2308 440 Pentecosten,
2359 384 2583 440 stantes,
2616 392 2720 432 non
2770 379 2995 447 genibus
3041 380 3196 435 ﬂexis
3239 385 3491 438 orabam.

193 460 501 526 quomodo
530 458 648 511 alar
676 458 980 523 ?'lloccine,
1003 460 1241 530 inquam,
1277 471 1329 516 te
1371 479 1561 532 rogare
1594 481 1807 532 a-quum

192 555 315 611 est,
375 548 470 617 qui
510 551 711 603 habeas
760 565 968 611 manus,
1007 552 1189 619 pedes,
1226 562 1425 605 vocem‘
1456 553 1480 606 ?
1510 554 1602 622 qui
1654 556 1813 607 homo

197 639 311 702 sis,
344 641 445 709 qui
480 652 535 695 et
567 655 752 695 amare
797 643 972 709 possis
998 653 1052 697 et
1082 643 1272 705 amari,
1311 644 1624 697 benelicium
1669 647 1813 699 aeci~

198 744 351 797 pere
382 739 438 784 et
471 746 629 799 agere
662 737 863 801 gratias
903 733 926 785 ?
958 732 1167 787 litteras
1214 733 1477 799 docendo,
1512 750 1708 803 pueros
1747 736 1812 789 li—

197 823 484 877 beraliter
509 823 827 878 formando?
859 843 878 876 ι

278 913 417 971 Col.
448 914 555 968 282
582 914 623 970 C
652 914 704 967 4.
740 914 863 968 Non
900 916 1040 969 enim
1069 916 1288 970 munda.
1324 917 1691 985 Expunximus
1721 919 1808 973 illa

199 1005 572 1076 interpretis,
601 1023 621 1056 ε
659 1005 775 1060 Non
810 1007 953 1061 enim
995 1017 1156 1061 castra
1186 1017 1311 1062 sunt
1344 1023 1554 1077 preces,
1594 1025 1690 1064 nec
1719 1026 1811 1065 ac-

198 1107 403 1167 cepta.
445 1116 467 1149 s
524 1099 781 1165 Spectant
832 1098 975 1151 enim
1036 1098 1151 1152 haec
1201 1099 1267 1151 ad
1318 1109 1640 1170 praeceptum
1683 1101 1808 1156 illud

200 1190 519 1245 Deuterou.
551 1207 708 1252 xxttl,
740 1191 806 1244 18
827 1210 840 1245 :
864 1194 946 1244 Οὺ
981 1193 1329 1260 προσοίσεις
1356 1194 1633 1262 μίσθωμα
1662 1194 1806 1263 πόρ-

196 1300 331 1349 νης
388 1283 542 1350 πρὸς
588 1281 793 1337 πᾶσαν
843 1282 1054 1352 εὐχήν.
1101 1282 1227 1337 Non
1287 1285 1472 1351 amares
1523 1288 1807 1340 mercedem

198 1377 514 1429 meretricis
544 1378 612 1429 ad
652 1392 800 1430 omne
836 1388 1032 1431 votum.
1069 1376 1238 1431 Porro
1271 1378 1402 1448 εὐχή
1439 1394 1542 1431 non
1576 1390 1658 1433 est
1703 1378 1808 1433 lle-

197 1466 406 1522 braice
440 1451 612 1532 η’)ΞῐῚ,
651 1483 770 1537 qua:
810 1470 1149 1540 προσευχήν,
1180 1469 1230 1522 id
1275 1481 1380 1529 est.
1423 1472 1802 1537 precationem,

199 1561 512 1630 signiﬁcat,
550 1560 641 1614 sed
664 1569 785 1622 113.
825 1576 945 1629 quia:
994 1561 1300 1632 ὁμολογίαν,
1341 1573 1523 1616 votum
1557 1574 1647 1615 aut
1677 1579 1805 1631 pro-

200 1653 471 1715 missum,
503 1663 560 1705 ut
585 1651 830 1706 Ieremia!
855 1667 996 1716 κων,
1030 1653 1100 1707 25
1126 1673 1139 1707 :
1175 1653 1515 1723 Ποιήσομεν
1541 1654 1647 1720 τὰς
1670 1659 1805 1725 ὁμο-

1921 463 2284 535 ΙΙιετοιιγιηιιε
2316 465 2366 519 in
2394 466 2604 536 Dialog.
2635 470 2884 522 adversus
2913 469 3275 539 Luciferiauos
3307 488 3326 526 :
3355 493 3371 525 ι
3400 473 3493 528 Die

1924 553 2202 610 Dominico
2235 564 2287 609 et
2316 572 2410 626 per
2448 572 2659 612 omnem
2702 559 3053 614 Pentecosten
3096 577 3195 616 nec
3238 565 3304 618 de
3341 566 3494 634 geni-

1914 653 2050 704 culis
2079 654 2329 714 adorare,
2368 661 2422 706 et
2465 651 2732 720 jejunium
2780 654 3013 717 solvere,
3045 655 3319 723 multoque
3360 656 3490 721 alia,

1912 758 2032 813 quae
2059 744 2257 811 scripta
2307 759 2411 798 non
2464 755 2612 808 sunt,
2662 746 2995 799 rationabilis
3036 747 3135 799 sibi
3183 748 3491 802 observatio

1911 835 2223 890 vindicavit.
2255 854 2274 887 ι
2296 835 2437 889 idem
2464 837 2778 891 Ambrosius
2801 852 2967 892 serm.
2993 837 3054 893 (il
3082 840 3147 893 de
3169 839 3489 894 Pentecoste

1912 940 1978 978 ex
2013 927 2244 980 concilio
2296 926 2515 980 Nica-no
2560 942 2681 980 can.
2742 929 2863 981 9.0:
2907 929 3179 992 Ἐστῶτας
3220 929 3365 996 ἔδοξε
3419 934 3487 1004 τῇ

1909 1015 2040 1087 ἁγίᾳ
2099 1017 2300 1087 συνόδῳ
2338 1019 2436 1081 τὰς
2475 1018 2640 1089 εὐχὰς
2681 1020 2987 1074 ἀποδιδόναι
3032 1021 3111 1091 τῷ
3161 1022 3310 1092 Θεῷ·
3347 1042 3367 1074 ι
3416 1023 3489 1081 Ut

1910 1116 2117 1160 Stantes
2151 1108 2216 1159 ad
2253 1110 2549 1162 orationem
2579 1119 2696 1161 vota
2727 1109 2953 1163 Domino
2985 1113 3295 1167 reddamus.
3321 1132 3339 1164 ι

1978 1199 2094 1253 Col.
2152 1199 2249 1253 291
2294 1201 2338 1254 A
2391 1200 2438 1253 7.
2500 1199 2604 1266 Qui
2663 1202 2921 1268 aspirarit.
2968 1203 3372 1258 Emendandum
3430 1203 3486 1258 in

1908 1288 2097 1343 Grtuco
2121 1306 2188 1344 ex
2227 1306 2328 1343 ms.
2360 1290 2522 1352 0|iv.,
2556 1290 2969 1361 τελειουμὲνων,
3003 1311 3021 1342 ι
3062 1294 3111 1345 in
3153 1278 3358 1347 animas
3388 1306 3485 1347 eo—

1911 1395 2027 1432 rum
2059 1381 2150 1449 qui
2177 1380 2290 1449 jam
2327 1382 2522 1435 initiati
2553 1392 2699 1435 sunt.
2740 1401 2759 1433 ›
2795 1382 3086 1437 Cornarius
3125 1384 3362 1452 scripsit,
3386 1402 3407 1435 ι
3431 1383 3485 1437 in

1909 1472 2105 1525 animis
2131 1486 2317 1525 eorum
2358 1472 2446 1539 qui
2474 1472 2581 1540 jam
2625 1471 2996 1539 perficiuntur.
3036 1492 3056 1525 ι
3106 1474 3175 1527 At
3218 1476 3360 1542 quod
3400 1489 3487 1529 se-

1908 1562 2112 1628 quitur,
2147 1560 2297 1632 παρὰ
2324 1561 2416 1614 τοῦ
2441 1561 2643 1631 Κυρίου
2686 1563 3196 1633 μετονομασθέντες,
3222 1564 3486 1633 interpres

1911 1652 2178 1716 ediderat,
2206 1670 2224 1703 ‹
2254 1668 2345 1720 per
2378 1655 2747 1721 metaphoram
2782 1653 2875 1707 lilii
2911 1655 3127 1707 tonitrui
3151 1655 3436 1723 appellati;
3459 1676 3479 1705 δ

197 1743 436 1812 ,λογίας
462 1741 536 1808 ἂς
558 1741 1059 1812 ὡμολογήσαμεν
1101 1743 1384 1799 Faciamus
1402 1721 1552 1809 vvota,
1577 1721 1774 1817 (ματ-νο

1907 1743 2219 1807 (Iornarius,
2255 1762 2273 1795 ‹
2325 1759 2421 1812 per
2462 1746 2871 1799 translationem
2939 1746 3229 1815 appellati;
3276 1765 3296 1798 ι
3335 1749 3485 1816 quasi

199 1835 430 1897 vimus;
473 1842 530 1888 et.
565 1850 580 1885 :
624 1834 995 1904 Ἐνεμείνατε
1046 1836 1176 1903 ταῖς
1224 1838 1564 1908 ὁμολογίαις
1603 1839 1799 1908 ὑμῶν·

203 1923 490 1992 Implestis
524 1933 640 1978 vota
678 1936 869 1982 vestra.
900 1926 1135 1981 Basilius
1167 1938 1345 1982 autem
1388 1931 1549 1984 verba
1576 1946 1802 1998 usurpa-

201 2016 289 2068 vit
356 2014 662 2073 Salomonis
716 2016 1126 2074 Proverbiorum
1181 2034 1305 2083 ιιι,
1359 2021 1481 2075 15ε
1530 2020 1642 2074 Καὶ
1687 2024 1800 2091 οὐχ

201 2105 397 2176 ἁγναὶ
435 2109 630 2177 εὐχαί,
671 2108 760 2162 ubi
797 2110 963 2163 altera
1001 2125 1103 2164 vox
1152 2121 1235 2165 est
1270 2110 1489 2166 Hebra'a
1526 2096 1650 2199 I151.
1682 2129 1801 2180 quae

203 2211 405 2253 vntum
445 2199 573 2254 item
606 2210 779 2266 sonat,
808 2200 935 2254 licet
970 2203 1164 2271 saipius
1202 2212 1439 2270 guttam;
1465 2206 1603 2257 unde
1645 2206 1801 2275 Sym-

205 2289 448 2343 machus
475 2291 667 2344 ibidem
692 2293 985 2359 σταγόνες
1020 2294 1199 2354 vertit,
1231 2304 1284 2347 et
1320 2293 1540 2362 Vulgata
1583 2295 1796 2358 Latina,

200 2392 253 2435 et
299 2391 441 2434 tecta
475 2382 677 2449 jagiter
716 2384 976 2436 stillantia
1018 2383 1245 2452 litigiosa
1284 2384 1491 2439 mulier.
1538 2387 1686 2441 Alter
1719 2388 1798 2440 lo-

201 2485 309 2525 cus
336 2470 685 2526 estJeremize.
715 2488 792 2533 xl,
838 2473 903 2526 15
936 2489 949 2524 :
989 2473 1086 2541 Μὴ
1127 2476 1299 2543 εὐχαὶ
1334 2476 1430 2529 καὶ
1475 2477 1621 2545 κρέα
1663 2478 1800 2548 ἅγια

200 2562 556 2632 ἀει-τελοῦσιν
593 2565 710 2618 ἀπὸ
749 2566 865 2619 σοῦ
894 2564 999 2632 τὰς
1032 2568 1245 2632 κακίας
1292 2583 1444 2632 σου,
1472 2572 1510 2638 ἣ
1558 2573 1798 2640 ταύταις

200 2653 544 2725 {ingredi-:11;
574 2657 662 2708 ubi
698 2659 841 2726 quod
881 2659 1136 2726 propheta
1160 2660 1314 2724 dixit,
1342 2670 1432 2713 aut
1455 2674 1666 2728 propter
1697 2666 1795 2717 ista

202 2750 432 2818 eﬂ'ugies
475 2751 501 2803 ?
534 2749 763 2804 Basilius
807 2750 1226 2806 circumlocutus
1283 2765 1365 2806 est
1417 2770 1429 2806 :
1486 2752 1518 2823 ἢ
1587 2754 1797 2819 τούτοις

202 2840 312 2912 ἔσῃ
340 2840 628 2911 καθαρός;
663 2860 682 2892 ί
712 2851 802 2894 aut
846 2857 943 2910 per
994 2842 1108 2895 hinc
1164 2857 1329 2908 purus
1378 2844 1537 2897 eris?
1574 2864 1591 2895 ι
1634 2844 1795 2899 Paulo

205 2944 334 3002 post
387 2932 462 2986 δι’
494 2932 788 3001 ἀγιασμοῦ
828 2933 1093 3001 interpres
1147 2942 1408 2996 verterat,
1456 2952 1475 2985 ε
1522 2951 1617 3002 per
1672 2938 1795 2991 vita:

1906 1836 2269 1902 metaphoram
2330 1836 2380 1888 in
2445 1835 2622 1890 locmn
2677 1839 3019 1907 metonymia:
3077 1837 3484 1895 substituerent.

1901 1926 2016 1981 luto
2050 1927 2136 1980 hic
2170 1926 2404 1979 nominis
2444 1927 2792 1980 mutationem
2830 1925 3102 1994 intelligit,
3132 1943 3290 1995 quam
3316 1942 3484 1996 agno—

1903 2020 1980 2072 vit
2036 2021 2197 2072 etiam
2251 2018 2309 2071 S.
2357 2018 2716 2087 Hieronymus
2770 2018 2875 2070 int
2925 2018 3205 2072 Danielis:
3248 2039 3265 2070 ι
3315 2019 3486 2075 Porro

1904 2111 2160 2165 Dominus
2197 2111 2249 2163 in
2286 2110 2479 2164 bonam
2518 2119 2721 2177 partem
2760 2110 2976 2162 nomina
3021 2121 3189 2164 mutat
3232 2112 3479 2180 antiqua,

1900 2211 1954 2255 ct
1995 2217 2062 2255 ex
2113 2200 2273 2254 rebus
2324 2202 2550 2269 imponit
2583 2202 2838 2253 virtutum
2871 2200 3156 2263 voeabula,
3189 2211 3247 2254 ut
3280 2200 3479 2254 Abram

1899 2292 2190 2362 appellaret
2235 2291 2530 2355 Abraham,
2560 2301 2615 2345 cl
2658 2291 2708 2344 iu
2761 2291 3055 2362 Evangelia
3096 2292 3189 2344 lilii
3234 2292 3481 2345 Zebedazi

1899 2384 2142 2453 appellanti
2199 2391 2321 2436 sunt
2379 2383 2470 2437 lilii
2512 2384 2730 2437 tonitrui
2770 2383 2954 2454 (Marci
3002 2384 3231 2451 1",”).
3278 2403 3296 2436 ι
3328 2384 3482 2448 Ejus-

1901 2477 2040 2529 modi
2088 2485 2172 2530 est
2226 2484 2602 2545 argumentum
2647 2473 2768 2528 libri
2824 2473 3064 2528 Philonis
3103 2474 3269 2529 .Indati
3302 2491 3315 2527 :
3345 2474 3480 2545 Περὶ

1897 2564 2005 2618 τῶν
2060 2564 2601 2637 μετονομαζομένων,
2635 2566 2730 2616 καὶ
2762 2557 2836 2617 ὧν
2879 2564 3041 2617 ἕνεκα
3092 2563 3483 2636 μετονομάζον-

1896 2674 1987 2710 ται
2017 2673 2031 2686 ·
2067 2677 2084 2707 ι
2118 2660 2297 2724 Quare
2321 2660 2675 2726 quorumdam
2705 2657 2755 2710 in
2804 2655 3100 2725 Scripturis
3136 2669 3337 2709 mutata
3374 2658 3481 2711 sint

1898 2749 2132 2804 nomina.
2169 2769 2189 2797 ι
2232 2751 2315 2805 Ab
2351 2753 2537 2805 eadem
2580 2761 2759 2803 urente
2801 2760 2885 2803 est
2932 2750 3057 2802 illud
3097 2749 3340 2817 Gregorii
3380 2750 3483 2802 Νει-

1897 2842 2138 2895 Ζξιιηῑνιιῖ
2174 2851 2314 2894 orat.
2354 2841 2421 2895 l9
2456 2842 2507 2893 in
2545 2840 2762 2893 laudem
2797 2839 2994 2901 Patris,
3057 2854 3179 2906 pag.
3231 2839 3326 2893 501
3364 2858 3377 2893 :
3415 2842 3478 2894 Οἱ

1893 2935 1986 2988 τοῦ
2014 2934 2295 2987 Ζεϐεδαίου
2325 2933 2385 2985 τὸ
2421 2931 2832 3003 μεγαλόφωνον,
2852 2931 2880 2983 ὃ
2913 2932 3006 2984 καὶ
3062 2929 3289 3000 βροντῆς
3328 2931 3479 2995 υἱοὺς

202 3026 356 3079 enim
383 3026 793 3079 sanctimoniam
846 3026 998 3080 nobis
1027 3026 1241 3094 pervius
1284 3036 1368 3080 est
1411 3027 1477 3080 ad
1511 3043 1633 3082 eum
1665 3045 1777 3083 san-

1902 3028 2091 3091 αὐτοὺς
2111 3027 2518 3097 προσηγόρευσε
2546 3043 2560 3056 ·
2595 3043 2613 3075 ‹
2647 3025 2765 3079 Filii
2803 3022 3041 3076 Zebedmi
3070 3024 3480 3093 graudiloquen-

204 3126 356 3173 etum
394 3132 457 3170 ac
491 3116 772 3170 familiaris
804 3118 980 3172 aditus
1012 3137 1027 3183 ;
1064 3138 1083 3170 s
1123 3126 1175 3170 at
1214 3116 1332 3187 plus
1364 3118 1565 3188 aliquid
1594 3128 1675 3175 est
1716 3123 1791 3175 oi.-

201 3205 512 3266 xstoiialiat.
540 3222 698 3275 quam
737 3208 940 3260 aditum
965 3207 1186 3262 habere.
1216 3266 1219 3269 _

282 3300 402 3355 Col.
433 3299 537 3352 286
558 3300 604 3351 Α
633 3300 684 3352 1.
720 3298 845 3352 Post
900 3298 1055 3365 hujus
1088 3301 1225 3353 vitm.
1272 3299 1623 3355 Restituimus
1654 3302 1791 3356 hanc

202 3391 555 3453 sententiam,
607 3400 763 3459 prout
812 3405 842 3443 a
898 3391 1245 3443 Volaterrano
1294 3405 1550 3459 expressa
1589 3392 1786 3447 fuerat.

205 3478 678 3549 Dispensationem
712 3479 854 3533 enim
891 3490 1048 3533 vocat
1112 3480 1269 3535 istius
1312 3482 1432 3535 vita:
1461 3497 1702 3550 etirsum,
1734 3485 1785 3537 iu

202 3584 307 3640 qua
342 3570 550 3625 scelera
591 3570 872 3633 permittit.
906 3579 961 3622 ct
992 3570 1147 3639 quasi
1187 3571 1489 3625 dissimulat
1517 3572 1676 3629 Deus.

274 3663 395 3716 Col.
424 3662 589 3716 286C
616 3663 666 3716 8.
702 3661 978 3715 Pra’terito
1023 3673 1277 3715 creatore.
1333 3662 1663 3730 Scripsitnus
1700 3665 1788 3726 dt:-

200 3756 327 3811 letis
363 3756 487 3815 illis,
535 3772 555 3805 ς
591 3766 783 3824 praeter
823 3764 1146 3817 creatorem,
1191 3773 1212 3806 ι
1252 3771 1318 3808 ne
1362 3755 1595 3809 obnoxia
1641 3767 1788 3812 esset

203 3847 294 3901 illa
329 3847 509 3900 versio
542 3862 783 3900 consorte
839 3845 1042 3899 Theod.
1080 3846 1249 3908 Bezm,
1286 3847 1374 3915 qui
1423 3848 1613 3901 merito
1652 3848 1786 3901 Era-

199 3951 383 3994 unum
415 3938 757 4006 reprehendit
784 3938 926 3990 hunc
978 3939 1223 3991 ennnlem
1266 3937 1444 3991 locum
1483 3938 1562 3993 sic
1600 3940 1782 4006 expri-

202 4039 445 4085 mentem
491 4031 558 4083 ad
601 4030 754 4083 Rom.
789 4045 827 4093 t,
871 4029 957 4087 ‘25.
1005 4046 1165 4097 supra
1220 4046 1357 4090 eum,
1396 4031 1485 4099 qui
1527 4031 1778 4084 condidit.

201 4119 339 4178 Nam
371 4121 459 4189 qui
489 4119 646 4188 παρὰ
669 4120 776 4174 τὸν
804 4120 1093 4174 κτίσαντα
1123 4120 1226 4174 hoc
1272 4121 1429 4173 modo
1458 4121 1635 4184 vertit,
1668 4130 1808 4186 aut,-

206 4228 230 4264 ι
261 4223 462 4281 printer
490 4220 810 4275 creatorem,
835 4229 854 4261 ι
883 4211 1093 4283 videmr
1125 4210 1372 4264 eonliteri
1400 4211 1642 4265 homines
1672 4211 1780 4265 Deo

198 4316 420 4371 quoque
449 4302 648 4354 cultum
683 4302 913 4368 aliquem
938 4301 1279 4362 exhibuisse,
1315 4303 1408 4355 sed
1438 4301 1508 4355 ita
1543 4310 1600 4355 ut
1627 4316 1777 4356 crea-

1896 3126 2045 3187 tiam,
2076 3125 2217 3177 unde
2241 3131 2296 3175 ιιι
2324 3123 2416 3175 lilii
2450 3121 2672 3175 tonitrui
2717 3119 2967 3188 appellati
3001 3128 3162 3176 sunt;
3198 3136 3216 3169 ι
3250 3127 3302 3172 et
3332 3129 3475 3170 orat.

1890 3215 1980 3276 20,
2032 3230 2151 3283 pag.
2197 3213 2323 3276 569,
2382 3212 2723 3266 commendat
2777 3211 2939 3264 etiam
2979 3209 3087 3263 τῶν
3140 3209 3277 3262 υἱῶν
3314 3208 3479 3263 Ζεϐε-

1889 3307 2038 3360 δαίου
2065 3305 2127 3357 τὸ
2164 3304 2562 3375 μεγαλόφωνον.
2600 3303 2669 3356 At
2708 3302 2832 3356 licet
2874 3301 3035 3354 nimis
3067 3301 3259 3354 stolide
3298 3300 3476 3355 Theo-

1888 3396 2006 3450 dor.
2037 3395 2174 3449 Beza
2202 3397 2251 3448 in
2288 3395 2451 3448 Marci
2492 3410 2553 3447 ιιι
2592 3394 2838 3447 scribens
2867 3393 3043 3445 minus
3068 3391 3415 3460 probabiliter
3440 3408 3473 3447 a

1888 3488 2146 3556 Gregorio
2200 3488 2343 3541 dicat
2391 3487 2441 3539 id
2476 3487 2872 3556 excogitatum,
2905 3485 3258 3539 conlirmatur
3292 3493 3472 3539 tamen

1888 3577 2208 3631 auctoritate
2246 3574 2304 3631 S.
2335 3575 2540 3639 Basilii,
2586 3575 2678 3642 qui
2711 3576 2812 3628 hac
2855 3573 3133 3627 nominum
3179 3573 3475 3627 mutatione

1886 3665 2151 3733 designari
2206 3664 2317 3715 vult
2362 3662 2732 3730 Evangelium,
2772 3662 2915 3730 quod
2966 3661 3157 3730 grandi
3204 3676 3335 3716 voce
3378 3661 3472 3715 lilii

1885 3754 2124 3807 Zebeda-i
2151 3754 2581 3823 promulgarunt,
2618 3753 2819 3805 tonitru
2854 3752 3121 3820 quoddam
3148 3766 3293 3805 esse.

1957 3845 2088 3900 Ibid.
2122 3847 2162 3898 B
2200 3846 2255 3900 9.
2311 3845 2463 3897 Rata.
2501 3843 2797 3898 Ezechielis
2830 3859 2872 3907 ι,
2919 3842 3010 3902 15,
3040 3843 3118 3896 sic
3174 3843 3370 3912 legitur
3417 3842 3472 3896 in

1886 3935 2126 4005 Vulgatis
2168 3936 2395 3990 Bibliis:
2437 3935 2749 4003 Ἐχόμενος
2792 3933 2911 3987 τῶν
2963 3933 3117 3994 ζώων
3166 3933 3290 3999 τοῖς
3333 3932 3471 3987 τέσ-

1881 4042 2084 4093 σαρσι,
2119 4027 2215 4078 καὶ
2260 4025 2328 4078 τό
2377 4021 2536 4089 εἶδος
2574 4025 2692 4077 τῶν
2736 4022 2967 4091 τροχῶν
3010 4024 3090 4087 ὡς
3125 4019 3284 4089 εἶδος
3329 4026 3474 4091 Θαρ-

1880 4118 2012 4184 σεῖς
2037 4135 2050 4149 ’
2107 4118 2276 4171 Juxta
2317 4117 2574 4169 animalia
2610 4117 2738 4182 ipsis
2782 4127 3037 4185 quatuor,
3067 4125 3113 4167 et
3145 4116 3337 4184 species
3386 4131 3473 4168 ro-

1881 4220 2054 4264 tarum
2104 4211 2257 4276 quasi
2298 4211 2494 4274 species
2549 4208 2786 4262 Thai-sis.
2831 4210 3068 4261 Annotat
3112 4224 3244 4261 vero
3295 4207 3469 4262 Flam.

1880 4302 2121 4356 Nobilius
2149 4302 2198 4353 in
2234 4301 2554 4369 quibusdam
2589 4299 2741 4353 libris
2776 4298 2898 4351 addi
2928 4298 3025 4351 καὶ
3053 4299 3084 4368 ὴ
3117 4296 3357 4366 ποίησις,
3379 4306 3472 4351 aut

201 4401 355 4445 turns
387 4392 551 4444 etiam
578 4389 817 4444 colerent
844 4408 858 4444 :
888 4402 942 4442 at
964 4389 1254 4458 Apostolus
1279 4391 1394 4443 vult
1414 4406 1508 4444 eos
1540 4393 1767 4455 cultum,
1801 4400 1846 4454 Ι)
1876 4391 2087 4463 ποίημα
2108 4391 2310 4457 αὐτῶν,
2335 4393 2479 4460 quod
2504 4391 2644 4459 apud
2679 4389 2738 4443 S.
2782 4390 3167 4460 Hieronymum
3205 4391 3256 4442 in
3302 4389 3466 4454 LXX,

198 4484 294 4554 qui
341 4483 452 4536 Deo
475 4482 790 4546 debebatur,
825 4482 890 4535 ad
923 4494 1201 4536 creaturas
1248 4485 1605 4538 transtulisse.
1653 4484 1779 4537 Vul-

198 4586 339 4645 gatae
364 4574 566 4629 Latinae
615 4584 802 4628 auctor
826 4575 982 4637 dixit,
1017 4585 1064 4628 et
1095 4575 1381 4628 servierunt
1413 4586 1667 4629 creatura'
1690 4594 1785 4644 po-

197 4670 332 4732 tius,
373 4683 532 4737 quam
583 4666 828 4721 creatori.
871 4665 981 4720 Nec
1030 4666 1185 4719 aliter
1239 4666 1597 4736 Hieronymus
1642 4672 1781 4737 apud

197 4759 489 4827 Origeuem
520 4758 571 4812 in
605 4758 1003 4812 Commentario
1036 4756 1307 4825 Epistulae.
1344 4758 1401 4811 S.
1433 4758 1668 4812 Hilarius
1706 4777 1779 4814 xu

196 4848 277 4903 De
292 4846 572 4910 Trim’tate,
584 4848 979 4902 cetservierunt
991 4859 1273 4911 creaturae,
1289 4850 1559 4917 prmterito
1571 4859 1782 4904 creato-

199 4956 313 4993 re.»
336 4939 923 5007 Subindescripsimus,
953 4957 971 4989 α
990 4939 1344 5004 ordinabitur,
1369 4957 1388 4989 ι
1409 4955 1508 4990 non
1526 4958 1544 4989 t
1564 4940 1782 4993 ordina-

196 5034 396 5094 batur;
427 5050 450 5082 ι
478 5032 666 5084 alludit
695 5031 837 5085 enim
874 5031 941 5083 ad
966 5031 1090 5082 illml
1126 5030 1396 5095 Lucrexu,
1424 5030 1493 5084 46
1528 5048 1542 5083 :
1572 5030 1682 5085 Καὶ
1713 5032 1778 5086 τὸ

187 5123 376 5193 μέρος
396 5121 589 5175 αὑτοῦ
610 5123 761 5191 μετὰ
792 5122 912 5177 τῶν
940 5123 1210 5176 ἀπίστων
1243 5121 1415 5189 θήσει
1441 5138 1455 5152 ’
1487 5122 1551 5176 Et
1580 5134 1780 5192 partem

193 5214 313 5282 ejus
339 5229 458 5265 cunt
490 5212 788 5279 inﬁdelibus
821 5224 994 5276 ponet.

265 5301 384 5356 Col.
426 5302 529 5356 287
571 5303 614 5355 B
655 5304 739 5357 ll.
799 5303 954 5357 Multi
1005 5305 1164 5357 enim.
1204 5301 1473 5359 Omiserat
1536 5306 1781 5374 corporis

196 5403 402 5449 statum
442 5395 732 5471 interpres,
766 5413 791 5446 ι
821 5395 1007 5452 Plures
1042 5399 1186 5450 enim
1235 5397 1467 5465 speciem
1518 5398 1778 5451 orationis

195 5485 454 5554 μηνίει-τε
486 5486 758 5552 videntur,
796 5488 886 5555 qui
927 5497 1104 5540 tamen
1138 5487 1192 5540 in
1243 5487 1343 5539 hac
1390 5483 1533 5537 aula.
1567 5504 1586 5536 ι
1615 5486 1781 5539 Stans

195 5579 356 5631 etiam
400 5576 704 5632 Pharisaeus
750 5577 966 5641 orabat,
1029 5577 1185 5631 Lucae
1226 5592 1377 5640 svnt,
1420 5576 1505 5639 ll,
1543 5586 1596 5630 et
1621 5577 1779 5630 Chri-

198 5668 358 5722 stiaui
382 5668 675 5737 quondam.
709 5667 897 5724 diebus
935 5668 1226 5725 Dominicis
1259 5679 1312 5723 et
1346 5685 1373 5721 ο
1408 5668 1669 5723 Pasebate
1704 5669 1770 5723 ad

1890 4503 1909 4535 ι
1947 4496 2001 4537 et
2023 4484 2228 4537 factura
2261 4498 2480 4542 earum;
2514 4502 2532 4532 ι
2565 4483 2835 4550 quomodo
2853 4491 2909 4536 et
2929 4482 3019 4535 hic
3044 4483 3181 4549 apud
3212 4481 3465 4534 Basilium

1887 4576 2123 4639 additur,
2144 4584 2198 4629 et
2222 4574 2449 4644 requirit
2473 4572 2777 4636 Hebraeum,
2815 4588 2886 4627 ex
2928 4587 3034 4641 quo
3069 4570 3290 4638 Vulgata
3326 4571 3469 4625 Lati-

1886 4684 1975 4732 na,
1999 4686 2020 4717 ‹
2046 4677 2098 4719 et
2120 4677 2372 4734 aspectus
2404 4675 2670 4725 rotarum,
2693 4673 2745 4717 et
2769 4677 3132 4732 opusearum,
3156 4664 3308 4731 quasi
3333 4664 3467 4717 visio

1886 4757 2071 4809 maris.
2109 4774 2128 4807 ι
2157 4756 2450 4809 Cornarius
2475 4755 2560 4807 hic
2592 4755 2771 4806 minus
2814 4763 2939 4821 apte
2969 4754 3159 4820 vertit,
3191 4772 3208 4803 ‹
3254 4753 3465 4808 haerens

1882 4861 1945 4899 ex
1979 4856 2209 4914 quatuor
2242 4847 2585 4898 animalibus.
2618 4863 2637 4894 ι

1954 4938 2070 4991 CoL
2094 4937 2199 4990 295
2221 4936 2260 4989 Β
2293 4937 2374 4989 15.
2402 4934 2470 4989 Ut
2499 4937 2636 4987 enim
2665 4935 2718 4988 in
2746 4934 2867 4989 Job.
2888 4935 3039 5002 Quod
3080 4939 3238 4990 estin
3274 4935 3464 4990 Latina

1885 5025 2107 5096 Vulgata
2142 5025 2243 5080 Job
2298 5042 2488 5090 xsxrx,
2531 5025 2597 5079 ~10
2629 5043 2643 5077 :
2677 5026 2931 5095 Nunquid
2962 5027 3206 5097 alligabis
3235 5030 3463 5080 νΙιέηοσε-

1882 5129 1998 5172 rota
2032 5119 2101 5171 ad
2151 5118 2411 5170 arandum
2440 5118 2493 5168 in
2541 5116 2655 5169 loco
2690 5127 2779 5169 tuo
2815 5119 2840 5170 Ξ)
2866 5119 2946 5172 sic
2994 5120 3131 5187 apud
3165 5118 3308 5172 LXX
3333 5119 3462 5188 legi-

1881 5221 2042 5261 mus:
2081 5207 2458 5273 Βουλήσεται
2489 5205 2557 5258 δέ
2593 5220 2692 5259 σοι
2727 5207 3069 5276 μονόκερως
3094 5206 3420 5262 δουλεῦσαι
3441 5225 3458 5241 ·

1891 5298 2040 5354 Volet
2087 5311 2262 5352 autem
2290 5300 2559 5351 unicomis
2600 5300 2791 5352 servire
2828 5300 2943 5352 tibi.
2981 5299 3098 5364 Quo
3124 5300 3321 5352 factum
3356 5308 3460 5367 est,

1884 5393 2021 5444 utin
2072 5391 2273 5446 Catena
2319 5389 2631 5443 Graecorum
2673 5404 2701 5441 a
2756 5388 2944 5444 Niceta
2980 5390 3312 5446 Heraeiiensi
3346 5392 3460 5447 col-

1882 5481 2038 5544 lecta,
2063 5497 2181 5550 qua:
2215 5481 2268 5534 in
2297 5479 2461 5547 Regia
2503 5480 3131 5546 bibliothecatservatur,
3157 5484 3460 5551 exscriptus

1882 5571 2048 5626 fuerit
2080 5584 2222 5627 torus
2251 5572 2337 5625 hic
2360 5570 2538 5624 Basilii
2581 5569 2729 5625 locus
2752 5571 3003 5632 nonnihil
3036 5573 3197 5626 etiam
3228 5572 3461 5641 ampliﬁ-

1884 5674 2035 5720 catus
2065 5680 2077 5715 :
2114 5663 2248 5717 Οὐδὲ
2297 5662 2689 5734 κοιμηθήσεςεαι
2734 5662 2828 5715 ἐπὶ
2873 5663 3096 5734 φάτνης,
3125 5663 3241 5718 οὐδὲ
3268 5663 3433 5737 ἁμαὶ(
