3824 6214
395 322 534 383 1019

1484 328 1696 388 NOTE
1735 328 2126 385 FRONTONIS
2160 328 2390 385 υυελει

3527 340 3680 395 1020

395 457 480 494 σει
531 440 809 505 κοιλάδας.
857 441 1164 496 ἀκολουθῶν
1218 459 1320 507 σοι,
1376 445 1497 498 οὐδὲ
1550 447 1950 519 ἐγκαταλείψεις

2085 448 2347 502 diluvium
2375 445 2640 501 inhabitat
2667 444 2769 514 ,ἐι
2796 444 2970 501 citant
2995 446 3088 504 alii
3114 462 3180 503 ex
3207 432 3679 522 Aquila,Kti-ptoc

393 531 543 602 αὐτῷ
567 532 635 587 τὰ
674 531 936 605 γεώργια,
969 534 1089 588 οὐδὲ
1126 535 1567 608 ἀποκαταστήσει
1617 556 1697 593 σοι
1731 539 1822 593 τὸν
1848 541 1978 594 σπό-

395 641 506 693 ρον,
533 623 655 675 οὐδὲ
686 624 901 689 συνάξει
930 624 1346 696 τάάλοηθέντα,
1378 629 1473 683 καὶ
1512 630 1680 684 πολλά
1715 633 1843 704 περὶ
1878 633 1974 686 τοῦ

391 714 791 785 ἐλευθεριάζειν
819 715 879 768 τὸ
923 714 1082 781 ζῶον,
1120 718 1214 771 καὶ
1246 718 1319 790 μὴ
1356 720 1598 775 ὑπείκειν
1643 722 1971 795 ἀνθρώποις,
1998 757 2013 775 .

389 806 449 860 ὲν
482 806 655 876 τούτῳ
677 806 756 877 τῷ
785 807 938 878 μέρει
966 809 1067 878 τῆς
1093 812 1427 881 προφητείας
1453 812 1667 884 εἴρηται
1695 828 1708 842 °
1743 832 1761 863 σ
1793 814 1973 884 Neque

391 894 444 949 in
479 898 702 965 praesepi
736 897 986 961 dormiet,
1016 915 1189 968 neque
1225 903 1499 957 convalles
1525 906 1762 973 aequabit
1804 897 1970 961 te'se-

390 1000 581 1053 quens,
612 1003 784 1055 neque
821 989 895 1042 illi
922 1005 1048 1043 arva
1073 992 1397 1056 committes,
1422 1010 1595 1063 neque
1637 997 1730 1048 tibi
1759 1012 1968 1050 semen-

391 1086 497 1130 tem
532 1079 800 1141 restituet,
840 1095 1012 1147 neque
1052 1096 1114 1134 ea
1152 1097 1269 1149 qua:
1308 1083 1558 1138 triturata
1600 1094 1728 1138 sunt
1758 1085 1810 1137 in
1843 1100 1966 1138 area

388 1167 607 1236 colliget
634 1183 648 1220 :
676 1179 731 1223 et
766 1170 930 1223 multa
960 1173 1026 1225 de
1055 1169 1209 1237 hujus
1231 1173 1414 1226 beStiac
1443 1174 1657 1228 licentia
1693 1186 1747 1229 et
1780 1184 1970 1229 contu-

388 1259 585 1323 macia,
616 1259 759 1326 quod
794 1259 1084 1315 humanum
1111 1273 1421 1316 contemnat
1456 1264 1761 1333 imperium,
1788 1266 1838 1319 in
1868 1266 1970 1321 hac

389 1350 690 1418 prophetiae
735 1360 891 1419 parte
940 1364 1061 1406 sunt
1102 1354 1268 1407 dicta.
1303 1372 1320 1402 ›
1357 1354 1618 1408 Cmterum
1651 1357 1701 1409 in
1734 1359 1970 1413 editione

390 1438 595 1495 Veneta
620 1455 739 1509 quas
762 1452 1064 1509 sequuntur
1097 1446 1166 1497 ab
1194 1444 1298 1498 illis
1325 1446 1501 1499 verbis
1535 1463 1549 1500 :
1595 1465 1614 1498 ι
1656 1447 1822 1517 Huius
1842 1465 1969 1518 ergo

388 1532 470 1585 vis
500 1531 745 1586 animalis
771 1532 960 1597 ultrix,
1012 1552 1030 1586 ι
1068 1549 1171 1587 non
1220 1535 1402 1589 Basilii
1456 1548 1615 1601 sunt,
1654 1542 1746 1593 Sed
1780 1540 1968 1612 Olym-

386 1620 618 1690 piodori,
642 1630 699 1674 ut
720 1636 786 1675 ex
818 1626 1004 1678 eodem
1039 1623 1206 1694 Regio
1233 1627 1419 1680 codice
1458 1644 1558 1683 ms.
1590 1640 1823 1683 constat.

389 1728 416 1760 ο
456 1713 573 1769 Col.
610 1714 714 1771 298
737 1715 777 1768 Β
798 1715 850 1769 4.
874 1714 1041 1769 Facta
1070 1728 1144 1770 est
1170 1719 1407 1787 ﬂamma.
1429 1721 1622 1775 Vocem
1654 1741 1671 1773 ι
1697 1723 1907 1777 ﬂantma
1939 1746 1957 1778 ι

2078 543 2171 606 εἰς
2196 539 2633 607 κατακλυσμὸν
2680 536 2990 605 ἐκάθισεν,
3024 556 3044 590 ι
3078 538 3343 597 Dominus
3372 542 3429 597 in
3458 545 3679 601 diluvio

2077 631 2238 685 sedit.
2273 647 2292 680 ι
2319 616 2667 692 Κατοίκίζειν
2694 636 2781 683 est
2805 646 2823 678 ι
2863 629 3164 685 habitabile
3196 632 3451 699 reddere,
3484 652 3507 685 ι
3540 653 3679 689 κατ-

2080 722 2280 785 οικεῖν,
2322 739 2340 771 ‹
2372 719 2620 774 habitare
2657 762 2672 787 ,
2710 736 2728 770 ι
2759 720 2900 786 quod
2933 720 3147 774 videtur
3170 722 3352 790 potius
3378 724 3677 793 amplexus

2075 828 2195 866 esse
2254 811 2509 872 Basilius,
2538 824 2660 864 cum
2697 809 2859 863 addat
2895 811 3133 865 animam
3165 811 3283 867 ﬁeri
3329 817 3676 889 κατοικητή-

2076 920 2190 978 ριον
2216 902 2309 956 τοῦ
2344 902 2481 956 Θεοῦ
2505 904 2563 954 ὲν
2590 898 2729 953 Πνεύ
2745 917 2896 971 ματι.

2144 997 2259 1051 Col.
2298 995 2403 1050 506
2437 998 2476 1048 Α
2515 995 2569 1050 9.
2616 994 3007 1063 Adimpleatur,
3044 993 3397 1067 πληθυνθείη.
3449 996 3671 1052 Coma-

2075 1091 2186 1142 rius
2229 1088 2439 1141 ﬁdelius
2487 1102 2553 1142 ex
2601 1085 2620 1139 1
2658 1085 2804 1140 Petri
2841 1101 2899 1148 ι,
2933 1084 2993 1148 2,
3047 1083 3240 1139 Gratia
3291 1089 3433 1143 vobis
3473 1095 3529 1142 et
3555 1106 3671 1156 pas:

2071 1182 2447 1249 multiplicetur
2473 1197 2492 1235 :
2523 1182 2773 1249 idemque
2820 1182 3089 1248 repetitur
3131 1180 3176 1236 ll
3231 1180 3374 1238 Petri
3410 1200 3427 1240 ι
3457 1224 3473 1248 ,
3512 1185 3573 1251 2,
3608 1195 3669 1241 et

2071 1272 2221 1327 Judae
2244 1273 2296 1326 2.
2330 1273 2442 1326 Sub
2479 1272 2637 1326 tinem
2676 1273 2917 1327 bomilias
2947 1272 3135 1327 omisit
3174 1273 3446 1343 interpres
3504 1275 3664 1341 illud,

2071 1365 2128 1416 ὲν
2162 1363 2381 1435 εἰρήνῃ,
2418 1379 2437 1413 ι
2476 1362 2880 1418 benedictionis
2932 1360 3072 1417 (ιωεί
3130 1361 3187 1417 in
3238 1378 3372 1432 pace
3429 1367 3668 1434 partici-

2070 1468 2184 1522 pes.
2222 1473 2241 1505 ι

2139 1546 2271 1600 Ibid.
2305 1546 2345 1599 Β
2373 1545 2427 1600 6.
2466 1545 2576 1599 Τοῦ
2603 1545 3023 1617 ἐγκαινισμοῦ.
3053 1545 3114 1601 In
3161 1546 3544 1618 inscriptionis
3570 1548 3665 1603 in-

2070 1639 2455 1707 terpretatione
2475 1636 2802 1705 superﬂuum
2832 1637 3086 1704 estillud,
3113 1655 3134 1689 ι
3164 1638 3454 1707 innovatae,
3482 1658 3506 1691 ι
3530 1655 3662 1695 cum

2069 1727 2425 1799 ὲγκαινισμός
2469 1727 2877 1783 renovationem
2922 1738 3081 1784 sonet
3122 1739 3218 1786 aut
3248 1730 3661 1786 dedicationem

385 1805 452 1859 de
475 1820 572 1860 suo
604 1807 809 1859 addidit
859 1806 1159 1874 interpres;
1187 1809 1480 1864 Carnarius
1531 1813 1749 1880 scripsit
1773 1831 1787 1869 :
1810 1835 1829 1866 ι
1865 1815 1967 1870 Fa-
2000 1789 2041 1843 Β
2075 1789 2422 1888 cujusvis-rei
2449 1835 2555 1875 non
2587 1821 2748 1875 modo
2769 1830 3066 1886 renovatae,
3099 1822 3195 1876 sed
3217 1821 3383 1877 etiam
3413 1831 3529 1875 tum
3553 1821 3663 1891 pri-

384 1903 471 1949 cta
499 1904 582 1950 est
618 1897 781 1961 enim,
830 1896 1026 1966 inquit,
1057 1898 1195 1951 velut
1222 1902 1446 1967 spiritus
1480 1904 1618 1956 roris
1642 1904 1866 1960 sibilans
1893 1924 1908 1971 ;
1940 1925 1960 1959 ›

384 2003 487 2054 ego
530 1987 734 2051 malim,
765 2007 785 2039 ‹
826 1988 1024 2043 Factus
1058 1999 1141 2044 est
1175 1991 1320 2045 velut
1369 1994 1587 2061 spiritus
1644 1997 1783 2049 roris
1833 1998 1964 2048 sibi-

380 2077 533 2145 laus;
569 2099 589 2130 ο
628 2086 832 2132 tantum
863 2080 1006 2133 enim
1040 2081 1263 2149 legimus
1293 2081 1527 2141 Danielis
1556 2083 1728 2146 v,50:
1766 2086 1965 2155 Ἀγγε-

379 2171 489 2235 λος
519 2170 739 2236 Κυρίου
778 2170 1028 2237 ἐποίησε
1071 2172 1136 2223 τὸ
1182 2172 1379 2239 μέσον
1428 2172 1541 2243 τῆς
1580 2177 1832 2243 καμίνου
1883 2179 1964 2243 ὡς

380 2258 618 2328 πνεῦμα
647 2258 875 2329 δρόσου
914 2260 1278 2328 διασυρίζον.
1313 2281 1332 2313 σ
1376 2264 1610 2330 Angelus
1650 2264 1855 2317 Domini
1885 2267 1962 2321 fe-

379 2350 456 2404 cit
499 2353 733 2404 medium
788 2350 1021 2405 fornacis
1057 2353 1210 2420 quasi
1253 2363 1470 2407 ventum
1508 2356 1648 2409 roris
1674 2370 1961 2411 susurran-

380 2447 510 2492 tem.
550 2457 570 2490 ι

447 2529 583 2582 lbid.
634 2527 678 2581 D
726 2529 782 2583 ὃ.
823 2527 1292 2596 Sanctiﬁcationis.
1346 2532 1453 2584 Τοῦ
1508 2533 1779 2603 άγιασμοῦ
1834 2533 1961 2605 legit

376 2613 695 2681 interpres;
739 2623 794 2666 at
831 2613 1142 2670 Basiliensis
1185 2619 1351 2671 editio
1393 2621 1612 2686 praefert
1664 2624 1755 2675 τὸν
1800 2625 1961 2692 ἁγια-

378 2703 536 2773 σμόν,
578 2704 662 2758 ειιί
697 2704 1023 2775 sulfragatur
1066 2723 1166 2761 ms.
1192 2708 1330 2763 Oliv.
1369 2712 1556 2776 Cnrn.,
1593 2731 1612 2763 ι
1656 2717 1961 2769 sanctifica-

378 2800 603 2850 tinnetn.
646 2815 665 2848 ι
711 2797 1027 2869 Euthymius
1066 2818 1277 2871 quoque
1328 2805 1451 2859 huic
1506 2808 1719 2861 lectioni
1773 2808 1949 2864 favet:

375 2886 622 2938 Συσσείει
652 2887 729 2951 δὲ,
760 2891 944 2957 φησιν,
972 2891 1031 2942 οὐ
1080 2894 1261 2945 πᾶσαν
1291 2893 1388 2965 τὴν
1425 2895 1654 2968 ἔρημον,
1683 2899 1818 2953 ἀλλά
1856 2901 1957 2973 τὴν

374 2979 561 3050 Kcing
586 2997 602 3013 ·
630 2981 898 3045 τουτέστι,
937 2984 1036 3054 τὴν
1082 2984 1263 3052 ἁγίαν,
1304 2988 1403 3059 τὴν
1441 2990 1829 3063 ἀφωρισμένην
1862 2996 1955 3047 καὶ

374 3069 530 3136 ἀξίαν
551 3071 734 3125 αὐτοῦ.
766 3074 951 3146 Κάδης
973 3075 1080 3145 γὰρ
1106 3078 1270 3145 ἁγίαν
1297 3080 1589 3151 ὲρμηνεύει
1613 3084 1734 3137 καθ’
1754 3086 1954 3158 ’Έλλη-

906 3138 917 3146 η
983 3138 993 3143 -
1051 3138 1062 3145 -
1156 3138 1166 3145 -
1329 3138 1340 3151 ο
1368 3138 1378 3151 ι
1431 3138 1441 3151 I
1907 3138 1921 3158 σ

372 3177 503 3224 νας·
540 3180 562 3215 ι
590 3164 877 3218 Concutiet
924 3176 1103 3220 autem
1159 3186 1264 3223 non
1320 3186 1480 3227 omne
1530 3175 1823 3242 desertum,
1859 3176 1954 3233 sed
1980 3138 2028 3201 Ο

374 3254 644 3307 desertum
690 3253 863 3310 Cades
888 3274 901 3309 :
931 3256 1033 3312 hoc
1073 3253 1174 3324 est,
1214 3270 1463 3316 sanctum
1511 3274 1565 3317 et
1616 3279 1953 3337 segregatum

373 3350 431 3393 et
458 3342 573 3410 ipso
610 3345 854 3415 dignum.
892 3348 1071 3402 Gades
1114 3351 1255 3403 enim
1300 3364 1546 3407 sanctum
1587 3355 1760 3410 ϐιτεεί
1787 3359 1958 3412 inter-

377 3445 679 3502 pretantur.
722 3456 741 3489 ι
770 3438 923 3504 Quod
969 3450 1148 3495 autem
1195 3440 1263 3496 de
1286 3446 1462 3498 cervis
1488 3447 1705 3513 subiicit
1739 3450 1957 3518 viperas

375 3525 781 3595 devorantibus,
815 3542 1049 3585 testatur
1079 3533 1240 3587 etiam
1284 3535 1492 3590 Plinius
1538 3554 1634 3592 eos
1677 3550 1956 3609 serpentes

374 3616 630 3672 mandere
653 3620 847 3683 solere,
880 3623 968 3676 lib.
998 3639 1116 3687 vm,
1140 3640 1258 3692 cap.
1289 3625 1359 3679 52
1393 3643 1406 3678 :
1444 3645 1462 3676 ι
1489 3627 1578 3681 Est
1603 3629 1666 3683 iis
1683 3645 1803 3683 cum
1837 3647 1957 3686 ser-

373 3715 536 3774 pente
559 3723 729 3776 pugna
761 3729 775 3765 :
815 3714 1083 3782 vestigant
1112 3730 1393 3776 cavernas,
1416 3722 1733 3790 nariumque
1764 3724 1954 3791 spiritu

374 3797 669 3853 extrahunt
705 3803 1041 3868 renitentes;
1084 3824 1102 3855 ι
1137 3815 1191 3858 ει
1228 3808 1317 3860 lib.
1364 3824 1484 3872 vtn,
1537 3825 1656 3879 cap.
1688 3815 1720 3867 9
1757 3831 1770 3866 :
1810 3832 1829 3864 ι
1862 3830 1957 3869 ex-

374 3894 577 3941 tractas
614 3895 863 3945 cavernis
897 3896 1231 3951 mandentes.
1271 3917 1289 3948 ι
1319 3900 1457 3951 Idem
1484 3899 1732 3956 Ailianus
1756 3904 1847 3957 lib.
1872 3922 1953 3968 Ill,

372 3993 495 4047 cap.
530 3982 584 4045 9,
620 3983 695 4035 De
740 3986 1081 4052 animalibus,
1122 3987 1356 4057 Ἔλαφος
1397 3990 1519 4059 ὅφιν
1554 3996 1679 4065 νικᾷ
1705 3997 1848 4050 κατά
1876 4014 1954 4049 τι-

370 4082 463 4131 νος
501 4069 714 4137 φύσεως
758 4072 966 4145 δωρεάν
1003 4076 1355 4150 θαυμαστῆς·
1398 4101 1415 4131 ‹
1453 4083 1680 4139 Miritico
1716 4092 1951 4155 quodam

377 4175 603 4216 munere
654 4172 860 4218 natura:
907 4183 1100 4221 cervus
1139 4184 1439 4237 serpentem
1476 4177 1674 4241 vincit;
1714 4197 1732 4229 ›
1768 4190 1822 4232 ει
1855 4181 1950 4235 lib.

374 4266 498 4312 xm,
521 4268 568 4306 ε.
587 4253 675 4318 55,
699 4257 874 4311 simile
898 4260 1022 4325 quid
1046 4261 1110 4313 de
1135 4263 1237 4314 alia
1271 4267 1588 4332 purgatione
1617 4285 1900 4327 cervorum
1936 4290 1950 4327 :

369 4342 603 4410 Λέγουσι
654 4349 871 4413 φυσικοὶ
906 4349 1098 4422 ἄνδρες
1136 4353 1226 4407 τὸν
1262 4356 1457 4425 ἔλαφον
1501 4359 1814 4430 καθάρσεως
1839 4363 1951 4416 δεό-

2073 1929 2218 1969 tnnm
2249 1913 2484 1967 conditae
2526 1922 2688 1980 atque
2725 1910 2986 1967 fundatae.
3017 1912 3185 1970 Paulo
3234 1923 3358 1984 post
3390 1914 3660 1970 mendosa

2072 2003 2232 2058 lectio
2265 2004 2386 2056 κατ’
2407 2002 2661 2074 δργανον,
2691 2004 3003 2057 mendosam
3034 2004 3161 2059 item
3207 2005 3419 2074 peperit
3443 2006 3660 2061 versio-

2072 2111 2193 2149 nem
2224 2096 2367 2164 apud
2400 2095 2750 2160 Cornarium,
2783 2113 2803 2147 ι
2837 2095 3167 2151 Psalterium
3190 2097 3410 2168 quidem
3442 2095 3657 2167 ﬁgura-

2075 2198 2124 2241 te
2160 2187 2316 2256 jnxta
2349 2188 2763 2241 instrumentum
2792 2205 2805 2241 :
2832 2206 2850 2239 ι
2876 2190 3270 2243 emendandum
3300 2197 3384 2244 est
3417 2203 3486 2244 ex
3506 2188 3656 2245 Oliv.

2071 2280 2167 2334 καὶ
2199 2279 2455 2351 ὄργανον,
2502 2298 2520 2331 ι
2575 2277 2896 2333 Psalterium
2925 2279 3145 2349 quidem
3185 2295 3250 2335 ac
3291 2280 3500 2336 musice
3551 2284 3655 2336 ad-

2068 2381 2307 2439 aptatum
2342 2369 2785 2433 instrumentum,
2807 2370 3034 2441 ﬁgurate
3055 2379 3139 2426 est
3159 2381 3431 2427 structura
3458 2387 3656 2440 corpo-

2069 2459 2165 2512 ris.
2193 2458 2307 2512 »113
2336 2474 2499 2527 supra
2523 2460 2842 2530 psalterium
2868 2462 3288 2517 instrumentum
3312 2463 3651 2533 appellavit:

2067 2552 2159 2604 καὶ
2188 2551 2366 2620 σοφῶς
2403 2552 2491 2606 διὰ
2534 2552 2636 2623 τῆς
2671 2553 2765 2607 τοῦ
2788 2553 3024 2625 ὀργάνου
3053 2557 3397 2626 κατασκευῆς
3423 2556 3655 2611 ἐνδεδεῖ-

2065 2643 2211 2714 χθαι.

2135 2737 2252 2792 Col.
2285 2737 2390 2791 507
2411 2739 2471 2794 C.
2508 2738 2808 2808 Expuncta.
2850 2738 3121 2795 Observat
3145 2740 3449 2795 doctissim.
3491 2738 3652 2795 Mon-

2065 2830 2303 2883 tacutius
2343 2830 2752 2886 Volaterranum
2804 2833 3068 2901 scriptum
3118 2833 3390 2900 reperisse
3423 2833 3476 2886 in
3527 2833 3648 2888 suis

2061 2919 2374 2985 codicibus,
2427 2922 2478 2975 oi
2528 2921 2882 2985 ἐκϐάλλοντες
2933 2923 3035 2993 τῆς
3095 2923 3319 2995 μνήμης
3369 2924 3465 2977 τὸν
3500 2922 3647 2977 Θεὸν

2061 3011 2225 3064 οἱονεὶ
2262 3011 2453 3083 λήθην.
2508 3012 2640 3066 ham
2698 3013 3016 3068 Basiliensis
3070 3015 3239 3069 editio
3294 3015 3362 3069 ad
3409 3016 3646 3071 verbum

2062 3114 2256 3169 sonat,
2292 3122 2312 3154 ι
2365 3104 2521 3172 eiecti
2573 3119 2604 3159 e
2658 3105 2917 3159 memoria
2973 3105 3089 3160 Dei.
3146 3124 3165 3157 ι
3214 3104 3517 3161 Carnarius
3552 3107 3641 3161 id-

2056 3196 2202 3251 circo
2250 3196 2464 3261 edidit,
2509 3213 2529 3247 ι
2586 3196 2677 3265 qui
2719 3195 2891 3264 eiecta
2941 3197 3203 3252 memoria
3257 3197 3375 3251 Dei.
3425 3216 3447 3250 ι
3487 3195 3637 3252 Oliv.

2056 3302 2157 3342 ms.
2195 3297 2510 3342 constanter
2548 3289 2745 3342 retinet
2804 3299 3076 3357 receptam
3114 3288 3414 3355 lectionem,
3448 3287 3646 3361 ἐκϐληο

2057 3379 2259 3443 θέντες.

2124 3464 2238 3519 Col.
2270 3464 2373 3519 509
2412 3464 2475 3520 B.
2517 3464 2837 3534 ἠρ-ὤσειν.
2867 3466 3006 3521 Oliv.
3045 3475 3102 3520 et
3151 3466 3367 3538 Anglic.
3421 3467 3647 3539 ὕψωσιν

2055 3552 2445 3623 ἐπαγγελλέτω
2477 3554 2556 3625 τῷ
2587 3554 2727 3625 Θεῷ,
2763 3573 2783 3605 ι
2820 3570 2919 3623 per
2948 3558 3090 3609 bona
3137 3571 3302 3625 opera
3342 3557 3641 3614 exaltatio—

2057 3660 2177 3698 nem
2234 3645 2341 3700 Deo
2389 3645 2695 3714 pollicetur.
2751 3665 2770 3696 ι
2821 3645 3063 3715 Recepta
3106 3647 3268 3703 lectio
3317 3649 3642 3706 concinnior

2057 3746 2160 3791 est.
2194 3736 2407 3792 Citatur
2449 3736 2609 3791 initio
2639 3738 2849 3807 paginae
2899 3739 3181 3807 sequentis
3220 3739 3372 3794 locus
3403 3740 3636 3797 Genesis

2056 3844 2203 3892 xux,
2233 3828 2324 3883 25.
2358 3827 2537 3883 Verba
2576 3837 2704 3883 sunt
2752 3827 2919 3884 Jacob
2958 3831 3335 3886 benediceutis
3373 3831 3487 3887 tilio
3535 3844 3641 3888 suo

2055 3919 2275 3988 Juseph.
2803 3933 2807 3936 ’

2127 4012 2242 4065 Col.
2281 4013 2385 4067 554
2411 4012 2453 4066 Β
2474 4013 2527 4068 4.
2559 4014 2695 4068 Dum
2731 4013 3013 4082 particeps.
3040 4014 3331 4082 lnterpres,
3358 4032 3380 4066 ι
3410 4032 3517 4086 quo
3538 4032 3633 4074 nu-

2057 4103 2237 4168 tritur,
2271 4106 2515 4173 quisquis
2555 4107 2825 4174 particeps
2854 4106 3022 4159 divini
3052 4106 3110 4160 lit
3140 4109 3316 4175 verbi,
3345 4110 3437 4178 qui
3470 4111 3631 4177 panis

2055 4196 2120 4249 de
2141 4197 2280 4251 caelo
2309 4198 2610 4251 descendit.
2640 4216 2658 4248 ι
2683 4197 2845 4251 Verbi
2873 4198 2999 4251 vita:
3029 4198 3087 4251 ﬁt
3114 4202 3318 4255 mentio
3340 4202 3628 4271 Ephesior.

2054 4301 2108 4341 γ.
2127 4287 2218 4349 96,
2239 4289 2535 4342 secundum
2563 4288 2877 4357 Vttlgatam;
2908 4293 3002 4343 sed
3023 4289 3210 4345 Graece
3231 4301 3434 4346 tantum
3451 4304 3537 4348 est
3567 4297 3629 4350 ὲν
3688 4340 3693 4341 ν

2056 4373 2263 4442 ῥήματι
2292 4389 2308 4402 ο
2351 4376 2504 4442 panis
2554 4390 2717 4439 vero,
2747 4375 2840 4444 qui
2874 4377 2942 4430 de
2981 4378 3120 4432 ctelo
3149 4378 3431 4436 descendit
3466 4380 3624 4441 Joan.

373 4451 533 4506 μενον
570 4438 745 4491 σέσελι
789 4440 990 4494 ὲσθίειν
1015 4457 1027 4470 ’
1057 4445 1371 4515 φαλαγγίων
1394 4449 1451 4502 δὲ
1489 4454 1798 4523 κνήσμασιν
1826 4456 1944 4525 ἐχό-
1980 4484 2024 4538 υ
2165 4463 2255 4516 55.

374 4543 556 4598 μενον,
592 4533 887 4603 καρκίνους
907 4551 920 4565 ο
950 4554 968 4585 ι
998 4536 1210 4606 Physici
1241 4542 1422 4593 tlirunt
1448 4559 1664 4596 cervum
1714 4548 1949 4617 indigen-

371 4628 478 4674 tem
515 4628 834 4693 purgatione
888 4629 1042 4680 seseli
1082 4633 1395 4697 comedere,
1431 4634 1765 4690 laborantem
1819 4655 1947 4694 vero

369 4725 435 4762 ex
467 4712 875 4782 phalattginrunt
924 4718 1210 4786 morsibus,
1264 4736 1508 4776 cancros.
1552 4743 1570 4775 ι
1616 4727 1733 4778 Alia
1788 4729 1945 4783 lectio

369 4814 479 4867 pra:
515 4819 572 4856 se
632 4805 735 4858 lett
786 4805 990 4865 σέλινα.
1020 4810 1113 4863 sed
1176 4812 1314 4863 hunc
1364 4822 1581 4867 tuentur
1632 4819 1944 4874 Aristoteles

370 4891 462 4946 lib.
490 4908 540 4946 Ix
570 4892 796 4958 "istan,
826 4914 945 4965 cap.
978 4897 1033 4961 5,
1070 4908 1125 4952 ct
1161 4898 1365 4955 Plinius
1392 4903 1481 4958 lib.
1512 4920 1627 4971 Vttt,
1670 4923 1718 4961 c.
1744 4909 1834 4962 52.

439 4982 555 5035 Col.
599 4984 704 5037 502
741 4983 798 5038 C.
837 4988 987 5041 Alius
1023 5005 1087 5041 ea:
1119 4991 1335 5059 aﬂ'ectu.
1369 4995 1448 5045 Ad
1482 4999 1708 5049 verbum
1772 5008 1828 5053 et
1875 5002 1939 5055 ad

370 5086 604 5128 mentem
646 5078 868 5145 propius
894 5080 1213 5142 Cornarius.
1251 5100 1270 5132 ι
1306 5084 1435 5149 Quis
1460 5102 1525 5139 ex
1562 5088 1778 5151 atl‘ectn.
1817 5093 1940 5158 quis

372 5168 540 5231 perite
583 5168 825 5221 caelestia
880 5170 1149 5241 inquirit,
1181 5175 1305 5243 quis
1335 5177 1678 5235 tlelunuorie
1712 5187 1939 5240 summis

370 5259 554 5312 hltris.
596 5279 614 5311 ι
1526 5310 1533 5316 .

435 5354 551 5409 Col.
580 5353 683 5408 505
708 5353 746 5407 Β
780 5355 864 5410 10.
892 5355 1224 5413 Inhabitare.
1265 5359 1419 5431 Legit
1471 5362 1760 5434 interpres,
1793 5372 1935 5438 quod

370 5441 529 5496 habet
550 5448 714 5499 etiam
744 5446 883 5502 Oliv.
909 5452 1198 5516 κατοικιεῖ,
1237 5468 1341 5505 non
1382 5463 1438 5506 ut
1462 5454 1780 5515 Basiliensis
1799 5466 1932 5520 edit.

367 5538 631 5601 κατοικεῖ,
676 5556 694 5588 ι
721 5538 1010 5603 inhabitat,
1050 5560 1069 5593 ι
1117 5558 1224 5609 quo
1255 5556 1413 5613 pacto
1443 5559 1498 5601 et
1526 5548 1578 5601 in
1609 5553 1932 5619 quibusdam

367 5623 555 5680 Bibliis
583 5629 842 5697 scriptum
873 5639 957 5684 est
1009 5643 1060 5687 at
1088 5637 1333 5691 acnoscit
1359 5638 1520 5692 etiam
1556 5640 1931 5714 Hieronymus,

372 5716 463 5784 qui
501 5725 680 5773 tamen
729 5718 797 5775 ad
839 5722 1060 5779 verbum
1103 5747 1167 5787 ex
1205 5730 1435 5788 Hebraeo
1462 5734 1644 5799 vertit,
1679 5733 1932 5795 Dominus

2121 4557 2235 4609 Col.
2260 4556 2363 4610 555
2392 4558 2435 4610 Δ
2464 4558 2519 4613 2.
2547 4558 2727 4632 Neque
2758 4563 2896 4615 enim
2928 4563 3030 4618 illi.
3060 4564 3311 4635 Τεχνῖται
3341 4567 3494 4632 dixit,
3517 4584 3619 4625 non

2046 4647 2254 4718 τέχναι,
2281 4660 2339 4702 ιιι
2369 4650 2563 4716 legisse
2593 4655 2810 4708 videtur
2837 4656 3128 4724 interpres,
3165 4675 3184 4708 ι
3219 4656 3336 4711 Νοη
3368 4661 3513 4715 enim
3536 4676 3619 4716 ar-

2049 4750 2128 4793 tes
2160 4741 2264 4794 illa:
2290 4781 2305 4803 ,
2333 4758 2452 4809 qua:
2488 4745 2678 4798 mediae
2702 4755 2849 4808 sunt,
2907 4757 2962 4800 et
3012 4747 3374 4804 indiﬂ‘erentis
3412 4762 3618 4806 naturae

2043 4847 2225 4884 veram
2255 4833 2451 4887 habent
2476 4833 2708 4899 laudem;
2741 4856 2759 4888 ι
2787 4848 2841 4891 ει
2862 4838 3189 4893 Coruarius:
3229 4859 3248 4890 ι
3274 4839 3458 4911 Neque
3472 4843 3615 4897 enim

2042 4935 2208 4987 artes,
2234 4939 2354 4991 quae
2392 4925 2442 4978 in
2471 4927 2647 4979 medio
2669 4939 2977 4993 versantur,
3009 4932 3151 4999 quod
3191 4945 3317 4986 vere
3352 4932 3617 4990 laudabile

2039 5022 2122 5067 est
2179 5014 2396 5067 habent.
2428 5033 2447 5066 ι
2483 5017 2551 5067 At
2579 5016 2824 5084 exempla
2850 5060 2865 5079 ,
2886 5033 3008 5088 quae
3056 5020 3276 5089 subiicit
3326 5020 3566 5080 Basilius
3592 5064 3611 5090 ,

2040 5106 2485 5172 gubernatorum,
2515 5109 2956 5178 architectorum,
2985 5111 3332 5179 latomorum,
3374 5125 3502 5170 sunt
3531 5131 3612 5170 ar-

2041 5196 2269 5261 til‘trum,
2300 5212 2403 5249 non
2432 5199 2653 5253 artium.

2109 5286 2225 5342 Col.
2258 5288 2363 5341 558
2399 5290 2439 5342 D
2465 5289 2519 5342 4.
2557 5288 2690 5345 Plus
2728 5293 2887 5346 enim.
2923 5292 3331 5350 Emendandum
3378 5311 3444 5351 ex
3485 5298 3602 5354 cod.

2038 5376 2243 5432 Olivar.
2285 5380 2472 5434 πλεῖον
2518 5382 2629 5454 γάρ
2661 5402 2733 5438 τι.
2763 5384 3055 5440 Cornarius
3083 5406 3097 5441 :
3131 5405 3151 5438 ι
3188 5388 3438 5458 Amplius
3463 5391 3604 5446 enim

2037 5472 2293 5538 quiddam
2326 5488 2491 5543 supra
2520 5475 2843 5545 simpliciter
2869 5492 3113 5547 quaarere
3137 5480 3405 5550 signiﬁcat
3424 5484 3607 5553 exqui-

2037 5575 2178 5616 rere.
2213 5580 2232 5612 ι

2106 5651 2219 5706 Col.
2245 5653 2349 5709 559
2385 5653 2444 5709 Β.
2480 5655 2605 5711 Νοη
2622 5656 2821 5714 tinens.
2859 5658 2973 5714 imo
3001 5701 3017 5726 ,
3067 5668 3128 5715 ut
3160 5669 3307 5717 recte
3352 5661 3605 5721 admonet

2041 5740 2427 5813 Montacutius,
2457 5750 2792 5805 contrarium
2833 5751 2944 5807 vult
2974 5750 3231 5819 Basilius,
3264 5770 3282 5804 ι
3316 5752 3431 5808 Non
3461 5757 3600 5824 quod

3649 4796 3663 4826 ι
