3824 6214
136 373 278 429 1021

1210 385 1302 439 AD
1341 359 1670 441 nomms
1708 383 1774 438 1N
1818 383 2155 445 nsanos.

3265 396 3397 452 me
3417 367 3427 378 ’

137 510 496 569 nequaquam
532 512 621 553 me
654 500 894 569 patiatur
944 499 1191 557 tribulari
1222 543 1239 569 ,
1268 505 1363 559 sed
1396 521 1515 559 cum
1546 515 1720 561 tenta-

1843 522 1929 561 Ion
1959 518 2324 579 expresserat,
2355 510 2389 582 ἢ
2428 513 2476 566 ει
2505 510 2862 583 ὲκζητοῦντες
2888 511 3263 585 ἀπετύγχανον
3288 516 3397 571 τῶν

140 591 299 647 tione
326 592 528 649 exitum
564 594 836 664 praebens.
868 611 887 644 ι
918 592 1031 648 Nec
1070 603 1249 651 tamen
1273 595 1328 650 in
1358 611 1423 649 eo
1457 598 1724 652 assentior

139 680 249 744 illi,
278 682 429 751 quod
459 697 526 736 ex
564 682 776 751 Anglic.
800 679 879 751 τῷ
903 679 1163 734 δύνασθαι
1191 682 1488 744 substituit,
1512 698 1609 752 pro
1629 681 1722 735 τοῦ

140 772 461 837 δύνασθαι,
516 782 575 825 ut
643 785 762 827 erat
816 774 867 826 in
932 771 1211 827 Basiliensi
1275 774 1529 827 editione.
1588 772 1725 827 Sunt

142 864 294 916 enim
316 878 395 919 ex
427 864 692 934 Apostolo
726 866 1010 934 desumpta
1044 865 1207 919 verba
1230 906 1245 925 ,
1285 865 1425 929 apud
1453 879 1611 933 quem
1649 865 1724 918 ita

141 954 351 1019 legitur
388 955 412 1010 Ι
446 955 574 1011 Cor.
601 972 657 1021 x,
683 955 773 1020 l5,
804 957 911 1010 τοῦ
932 956 1230 1010 δύνασθαι
1271 953 1429 1025 ὑμᾶς
1472 957 1726 1026 ὑπενεγ-

142 1042 300 1100 κεῖν.

213 1153 463 1211 001.562
495 1154 538 1208 A
568 1153 623 1209 6.
644 1154 716 1209 Et
744 1155 995 1211 revelare.
1013 1155 1271 1211 Ediderat
1292 1155 1580 1225 interpres,
1606 1172 1626 1206 ι
1647 1170 1728 1211 ac-

144 1246 347 1300 cedere
372 1254 429 1300 et
456 1246 801 1302 manifestari
835 1246 973 1303 velle
992 1287 1009 1312 ,
1048 1266 1068 1300 ι
1099 1249 1250 1317 quasi
1277 1248 1492 1318 legisset
1513 1249 1727 1301 ἀποκα-

144 1336 479 1391 λύπτεσθαι.
535 1336 829 1407 Propterea
887 1354 955 1394 ex
1017 1338 1285 1395 Cornario
1330 1340 1725 1409 rescripsimus,

149 1446 170 1480 ι
211 1437 271 1483 et
310 1429 573 1485 revelare.
609 1449 628 1482 ι
663 1429 781 1484 Jam
838 1441 1015 1486 tamen
1064 1433 1328 1486 arrideret
1364 1434 1534 1502 magis
1586 1432 1726 1501 quod

145 1516 279 1587 legit
309 1519 585 1589 interpres
606 1561 622 1587 ,
662 1520 707 1574 si
744 1520 973 1591 alicujus
1001 1522 1204 1577 codicis
1234 1522 1584 1592 manuscripti
1631 1538 1728 1575 au-

145 1610 412 1666 ctoritate
458 1610 779 1676 l'ulciretur,
834 1630 956 1667 cum
1016 1614 1263 1668 videatur
1318 1614 1558 1666 alludere
1620 1612 1726 1667 Ba—

146 1701 306 1756 silius
349 1703 419 1756 δτι
461 1703 590 1757 illud
648 1705 794 1758 lsaite
820 1722 970 1769 xux,
1008 1705 1061 1770 9,
1094 1704 1358 1774 Λέγοντιι
1388 1706 1512 1771 τοῖς
1537 1706 1607 1758 ἐν
1636 1704 1729 1759 δε·
1776 1742 1785 1753 η

145 1795 352 1863 σμοῖς,
372 1796 699 1861 Ἐξέλθετε.
731 1798 974 1863 καὶτοῖς
1001 1798 1070 1851 ἐν
1088 1798 1168 1864 τῷ
1198 1800 1401 1853 σκότει
1428 1800 1730 1853 ἀνακαλυ-

146 1882 379 1953 φθῆναι
414 1901 426 1914 ·
462 1886 602 1955 quod
654 1887 1011 1959 Hieronymus
1060 1890 1258 1944 vertit:
1302 1909 1319 1939 ι
1371 1889 1589 1943 Diceres
1645 1889 1729 1943 his

144 1978 241 2045 qui
281 1977 337 2030 in
376 1978 607 2034 vinculis
642 1989 769 2034 sunt
806 1999 821 2035 :
864 1981 1066 2047 Exite;
1110 1991 1163 2037 ct
1206 1983 1297 2052 qui
1349 1980 1403 2035 in
1443 1982 1725 2036 tenebris:

114 2066 516 2129 _Bevelamini.
557 2089 576 2122 ›
611 2071 691 2125 Ad
726 2073 947 2127 verbum
994 2081 1180 2138 esset,
1218 2092 1239 2126 ι
1293 2073 1626 2128 manilestari
1653 2114 1669 2137 ,
1705 2093 1725 2126 ι

146 2162 237 2216 vel
278 2172 433 2219 certe
464 2205 481 2231 ,
523 2182 543 2216 ‹
593 2175 651 2219 ut
697 2165 1134 2232 manifestentur,
1173 2184 1194 2218 ›
1230 2174 1325 2220 aut
1374 2183 1395 2217 ι
1456 2166 1730 2223 illustren-

149 2265 262 2313 tur.
303 2274 324 2307 ι

220 2369 348 2425 Col.
380 2368 487 2425 563
520 2370 565 2424 Α
596 2370 650 2426 4.
681 2369 1175 2428 Castrametabitur.
1211 2373 1515 2443 Scripserat
1565 2374 1733 2428 inter-

156 2476 313 2530 pres,
354 2479 375 2512 ι
405 2461 666 2516 lmmittet
707 2477 767 2517 se
806 2463 922 2519 sive
950 2463 1237 2520 interseret
1290 2464 1513 2534 angelus
1546 2464 1731 2518 Domi-

152 2554 244 2609 ni:
279 2572 300 2605 s
333 2569 437 2609 nec
465 2555 623 2607 aliter
657 2555 1006 2611 doctissimus
1034 2556 1264 2611 Basilius
1296 2561 1431 2626 apud
1462 2555 1619 2612 Joan.
1639 2558 1736 2611 Da-

154 2660 471 2700 mascenum
489 2646 617 2700 lih.t
642 2644 924 2714 Paratlel.,
948 2662 1068 2717 cap.
1093 2647 1180 2713 12,
1201 2647 1340 2703 hunc
1352 2646 1533 2702 Basilii
1558 2648 1733 2702 locum

151 2734 466 2801 proferens.
484 2736 769 2792 Enimvero
798 2739 851 2790 in
867 2737 1094 2809 vulgatis
1118 2739 1278 2793 etiam
1303 2739 1494 2795 Iexicis
1525 2756 1735 2811 παρεμ-

155 2824 383 2880 ϐάλλειν
428 2827 720 2896 exponitur
757 2845 776 2878 s
819 2828 1019 2884 diversi
1059 2830 1274 2900 generis
1326 2831 1529 2886 milites
1581 2841 1735 2886 certo

153 2919 351 2973 ordine
380 2918 707 2974 interserere
736 2927 790 2974 et
816 2920 1124 2986 collocare;
1168 2940 1186 2973 ι
1222 2921 1316 2976 sed
1364 2932 1419 2976 ct
1444 2940 1465 2975 ι
1503 2926 1731 2977 tentoria

152 3010 427 3065 collocare
465 3028 484 3061 ι
517 3011 656 3080 apud
688 3011 967 3069 Polvbium
1003 3022 1198 3087 sonat,
1229 3020 1285 3067 et
1320 3030 1339 3064 ι
1372 3022 1733 3068 castrameta-

155 3104 226 3161 ri.
267 3121 287 3154 ι
326 3110 388 3156 ut
426 3101 658 3157 Budaeus
701 3105 959 3159 observat
1008 3105 1059 3159 in
1098 3103 1415 3168 Comment.,
1457 3117 1517 3160 ut
1569 3109 1622 3160 in
1673 3122 1733 3161 Ill

158 3193 210 3247 11
218 3196 447 3259 istoriaz,
473 3193 582 3265 Τὴν
603 3194 903 3265 ὁὲδύναμιν
935 3195 1040 3268 πρὸ
1072 3197 1171 3266 τῆς
1206 3197 1413 3260 πόλεως
1441 3196 1734 3269 παρεμϐα-

154 3285 292 3350 λὼν,
324 3304 346 3337 ι
384 3302 510 3341 cum
541 3298 666 3341 ante
701 3287 890 3341 urbem
919 3298 1099 3343 castra
1126 3292 1417 3358 posuisset.
1442 3309 1461 3340 ι
1493 3288 1585 3345 Usi
1609 3299 1737 3344 sunt

157 3380 331 3432 etiam
361 3378 467 3433 hoc
505 3378 668 3432 verbo
695 3377 837 3432 LXX
857 3418 872 3441 ,
897 3389 951 3434 ut
987 3377 1343 3434 Numerorum
1380 3397 1458 3444 Ix,
1494 3383 1560 3437 l8
1588 3398 1604 3437 :
1634 3382 1739 3435 Διὰ

157 3468 622 3539 προστάγματος
650 3469 872 3538 Κυρίου
896 3471 1387 3539 παρεμϐαλοῦσιν
1415 3477 1469 3528 οἱ
1489 3472 1608 3527 υἱοὶ
1631 3474 1738 3528 τοῦ

172 3561 426 3629 Ἰσραήλ
446 3579 459 3591 ·
488 3560 595 3614 Per
619 3573 934 3630 praeceptum
966 3560 1179 3615 Domini
1206 3573 1381 3615 castra
1411 3563 1738 3618 collocabant

159 3652 263 3723 ﬁlii
292 3651 492 3706 Israel.
518 3651 674 3706 Joan.
704 3652 1022 3722 Campensis
1056 3652 1146 3708 hic
1188 3654 1353 3707 vertit
1387 3669 1452 3708 cx
1488 3654 1736 3720 llebra'o,

166 3762 184 3793 ι
241 3744 679 3798 Castramelatur
730 3742 953 3813 angelus
984 3782 999 3808 ,
1050 3761 1070 3795 ι
1113 3754 1169 3797 et
1216 3742 1277 3798 S.
1330 3743 1736 3815 Hieronymus:

168 3856 188 3889 ι
218 3836 540 3892 Circumdat
564 3835 789 3905 angelus
821 3836 1027 3889 Domini
1048 3835 1100 3889 in
1123 3851 1254 3907 gyro
1272 3836 1525 3891 timentes
1545 3852 1689 3891 eum.
1715 3855 1735 3888 ι

163 3930 405 3986 Omnino
447 3938 625 3983 autem
662 3928 831 3998 exigit
868 3929 1008 3982 hanc
1035 3929 1339 3983 versionem
1367 3943 1521 3983 mens
1553 3939 1740 3984 aucto-

165 4024 266 4088 ris,
305 4021 400 4090 qui
430 4020 633 4075 idcirco
661 4029 847 4088 postea
882 4018 1169 4074 assimilari
1199 4021 1392 4074 castris
1426 4020 1739 4090 angelorum

163 4116 338 4176 (ﬁcit,
370 4112 478 4183 ὅλῳ
527 4111 875 4183 πρατοπέᾶρ
922 4110 1018 4164 καὶ
1058 4110 1377 4184 παρεμϐολῇ
1424 4113 1745 4184 παρεικάζει

161 4225 254 4262 ται
283 4224 301 4242 ·
329 4205 683 4275 quamobrem
710 4204 1037 4268 addidimus,
1077 4223 1096 4256 ί
1133 4215 1188 4259 et
1213 4206 1531 4274 angelorum
1557 4218 1741 4261 custo-

163 4302 255 4354 dia
294 4309 350 4353 te
395 4297 626 4361 muniat,
664 4315 685 4351 ι
716 4296 859 4365 quod
891 4300 1152 4352 omiserat
1186 4298 1482 4367 interpres.
1519 4298 1743 4369 Repeti—

169 4401 262 4447 tur
293 4390 388 4444 hic
412 4389 565 4443 locus
597 4397 652 4442 et
684 4387 1015 4443 exscribitur
1043 4389 1111 4442 ab
1136 4388 1427 4459 Euthymio
1474 4390 1526 4445 in
1579 4393 1741 4446 Com-

164 4479 462 4543 mentario,
495 4479 632 4550 apud
683 4492 841 4547 quem
895 4492 1178 4547 perperam
1208 4479 1372 4533 vertit
1419 4480 1689 4550 interpres
1721 4501 1735 4537 :

169 4589 191 4623 s
223 4569 363 4625 Nam
390 4583 514 4624 cum
543 4583 683 4622 unus
712 4581 937 4620 numero
964 4574 1170 4621 tantum
1192 4568 1283 4630 sit,
1303 4569 1554 4624 universo
1576 4580 1736 4641 atque

166 4660 383 4727 integro
413 4658 648 4712 hostium
672 4656 935 4712 exercitui
977 4657 1220 4712 resistit.
1258 4676 1279 4711 ›
1332 4653 1427 4724 Εἷς
1474 4660 1585 4732 γὰρ
1640 4662 1739 4727 ὢν,

163 4751 274 4824 mp
299 4749 519 4823 στρατῷ
555 4749 940 4821 παρεικασται.
987 4767 1006 4800 ι
1044 4749 1175 4804 Nam
1200 4764 1320 4805 cum
1352 4767 1490 4808 unus
1514 4755 1618 4821 sit,
1658 4756 1743 4810 in-

167 4852 325 4913 tegro
349 4842 611 4899 exercitui
641 4851 1009 4911 comparatur.
1047 4858 1069 4894 ι

237 4957 359 5013 Col.
385 4954 491 5010 566
520 4955 566 5010 Α
593 4954 649 5008 5.
679 4953 995 5010 Suavitatis.
1030 4952 1326 5009 Cornarius
1376 4954 1562 5009 itidem
1591 4996 1605 5022 ,
1633 4975 1652 5008 ε
1687 4966 1743 5012 et

165 5051 258 5108 hic
299 5048 559 5104 bonitatis
608 5055 816 5117 gustus,
850 5064 872 5098 ι
899 5046 1052 5115 quasi
1082 5047 1292 5114 legerit,
1341 5054 1434 5101 aut
1464 5050 1743 5118 corrigen-

164 5145 295 5199 dum
330 5141 625 5203 censuerit,
660 5140 873 5193 tametsi
909 5154 1039 5193 mss.
1080 5138 1429 5205 reluctentur,
1457 5156 1562 5193 non
1591 5141 1743 5213 χάρι-

162 5253 261 5301 τος
291 5274 309 5299 ,
333 5233 430 5288 sed
475 5231 870 5303 χρηστότητος,
915 5231 1169 5299 quoniam
1223 5230 1363 5283 dixit
1411 5239 1566 5284 antea
1596 5270 1611 5296 ,
1641 5232 1740 5285 καὶ

165 5330 325 5383 laete
341 5326 431 5380 ὅτι
450 5323 717 5395 χρηστὸς
747 5324 983 5392 Κύριος,
1016 5333 1068 5377 et
1089 5323 1256 5377 videte
1276 5325 1521 5392 quoniam
1544 5326 1735 5391 suavis,

168 5420 252 5474 vel
285 5419 454 5471 bonus
479 5424 558 5469 est
603 5413 861 5468 Dominus
885 5430 905 5468 :
928 5413 1165 5484 alioquin
1209 5414 1275 5467 ad
1309 5413 1529 5469 verbum
1561 5424 1736 5480 esset,

164 5510 359 5579 gratia:
405 5505 637 5562 arrhabo
684 5514 736 5558 et
785 5504 1186 5576 qualiscunque,
1209 5505 1353 5575 quod
1383 5519 1513 5560 sane
1560 5505 1739 5563 minus

164 5597 446 5655 convenit.

234 5708 361 5768 Col.
389 5707 493 5763 567
522 5702 565 5761 Β
600 5704 654 5762 5.
698 5704 803 5772 Qui
826 5707 961 5762 enim
979 5704 1242 5777 corporal.
1273 5706 1546 5762 Omiserat
1571 5705 1737 5762 inter-

166 5816 313 5875 pres,
350 5801 663 5871 σωματικά,
697 5798 1011 5869 corporalia,
1038 5808 1090 5855 et
1118 5797 1276 5868 paulo
1296 5809 1418 5869 post
1437 5798 1524 5854 illa
1555 5799 1734 5856 omnia

1828 598 2087 652 τοιούτων
2116 600 2358 670 ἀγαθῶν.

1894 691 2010 747 Col.
2043 692 2150 746 ’570
2178 693 2224 746 Α
2251 693 2304 749 8.
2341 692 2456 748 Vox
2484 705 2557 748 est
2591 695 2851 765 magistri.
2890 694 3187 751 Cornarius
3227 695 3398 751 inter-

1831 792 2098 850 pretatur,
2134 803 2153 836 ο
2192 783 2415 855 Benigni
2447 787 2791 854 prmeeptoris
2823 803 2923 841 vox
2963 796 3067 841 est.
3100 805 3119 838 ›
3152 786 3256 840 Alii
3284 803 3399 841 ma-

1826 872 1962 937 lunt,
1997 894 2015 926 ‹
2053 876 2273 937 interni,
2311 894 2330 926 ι
2365 877 2469 940 vel,
2510 895 2530 928 ι
2564 876 2708 930 intus
2744 877 3026 932 residentis
3055 878 3340 948 magistri.:
3368 896 3389 930 ι

1827 966 1920 1020 sed
1960 969 2250 1024 exponitur
2299 978 2477 1023 tamen
2522 968 2841 1033 ἐνδιαθέτως
2891 984 3271 1037 nonnunquam
3306 973 3400 1041 ἐμ-

1827 1055 2036 1122 παθῶς,
2073 1076 2092 1108 ι
2126 1073 2245 1112 cuin
2297 1075 2490 1129 magno
2516 1060 2735 1123 affectu,
2770 1079 2790 1111 ι
2830 1070 2886 1113 ut
2908 1059 3210 1123 ἐνδιάθετος
3258 1060 3403 1115 διδά-

1830 1148 2028 1213 σκαλος
2073 1152 2304 1216 dicatur,
2356 1170 2375 1204 ‹
2431 1153 2525 1223 qui
2584 1168 2778 1222 magno
2835 1150 3030 1207 aﬂ'eetu
3082 1154 3400 1222 complecti-

1830 1249 1918 1293 tur
1946 1242 2260 1310 discipulos,
2312 1262 2333 1296 ι
2367 1243 2467 1298 nisi
2519 1246 2642 1315 quis
2668 1244 2823 1298 malit
2856 1246 3130 1314 corrigere
3166 1244 3406 1299 εὐδιαθέ-

1826 1346 1944 1384 του.
2005 1332 2333 1389 Constanter
2395 1342 2571 1390 tamen
2626 1335 2767 1391 Oliv.
2804 1344 2857 1390 et
2903 1333 2993 1387 alii
3036 1351 3167 1389 mss.
3217 1335 3406 1404 vulga-

1829 1430 1938 1474 tam
1988 1423 2221 1478 retinent
2275 1424 2563 1480 lectionem
2592 1464 2608 1489 ,
2659 1426 2751 1481 sed
2800 1424 3286 1497 προσκαλουμένου
3329 1423 3406 1479 le-

1830 1516 1907 1582 git
1935 1514 2072 1570 Oliv.
2106 1530 2213 1569 non
2252 1516 2697 1588 προκαλουμένου
2719 1557 2736 1582 ,
2769 1518 2875 1574 hoc
2906 1526 3024 1586 est,
3058 1535 3078 1570 ί
3113 1518 3409 1573 cohortan-

1834 1604 1922 1658 lis.
1956 1624 1974 1657 ι

1898 1698 2028 1752 Ibid.
2057 1698 2097 1753 C
2138 1699 2225 1754 lO.
2263 1698 2604 1769 Satisfacere.
2670 1699 2839 1755 Recte
2864 1699 3003 1755 Oliv.
3036 1698 3196 1770 ἡμῶν
3231 1698 3406 1755 corri-

1832 1788 1902 1853 git
1946 1803 2042 1856 pro
2065 1787 2238 1858 ὑμῶν.
2270 1789 2587 1852 Cornarius,
2620 1809 2639 1842 ι
2675 1802 2729 1846 et
2762 1792 2988 1845 Domino
3016 1792 3257 1846 debitum
3309 1805 3407 1844 ez-

1831 1880 2075 1942 solvere,
2112 1879 2202 1947 qui
2236 1895 2331 1948 pro
2362 1880 2517 1936 nobis
2575 1891 2659 1934 est
2716 1890 2986 1937 mortuus.
3047 1900 3066 1935 ι
3123 1880 3363 1937 Subinde
3387 1920 3406 1947 ,

1835 1989 1854 2021 ‹
1911 1971 2086 2040 ignem
2121 1983 2340 2038 aspectu
2375 1971 2678 2027 reddentes.
2710 1991 2729 2024 ι
2784 1973 2862 2027 lta
2916 1973 3198 2028 substituit
3252 1973 3408 2028 Mon-

1830 2065 2083 2130 tacutius,
2113 2064 2397 2131 expunctis
2429 2065 2533 2118 illis
2576 2064 2888 2134 interpretis
2914 2067 3118 2132 verbis,
3173 2084 3192 2117 ι
3224 2065 3406 2133 Ignem

1830 2164 2083 2225 paratum
2126 2164 2468 2211 contuentes.
2519 2174 2539 2210 ι
2579 2156 2873 2212 Cornarius
2913 2158 3040 2211 item
3088 2158 3268 2212 minus
3303 2172 3405 2228 ap—

1832 2258 1886 2304 te
1916 2287 1932 2313 ,
1973 2267 1992 2300 ι
2042 2249 2252 2318 igneam
2304 2249 2495 2303 [aciem
2557 2264 2668 2318 pra:
2725 2265 2785 2304 se
2845 2251 3103 2305 ferentes.
3143 2269 3162 2303 ι
3216 2250 3406 2305 Solum

1833 2338 1977 2391 enim
2011 2352 2077 2390 ex
2112 2335 2281 2390 oculis
2313 2338 2710 2404 qumlammodo
2740 2339 2976 2392 emicare
3003 2340 3180 2407 ignem
3208 2339 3406 2393 innuit.

1833 2429 2020 2484 Simile
2054 2428 2197 2498 quod
2224 2426 2447 2481 aﬂ‘ertur
2475 2443 2541 2482 ex
2571 2429 2955 2499 Aristophane,
2976 2428 3263 2501 ἀστραπὰς
3290 2428 3412 2499 βλέ-

1833 2538 1959 2575 πειν
1986 2564 2001 2585 ,
2044 2539 2062 2572 ι
2104 2521 2182 2575 Ex
2218 2521 2392 2575 oculis
2439 2521 2730 2589 quamdam
2769 2521 2932 2575 veluti
2974 2522 3409 2576 coruscationem

1830 2612 2122 2674 Cllllllcre,
2205 2622 2529 2666 cornscante
2590 2620 2810 2680 aspectu
2884 2627 3026 2668 esse.
3080 2632 3100 2666 ι
3146 2613 3418 2669 llomerus

1844 2701 2091 2756 Ὀδυσσ.
2126 2702 2170 2754 Τ
2204 2720 2218 2756 :

1902 2838 2124 2907 Φρίξας
2139 2838 2209 2891 εὖ
2229 2839 2474 2908 λοφιὴν,
2489 2839 2608 2909 πῦρ
2625 2838 2676 2893 δ’
2691 2841 3051 2910 ὀφθαλμοῖσι
3067 2839 3379 2932 δεδορκςῦς.

1845 2949 2006 3007 Valde
2051 2953 2337 3007 exhorretis
2376 2963 2550 3006 setosa
2585 2954 2806 3019 cervice,
2832 2955 3006 3025 ignem
3042 2954 3208 3008 oculis
3245 2956 3417 3026 inspi-

3117 3090 3128 3115 ι
3157 3040 3339 3113 [ciens.

1761 3178 1804 3234 ε
1906 3153 2272 3210 PhiloStratus
2299 3154 2351 3206 in
2381 3152 2631 3207 Ironibns
2653 3198 2668 3217 ,
2701 3170 2822 3224 pag.
2861 3154 2986 3220 771,
3018 3154 3247 3225 vestigia
3277 3153 3417 3208 rele-

1839 3264 1970 3319 gens
2006 3247 2242 3311 llomeri,
2275 3245 2386 3318 ὀρῶ
2442 3245 2499 3298 δὲ
2541 3245 2705 3300 αὑτὸν
2737 3248 2831 3300 καὶ
2878 3247 2977 3317 τὴν
3017 3246 3211 3318 χαίτην
3259 3245 3417 3318 φρίτ-

1838 3357 2021 3401 τοντα,
2057 3338 2153 3392 καὶ
2203 3338 2315 3408 πῦρ
2347 3336 2712 3408 ἐμϐλέποντα.
2748 3356 2767 3388 ¢
2812 3339 2980 3393 Video
3025 3348 3201 3391 autem
3240 3339 3415 3407 ipsum

1839 3445 1893 3488 et
1924 3433 2056 3486 setis
2092 3432 2403 3484 horrentem
2432 3469 2446 3492 ,
2472 3438 2529 3482 et
2551 3429 2729 3499 ignem
2769 3431 3110 3483 vibrantibus
3137 3428 3311 3483 oculis
3336 3430 3419 3482 in-

1843 3538 2101 3583 tuentem.
2135 3547 2154 3580 ι
2183 3528 2258 3581 lta
2289 3525 2584 3595 Gregorius
2636 3524 3030 3588 Nazianzenus,
3063 3533 3203 3576 orat.
3233 3523 3327 3587 20,
3359 3539 3416 3593 p.

1837 3619 1968 3682 261,
2002 3619 2160 3680 dixit,
2191 3617 2266 3689 μὴ
2296 3616 2579 3685 πιθήκειον
2623 3614 2793 3686 βλέπῃ
2815 3654 2831 3676 ,
2864 3613 3000 3667 ἀλλὰ
3026 3613 3285 3687 βλοσυρὸν
3322 3616 3420 3668 καδ⁹

1844 3709 2122 3781 βασιλικόν
2155 3727 2171 3760 τ
2207 3729 2226 3761 ‹
2277 3707 2393 3762 Νοη
2451 3707 2625 3762 simiae
2686 3715 3005 3776 aSpectum,
3052 3706 3146 3760 sed
3200 3716 3411 3761 torvum

1840 3804 2123 3872 quemdam
2160 3812 2213 3857 et
2253 3802 2568 3857 horriﬁcum
2607 3817 2671 3856 ac
2703 3802 2908 3869 regium
2935 3802 3208 3869 praeferat.
3241 3820 3261 3853 ι
3297 3800 3416 3856 Sub

1842 3894 1998 3947 linem
2038 3893 2244 3963 pagina:
2274 3907 2372 3960 pro
2408 3891 2626 3963 μακρὰν
2659 3890 3034 3957 ἀποπεσόντας
3069 3890 3296 3946 fortasse
3332 3908 3420 3947 re-

1841 3987 1981 4040 ctius
2007 3986 2278 4055 legeretur
2310 3984 2530 4057 μακρὰν
2562 3985 2831 4051 ἀπόντας,
2863 4004 2881 4036 ί
2938 3985 3096 4053 longe
3139 3987 3359 4040 absunt.
3393 4004 3416 4039 ι

1842 4077 2045 4131 Ibidem
2084 4077 2490 4130 immutavimus
2519 4076 2693 4130 locum
2722 4076 2873 4129 illum
2910 4077 3246 4146 interpretis,
3270 4095 3290 4129 ‹
3325 4077 3416 4148 qui

1840 4182 1939 4236 per
1960 4166 2283 4233 baptismum
2325 4174 2380 4219 et
2409 4164 2754 4234 adoptionem
2790 4166 2881 4220 Det
2907 4167 3032 4220 facti
3060 4176 3190 4221 sunt
3220 4167 3408 4223 dome-

1842 4257 1990 4313 stici.
2029 4276 2048 4308 ι

1912 4347 2034 4401 Col.
2076 4344 2181 4400 578
2230 4345 2275 4398 Α
2317 4345 2372 4398 '5.
2429 4342 2588 4398 Nunc
2638 4347 2802 4414 igitur
2847 4348 3154 4416 potentiam.
3205 4346 3421 4402 Omise—

1845 4450 1932 4494 rat
1985 4439 2258 4506 interpres
2305 4437 2435 4491 illud
2460 4477 2475 4499 ,
2514 4440 2609 4491 καὶ
2632 4436 2730 4508 τὴν
2759 4438 2868 4490 τῶν
2896 4438 3069 4509 εὐχῶν
3101 4437 3422 4507 ἀντιληπτι-

1772 4533 1814 4587 D
1841 4530 1967 4601 κήν.
2002 4527 2301 4583 Carnarius
2322 4527 2575 4596 appellat,
2614 4545 2633 4578 ι
2665 4528 3016 4596 iuspectivam
3047 4529 3212 4605 nostri
3237 4539 3424 4596 poten-

1847 4623 1997 4681 tiam,
2049 4627 2104 4672 et
2160 4632 2379 4686 precum
2440 4626 2747 4670 nostrarum
2791 4617 3224 4685 susceplricem:
3267 4634 3285 4667 ι
3315 4614 3418 4668 huc

1842 4722 1949 4772 est,
1969 4723 2088 4777 qua:
2109 4705 2331 4776 adjuvat
2364 4722 2550 4776 preces
2579 4716 2816 4770 nostras,
2846 4717 2903 4760 ut
2928 4708 3140 4760 dicebat
3175 4704 3419 4775 Raphael

1843 4803 2023 4857 Tobim
2072 4816 2195 4868 cap.
2236 4814 2353 4861 xu,
2404 4799 2474 4852 12
2506 4819 2519 4853 :
2547 4799 2692 4851 Ὅτε
2738 4797 3062 4867 προσηύξω
3107 4797 3224 4863 σὺ,
3254 4797 3355 4852 καὶ
3376 4797 3421 4867 ἦ

1840 4898 2044 4965 νύμφη
2073 4908 2189 4946 σου
2222 4889 2420 4959 Σάρρα
2444 4929 2459 4954 ,
2492 4889 2607 4961 erit)
2659 4890 3048 4960 προσήγαγον
3075 4890 3142 4944 τὸ
3185 4890 3420 4960 μνημό-

1842 5002 2035 5042 συνον
2058 4982 2166 5052 τῆς
2197 4980 2548 5050 προσευχῆς
2577 4979 2746 5051 ὑμῶν
2778 4997 2790 5008 ·
2825 4980 3048 5046 Quando
3073 4983 3234 5034 orasti
3265 4991 3341 5041 tu.
3369 4988 3416 5033 et

1841 5093 2006 5130 nurus
2049 5084 2141 5127 tua
2197 5072 2365 5128 Sarra
2398 5113 2413 5139 ,
2446 5088 2539 5142 ego
2599 5072 2883 5141 offerebam
2934 5072 3238 5127 memoriale
3291 5087 3418 5124 ora-

1840 5168 1997 5220 tionis
2056 5171 2253 5217 vestraz.
2317 5161 2389 5214 lta
2447 5162 2649 5214 citatur
2702 5177 2768 5215 ex
2834 5163 3023 5217 eodem
3093 5161 3291 5215 Basilio
3361 5163 3417 5215 in

1840 5256 2052 5310 Lexicis
2095 5273 2109 5308 :
2157 5252 2295 5325 πρὸς
2338 5253 2400 5305 τὸ
2444 5253 2944 5323 ἀντιλαμϐάνεσθαι
2983 5255 3082 5325 τῆς
3127 5254 3419 5325 ἀδελφότη-

1839 5346 2063 5410 τος,αά
2110 5359 2325 5396 manum
2376 5344 2694 5414 adjutricem
2741 5330 3111 5415 porrigendum
3164 5344 3416 5414 fraterni-

1840 5438 1959 5491 tati.

1909 5529 2022 5584 Col.
2064 5529 2169 5583 384
2204 5529 2243 5584 A
2275 5529 2362 5583 l2.
2398 5527 2541 5593 Quid
2567 5540 2759 5582 autem.
2795 5528 2919 5583 llaec
2936 5529 3220 5597 periodus,
3244 5544 3418 5599 usque

1839 5621 1908 5676 ad
1934 5621 2020 5675 illa
2062 5623 2252 5687 verba,
2284 5640 2303 5671 ‹
2345 5620 2424 5673 Ad
2451 5633 2547 5674 eos
2573 5621 2701 5675 item
2722 5661 2738 5687 ,
2775 5640 2792 5671 ι
2824 5635 2852 5674 a
2878 5620 3036 5675 nobis
3058 5621 3267 5689 adiecta
3307 5631 3414 5688 est,

1843 5710 1913 5769 ab
1940 5711 2237 5781 interprete
2265 5712 2630 5781 praetermissa
2665 5732 2680 5769 :
2714 5712 2866 5769 locus
2896 5713 3145 5784 proxime
3183 5727 3418 5785 sequens

1839 5812 1919 5858 est
1947 5800 2096 5857 lsaize
2118 5815 2253 5867 xw,
2281 5800 2366 5855 18.
2906 5808 2909 5811 ·
