3824 6214
175 218 342 274 ιοεδ
1298 223 1391 277 AD
1430 221 1757 280 HOMILIAS

1897 220 2237 279 PSALMOS.
3272 204 3294 221 “
3343 233 3487 290 toea

168 340 488 408 quispiam
518 341 718 409 dicere,
777 341 1121 411 insipientem
1174 343 1320 399 illum
1383 348 1674 410 nominari,
1698 350 1791 416 qui
1824 355 1869 409 Α
1900 355 1955 399 et
1993 347 2197 415 nuptiis
2226 345 2485 416 disputat,
2535 346 2694 401 aliter
2724 346 2994 404 disserere
3042 350 3405 421 compelleris.
3450 378 3470 409 ο

168 432 442 486 ethnica
510 448 662 486 mare
719 432 869 496 vivit,
931 444 1226 501 amentem,
1268 439 1359 506 qui
1421 436 1647 493 Judaico
1682 456 1795 496 ma-
1899 437 2130 491 Basilius
2178 438 2477 505 quaestione
2548 439 2614 492 de
2670 439 2938 505 baptismo
2966 439 3021 506 4-,
3054 442 3477 519 καὶὁλόκληρον

172 535 268 575 re.
325 540 352 573 ι
413 524 606 578 Postea
656 524 807 579 locus
852 526 1055 579 citatur
1100 542 1166 580 ex
1220 526 1359 582 Osee
1394 544 1488 593 vlt,
1533 531 1630 598 II;
1667 547 1761 585 non

1895 529 1995 601 τὴν
2023 530 2329 601 περικοπὴν
2358 528 2845 598 ἀναγινώσκοντες.
2902 532 2978 587 Ita
3022 536 3238 590 dentium
3277 538 3477 608 legitur

170 622 243 664 ut
287 623 530 666 notarat
581 614 896 679 Carnarius,
936 614 1076 670 Osee
1132 632 1207 670 ιιι.
1267 616 1412 671 Idem
1460 619 1619 687 paulo
1674 629 1796 688 post
1896 619 1950 673 in
1973 618 2171 674 Catena
2200 619 2387 675 Graeca
2424 637 2524 676 ms.
2550 622 2601 676 iu
2632 638 2739 690 qua
2770 631 2914 678 tatus
2944 625 3033 680 hic
3077 625 3260 682 Basilii
3320 629 3479 685 locus

170 706 555 757 commodius
616 706 1033 760 Valatcrrauum
1086 708 1163 761 ait
1204 709 1451 773 vertisse,
1492 704 1567 762 ὦν
1600 709 1711 781 γὰρ
1766 713 1795 764 6
1895 715 2196 781 exscriptus
2219 725 2323 767 cst.

176 794 310 867 βίος
349 798 594 870 νεκρῶνο
632 817 651 849 ι
694 799 935 866 Quorum
967 801 1110 855 enim
1149 803 1255 855 vita
1287 803 1513 856 mortuis
1537 806 1794 871 operibus
1965 802 2097 858 Ibid.
2161 802 2201 856 C
2265 804 2319 857 5.
2398 803 2591 871 Viginti
2669 805 2862 861 millia.
2938 807 3332 877 Carrigendum
3404 826 3471 866 ex

173 889 255 943 ab
306 894 506 946 omnis
540 896 754 960 generis
788 903 1008 964 peccato
1060 896 1450 949 resultantibus
1500 896 1791 965 adimpleta
1893 894 2128 947 editione
2166 895 2446 948 Basilicus.
2484 907 2538 948 et
2564 895 2737 950 Oliva.
2788 915 2806 947 ι
2843 899 3030 968 viginti
3089 901 3193 952 duo
3222 902 3411 955 millia.
3447 920 3466 951 ι

174 991 293 1044 est,
362 985 597 1038 istarum
657 985 847 1039 domus
893 985 946 1038 in
984 996 1244 1039 aeternum
1288 988 1534 1057 sepulcra
1574 988 1726 1042 liuut.
1765 1008 1784 1041 ι

172 1074 391 1130 Locus
424 1077 491 1130 de
518 1075 685 1130 Jarab
721 1087 802 1130 est
825 1075 959 1131 Gen.
996 1092 1124 1140 xxv,
1169 1077 1258 1130 27.

256 1165 400 1220 Col.
454 1167 559 1220 454
607 1166 650 1219 Β
683 1168 736 1221 9.
786 1167 890 1232 Qui
935 1170 1228 1236 imperium.
1267 1168 1560 1225 Carnarius
1601 1172 1788 1235 edidit,

181 1274 204 1306 ι
253 1267 500 1325 propter
543 1273 665 1310 eum
711 1258 800 1326 qui
843 1259 1013 1326 ipsam
1069 1259 1365 1326 destruxit,
1412 1271 1467 1315 et
1501 1262 1786 1330 imperium

174 1349 405 1402 mortis
464 1347 645 1403 habet.
693 1365 712 1399 ι
772 1346 1008 1417 Uterque
1052 1348 1322 1418 interpres
1371 1367 1401 1405 a
1458 1368 1619 1407 sensu
1678 1334 1813 1406 Ba-'

175 1439 302 1493 silii
365 1448 423 1494 et
479 1440 547 1493 ab
579 1440 819 1506 Apastali
874 1440 1144 1495 sententia
1197 1442 1588 1509 aberravit;at
1625 1445 1788 1499 Vola-

175 1539 462 1585 terranus
491 1532 543 1585 iu
580 1532 872 1598 antiqu-iari
927 1533 1162 1587 editione
1200 1543 1347 1588 recte
1400 1534 1788 1602 interpretatus

173 1630 343 1686 erat,
387 1631 449 1676 ut
484 1623 722 1692 suggerit
757 1622 1136 1690 Mautacutius,
1171 1642 1190 1675 ι
1224 1636 1442 1693 propter
1472 1641 1591 1679 eum
1620 1642 1648 1680 a
1681 1643 1786 1696 quo

1896 983 1990 1039 Sic
2040 985 2183 1038 enim
2232 987 2492 1053 scriptum
2547 996 2627 1038 est
2676 986 2713 1040 ll
2751 987 3055 1058 Regnorum
3094 1005 3206 1053 vni,
3241 990 3307 1045 5:
3358 992 3474 1048 Kal

1891 1072 2150 1138 ἐπάταξε
2177 1074 2359 1127 Δαυὶδ
2385 1073 2556 1140 ἐντῷ
2594 1077 2760 1144 Σύρῳ
2805 1081 3002 1132 εἴκοσι
3044 1078 3153 1135 δύο
3194 1081 3473 1150 χιλιάδας

1891 1163 2150 1232 ἀνδρῶν·
2181 1165 2246 1217 Ιίι
2285 1169 2542 1233 percussit
2578 1166 2748 1221 David
2772 1169 2827 1221 in
2855 1169 2992 1239 Syro
3020 1172 3200 1241 viginti
3222 1174 3324 1228 duo
3346 1177 3469 1228 mil-

1891 1254 1963 1306 lia
1993 1256 2243 1307 virorum.

1960 1345 2074 1400 Col.
2132 1346 2236 1402 461
2274 1346 2313 1399 Β
2340 1347 2393 1400 8.
2444 1347 2566 1401 Τῶν
2590 1349 2935 1417 ἀνθρώπων.
2973 1351 3149 1407 Oliva.
3195 1356 3305 1410 τῶν
3355 1376 3463 1413 πα-

1889 1437 2080 1510 τέρων,
2143 1457 2161 1489 ι
2195 1451 2431 1509 paterna:
2456 1441 2730 1496 vanitatis.
2768 1461 2785 1494 ι
2823 1442 2937 1496 Νοιι
2983 1449 3317 1513 aspernanda
3365 1466 3463 1503 va-

1892 1532 1969 1584 ria
2005 1532 2181 1595 lectio,
2235 1548 2356 1586 cum
2400 1532 2467 1586 de
2506 1533 2794 1602 gentilibus
2827 1545 3040 1602 agatur,
3065 1540 3161 1605 qui
3215 1543 3457 1608 paternis

1890 1623 2367 1689 superstitionibus
2425 1624 2797 1680 adhaerebant.
2841 1625 2985 1679 Dixit
3040 1636 3219 1683 tamen
3269 1633 3466 1700 pagina

176 1715 521 1767 vastabatur
575 1715 639 1779 is,
693 1714 787 1783 qui
846 1715 1039 1769 mortis
1092 1715 1326 1769 habebat
1396 1718 1703 1785 imperium.
1758 1737 1776 1770 ι
1815 1712 2214 1783 Bprtecedenti
2278 1713 2329 1764 id
2394 1727 2552 1781 posse
2609 1713 2674 1764 de
2733 1712 2881 1766 amtti
2944 1716 3167 1771 omnino
3229 1719 3467 1776 bumano

174 1801 382 1859 Locus
413 1816 499 1858 est
526 1804 803 1860 llebrzear.
850 1821 912 1868 ιι,
954 1805 1022 1858 14
1059 1822 1072 1859 :
1106 1805 1231 1861 Ἵνα
1257 1806 1355 1860 διὰ
1381 1807 1489 1861 τοῦ
1520 1807 1783 1862 θανάτου

173 1897 558 1966 καταργήσῃ
602 1897 712 1950 τὸν
743 1896 808 1951 τὸ
853 1897 1070 1965 κράτος
1102 1898 1323 1967 ἔχοντα
1364 1899 1470 1953 τοῦ
1497 1902 1780 1965 θανάτου,

174 1988 482 2042 τουτέστι
540 1988 648 2043 τὸν
699 1987 1002 2044 διάϐολον-⁸
1033 1989 1103 2043 Ut
1156 2007 1247 2059 per
1283 1999 1500 2043 mortem
1551 1993 1784 2044 destrue-

178 2086 270 2129 ret
335 2093 476 2145 eum,
532 2079 621 2149 qui
664 2079 881 2132 habebat
915 2080 1101 2135 mortis
1152 2080 1444 2149 imperium,
1489 2082 1544 2135 id
1569 2092 1640 2135 est
1671 2083 1784 2135 dia-

180 2167 403 2222 bolum.
440 2169 514 2222 lta
573 2171 734 2223 vertit
791 2178 846 2224 et
894 2169 1237 2235 Ambrosius,
1279 2169 1373 2223 lib.
1425 2186 1485 2225 ιιι
1555 2169 1627 2223 De
1649 2170 1777 2238 ﬁde,

180 2277 322 2329 cap.
383 2260 458 2326 5,
514 2262 717 2317 addens
782 2277 797 2318 :
870 2280 890 2314 ι
959 2261 1064 2316 Per
1113 2277 1276 2331 quam
1343 2262 1444 2316 nisi
1507 2277 1605 2332 per
1662 2279 1782 2318 cor-

181 2353 350 2421 poris
416 2364 667 2421 mortetu,
718 2353 909 2408 mortis
972 2354 1184 2408 vincula
1248 2354 1588 2410 dissolvit?»
1642 2355 1777 2410 Cum

180 2459 328 2513 ergo
408 2455 652 2513 potestas
716 2445 822 2499 ista
876 2446 1081 2500 martis
1145 2446 1360 2500 dicatur
1435 2447 1664 2523 abolita,
1720 2458 1780 2501 ut

184 2531 401 2588 fatetur
428 2534 591 2602 Beza,
619 2535 797 2606 inepte
826 2529 1129 2592 censendus
1155 2546 1237 2591 est
1263 2538 1666 2605 interpretatus,
1686 2537 1779 2591 τὸν

181 2626 415 2697 ἔχοντα,
448 2647 466 2680 ι
505 2644 626 2683 eum
663 2630 752 2697 qui
789 2630 949 2684 habet
984 2631 1289 2700 imperium,
1332 2641 1356 2682 ἰ
1397 2646 1503 2685 ιιοιι
1547 2638 1605 2685 ιιι
1648 2628 1780 2685 Vul-

183 2729 341 2787 gata,
380 2737 400 2770 ι
434 2720 523 2787 qui
552 2718 799 2772 habebat.
834 2738 855 2771 ι

263 2811 404 2864 Ibid.
429 2811 469 2864 C
505 2811 594 2865 10.
642 2811 739 2864 Ἑν
759 2808 841 2875 τῷ
869 2808 1005 2879 ᾄδῃ.
1034 2810 1112 2863 Ad
1142 2810 1365 2865 verbum
1403 2820 1508 2875 est,
1543 2828 1562 2862 ι
1595 2811 1648 2865 in
1695 2811 1779 2865 in-

183 2901 351 2956 ferno
375 2902 751 2971 protendetur,
772 2920 790 2953 ι
828 2918 932 2955 non
961 2912 1020 2954 ut
1052 2898 1322 2955 Valaterr.
1355 2909 1410 2955 et
1456 2901 1773 2966 Carnarius,

189 3009 211 3042 ι
248 2994 319 3045 ad
353 2994 621 3048 infernum
646 3008 845 3062 usque;
889 3011 907 3043 ι
941 3002 996 3046 at
1022 2995 1162 3062 quod
1189 2992 1455 3061 sequitur,
1478 2990 1777 3045 τελειωθῶ-

1888 1816 2083 1870 geuere
2117 1802 2361 1873 intelligi,
2421 1801 2553 1872 περὶ
2604 1803 2805 1866 παντὸς
2862 1803 2958 1858 τοῦ
3017 1806 3321 1878 ἀνθρώπων
3372 1808 3467 1879 γέ-

1885 1909 2030 1955 νους.

1954 1984 2071 2040 Cal.
2125 1983 2231 2038 470
2278 1984 2320 2037 Β
2369 1985 2420 2039 7.
2473 1985 2711 2040 lditbum
2770 2005 2890 2042 vero
2945 2002 3325 2046 consecratam.
3380 1992 3465 2049 Ad

1881 2078 2103 2133 verbum
2138 2093 2168 2131 ο
2203 2075 2393 2132 Grzeco
2434 2081 2596 2132 vertit
2646 2080 2960 2147 Carnarius,
3017 2102 3037 2133 ι
3082 2084 3311 2138 lditbum
3345 2084 3448 2139 da-

1886 2178 1992 2223 tam
2046 2183 2167 2224 esse
2218 2170 2270 2223 itt
2323 2171 2613 2224 utilitatem
2663 2172 2852 2240 ipsius.
2890 2193 2908 2228 ι
2955 2175 3088 2229 Nam
3145 2189 3202 2230 ut
3260 2179 3455 2236 scribit

1884 2257 1943 2312 S.
1993 2258 2310 2314 Ambrosius
2354 2260 2408 2313 in
2452 2259 2643 2328 psalm.
2684 2278 2930 2317 xxxviii:
2988 2283 3010 2318 ι
3049 2266 3318 2322 Psalmum
3351 2271 3458 2322 Da-

1880 2351 1969 2402 vid
2036 2350 2273 2417 scripsit,
2335 2360 2391 2404 ct
2449 2351 2676 2405 lditbum
2740 2353 2859 2407 viro
2921 2356 3222 2426 disciplinis
3282 2359 3460 2414 leviti-

1881 2441 1961 2494 cis
2018 2449 2072 2494 et
2133 2442 2559 2496 sacerdotalibus
2629 2446 2843 2499 erudita
2911 2450 3214 2503 canendum
3286 2451 3457 2505 dedit.

1880 2528 2125 2599 Denique
2148 2533 2312 2585 etiam
2357 2533 2410 2585 in
2456 2533 2808 2589 smeularibus
2853 2538 3089 2606 scriptis,
3145 2539 3238 2594 alii
3296 2552 3458 2595 erant

1880 2624 1972 2695 qui
2034 2624 2384 2690 scribebant,
2439 2625 2528 2678 alii
2588 2627 2678 2694 qui
2725 2627 2809 2686 ,iu
2877 2645 3038 2684 scena
3092 2631 3175 2686 vel
3243 2634 3457 2688 cantica

1879 2711 1964 2766 vel
2026 2716 2321 2768 contmdias
2381 2714 2465 2769 vel
2533 2718 2822 2786 tragoedias
2883 2733 3081 2774 cauere
3149 2735 3453 2778 consueve-

1878 2812 2023 2855 rant.
2060 2820 2079 2854 ι
2139 2802 2205 2855 Et
2245 2801 2616 2858 Theodoretus
2664 2808 2717 2859 in
2788 2807 2930 2861 hunc
2994 2807 3257 2875 psalmum
3313 2826 3453 2866 LXI:

1877 2891 2048 2961 Δῆλον
2076 2893 2257 2945 τοίνυν
2289 2893 2365 2957 ὡς
2397 2892 2491 2947 τοῦ
2524 2895 2793 2965 μακαρίου
2833 2896 2931 2966 μὲν
2963 2898 3126 2951 Δα6¹ιδ
3157 2900 3185 2951 6
3218 2899 3453 2971 ψαλμός·

1878 2980 2034 3052 ᾔδετο
2058 2982 2116 3035 δὲ
2152 2981 2255 3035 ὑπὸ
2276 2982 2371 3035 τοῦ
2410 2983 2593 3036 Ἰδιθοὺ
2603 3001 2662 3054 μ,
2683 2984 2742 3046 ὃς
2771 2984 2934 3056 χόρου
2989 2988 3371 3056 προστατεύων
3394 2994 3453 3043 ὲν

184 3098 280 3135 σιν
313 3085 364 3136 οἱ
420 3083 833 3155 προειληφότες,
883 3084 1088 3138 rectius
1134 3085 1403 3152 expressit
1450 3081 1761 3148 Carnarius,

1881 3071 1956 3143 τῷ
1983 3071 2113 3143 θείῳ
2134 3073 2238 3144 νεῷ
2268 3072 2427 3143 ὕμνει
2455 3074 2545 3129 τὸν
2565 3074 2674 3128 τῶν
2701 3076 2836 3130 ὅλων
2877 3076 3028 3129 Θεὸν·
3063 3096 3083 3129 ι
3129 3078 3323 3148 Liquet
3352 3082 3456 3151 igi-

190 3191 213 3226 ι
250 3177 344 3245 qui
371 3179 658 3247 praegressi
687 3184 890 3232 essent.
927 3195 950 3231 ι
994 3175 1157 3231 IIebr.
1187 3192 1262 3240 xr,
1293 3174 1383 3231 40.

259 3266 384 3324 Cal.
440 3266 546 3321 458
598 3267 643 3320 Α
693 3268 780 3321 10.
843 3266 1116 3320 Introibis.
1163 3266 1539 3321 Theodoretus
1588 3264 1777 3320 admo-

183 3369 284 3412 net
335 3368 450 3413 tres
502 3357 722 3414 Graecas
778 3360 1122 3428 interpretes,
1177 3358 1429 3426 Aquilam
1491 3359 1771 3424 nimirum,

187 3449 610 3521 Symmachum,
658 3461 714 3504 et
742 3449 1193 3514 Tbeadatianem,
1249 3449 1504 3514 edidisse,
1532 3446 1774 3501 εἰσελεύ-

187 3558 281 3615 σῃ,
321 3560 343 3594 ι
372 3542 642 3609 introibis,
665 3561 684 3594 ι
715 3553 767 3595 et
790 3542 859 3595 ita
893 3542 1087 3609 legisse
1111 3541 1248 3610 apud
1274 3539 1530 3595 Basilium
1558 3541 1773 3595 videtur

186 3635 482 3704 interpres,
508 3650 612 3688 non
649 3633 888 3688 uthabet
917 3633 1096 3688 Oliva.
1120 3643 1175 3688 et
1200 3631 1488 3687 Basilicus.
1524 3629 1772 3699 εἰσελεύδ

186 3741 369 3792 σεται,
393 3744 412 3778 ι
454 3726 720 3781 introibit.
758 3744 777 3777 ι
808 3722 1102 3779 Carnarius
1137 3723 1298 3778 etiam
1325 3723 1561 3792 scripsit,
1626 3739 1645 3771 ι
1683 3722 1769 3774 ἰη-

187 3819 406 3883 traibis,
434 3837 454 3869 ι
485 3818 628 3887 quod
662 3815 959 3871 adverterit
998 3814 1049 3868 id
1068 3815 1288 3884 exigere
1327 3813 1764 3882 explanationem

184 3908 373 3966 Basilii
407 3929 421 3964 :
451 3919 734 3978 propterea
755 3907 1020 3977 sequitur,
1048 3905 1314 3959 Τοσοῦτον
1354 3900 1448 3959 οὖν
1483 3902 1766 3976 παραγίνῃ

186 4002 274 4065 σὺ,
301 4002 333 4054 6
363 4000 517 4064 Θεός*
571 4017 591 4051 ι
631 3998 862 4053 Tantum
917 3999 1081 4067 igitur
1131 3999 1345 4051 accedis
1389 4004 1464 4061 ιιι,
1498 3997 1657 4062 Deus,
1712 4006 1767 4049 et

185 4100 338 4145 tanta
359 4101 440 4145 est
468 4092 519 4144 in
543 4092 658 4160 ipso
685 4090 752 4144 de
774 4100 826 4145 te
857 4090 1006 4143 notio
1031 4107 1046 4142 :
1077 4107 1096 4141 ι
1136 4099 1192 4143 et
1223 4088 1298 4143 ita
1325 4087 1657 4143 restituenda
1681 4095 1768 4141 est

184 4173 592 4242 interpretatio.
1547 4239 1552 4244 ν

255 4264 377 4319 Cal.
402 4263 509 4318 460
537 4265 579 4315 Β
604 4263 690 4320 15.
718 4259 860 4318 Εἶτα
909 4261 1008 4316 διὰ
1059 4263 1337 4332 φιλανθρ.
1394 4259 1520 4314 Htec
1578 4260 1761 4313 addita

186 4368 319 4412 sunt
348 4371 418 4410 ex
446 4357 655 4427 Anglic.
680 4367 734 4412 et
757 4356 895 4410 Oliv.
934 4374 987 4410 ζ(
1018 4355 1182 4411 Iidem
1207 4370 1393 4409 rursus
1413 4362 1631 4423 propter
1658 4353 1758 4406 mi-

184 4450 544 4507 sericardiam
571 4451 662 4505 Dei
692 4451 910 4504 admissi
936 4466 999 4503 ac
1027 4448 1247 4517 recepti.
1278 4464 1300 4499 ›

256 4533 398 4588 Ibid.
429 4533 470 4589 C
518 4534 605 4589 11.
659 4531 992 4599 Βασιλέως.
1044 4530 1453 4586 Emendandum
1507 4543 1573 4583 ex
1619 4527 1758 4582 Oliv.

181 4633 236 4673 et
270 4618 431 4687 Angl.
473 4617 740 4683 βασιλέα
790 4617 979 4687 Σωϐᾶ,
1036 4635 1207 4689 regem
1238 4618 1394 4673 Saba.
1429 4617 1582 4687 Apud
1616 4616 1759 4671 LXX

183 4710 380 4781 legitur
428 4708 697 4773 βασιλέα
744 4709 960 4776 Σουϐᾶ,
1020 4710 1290 4778 iidemque
1329 4711 1600 4779 appellant
1646 4712 1760 4764 Σύ-

175 4811 292 4863 ρον
332 4793 521 4859 Ῥαὰϐ,
576 4794 771 4864 Syrum
805 4793 1012 4859 liltaab,
1067 4795 1208 4863 quod
1254 4794 1484 4848 Basilius
1527 4794 1756 4863 Evplar

191 4884 384 4941 Ῥαὰϐ.

249 4971 369 5025 Cal.
421 4968 518 5023 461
557 4968 605 5024 Α
648 4968 702 5023 9.
760 4967 1196 5038 Παρετάξαντο.
1249 4968 1641 5040 Corrigendum
1685 4986 1754 5027 ex

180 5060 320 5117 Oliv.
344 5071 399 5117 et
428 5060 639 5131 Anglic.
661 5059 1026 5133 παρετάξατο,
1052 5071 1111 5114 ιιι
1142 5060 1322 5115 versio
1358 5062 1607 5131 requirit.

247 5154 368 5208 Cal.
397 5151 503 5207 £62
523 5154 568 5205 Α
601 5151 687 5205 l2.
720 5151 1107 5222 Progressioni.
1139 5151 1217 5204 Ita
1254 5150 1576 5217 Carnarius,
1610 5170 1628 5202 ι
1667 5152 1753 5206 1ιὶ-

182 5246 363 5301 stariae
387 5257 696 5314 processus,
727 5261 746 5294 ›
782 5243 877 5298 sed
929 5243 982 5296 in
1012 5242 1154 5298 Oliv.
1181 5251 1235 5297 et
1265 5242 1425 5310 Angl.
1475 5259 1579 5300 non
1609 5260 1750 5315 προ-

181 5339 348 5409 κοπῇ,
382 5337 477 5390 sed
503 5336 773 5406 περικοπῇ
811 5335 1026 5405 legitur,
1054 5352 1075 5386 ‹
1125 5333 1284 5404 hujus
1317 5335 1557 5389 historia:
1588 5335 1749 5405 parti,

181 5444 275 5484 seu
327 5427 652 5497 fragmento.
693 5445 712 5479 ι
742 5426 956 5491 Suidas,
994 5426 1287 5500 περικοπή,
1325 5426 1493 5501 μέρος
1540 5445 1595 5481 τι
1649 5429 1749 5500 τῆς

180 5517 511 5582 ὑποθέσεως,
575 5537 595 5570 ι
633 5532 760 5588 pars
815 5518 997 5589 aliqua
1058 5519 1442 5589 disputationis
1500 5520 1745 5590 integras,

179 5612 264 5667 vel
313 5611 667 5667 narrationis.
721 5627 744 5664 ι
794 5609 1157 5681 Hieronymus
1195 5610 1260 5665 ad
1309 5610 1743 5675 Pammachium,

168 5725 205 5789 ι
242 5704 393 5762 Illam
446 5704 688 5777 Apostali
727 5704 1053 5777 περικοπὴν,
1102 5705 1156 5761 in
1187 5718 1295 5776 qua
1324 5703 1394 5762 de
1435 5702 1747 5774 virginitate

1879 3174 1967 3218 tur
1989 3165 2252 3231 psalmum
2306 3169 2522 3236 quidem
2575 3167 2720 3221 beati
2777 3169 2994 3222 Davidis
3029 3184 3168 3235 esse,
3218 3171 3449 3227 lditbum

1876 3267 2008 3308 vera
2039 3270 2160 3308 eum
2201 3257 2486 3321 cecinisse,
2512 3258 2601 3326 qui
2633 3259 2784 3311 ebori
2815 3259 3097 3327 pra-lectus
3133 3270 3254 3314 cum
3281 3271 3447 3329 esset,

1874 3344 2042 3399 Deum
2102 3348 2475 3403 universorum
2532 3349 2585 3402 in
2641 3363 2797 3403 sacra
2860 3350 3060 3419 templo
3106 3350 3444 3419 laudabat”

1873 3447 1929 3492 et
1978 3438 2031 3491 in
2061 3439 2249 3507 psalm.
2294 3455 2505 3494 xxxvm
2536 3458 2548 3492 :
2582 3438 2690 3494 Τοῦ
2723 3441 2822 3511 μὲν
2851 3441 3015 3495 Δαϐὶδ
3042 3443 3071 3495 6
3096 3442 3327 3513 ψαλμός·
3369 3443 3451 3516 τῷ

1871 3529 1928 3582 δὲ
1964 3528 2150 3583 Ἰδιθοὺ
2159 3548 2198 3599 μ
2221 3531 2297 3595 ὡς
2329 3532 2419 3585 τὸν
2439 3532 2547 3585 τῶν
2570 3533 2801 3605 ᾀδόντων
2830 3534 2990 3605 χορὸν
3007 3536 3450 3606 ἐμπεπιστευμέ-

1872 3638 1947 3692 νῳ
1985 3623 2065 3684 εἰς
2086 3621 2145 3674 τὸ
2166 3621 2387 3691 ψάλλειν
2425 3622 2582 3694 ἐδόθη
2602 3642 2616 3655 ο
2657 3642 2676 3673 ι
2716 3625 2960 3679 I’salmus
2985 3628 3199 3693 quidem
3231 3626 3450 3683 Davidis

1870 3726 1974 3779 est,
2003 3715 2234 3768 Iditbutu
2259 3730 2388 3770 vero
2427 3717 2493 3769 ad
2532 3716 2834 3770 canendum
2874 3717 3029 3771 datus
3059 3718 3180 3783 luit,
3209 3719 3295 3772 cui
3355 3735 3448 3773 ca-

1869 3808 2114 3861 neutium
2148 3807 2348 3862 cltarus
2389 3808 2715 3862 commissus
2750 3817 2887 3863 erat.
2929 3826 2948 3860 ι
2983 3808 3151 3864 Porro
3181 3810 3234 3864 in
3261 3812 3448 3866 cadica

1869 3915 1972 3953 ms.
2009 3897 2211 3953 Olivar.
2245 3908 2556 3954 constanter
2596 3899 2875 3969 legebatur
2907 3900 3107 3971 Αῐμάν,
3140 3918 3245 3958 non
3287 3912 3345 3958 ut
3389 3907 3446 3959 in

1865 3987 2075 4056 Anglic.
2126 3987 2315 4051 Λίθάν,
2345 3997 2399 4042 et
2426 3988 2498 4042 ita
2535 3987 2550 4041 l
2604 3988 2927 4058 Paralipom.
2972 4007 3101 4058 xxv,
3135 3992 3161 4045 1
3192 4008 3208 4046 :
3251 3992 3443 4064 Ἀσὰφ

1866 4078 1965 4132 καὶ
1994 4081 2187 4149 Αιμὰν
2212 4080 2311 4136 καὶ
2350 4079 2596 4150 Ἰδιθοὺμ
2620 4080 2766 4146 τοὺς
2785 4082 3347 4153 ἀποφθεγγομένους
3371 4086 3445 4141 ἐν

1864 4172 2153 4239 κινύραις,
2184 4172 2284 4226 καὶ
2312 4170 2662 4239 ἐννάόλαις,
2681 4174 2780 4227 καὶ
2805 4176 2875 4228 ἐν
2889 4176 3234 4245 κυμϐάλοιςο
3264 4179 3440 4247 Amph

1864 4275 1910 4317 et
1946 4264 2131 4316 Aiman
2182 4274 2228 4317 et
2260 4260 2501 4316 [dit/tum
2549 4274 2886 4329 personantes
2938 4270 2994 4319 in
3047 4269 3265 4321 cit/tari:
3305 4279 3353 4320 et
3383 4270 3440 4323 in

1866 4355 2127 4425 psalteriis
2161 4366 2208 4409 et
2244 4357 2298 4409 in
2324 4356 2609 4425 cymbalis;
2643 4366 2805 4425 atque
2848 4357 2951 4413 hac
2984 4360 3145 4412 etiam
3175 4372 3332 4427 pacta
3360 4359 3437 4414 le-

1866 4446 2094 4514 gendum
2134 4446 2235 4500 hoc
2263 4444 2398 4505 loco,
2433 4460 2560 4509 non,
2593 4447 2647 4498 in
2676 4447 2928 4515 cymbalis
2951 4459 2998 4500 et
3031 4449 3266 4516 organis.
3290 4448 3439 4519 Basi-

1862 4535 1968 4590 lius
1994 4537 2200 4591 addidit
2225 4537 2321 4590 καὶ
2361 4538 2419 4588 ὲν
2448 4534 2774 4607 τυμπάνοις,
2806 4539 2948 4606 quad
2988 4538 3097 4590 illic
3126 4554 3233 4592 non
3267 4539 3436 4594 habe-

1863 4636 1970 4692 tur,
2002 4629 2127 4682 illud
2159 4638 2336 4682 autem
2369 4627 2702 4699 σάλπιγγές
2738 4646 2803 4682 τε·
2840 4629 2938 4684 καὶ
2985 4630 3281 4698 κύμϐαλα,
3324 4630 3434 4687 τοῦ

1859 4720 2218 4791 ἀναφωνεῖν,
2249 4730 2414 4775 estex
2443 4722 2461 4774 l
2490 4721 2937 4790 Paralipomenon
2968 4737 3080 4787 xvi,
3111 4722 3200 4776 42.

1929 4858 2043 4913 Col.
2075 4858 2182 4912 475
2215 4858 2260 4911 Α
2289 4856 2342 4910 8.
2374 4856 2889 4926 Περιδονούμενοι.
2920 4855 3000 4911 Ita
3047 4873 3179 4913 mss.
3218 4858 3427 4927 Anglici

1858 4960 1914 5005 et
1949 4948 2332 5004 Olivarianus:
2383 4948 2605 5002 retineri
2661 4959 2839 5002 tamen
2874 4960 3051 5017 potest
3087 4962 3241 5006 vetus
3270 4951 3430 5007 lectio
3460 4990 3475 5027 η

1855 5041 1985 5096 edit.
2015 5040 2303 5094 Basilicus.
2334 5038 2780 5110 περιδονούμενα.
2802 5041 3114 5106 Carnarius,
3148 5060 3169 5093 ι
3207 5042 3426 5113 plantae,

1854 5148 1973 5203 qua:
2002 5147 2034 5186 a
2071 5131 2175 5186 leui
2204 5146 2334 5184 aura
2369 5130 2662 5200 agitantur.
2696 5147 2717 5181 ι

1925 5242 2041 5298 Cal.
2100 5240 2205 5296 476
2269 5240 2311 5295 C
2370 5240 2455 5294 l2.
2516 5243 2582 5294 Οἱ
2633 5241 2731 5295 καὶ
2766 5240 2831 5294 τὸ
2881 5241 3182 5311 φονεύειν.
3233 5243 3425 5311 Angli-

1852 5334 1899 5388 ci
1964 5349 2094 5389 mss.
2147 5335 2200 5386 οἱ
2262 5330 2674 5402 καταφονεύειν.
2740 5331 2880 5387 Oliv.
2947 5334 2997 5386 oi
3057 5332 3122 5386 τὸ
3180 5349 3424 5402 καταφο-

1851 5424 2049 5480 νεύειν·
2115 5426 2362 5495 sequitur
2415 5433 2595 5478 tamen
2632 5423 2838 5491 absque
2869 5422 2975 5476 ulla
3028 5424 3425 5495 praepositionis

1850 5517 2123 5572 additione
2154 5516 2381 5587 simplex
2426 5513 2571 5569 κατὰ
2624 5512 2724 5585 τῆν
2774 5512 2868 5567 τοῦ
2921 5513 3167 5584 φονεύειν
3207 5528 3424 5590 περιω-

1852 5607 1995 5661 σιαν.

1920 5699 2035 5757 Col.
2063 5697 2166 5754 179
2189 5697 2236 5754 Α
2278 5698 2333 5755 7.
2366 5696 2618 5756 Delicias.
2645 5699 2872 5773 Τρυφῆς
2904 5699 3054 5771 legit,
3102 5709 3158 5756 ut
3200 5692 3422 5772 pmfeﬂ
