3824 6214
407 255 544 312 102³1

1580 256 1785 312 NOTAE
1827 256 2222 313 FRONTONIS
2261 256 2491 314 DUCJEI

3529 256 3670 311 1028

412 376 555 433 Oliv.
619 392 722 430 una
770 390 891 431 cum
930 376 1092 447 Angl.
1145 376 1218 430 At
1267 391 1332 430 ex
1370 375 1652 432 Basiliensi
1686 377 1834 448 ζωῆς
1857 378 1977 434 (Ζοιι

2094 380 2273 444 aliter,
2321 377 2416 445 Μὴ
2458 377 2699 447 μέταιρε
2747 376 2877 445 ὅρια
2922 375 3149 439 αἰώνια,
3196 373 3326 428 Noli
3376 374 3671 442 transferre

405 469 589 523 uarius
639 468 955 536 expressit:
1016 487 1036 520 ι
1072 468 1155 522 An
1216 468 1389 523 electa
1438 468 1495 523 in
1546 469 1763 524 virtutis
1823 485 1984 525 exer-

403 565 534 620 citio
596 561 881 618 aﬂ‘ectiune
949 578 1047 633 per
1110 564 1270 632 hujus
1332 564 1657 619 beneticium
1730 570 1988 634 consequi

367 668 657 718 {aeternam
688 656 871 707 vitam.
912 673 931 706 ι
997 654 1164 708 Paulo
1212 664 1335 725 post
1395 656 1635 710 occurrit
1688 655 1987 725 Epicureo-

408 762 523 799 rum
582 745 657 798 vel
691 746 975 812 impiorum
1003 761 1033 799 e
1067 747 1213 800 circo
1252 747 1420 812 petita
1455 747 1726 800 sententia
1754 764 1768 800 :
1806 765 1825 797 ι
1859 745 1987 800 Mihi

371 839 696 917 ;pra:scntia
751 840 971 899 dentur,
1010 858 1027 889 ι
1065 839 1150 892 cui
1188 839 1421 892 similem
1453 836 1699 909 adjungit
1733 839 1785 892 in
1843 853 1987 891 mar-

371 931 525 995 gine
554 929 868 982 Tilmannus
917 944 982 983 ex
1035 928 1281 983 8.10am.
1324 929 1733 1000 Chrysustomn,
1792 929 1984 984 homil.

400 1018 434 1074 9
482 1021 532 1072 in
583 1017 644 1072 ΙΙ
701 1018 873 1088 Epist.
933 1020 1002 1073 ad
1053 1020 1352 1073 Corinthios
1390 1034 1409 1072 :
1461 1020 1572 1072 Καὶ
1612 1020 1721 1090 γὰρ
1774 1018 1985 1073 πολλῶν

398 1109 584 1164 ἀκούω
634 1110 901 1178 λεγόντων
953 1110 1021 1163 τὰ
1075 1110 1458 1178 καταγέλαστα
1513 1110 1688 1165 ταῦτα
1739 1112 1981 1181 ρήματα’

399 1200 499 1262 Δός
537 1217 627 1270 μοι
656 1202 755 1270 τὴν
780 1201 1042 1272 σήμερον,
1084 1202 1178 1254 καὶ
1206 1200 1336 1254 λάϐε
1366 1201 1465 1272 τὴν
1497 1199 1707 1273 αὔριον.
1755 1202 1851 1252 "Av
1886 1200 1984 1271 μὲν

400 1286 511 1360 γὰρ
569 1288 876 1364 τοιαῦτα
930 1292 1114 1362 φησιν,
1166 1288 1254 1344 οἷα
1285 1292 1376 1344 καί
1415 1309 1550 1360 φατε
1582 1293 1718 1354 ἐκεῖ,
1753 1291 1811 1343 ἓν
1865 1291 1982 1344 ἁνο’

400 1382 519 1445 ἐνὸς
545 1383 792 1452 γέγονεν’
850 1385 917 1438 ἂν
958 1384 1014 1436 δὲ
1070 1383 1236 1455 μηδὲν
1284 1383 1419 1447 ὅλως
1449 1380 1506 1458 ᾗ,
1555 1383 1649 1437 δύο
1680 1385 1794 1437 ἀντ’
1840 1383 1986 1436 οὐδε-

399 1474 490 1537 νός
513 1489 530 1504 ο
575 1494 593 1525 ‹
629 1476 836 1529 Etenim
866 1475 1176 1543 complures
1214 1475 1397 1536 audio,
1435 1474 1528 1544 qui
1561 1474 1806 1529 ridiculis
1837 1475 1983 1528 hisce

399 1565 581 1620 verbis
631 1576 874 1631 utuntur,
921 1567 996 1619 Da
1042 1567 1172 1619 mihi
1227 1566 1547 1620 hodiernum
1600 1566 1766 1630 diem,
1815 1575 1871 1619 et
1927 1575 1983 1620 tu

398 1658 699 1712 crastinum
734 1673 910 1713 sume.
950 1658 1084 1712 Nam
1117 1658 1162 1711 si
1188 1657 1314 1712 talis
1340 1667 1422 1713 est
1453 1659 1504 1712 in
1536 1658 1719 1739 futuro
1747 1674 1864 1715 aevo
1892 1673 1980 1713 ie-

402 1762 521 1801 rum
550 1757 746 1816 status,
796 1750 1010 1818 qualem
1056 1749 1262 1811 dicitis,
1297 1765 1460 1804 unum
1490 1729 1725 1819 pro'uno
1776 1751 1975 1805 fuerit:
2012 1729 2055 1783 Β

399 1838 445 1892 si
478 1854 606 1894 vero
650 1840 827 1905 exiis,
882 1854 1003 1909 quae
1048 1847 1113 1896 de
1153 1855 1269 1895 ιι·νο
1313 1841 1404 1896 ἰΙΙυ
1466 1853 1982 1905 commemorantur,

400 1930 532 1983 nihil
562 1932 784 1986 cumino
817 1941 924 1996 est,
963 1933 1067 1986 duo
1110 1948 1207 2002 pro
1248 1932 1418 1987 nihilo
1446 1944 1627 1988 erunt.
1672 1953 1691 1985 ι
1724 1934 1852 2001 Quae
1885 1936 1984 1990 do-

399 2021 674 2077 ctissimus
698 2021 903 2088 Billius,
938 2024 1031 2076 lib.
1063 2039 1099 2088 ι,
1134 2039 1254 2092 cap.
1297 2022 1388 2089 M,
1423 2022 1878 2091 Observationum,
1904 2027 1984 2081 sic

398 2115 622 2181 esponit
656 2131 670 2168 :
711 2133 730 2166 ι
783 2113 914 2169 Sine
962 2131 1049 2170 me
1086 2116 1370 2184 praesentis
1417 2115 1543 2171 vitae
1570 2117 1984 2173 oblectamentis

398 2201 529 2268 frui,
575 2214 628 2258 tu
689 2219 819 2258 vero
868 2205 1050 2258 futura
1079 2205 1218 2260 bona
1254 2206 1352 2262 tibi
1387 2206 1548 2261 habe.
1583 2205 1639 2261 Si
1660 2208 1804 2261 enim
1854 2222 1983 2262 vera

399 2307 544 2367 sunt,
586 2314 707 2371 quae
738 2299 804 2353 de
831 2300 1103 2368 justorum
1135 2301 1370 2370 praemiis
1414 2310 1464 2356 et
1511 2301 1820 2370 iniquorum
1848 2316 1982 2372 sup-

405 2388 583 2457 pliciis
621 2399 1132 2455 commemorantur,
1182 2406 1338 2459 aequa
1393 2391 1707 2447 conditione
1753 2393 1979 2447 erimus.

400 2477 511 2533 Plos
538 2480 681 2532 enim
714 2480 995 2548 praesentia
1032 2481 1371 2543 habebimus,
1403 2497 1500 2537 vos
1527 2481 1729 2536 futura.
1761 2484 1857 2537 Sin
1884 2483 1984 2536 fal-

404 2586 463 2623 sa
494 2580 548 2623 et
577 2570 967 2633 commentitia,
999 2586 1098 2625 nos
1128 2572 1343 2639 quidem
1366 2571 1568 2641 duplici
1588 2573 1809 2627 nomine
1835 2574 1979 2627 beati

400 2660 630 2723 erimus,
681 2662 857 2729 utqui
892 2670 945 2714 et
972 2662 1026 2715 in
1057 2663 1158 2716 hac
1203 2663 1316 2716 vita
1346 2664 1399 2716 in
1448 2663 1598 2717 omni
1637 2663 1974 2734 voluptatum

401 2768 602 2821 genere
637 2753 832 2806 versati
890 2752 1178 2818 fuerimus,
1234 2764 1290 2810 et
1325 2754 1378 2809 in
1408 2755 1583 2811 altero
1634 2771 1750 2812 aevo
1808 2757 1981 2812 nullas

400 2859 589 2913 ptenas
622 2844 849 2898 subituri
897 2848 1098 2911 simus;
1134 2860 1228 2900 vos
1281 2858 1471 2902 contra
1518 2848 1716 2918 duplici
1763 2849 1983 2903 nomine

406 2936 611 3000 miseri,
638 2946 697 2989 ut
721 2938 809 3004 qui
841 2947 896 2990 et
931 2938 984 2990 in
1020 2938 1122 2991 hac
1152 2939 1262 2992 vita
1297 2954 1522 3009 magnos
1552 2938 1768 2995 labores
1790 2956 1980 2996 susce-

406 3028 617 3097 peritis,
645 3037 700 3081 et
728 3028 781 3081 in
814 3027 992 3081 futura
1037 3030 1208 3085 nihilo
1250 3031 1475 3085 meliore
1514 3030 1829 3086 conditione
1861 3033 1980 3089 sitis

402 3118 591 3174 futuri.
633 3137 651 3169 ι
711 3119 910 3173 Ibidem
945 3129 1090 3174 recte
1141 3136 1169 3174 a
1213 3122 1532 3176 doctissimo
1568 3124 1774 3177 Savilio
1810 3140 1979 3193 nuper

401 3209 606 3263 editmn
662 3222 763 3270 est.
797 3209 934 3265 ἀλλὰ
968 3209 1062 3264 δύο
1111 3211 1225 3264 ἀντ’
1276 3212 1492 3276 οὐδενὸς
1537 3213 1693 3267 ἐσται
1737 3216 1850 3277 τοῖς
1900 3214 1981 3268 δι-

347 3296 354 3301 ’
401 3298 599 3365 καιοις,
626 3311 682 3353 ιιι
705 3301 1007 3370 conjecerat
1035 3302 1427 3357 emendandum
1448 3303 1589 3357 idem
1619 3302 1831 3360 Billius.
1864 3302 1978 3358 Sub

402 3389 562 3442 finem
600 3391 807 3460 pagina}
837 3405 936 3459 pro
958 3390 1328 3462 προσφέρεται
1355 3392 1499 3462 ζυγά
1523 3393 1719 3463 legitur
1750 3395 1803 3448 in
1835 3393 1973 3449 Oliv.

399 3487 456 3532 et
478 3479 689 3549 Anglic.
723 3478 1081 3550 προφέρεται,
1111 3498 1130 3530 ι
1162 3482 1500 3549 producitur.
1545 3501 1564 3535 ι

473 3569 584 3625 Col.
620 3571 724 3625 482
758 3573 802 3626 A
834 3572 921 3627 14.
971 3570 1080 3625 Par
1113 3575 1299 3638 recipe.
1333 3575 1649 3639 Carnarius,
1678 3594 1697 3628 ι
1718 3585 1972 3646 exspecta

398 3660 780 3729 aquilibrium.
810 3679 829 3712 ι
885 3660 1272 3728 Montacutius,
1317 3682 1334 3714 ι
1373 3673 1625 3733 exspecta
1668 3680 1788 3733 par,
1814 3683 1834 3717 ι
1871 3666 1975 3722 hoc

322 3820 329 3827 .
400 3760 509 3820 est,
542 3762 603 3806 ut
656 3768 754 3823 par
788 3753 907 3823 pari
940 3752 1230 3808 referatur.
1265 3755 1431 3810 Paulo
1455 3766 1597 3825 post,
1632 3775 1653 3810 ι
1680 3757 1970 3812 Terminus

396 3857 530 3899 esne
566 3851 957 3914 transgressus,
1008 3864 1029 3898 ι
1065 3862 1173 3900 non
1211 3848 1347 3903 satis
1385 3849 1643 3914 exprimit
1679 3847 1978 3916 Scriptura

398 3947 639 4001 sensum,
681 3948 747 3987 ex
783 3948 889 4003 qua
936 3934 1039 3990 ista
1084 3937 1370 4006 desumpta
1399 3935 1664 3991 Proverb.
1716 3950 1855 4002 xxu,
1881 3936 1977 4000 38,

396 4025 491 4080 ubi
541 4026 790 4094 quamvis
835 4028 981 4096 apud
1020 4026 1268 4097 Vulgata
1289 4038 1570 4084 auctorem
1598 4028 1859 4100 legamus,
1892 4026 1977 4082 Ns

399 4116 811 4185 transgrediaris
842 4117 1098 4172 terminos
1128 4119 1374 4189 antiquos
1395 4134 1414 4172 :
1449 4128 1631 4175 tamen
1660 4119 1800 4189 apud
1824 4118 1974 4174 LXX

408 4263 779 4284 __

2091 471 2340 524 terminos
2376 481 2622 536 aeternos,
2676 469 2911 524 Basilius
2948 469 3110 535 dixit,
3173 467 3503 539 μετέθηκας.
3535 465 3671 522 ϐοτ-

2091 560 2302 623 narius,
2364 560 2671 615 «terminos
2719 570 2932 630 patrum
3002 559 3408 629 transposuisti.
3451 578 3471 610 ι
3538 557 3671 615 Plus

2088 651 2232 703 enim
2261 661 2349 703 est
2374 651 2493 706 loco
2521 666 2740 706 movere
2762 651 2964 706 limites
2994 651 3138 721 agris
3167 650 3395 719 positos,
3425 649 3583 703 litem
3615 658 3675 703 ut

2087 741 2402 797 discernunt
2446 744 2618 807 arvis,
2660 758 2824 814 quam
2870 742 3267 799 deambulando
3321 741 3446 796 illos
3488 750 3674 794 trans-

2086 834 2261 901 gredi.

2157 924 2273 980 Col.
2304 924 2411 979 485
2449 925 2491 979 Β
2537 926 2592 981 8.
2649 924 2713 980 Ut
2752 926 2982 981 debitum
3027 926 3157 980 illis.
3217 926 3529 994 lnterpres,
3576 934 3673 979 «ut

2087 1013 2324 1069 debitam
2377 1016 2485 1072 illis
2535 1017 2808 1087 liturgiam
2855 1016 3212 1086 expleverim.
3250 1035 3269 1068 ι
3332 1014 3669 1078 Carnarius,

2092 1120 2111 1153 ι
2143 1113 2199 1157 ut
2220 1116 2276 1159 et
2307 1108 2446 1175 apud
2480 1106 2602 1161 illos
2629 1107 2990 1161 ministerium
3026 1106 3386 1176 impleverim.
3414 1126 3433 1159 ι
3460 1106 3673 1161 Similis

2084 1195 2328 1265 Apostoli
2370 1197 2570 1254 locutio
2631 1197 2674 1251 ιι
2722 1197 2963 1253 Timoth.
2996 1214 3070 1262 iv,
3098 1198 3133 1253 5
3162 1218 3175 1253 :
3207 1198 3326 1267 Τὴν
3349 1197 3675 1253 διακονίαν

2085 1302 2203 1342 σου
2229 1291 2737 1359 πληροφόρησον*
2771 1288 3127 1344 Ministerium
3162 1303 3310 1344 tuum
3346 1289 3531 1357 imple.
3606 1294 3623 1310 '

2155 1378 2271 1433 Col.
2304 1379 2407 1434 487
2448 1366 2489 1434 C
2528 1379 2617 1434 12.
2653 1379 2758 1444 Qui
2799 1379 2856 1432 in
2884 1389 3120 1448 peccato.
3158 1379 3252 1433 Sic
3296 1380 3661 1443 restinximus,

2084 1484 2208 1525 cum
2263 1470 2529 1526 edidisset
2570 1470 2888 1540 interpres:
2923 1487 2942 1520 ι
2971 1468 3073 1537 Qui
3126 1480 3308 1524 autem
3356 1485 3534 1539 usque
3588 1472 3656 1524 ad

2084 1572 2311 1617 mortem
2345 1563 2400 1617 in
2426 1564 2615 1635 aliquo
2651 1571 2877 1634 peccato
2909 1565 3239 1620 constitutus
3277 1564 3464 1619 fuerit.
3495 1582 3516 1616 ι
3549 1562 3666 1618 Non

2082 1654 2227 1708 enim
2258 1654 2347 1709 hic
2381 1657 2559 1727 agitur
2594 1658 2659 1711 de
2681 1670 2769 1720 eo,
2807 1656 2899 1725 qui
2929 1654 2996 1709 ad
3021 1665 3321 1711 extremum
3341 1671 3517 1725 usque
3543 1658 3668 1710 vitae

2084 1745 2334 1816 spiritum
2364 1746 2416 1802 in
2446 1759 2673 1817 peccato
2693 1746 2857 1802 fuerit
2881 1748 3235 1813 constitutus,
3264 1748 3357 1804 sed
3386 1749 3455 1802 de
3477 1763 3548 1803 eo
3571 1749 3666 1816 qui

2084 1848 2367 1906 peccatum
2409 1842 2476 1893 ad
2503 1850 2733 1895 mortem
2776 1841 3083 1907 admiserit,
3116 1840 3278 1910 cujus
3329 1840 3664 1895 mentionem

2085 1928 2215 1983 facit
2261 1930 2458 1985 beatus
2485 1928 2721 1986 Joannes
2762 1931 2937 2000 Epist.
2974 1931 3028 1994 I,
3074 1948 3193 2001 cap.
3218 1947 3274 1997 v,
3313 1931 3382 1986 16
3408 1950 3422 1985 :
3451 1932 3668 1985 Ἔστιν

2082 2017 2338 2087 ἁμαρτία
2373 2018 2524 2087 πρὸς
2552 2018 2847 2075 θάνατον·
2886 2017 2981 2073 Est
3008 2032 3275 2088 peccatum
3317 2021 3385 2074 ad
3418 2029 3660 2074 mortem.

2081 2110 2162 2164 Ex
2195 2126 2299 2179 qua
2330 2113 2495 2165 etiam
2532 2111 2771 2182 Epistola
2824 2123 2911 2169 est
2941 2112 3074 2168 illud
3104 2113 3247 2182 quod
3280 2113 3553 2181 sequitur,
3582 2121 3663 2167 ta-

2082 2203 2240 2257 metsi
2294 2202 2541 2257 nonnihil
2598 2204 2966 2270 immutatum,
3005 2204 3058 2257 '0
3084 2203 3272 2258 ποιῶν
3313 2203 3430 2272 τὴν
3467 2203 3662 2273 ἀμαρ-

2081 2294 2236 2360 τίαν,
2267 2295 2337 2349 ἐκ
2374 2295 2484 2349 τοῦ
2518 2295 2803 2351 διαϐόλου
2823 2298 3024 2351 ἐστίν·
3054 2296 3159 2362 Qui
3196 2297 3327 2368 facit
3358 2304 3657 2365 peccatum,

2080 2398 2146 2437 ea:
2172 2383 2382 2438 diabolo
2402 2399 2499 2438 est.
2529 2383 2634 2441 Sed
2658 2387 2709 2440 in
2743 2386 2973 2449 Olivar.,
3004 2387 3326 2458 γεγέννηται.
3355 2387 3657 2458 tegebatur,

2081 2491 2186 2530 non
2224 2476 2549 2548 γεγένηται,
2618 2479 3073 2546 quemadmodum
3127 2488 3182 2534 et
3232 2479 3372 2548 apud
3425 2480 3661 2548 Aposto.

2081 2566 2211 2633 htm,
2247 2568 2368 2622 Ὅτι
2399 2569 2468 2622 ἐκ
2503 2569 2651 2623 Θεοῦ
2702 2570 3071 2641 γεγέννηται,
3118 2571 3386 2635 Quoniam
3429 2587 3496 2625 ex
3549 2570 3660 2623 Deo

2080 2670 2233 2711 natus
2264 2668 2362 2713 est.
2413 2658 2709 2714 Coruarius
2749 2663 3047 2731 scripserat
3101 2663 3206 2717 hoc
3250 2662 3392 2729 loco,
3420 2680 3438 2713 ι
3464 2661 3570 2729 Qui
3602 2664 3658 2716 in

2080 2761 2302 2819 peccato
2331 2750 2513 2820 aliquo
2547 2752 2760 2806 mortali
2796 2755 2980 2808 haeret.
3012 2774 3031 2806 ι

2151 2838 2268 2893 Col.
2315 2838 2419 2893 48::
2461 2839 2502 2895 C
2558 2840 2646 2897 10.
2687 2842 2980 2910 Ἕχουσιν
3010 2841 3352 2910 ἀναπνοήν.
3402 2844 3658 2899 Additam

2082 2933 2289 2985 variam
2320 2931 2606 2986 lectionem
2637 2935 2873 3002 arripuit
2913 2935 3298 3005 typographus,
3323 2936 3416 2990 sed
3468 2938 3656 2992 verior

2081 3024 2396 3078 Basiliensis
2447 3025 2705 3080 editionis
2738 3026 2847 3091 illa,
2883 3043 3046 3098 quam
3076 3037 3131 3082 et
3164 3031 3434 3097 expressit
3489 3030 3661 3085 inter-

2083 3129 2228 3183 pres,
2258 3122 2313 3167 et
2349 3112 2694 3170 Olivarianus
2742 3120 2913 3172 codex
2954 3120 3321 3185 conﬁrmavit,
3382 3121 3657 3193 ἀναστρο-

2077 3206 2205 3276 φήν,
2245 3207 2347 3259 hoc
2372 3215 2474 3272 est,
2502 3205 2562 3260 οὐ
2596 3206 2850 3263 δύνανται
2871 3210 3322 3281 ἀναστρέφεσθαι.
3360 3212 3439 3266 Ex
3466 3215 3658 3269 eodem

2078 3297 2452 3367 manuscripto
2499 3300 2838 3354 restituiinus
2884 3312 3201 3370 sequentem
3254 3303 3470 3367 locum,
3517 3304 3663 3359 κατὰ

2076 3387 2235 3459 χάριν
2266 3387 2361 3441 τοῦ
2397 3388 2672 3459 μεγαλοδ.,
2704 3406 2825 3445 nam
2848 3393 2916 3446 ab
2941 3394 3155 3449 excusis
3191 3393 3378 3450 aberat
3402 3396 3586 3468 χάριν.

2148 3480 2266 3536 Col.
2299 3480 2405 3534 495
2459 3480 2501 3534 (ἑ
2543 3480 2597 3536 8.
2638 3481 2991 3552 Ἀλγήματα.
3046 3484 3147 3540 Ms.
3194 3485 3396 3541 Olivar.
3437 3489 3543 3542 οὐκ
3579 3488 3660 3543 ἔνι

2080 3570 2335 3641 ἄλγημαο
2370 3586 2479 3641 quo
2509 3581 2670 3640 pacto
2703 3574 2969 3643 scriptum
3014 3575 3303 3633 offendisse
3333 3579 3550 3634 videtur
3578 3581 3661 3636 in-

2080 3673 2312 3733 terpres.
2340 3661 2400 3718 lu
2434 3666 2623 3718 eodem
2679 3665 2825 3720 libro
2868 3666 3097 3736 legimus
3154 3669 3418 3739 ἐμπορία,
3447 3670 3548 3725 sed
3588 3684 3659 3726 ex

2078 3754 2321 3823 Anglicis
2358 3754 2563 3809 editum
2595 3764 2700 3819 est,
2730 3758 3046 3829 ὲμπορείαι,
3087 3774 3249 3829 quam
3293 3776 3482 3817 vocem
3511 3763 3659 3817 omi-

2074 3854 2223 3901 serat
2250 3845 2570 3901 Basiliensis
2604 3848 2792 3903 editio.
2827 3849 3106 3905 Postremo
3135 3852 3273 3906 idem
3308 3855 3480 3909 codex
3511 3855 3635 3910 Oliv

2074 3948 2197 4008 post
2234 3938 2410 4009 Ἰησοῦ
2446 3938 2791 4010 subjiciebat,
2818 3940 2898 4013 τῷ
2942 3944 3133 4016 Κυρίῳ
3165 3944 3346 4017 ἡμῶν,
3379 3964 3400 3999 ι
3427 3948 3656 4005 Domino

2075 4036 2284 4086 nostro.
2320 4050 2342 4084 ι

785 4264 3636 4299 ———___________________________

1382 4436 1464 4498 IN
1489 4437 1760 4499 LIBROS
1785 4437 2182 4501 ADVERSUS
2207 4439 2637 4503 EUNOMIUM.

468 4735 734 4792 Aduersus
772 4733 1098 4789 Eunomium
1129 4734 1446 4792 haereticum
1482 4736 1767 4808 scripsisse
1794 4737 1963 4793 libros

2084 4756 2226 4811 [nam
2278 4744 2422 4826 enim
2452 4746 2514 4805 S.
2547 4749 2779 4809 Basilius
2830 4754 2884 4809 in
2923 4751 3206 4809 cmlestem
3254 4755 3648 4826 commigravit

393 4826 602 4897 aliquos
634 4826 693 4882 S.
729 4824 987 4881 Basilium
1029 4833 1261 4881 testatur
1291 4825 1351 4882 S.
1394 4826 1758 4900 Hieronymus
1788 4828 1841 4883 in
1865 4826 1971 4883 Ca-

392 4918 567 4986 talogo
606 4917 923 4983 scriptorum
960 4917 1306 4973 ecclesiastic.
1368 4918 1455 4974 bis
1492 4920 1675 4975 verbis
1715 4936 1731 4973 :
1770 4918 1970 4974 (Basi-

391 5008 496 5062 lius
525 5007 787 5063 Caesareae
824 5006 1181 5077 Cappadociae
1233 5010 1522 5081 episcopus
1552 5011 1802 5081 egregios
1832 5026 1967 5064 con-

390 5111 474 5155 tra
507 5099 826 5153 Eunomium
851 5099 1151 5155 elaboravit
1186 5099 1374 5160 libros.
1407 5111 1461 5157 et
1492 5100 1572 5156 De
1600 5102 1803 5171 Spiritu
1833 5119 1967 5156 san-

391 5201 476 5245 cto
509 5190 822 5245 volumen.»
874 5189 1216 5258 Sophronius
1260 5191 1445 5257 vertit,
1491 5192 1634 5246 κατὰ
1688 5193 1960 5264 Εὐνομιου

390 5280 702 5353 ἐξαιρέτους
738 5281 993 5347 συνέταξε
1028 5282 1220 5353 λόγους
1241 5299 1260 5314 ⁸
1291 5287 1383 5340 sed
1420 5293 1554 5356 quot
1595 5300 1823 5341 numero
1852 5288 1967 5342 fue-

392 5374 521 5441 rint,
547 5372 819 5438 nonsatis
850 5374 1054 5443 liquido
1075 5383 1309 5430 constat.
1340 5374 1422 5430 Ex
1453 5375 1635 5432 Photii
1676 5375 1970 5432 Bibliothe-

389 5477 479 5529 ca,
513 5477 739 5518 numero
790 5478 1020 5530 cxxxtx,
1063 5464 1192 5520 licet
1217 5465 1470 5538 colligere
1494 5475 1605 5524 tres
1633 5467 1872 5538 primum
1898 5468 1968 5523 ab

391 5560 460 5605 eo
497 5551 664 5606 fuisse
683 5562 959 5621 exaratos,
987 5557 1424 5626 quandoquidem
1469 5559 1697 5614 totidem
1723 5557 1880 5615 libris
1908 5574 1969 5616 se

394 5639 656 5700 adversus
692 5642 845 5701 illum
881 5646 1024 5705 tueri
1052 5656 1281 5707 conatus
1312 5661 1398 5708 est
1441 5648 1764 5709 Eunomius.
1805 5650 1967 5710 Post-

2069 4824 2469 4905 haereditatem,
2505 4850 2562 4895 et
2589 4842 2791 4913 ingenti
2827 4852 2973 4898 metu
3019 4844 3280 4900 liberatus
3321 4856 3408 4901 est
3461 4824 3646 4904 Euno-

2071 4925 2233 4991 mius,
2291 4942 2447 4984 suum
2505 4947 2644 5003 opus
2688 4934 2986 5006 evulgavit,
3023 4936 3075 4990 in
3126 4937 3272 5006 quod
3336 4938 3647 4996 incidentes

2066 5014 2386 5077 Theodorus
2432 5024 2821 5091 Antiochenam,
2871 5029 3171 5098 Gregorius
3221 5027 3505 5102 Nysseuus
3532 5069 3550 5095 ,
3586 5043 3643 5087 et

2069 5107 2441 5178 Saphronius,
2475 5114 2700 5180 πολλαῖς
2752 5116 2959 5184 αἰκίαις
3014 5120 3188 5188 λόγων
3237 5119 3640 5193 λωϐησάμενοι,

2062 5198 2214 5253 οὐδὲν
2239 5196 2401 5268 ἧττον
2434 5203 2529 5257 τοῦ
2567 5205 2859 5278 προτέρου,
2889 5209 3079 5282 νεκρὸν
3104 5210 3194 5263 καὶ
3226 5211 3408 5281 πάσης
3437 5211 3642 5277 ἀπὸξον

2063 5291 2406 5363 ἀκαθαρσίας
2458 5295 2537 5367 τῷ
2586 5301 2945 5372 γεγεννηκότι
3009 5300 3352 5373 ἀπέρριψαν
3387 5321 3407 5355 ι
3456 5303 3641 5359 Multis

2065 5384 2352 5440 verborum
2386 5386 2578 5457 plagis,
2615 5405 2722 5445 non
2764 5406 2922 5448 secus
2962 5406 3029 5448 ac
3059 5395 3297 5463 priorem
3332 5394 3480 5449 illum
3520 5396 3642 5466 ejus

2063 5474 2303 5532 libellum
2335 5476 2594 5548 Basilius,
2624 5484 2980 5540 conﬁcientes
3011 5484 3410 5555 vulgatumjam
3444 5494 3503 5544 et
3529 5503 3644 5556 pra

2065 5562 2381 5631 impuritate
2401 5565 2605 5625 olidum
2636 5570 2691 5624 in
2724 5582 3003 5629 auctorem
3029 5587 3188 5629 suum
3220 5573 3594 5645 conjecerunt.
3615 5594 3638 5630 ι

2064 5652 2471 5717 Illustrissimus
2521 5660 2812 5720 cardinatis
2877 5661 3239 5723 Bellarminus
3282 5665 3338 5723 in
3381 5665 3642 5739 Catalogp
