3824 6214
117 289 277 346 1029

1209 295 1303 349 AD
1339 294 1584 351 LIBROS
1620 293 1905 350 CONTRA
1942 294 2330 354 EUNOMIUM.

3255 306 3394 361 {030

114 410 457 478 scriptorum
488 410 970 466 ecclesiasticarum
1020 413 1098 467 ait
1145 413 1199 467 in
1245 415 1484 468 secundo
1524 414 1697 468 Basilii

1820 414 2096 486 Ἀνόμοιον
2129 416 2272 471 κατὰ
2313 417 2413 490 τὴν
2450 418 2638 473 οὐσίαν
2677 413 2816 473 εἶναι
2860 420 2952 475 τὸν
2995 422 3278 494 Μονογενῆ
3315 422 3394 495 τῷ

114 513 362 568 operum
406 510 553 555 tomo
595 501 721 571 poni
761 501 929 571 libros
979 511 1090 557 tres
1138 514 1325 557 contra
1367 504 1711 567 Eunomium,

114 591 225 645 sed
275 590 336 644 in
388 593 627 647 editione
682 592 1065 662 Autuerpieusi
1128 593 1296 649 libros
1349 594 1611 664 quinque.
1660 608 1716 649 et

118 683 388 750 quamvis
408 684 544 739 duos
573 684 793 739 ultimos
820 684 992 740 libros
1022 686 1280 740 Erasmus
1319 687 1620 750 sustulerit,
1658 695 1716 741 ut

116 772 387 842 indignos
421 772 649 839 Basilio,
684 774 821 831 alios
869 786 1049 830 tamen
1103 792 1329 831 censere
1376 777 1574 832 Basilio
1608 794 1712 833 non

116 862 407 933 indignos.
453 863 615 920 Certe
653 865 793 919 idem
836 867 890 920 in
938 867 1052 921 suis
1104 867 1181 921 De
1222 870 1587 922 controversiis
1649 869 1714 922 li-

115 952 266 1020 bris,
300 954 478 1023 ut_lib.
501 970 538 1008 ιι
573 959 647 1009 De
666 953 895 1023 Christo,
931 972 982 1010 c.
1002 956 1094 1020 25,
1122 958 1253 1012 citat
1277 973 1344 1012 ex
1364 958 1503 1013 libro
1525 960 1715 1028 quinto

119 1043 233 1097 tria
262 1043 410 1110 loca,
440 1045 638 1113 quibus
680 1044 941 1101 Ecclesia:
968 1044 1176 1100 Latinae
1223 1056 1546 1102 sententiam
1582 1064 1710 1103 con-

118 1133 315 1189 ﬁrmat
345 1136 412 1189 de
438 1135 785 1203 processione
844 1134 1082 1204 Spiritus
1134 1136 1331 1190 sancti.
1381 1137 1498 1206 Ipsa
1547 1139 1711 1192 etiam

116 1222 322 1280 Graeca
352 1226 595 1282 Ecclesia
632 1227 685 1280 in
715 1227 949 1282 concilio
998 1227 1337 1298 Florentino,
1363 1244 1485 1283 cum
1524 1244 1621 1298 pro
1646 1244 1711 1284 ea

113 1317 294 1371 verba
323 1315 530 1372 faceret
559 1315 774 1372 Marcus
796 1317 1089 1387 Ephesius,
1107 1328 1163 1373 et
1202 1334 1325 1373 cum
1354 1318 1564 1374 Latinis
1592 1319 1711 1373 dis-

113 1414 382 1477 putaret,
431 1422 499 1462 ex
532 1408 672 1463 libro
702 1409 896 1478 quinto
945 1409 1316 1464 testimonium
1347 1411 1556 1480 profert
1595 1425 1714 1464 ses-

115 1499 282 1554 sione
311 1500 403 1563 18,
428 1515 480 1570 p.
506 1499 610 1553 456
637 1499 894 1554 editionis
939 1499 1202 1556 Romana:
1234 1518 1248 1555 :
1295 1501 1352 1554 Ὀ
1386 1502 1562 1573 μέγας
1591 1502 1713 1555 Βα-
1769 1513 1772 1519 '

115 1588 328 1652 σίλειος
351 1591 412 1641 ὲν
459 1591 572 1652 τοῖς
622 1589 758 1661 πρὸς
808 1590 1073 1661 Εὐνόμιον
1131 1592 1534 1664 ἀντιρρητικοίς
1583 1595 1712 1664 περὶ

113 1682 221 1751 τῆς
256 1682 327 1734 ὲκ
350 1680 446 1734 τοῦ
472 1680 685 1753 Πατρὺς
710 1681 941 1753 προόδου
964 1681 1060 1736 τοῦ
1091 1683 1249 1751 ἁγίου
1276 1683 1599 1755 Πνεύματος
1617 1685 1710 1739 τὸν

1822 505 2021 576 Πατρί.
2054 525 2074 558 ‹
2106 507 2350 562 Essentia
2383 509 2696 563 dissimilem
2747 525 2869 565 esse
2914 512 3255 580 Unigenitum
3290 511 3389 567 Pa-

1824 597 1917 653 tri.
1942 615 1962 648 ι
1998 596 2148 653 Unde
2174 601 2425 652 Anomoei
2466 599 2592 653 dicti
2621 610 2916 654 sectatores
2946 601 3107 655 Aetii.
3140 602 3381 669 Epipha-

1822 689 1945 744 nius
1976 689 2166 744 Imresi
2198 705 2359 743 LXXVI
2394 707 2408 744 :
2453 690 2720 761 Ἀνόμοιοι
2755 691 2916 744 πάλιν
2953 693 3098 754 τινές
3128 695 3266 745 εἰσιν
3294 710 3395 747 κα-

1820 779 2089 851 λούμενοι,
2141 772 2288 833 οὗτοι
2326 780 2382 833 δὲ
2430 780 2753 852 πρόσφατοι.
2789 783 2986 852 Ἔσχον
3034 783 3091 835 δὲ
3153 784 3397 854 ἀρχηγὸν

1833 873 2035 927 Ἀέτιόν
2083 890 2207 926 τινα
2256 872 2501 927 διάκονον
2556 873 2898 945 προαχθέντα
2950 874 3039 928 διὰ
3094 876 3192 946 τὴν
3227 875 3395 929 αὑτοῦ

1820 963 2090 1036 φλυαρίαν
2141 964 2248 1017 ὑπὸ
2293 965 2566 1036 Γεωργίου
2618 964 2714 1018 τοῦ
2756 965 3165 1038 Ἀλεξανδρέως.
3209 986 3227 1018 ι
3256 968 3393 1019 Sunt

1820 1071 2008 1110 rursus
2035 1056 2277 1125 quidam,
2330 1056 2421 1124 qui
2458 1055 2795 1125 appellantur
2829 1058 3102 1122 Anomoei,
3138 1058 3239 1111 hoc
3283 1070 3388 1122 e5t,

1819 1147 2126 1203 dissimiles.
2165 1146 2228 1201 Hi
2270 1158 2450 1202 autem
2479 1155 2724 1203 recentes
2765 1159 2910 1202 sunt.
2954 1148 3270 1204 Habuerunt
3298 1166 3395 1201 au-

1820 1244 1925 1291 tem
1969 1238 2158 1292 ducem
2200 1237 2414 1290 Aetium
2464 1236 2749 1305 quemdam
2786 1238 3093 1299 diaconum,
3144 1249 3390 1293 evectum

1817 1338 2038 1397 propter
2066 1343 2240 1397 nugas
2286 1342 2414 1382 suas
2442 1344 2473 1381 a
2509 1327 2741 1397 Georgio
2778 1328 3166 1385 Alexandrino.
3192 1349 3212 1382 ι
3247 1331 3390 1385 idem

1818 1420 2198 1489 corrigendum
2229 1429 2314 1475 est
2357 1418 2520 1486 infra,
2556 1436 2576 1471 ‹
2604 1419 2828 1475 alterius
2854 1435 2977 1476 esse
3006 1421 3339 1476 substantiae.
3365 1441 3385 1474 ι

1887 1510 2000 1565 Col.
2031 1510 2137 1565 505
2170 1510 2281 1566 BS.
2319 1511 2416 1565 Cui
2454 1512 2601 1566 nulla
2644 1529 2884 1580 persona.
2935 1513 3027 1568 Sic
3062 1515 3392 1587 ἀπρόσωπον

1817 1601 1959 1655 verti
2009 1601 2231 1668 placuit,
2278 1618 2382 1657 non
2442 1612 2501 1657 ut
2532 1604 2801 1674 interpres
2831 1605 3149 1674 scripserat,
3190 1622 3394 1661 «accu-

1816 1693 2019 1747 satoris
2073 1707 2304 1763 persona
2363 1694 2618 1749 relicta.»
2671 1678 2967 1751 Cornaiius
3016 1712 3146 1752 vero
3199 1699 3392 1766 edidit,

114 1775 283 1843 λόγον
320 1774 644 1846 ποιούμενος
682 1774 861 1828 τοιάδε
900 1775 1034 1847 φησι
1059 1792 1073 1806 ο
1104 1776 1273 1847 Γεννᾷ
1297 1779 1326 1830 ὁ
1352 1776 1484 1841 Θεὸς
1513 1778 1611 1847 οὐχ
1641 1777 1697 1839 ὡς

1825 1799 1843 1833 ι
1872 1783 2132 1854 apologis:
2176 1795 2354 1839 actum
2385 1786 2501 1840 sine
2546 1800 2774 1854 persona
2806 1789 2972 1843 subit.
3002 1806 3021 1839 ι
3054 1787 3219 1854 Βυιο,
3254 1809 3273 1841 ι
3303 1791 3391 1844 cui

115 1864 440 1936 ἄνθρωπος,
473 1867 637 1937 γεννᾷ
675 1865 732 1918 δὲ
785 1864 1002 1937 ἀληθῶς
1025 1881 1041 1895 θ
1079 1884 1098 1917 ι
1122 1865 1355 1921 Basilius
1397 1867 1618 1937 Magnus
1655 1868 1710 1923 iu

116 1956 509 2022 sermonibus,
538 1956 740 2025 quibus
772 1956 1098 2012 Eunomium
1130 1957 1452 2021 confutavit,
1487 1959 1711 2029 loquens

116 2045 188 2101 de
213 2045 579 2115 productione
615 2043 857 2114 Spiritus
896 2046 1073 2101 sancti
1123 2061 1189 2101 ex
1217 2045 1400 2113 Patre,
1435 2048 1519 2103 his
1545 2049 1712 2103 utitur

114 2135 310 2191 verbis
336 2154 351 2189 :
379 2135 620 2191 General
650 2136 791 2191 Deus
820 2151 927 2191 non
952 2145 1011 2190 ut
1038 2136 1224 2204 homo,
1250 2152 1376 2192 vere
1409 2148 1588 2194 tamen
1620 2155 1712 2209 ge-

117 2237 354 2282 nerat.»
396 2226 688 2297 Reperitur
730 2227 882 2283 locus
920 2227 1016 2282 lib.
1047 2243 1102 2282 v.
1154 2227 1444 2284 Bessarion
1492 2246 1709 2300 quoque
1745 2255 1747 2258 ⁴

117 2320 384 2376 Nicmnus
408 2318 846 2389 archiepiscopus
871 2320 924 2373 in
947 2318 1206 2375 Oratione
1244 2321 1577 2392 dogmatica,
1596 2324 1709 2378 sive

118 2413 189 2466 de
212 2412 420 2467 unione
448 2410 517 2464 ad
546 2408 846 2465 Ecclesiam
876 2408 1239 2478 Orientalem,
1278 2427 1329 2467 c.
1365 2412 1421 2477 8,
1456 2428 1579 2483 pag.
1603 2413 1707 2468 544

119 2501 393 2558 Romana:
421 2502 575 2570 edit.,
600 2517 669 2557 ex
699 2502 890 2557 eodem
916 2502 1009 2557 lib.
1035 2518 1069 2557 v
1092 2503 1292 2558 citate.
1325 2502 1380 2568 9,
1409 2518 1533 2574 pag.
1567 2505 1705 2560 “8:

123 2609 147 2646 ι
171 2592 414 2663 Magnus
451 2592 634 2662 itaque
661 2591 894 2648 Basilius
923 2608 1161 2649 consona
1190 2594 1450 2663 przedicto
1499 2597 1707 2651 doctori

123 2682 340 2749 dicens,
366 2691 480 2738 tum
519 2680 785 2753 Spiritum
816 2684 1024 2738 homini
1053 2698 1083 2737 a
1114 2684 1381 2754 principio
1409 2682 1705 2752 sumatum,

121 2785 245 2831 tum
285 2792 315 2830 a
344 2775 633 2831 Salvatore
677 2776 958 2846 discipulis
992 2777 1200 2841 datum,
1230 2775 1401 2844 ipsam
1448 2777 1709 2847 hyposta-

120 2867 229 2922 sim
289 2863 528 2937 Spiritus
577 2863 747 2921 fuisse
790 2866 985 2921 asserit
1029 2875 1218 2920 contra
1274 2861 1600 2923 Eunomium
1652 2869 1705 2922 in

120 2957 392 3029 capitulo,
431 2957 519 3012 cui
566 2956 775 3023 titulus,
816 2955 972 3024 Quod
1015 2954 1254 3027 Spiritus
1301 2958 1479 3011 divina
1512 2970 1705 3013 natura

119 3058 230 3106 est.
258 3069 279 3103 ι
320 3049 402 3104 Ex
450 3047 647 3119 quibus
695 3056 910 3103 constat
953 3049 1156 3119 passim
1207 3051 1346 3119 apud
1395 3048 1704 3105 Graecorum

118 3143 488 3199 bibliothecas
519 3141 861 3197 circumferri
914 3142 1129 3207 solitos,
1155 3148 1211 3196 et
1253 3141 1409 3197 citari
1466 3144 1706 3214 quinque

118 3233 259 3288 istos
284 3240 474 3286 contra
519 3230 843 3284 Eunomium
871 3228 1061 3287 libros.
1096 3231 1195 3296 Ac,
1224 3231 1353 3287 licet
1380 3233 1431 3285 in
1461 3232 1705 3287 editione

118 3325 359 3390 Veneta,
397 3321 536 3392 apud
579 3321 915 3390 Stephanum
970 3319 1192 3376 Sabium
1225 3336 1356 3376 anu.
1400 3322 1563 3388 1555,
1593 3330 1707 3379 tres

119 3426 337 3471 tantum
371 3414 582 3484 priores
607 3413 797 3469 excusi
822 3411 1049 3477 fuerint,
1111 3420 1294 3468 tamen
1325 3414 1379 3468 in
1415 3413 1702 3470 Basilieusi

122 3505 440 3578 posteriore
467 3505 593 3559 anni
619 3503 751 3559 1551
785 3504 1029 3574 quinque
1057 3505 1350 3569 suntediti,
1369 3519 1508 3575 quos
1541 3507 1703 3561 etiam

118 3601 331 3670 Regius
373 3599 542 3655 codex
612 3598 834 3654 llenrici
881 3598 927 3653 ιι
976 3599 1245 3669 agnoscit,
1274 3614 1343 3654 ex
1380 3614 1488 3670 quo
1534 3601 1703 3657 multa

117 3688 238 3746 loca
270 3688 699 3743 emendavimus.
722 3687 980 3744 Facessat
1005 3687 1173 3759 igitur
1209 3688 1419 3742 Erasmi
1449 3703 1702 3755 censura,

115 3788 173 3836 et
207 3777 484 3835 Theodori
520 3778 674 3834 Βοιαὶ
709 3779 903 3833 merito
948 3779 1261 3850 castiganda
1308 3780 1559 3848 audacia,
1585 3782 1701 3851 qui,

115 3886 249 3927 cum
297 3877 535 3940 quatuor
582 3869 755 3926 libros
809 3869 1105 3926 Latinitate
1150 3870 1425 3939 donasset,
1453 3873 1701 3942 quintum

117 3970 309 4018 tamen
350 3961 693 4032 supprimere
723 3975 889 4016 ausus
923 3969 1027 4027 est,
1063 3968 1118 4017 et
1143 3972 1401 4032 quartum
1430 3974 1701 4033 postrema

116 4053 202 4108 sui
232 4060 391 4122 parte
423 4060 695 4118 truncare,
724 4065 1016 4122 suppressa
1066 4052 1185 4122 ejus
1217 4055 1390 4123 partis
1434 4055 1703 4125 interpre-

120 4146 357 4208 tatione,
385 4158 506 4213 quae
535 4142 792 4197 nimirum
856 4143 1123 4200 catholico
1151 4160 1215 4200 ac
1240 4160 1370 4200 vero
1399 4146 1465 4200 de
1491 4147 1701 4203 meritis

118 4244 352 4300 operum
396 4231 633 4299 dogmati
678 4230 1097 4303 suﬂ‘ragabatur.
1145 4231 1315 4288 Janus
1378 4232 1697 4301 Cornarius,

117 4327 172 4375 et
203 4321 324 4390 ipse
350 4320 417 4375 de
458 4336 683 4378 numero
710 4322 1154 4392 Protestantium,
1185 4326 1427 4397 quinque
1458 4329 1701 4400 integros

116 4410 316 4466 Latine
344 4412 631 4477 convertit,
663 4412 817 4483 cujus
844 4413 1348 4483 interpretationem
1383 4433 1502 4473 cum
1529 4419 1683 4476 Bezas

1814 1876 1958 1930 nulla
1999 1891 2230 1946 persona
2281 1883 2486 1943 subest,
2515 1897 2534 1931 ι
2567 1880 2684 1934 sive
2713 1883 3054 1937 accusatoris
3084 1883 3200 1938 sive
3257 1883 3392 1939 alte-

1814 1966 1930 2021 rius
1959 1983 1972 2019 :
2002 1977 2058 2020 at
2081 1967 2240 2037 paulo
2265 1981 2388 2038 post
2416 1969 2625 2023 addidit
2669 1970 2901 2027 Basilius
2931 1988 3115 2028 vocem
3147 1975 3389 2044 κατηγό-

1815 2076 1940 2130 ρων,
1972 2077 1990 2109 ι
2018 2070 2421 2115 accusatorum.
2446 2079 2467 2114 ι
2513 2061 2788 2134 Πρόσωπα
2825 2066 3149 2137 κατηγόρων
3199 2067 3391 2139 αἰσχύ-

1810 2166 1979 2203 νεται.
2050 2150 2463 2220 Trapezuntins,
2532 2164 2957 2209 «accusatorum
3016 2170 3275 2225 personas
3330 2158 3388 2212 in

1809 2244 2045 2297 medium
2074 2244 2349 2298 adducere
2382 2244 2619 2300 dedecus
2647 2246 2750 2301 sibi
2784 2249 3012 2316 putavit.
3040 2267 3058 2300 ι

1878 2333 2011 2390 Ibid.
2072 2337 2132 2389 D.
2190 2335 2445 2404 Alloquor
2498 2338 2655 2391 enim.
2721 2338 3012 2407 Interpres,
3064 2339 3387 2396 «Habeatur

1808 2426 1952 2480 enim
1990 2426 2122 2480 mihi
2156 2428 2358 2493 pariter
2384 2431 2450 2482 ad
2481 2430 2794 2484 universum
2851 2430 2998 2484 illum
3037 2444 3235 2486 emtum
3266 2447 3390 2486 ora—

1812 2519 1906 2573 tio.
1929 2537 1949 2571 ι
1979 2519 2221 2590 Δημίους
2271 2533 2485 2588 quoque
2527 2539 2545 2572 ι
2572 2521 2853 2577 ministros
2897 2523 3144 2590 publicos
3166 2542 3184 2575 ι
3213 2536 3391 2579 verte-

1809 2616 1912 2672 rat,
1943 2610 2039 2664 sed
2075 2620 2195 2679 post
2216 2610 2432 2680 judices
2464 2627 2570 2667 non
2613 2613 2757 2667 servi
2787 2614 3009 2682 publici,
3041 2626 3135 2669 aut
3166 2615 3388 2672 lictores

1807 2700 2008 2769 quivis,
2038 2713 2131 2756 aut
2166 2704 2429 2769 viatores,
2468 2718 2659 2759 verum
2707 2707 2993 2763 carniﬁces
3018 2708 3389 2777 subjicieudos

1806 2805 1928 2846 esse
1958 2793 2182 2863 intelligi
2208 2794 2405 2863 potuit.

1875 2880 1992 2936 Col.
2021 2880 2127 2936 506
2156 2885 2224 2936 A.
2286 2881 2484 2937 Pulsus
2528 2882 2827 2940 Eudoxius.
2882 2887 2936 2941 In
2976 2888 3162 2943 codice
3215 2888 3390 2958 Regio

1805 2971 2104 3043 legebatur,
2139 2974 2284 3043 quod
2337 2976 2389 3029 in
2449 2977 2693 3041 margine
2749 2977 3070 3034 Basiliensis
3128 2980 3392 3040 editionis

1807 3065 2254 3132 ascripseramus,
2303 3068 2397 3119 καὶ
2437 3067 2468 3119 ὁ
2518 3068 2769 3133 Bassam;
2825 3070 2923 3141 μὲν
2970 3071 3079 3126 τῶν
3106 3075 3164 3126 ὲν
3189 3074 3384 3148 Συρίᾳ.

1732 3127 1775 3185 c
1809 3154 2203 3227 Trapezuntius
2230 3159 2524 3227 scripserat
2556 3175 2623 3215 ex
2654 3127 3023 3231 manuscripto
3066 3164 3225 3236 (nam
3256 3127 3385 3222 anie

1809 3262 2009 3301 annum
2058 3245 2219 3314 1530,
2272 3262 2379 3317 quo
2435 3249 2667 3319 primum
2713 3249 2951 3307 Venetiis
2998 3256 3128 3309 editi
3161 3266 3291 3312 sunt
3325 3259 3381 3314 hi

1808 3336 1956 3401 libri,
1980 3345 2037 3392 et
2063 3337 2201 3392 vivis
2235 3339 2508 3410 excessit)
2544 3356 2559 3393 :
2592 3358 2612 3392 ‹
2645 3351 2771 3395 tunc
2808 3357 2840 3397 e
2878 3342 3033 3413 Syria
3064 3346 3228 3400 etiam
3259 3348 3384 3417 qui-

1807 3429 1928 3482 dam
1954 3426 2238 3496 expulsus,
2269 3427 2799 3501 Constantinopolim
2852 3435 3008 3503 quasi
3044 3438 3109 3491 ad
3135 3441 3385 3507 tyranni-

1805 3517 1927 3572 dem
1957 3520 2221 3588 pervcnit.
2248 3538 2269 3571 ι
2308 3520 2584 3588 Socrates,
2619 3524 2713 3579 lib.
2747 3539 2785 3579 ιι
2822 3511 3074 3583 Historia
3089 3531 3294 3600 eccles.,
3328 3550 3381 3589 c.

1805 3610 1915 3665 ὄις
1948 3611 2083 3665 Τότε
2138 3612 2197 3666 δὲ
2247 3612 2603 3684 ἐκϐληθέντος
2631 3616 2991 3685 Μακεδονίου,
3036 3621 3285 3690 Εὑδόξιος
3322 3626 3389 3685 ὲν

1802 3699 2037 3772 δευτέρῳ
2069 3700 2160 3755 τὸν
2211 3701 2541 3773 Ἀντιοχείας
2582 3703 2805 3775 θέμενος
2847 3708 3056 3781 θρόνον,
3079 3712 3178 3783 τῆς
3216 3714 3383 3769 Κωνρ

1806 3790 2298 3855 σταντινουπὸλεως
2331 3793 2645 3864 ἀναδέχεται
2676 3798 2792 3865 (sic
2825 3798 2925 3870 legi
2979 3801 3182 3868 malim,
3219 3820 3384 3872 quam

1803 3882 2227 3955 ἀναδείκνυται),
2263 3883 2369 3939 τῶν
2397 3885 2524 3958 περὶ
2569 3887 2822 3943 ’Δκάκιον
2845 3891 3266 3964 ὲνθρονισάντων
3291 3897 3383 3953 αὐ-

1803 3970 1893 4024 τόν
1914 3987 1927 4001 ·
1976 3988 1995 4024 t
2020 3972 2075 4026 ld
2123 3975 2380 4043 temporis
2411 3990 2539 4029 vero
2566 3980 2854 4034 exturbato
2902 3980 3234 4052 Macedonio,
3264 3984 3379 4043 Eu-

1804 4064 1995 4120 doxius
2033 4065 2215 4122 sedem
2245 4067 2549 4123 Antiochiae
2581 4072 2940 4139 posteriorem
2987 4075 3196 4132 ducens
3234 4075 3383 4134 Conc-

1803 4155 2156 4225 stantinopoli
2215 4158 2344 4212 sede
2396 4156 2683 4228 episcopus
2738 4161 3235 4235 Constantinopolis
3281 4182 3381 4237 per

1800 4244 2061 4300 Acacium
2086 4254 2142 4301 et
2170 4246 2289 4315 ejus
2322 4246 2624 4304 familiares
2649 4254 2988 4310 renuntiatus
3026 4269 3131 4311 est.
3156 4276 3177 4309 ι
3219 4257 3381 4314 Nice-

1802 4334 2008 4405 phorus
2037 4351 2253 4406 quoque
2285 4338 2422 4393 libro
2453 4355 2532 4406 ιχ,
2570 4355 2694 4412 cap.
2719 4341 2813 4408 ‘56,
2840 4345 3141 4402 Eudoxium
3186 4351 3379 4406 scribit

1807 4426 2096 4484 Antiochia
2127 4439 2391 4499 occupata
2421 4436 2699 4502 propalam
2734 4436 2873 4491 Aetii
2911 4439 3221 4507 opinionem
3253 4455 3374 4509 pro.

115 4500 360 4553 editione
396 4500 536 4597 apud
568 4499 858 4556 Henricum
892 4502 1226 4573 Stephanum
1257 4522 1347 4561 an.
1383 4507 1692 4564 1570'com-
1730 4501 1773 4557 Ι)
1800 4534 2090 4590 pugnasse,
2121 4530 2283 4591 atque
2307 4499 2457 4578 illum
2505 4499 2762 4597 adjuvare
2792 4499 3045 4584 conatum
3077 4546 3215 4588 esse.
3243 4499 3376 4595 ilide

116 4589 457 4657 parabimus,
487 4589 657 4645 sicubi
692 4591 846 4646 nobis
875 4593 1118 4648 subsidio
1145 4606 1303 4650 erunt
1324 4597 1392 4651 ad
1425 4609 1695 4668 receptam

119 4679 470 4752 Trapezuntii
493 4683 796 4739 versionem
838 4688 1244 4742 recensendam.
1267 4687 1322 4742 Si
1351 4691 1478 4760 quis
1514 4702 1693 4747 autem

119 4773 494 4841 disparitatem
516 4773 662 4842 styli,
695 4783 751 4828 et
780 4775 1048 4831 diversam
1099 4780 1360 4834 rationem
1392 4796 1692 4850 argumen-

124 4863 277 4917 tandi
303 4863 358 4917 in
387 4862 599 4919 duobus
630 4865 1022 4933 posterioribus
1045 4865 1197 4922 libris
1222 4868 1684 4935 animadvertens,

120 4969 321 5010 cauSas
379 4968 566 5008 earum
621 4955 864 5025 requirat
914 4973 928 5010 :
970 4972 1036 5011 ex
1086 4957 1358 5028 Prologo,
1410 4961 1501 5029 qui
1556 4963 1696 5018 libro

119 5056 319 5115 quarto
348 5045 599 5115 praefixas
652 5055 735 5101 est
774 5048 844 5103 ab
873 5047 990 5118 ipso
1025 5048 1320 5121 interprete
1354 5052 1440 5106 vel
1484 5053 1555 5108 ab
1587 5055 1694 5111 alio

120 5137 374 5209 quopiam
405 5138 520 5191 viro
557 5138 734 5204 docto,
757 5155 852 5194 eas
884 5140 1093 5197 discere
1116 5143 1334 5211 poterit.

186 5228 310 5284 Col.
340 5227 447 5283 J99
473 5228 517 5281 Β
549 5228 634 5283 tl.
663 5230 909 5286 Alterum
954 5231 1151 5287 dicitur
1185 5235 1372 5302 etiam,
1404 5236 1548 5305 quod
1593 5252 1696 5293 nu-

119 5334 274 5375 mero
304 5329 511 5375 tantum
544 5321 818 5377 diversum
846 5333 949 5388 est,
984 5323 1108 5379 licet
1132 5325 1332 5395 alioqui
1360 5327 1541 5383 simile
1570 5328 1641 5384 sit
1667 5347 1683 5398 ;

119 5420 174 5465 at
198 5424 311 5466 non
362 5410 498 5465 dixit
546 5413 872 5485 ἑτερούσιον.
918 5414 1108 5485 Itaque
1141 5416 1337 5473 melius
1368 5418 1691 5487 Coruarius,

125 5522 144 5555 ι
174 5503 498 5573 ἱιιωίιιιοιοω
553 5519 674 5561 esse
725 5507 1025 5562 secundum
1061 5510 1378 5566 essentiam.
1409 5529 1429 5564 ι
1477 5511 1697 5583 Optime

120 5601 189 5652 ad
217 5597 444 5653 verbum
479 5598 783 5668 scripseris,
821 5600 1183 5658 «dissimilem
1230 5607 1530 5661 secundum
1566 5609 1699 5665 sub-

119 5689 401 5745 stantiam.
429 5708 450 5743 ι
500 5689 579 5746 Ita
620 5691 782 5762 paulo
823 5702 944 5764 post
992 5694 1044 5751 in
1078 5696 1266 5753 eodem
1314 5696 1455 5755 libro
1505 5698 1642 5757 dixit
1679 5718 1694 5756 :

1796 4611 1959 4667 etiam
1990 4611 2408 4680 'l‘heodoretum,
2438 4615 2529 4671 lib.
2571 4633 2609 4671 ιι
2647 4616 2854 4673 Hister.
2873 4620 3086 4687 eodem,
3114 4637 3164 4677 c.
3202 4622 3293 4690 25,
3319 4635 3376 4680 et

1795 4717 1847 4759 c.
1881 4702 1973 4759 27.
2017 4703 2095 4758 Ex
2149 4707 2561 4762 eodem”codice
2599 4709 2768 4779 Regio
2815 4712 3122 4769 addidimus
3149 4730 3372 4784 excuso,

1796 4805 1918 4865 post
1955 4810 2139 4850 vocem
2188 4797 2553 4870 λογογράφος,
2613 4816 2733 4869 qua:
2790 4806 3225 4873 sequuntur,6td
3273 4810 3376 4883 τῆς

1793 4886 1983 4940 τούτου
2035 4890 2367 4959 προστασίας
2423 4890 2632 4962 ἱδρῦσαι
2676 4893 2738 4946 τὸ
2780 4895 2957 4968 δόγμα
2993 4899 3371 4972 ἐπειγομένου.

1798 4974 2000 5033 Ibidem
2035 4993 2133 5049 pro
2193 4980 2545 5039 «Sardiensis
2610 4985 2852 5043 Ecclesia
2908 4991 3161 5048 devorata
3219 5005 3371 5057 est,»

1798 5071 2116 5139 scripsimus
2139 5088 2170 5127 e
2191 5072 2379 5129 Graeco
2413 5076 2725 5151 προεπὸθη,
2765 5099 2784 5132 ι
2809 5083 3095 5152 pr0pinata
3137 5095 3242 5152 est,
3269 5107 3291 5141 ι
3323 5100 3378 5145 et

1797 5162 1871 5217 ita
1901 5162 2067 5229 Beza,
2113 5181 2272 5235 quem
2337 5179 2515 5224 tamen
2578 5173 2867 5229 admodum
2900 5176 3208 5245 imperitum
3241 5195 3374 5251 geo-

1797 5251 2036 5321 graphize
2071 5253 2237 5310 fuisse
2281 5268 2520 5322 constat,
2554 5275 2675 5315 cum
2726 5262 2817 5318 hic
2844 5266 3130 5336 scripserit
3157 5268 3210 5323 in
3250 5271 3371 5325 edi-

1798 5342 1943 5398 tione
1991 5344 2331 5415 Stephanum,
2369 5368 2388 5402 t
2421 5349 2764 5410 Sardicensis
2788 5355 3035 5413 Ecclesia
3081 5354 3369 5430 propinata

1791 5445 1921 5490 οδω
1951 5437 2112 5507 Atqui
2153 5438 2394 5508 Sardica,
2429 5444 2582 5514 cujus
2616 5447 2752 5501 civis
2813 5448 3175 5518 Sardicensis,
3237 5455 3369 5512 urbs

1793 5538 1882 5582 est
1905 5526 2150 5584 Thraciae
2183 5533 2616 5606 mediterranea;
2677 5538 2864 5597 Sardis
2894 5551 3073 5598 autem
3113 5544 3198 5602 vel
3232 5544 3364 5602 Sar-

1795 5617 1893 5708 des
1936 5619 2065 5708 urbs
2109 5617 2291 5691 Lydiae
2338 5627 2404 5679 ad
2471 5624 2612 5683 latus
2640 5626 2814 5686 Tmoli
2839 5635 3038 5688 montis
3063 5633 3370 5708 sita,cujus

1796 5707 1931 5765 civis
1964 5707 2260 5768 Sardianus
2292 5713 2373 5770 vel
2414 5714 2730 5779 Sardiensis
2757 5720 2979 5781 dicitur.
3007 5723 3068 5783 5.
3098 5707 3367 5800 Hierony-
