3824 6214
413 308 546 366 έῦὗι

1570 296 1779 354 NOTAE
1818 295 2213 354 FRONTONIS
2248 297 2483 354 DUCA‘ZI

3531 299 3557 354 l
3568 298 3683 355 052

413 440 559 487 mus,
593 425 646 478 in
678 420 930 489 Catalogo
980 418 1292 487 scriptorum
1323 414 1588 468 ecclesiast
1661 413 1984 467 Sardensem
2015 419 2061 474 Α
2090 422 2235 466 ctum
2261 426 2421 468 esse:
2456 431 2475 462 ι
2511 424 2575 464 ac
2597 423 2656 464 re
2680 423 2808 464 vera
2834 408 3102 480 ἀγένητος
3125 419 3206 464 est
3226 427 3249 461 ι
3273 423 3378 464 non
3404 409 3676 474 factitius,

415 512 667 582 appellat.
727 508 952 561 «Melito
1024 506 1279 568 Asianus,
1338 504 1631 557 Sardensis
1701 502 1991 570 cpisc0pus

416 603 597 658 Marco
630 599 904 656 Antonino
940 598 1078 652 Vero
1102 596 1450 664 imperatore,
1477 613 1494 644 ι
1526 596 1615 646 ubi
1654 593 1993 659 Soplironius

412 694 669 749 Μελίτων
713 689 956 751 Ἀσιανὸς
988 687 1235 759 Σάρδεων
1264 686 1581 746 ἐπίσκοπος.
1635 684 1878 736 Imitatus
1908 694 1995 736 est

415 798 539 839 ante
565 784 767 852 aliquot
826 796 1000 835 annos
1051 776 1439 848 ἀνιστορησίαν
1473 776 1630 827 istam
1664 773 1817 827 Beza:
1846 788 1993 843 synl-

415 884 586 945 rnysta
621 875 736 943 ejus
768 872 1173 932 Salmuriensis,
1200 870 1290 937 qui
1328 866 1614 921 concilium
1662 864 1987 918 Sardicense

413 964 619 1019 Gallico
649 962 904 1016 idiomate
933 962 1011 1013 sic
1038 959 1253 1021 extulit,
1291 967 1349 1012 ιιι
1388 957 1640 1009 Asianam
1694 953 1874 1024 Lydia:
1902 969 1992 1006 ur-

413 1056 535 1111 bem
573 1055 625 1107 in
679 1055 855 1106 locum
893 1052 1140 1104 Thracia:
1201 1050 1440 1103 civitatis
1470 1048 1853 1107 sultstitueret,
1886 1061 1992 1113 qua

415 1146 482 1200 de
511 1160 567 1198 re
590 1161 618 1196 a
643 1145 877 1197 nobisin
910 1142 1147 1196 Elencbo
1171 1142 1344 1210 ipsius
1370 1154 1619 1193 errorum
1654 1147 1802 1190 temo
1838 1135 1858 1187 ι
1890 1136 1984 1189 ad-

417 1236 653 1293 monitus
688 1247 792 1290 est.

485 1330 601 1385 Col.
630 1330 732 1382 508
784 1329 824 1381 D
868 1328 917 1380 ὁ.
953 1326 1132 1380 Τοῦτο
1164 1322 1233 1377 δέ
1257 1323 1387 1375 ἐστι
1414 1320 1709 1374 τοιοῦτον.
1749 1319 1803 1372 Ιιι
1835 1317 1991 1372 Bisi-

416 1422 572 1476 Iieusi
601 1422 729 1473 edit.
762 1428 901 1483 erat,
929 1416 1086 1470 τοῦτο
1114 1415 1170 1467 δέ
1198 1416 1313 1466 ἐστι
1350 1413 1612 1465 τοιοῦτον.
1636 1411 1701 1463 Τί
1728 1410 1791 1481 δὴ
1825 1410 1985 1480 χαλε-

417 1510 640 1564 παίνετέ
678 1527 766 1580 μοι
800 1527 813 1562 :
845 1509 990 1562 unde
1030 1507 1329 1560 Cornaritts
1379 1520 1530 1556 suam
1568 1502 1871 1556 versionem
1901 1516 1994 1553 ex-

418 1601 640 1670 pressit.
676 1619 693 1650 ι
722 1598 830 1651 Hoc
866 1612 994 1649 vero
1051 1597 1157 1649 tale
1182 1594 1307 1661 quid
1345 1601 1446 1647 cst.
1478 1593 1614 1658 Quid
1650 1592 1985 1644 succensetis

418 1695 573 1755 mihi,
602 1708 634 1745 o
658 1692 781 1755 viri,
819 1690 884 1744 ad
910 1689 1188 1756 fastigium
1225 1688 1444 1739 virtutis
1465 1686 1796 1754 progresso?
1825 1705 1844 1737 ι
1880 1684 1990 1738 Nec

2094 519 2201 556 non
2233 515 2484 567 creatus,
2526 517 2631 556 non
2664 502 2960 571 productus
2993 520 3008 556 :
3047 521 3067 556 ι
3118 503 3214 558 sed
3265 503 3320 556 in
3367 500 3668 557 Basiliensi

2093 596 2393 665 posteriore
2420 594 2712 663 ἀγέννητον
2742 607 3003 648 cxcusum
3031 593 3153 658 fuit,
3187 603 3241 648 et
3260 592 3675 663 προσ-γεγεννῆ-

2095 685 2219 739 σθαι
2273 698 2327 739 et
2371 683 2768 754 γεγεννῆσθαι,
2818 693 2979 752 atque
3029 685 3231 737 idcirco
3265 684 3676 750 Trapezantius

2093 778 2480 846 interpretatus
2524 784 2629 841 est,
2690 793 2709 827 ι
2756 785 2812 828 et
2862 776 3139 830 communi
3182 776 3427 830 onmium
3472 789 3649 829 conce

2093 872 2275 940 ptione
2302 869 2471 923 Deum
2508 880 2694 923 natum
2734 884 2836 921 non
2877 884 3000 922 esse
3032 884 3046 920 :
3085 888 3104 921 ι
3142 868 3271 922 item
3304 867 3469 937 paulo
3509 878 3670 936 post,

2098 980 2119 1014 ι
2170 962 2311 1032 quod
2345 963 2644 1032 ingenitum
2677 968 2794 1027 est,
2823 960 2910 1014 vel
2941 975 2970 1014 a
3013 977 3075 1015 se
3104 960 3188 1014 vel
3220 961 3288 1013 ab
3320 958 3429 1013 alio
3465 957 3675 1012 factum

2093 1068 2217 1107 esse
2245 1054 2620 1116 contenderet,
2666 1070 2686 1103 ι
2718 1062 2773 1106 et
2810 1071 2828 1103 ι
2866 1052 2957 1122 qui
2984 1062 3064 1106 est
3101 1052 3400 1121 ingenitus,
3438 1063 3621 1120 neque
3646 1066 3676 1103 a

2095 1161 2153 1199 se
2177 1160 2351 1213 neque
2390 1145 2458 1199 ab
2485 1145 2591 1199 alio
2622 1155 2807 1198 natum
2839 1160 2854 1196 :
2890 1164 2909 1196 ι
2946 1144 3124 1213 aptius
3149 1143 3397 1208 dixisset,
3437 1160 3457 1192 ι
3496 1155 3679 1210 neque

2095 1237 2165 1290 ab
2193 1239 2300 1292 alio
2333 1238 2596 1307 genitum.
2629 1255 2648 1288 ι
2692 1237 3078 1291 Verumtamen
3110 1234 3166 1287 in
3190 1242 3339 1287 tanta
3375 1233 3678 1286 lectionum

2094 1328 2359 1381 varietate
2404 1326 2944 1381 animadvertendum
2974 1333 3080 1387 est,
3113 1324 3257 1391 quod
3291 1321 3422 1376 alibi
3458 1320 3681 1375 monui-

2094 1434 2247 1486 mus,
2277 1434 2465 1472 vocem
2497 1418 2812 1488 ἁγέννητος,
2843 1432 2967 1471 cum
3000 1417 3066 1470 de
3111 1415 3222 1469 Deo
3270 1414 3435 1468 Patre
3466 1414 3676 1483 agitur,
3768 1416 3783 1431 ‘

2092 1512 2208 1565 sive
2234 1527 2354 1563 cum
2382 1509 2502 1563 aliis
2527 1510 2775 1585 personis
2797 1508 3085 1562 Trinitatis
3119 1514 3496 1576 comparatur,
3532 1519 3680 1557 nunc

2095 1602 2408 1671 significare
2452 1602 2798 1670 ingenitum,
2848 1601 2953 1655 hoc
3003 1610 3124 1665 est,
3176 1615 3281 1654 non
3318 1598 3681 1668 generatione

2097 1695 2416 1763 producturo
2439 1732 2453 1757 ,
2485 1707 2628 1746 nunc
2656 1702 2857 1756 autem,
2888 1692 3212 1756 iucreatum,
3243 1706 3349 1745 non
3372 1690 3679 1752 factitium,

418 1786 575 1842 alter
604 1784 739 1838 Beza
774 1801 788 1835 :
822 1797 1008 1833 verum
1038 1781 1088 1831 in
1115 1780 1279 1848 Regio
1308 1777 1372 1830 II.
1402 1778 1678 1845 legebatur
1703 1791 1718 1829 :
1749 1776 1918 1828 Τοῦτο
1937 1775 1991 1828 δέ

2104 1801 2271 1853 neque
2316 1801 2411 1853 per
2450 1785 2783 1839 creationem
2833 1785 3153 1854 productum
3193 1801 3207 1838 :
3244 1784 3446 1852 sapius
3489 1794 3679 1837 tamen

418 1877 536 1932 ἐστι
567 1892 642 1938 τι,
672 1874 745 1945 μὴ
789 1870 1146 1943 χαλεπαίνετέ
1186 1886 1295 1938 μοι.
1326 1869 1503 1935 Atque
1538 1867 1640 1920 hoc
1667 1876 1827 1936 pacto
1857 1868 1994 1919 scri-

418 1980 568 2040 ptum
617 1968 669 2020 in
728 1964 1096 2032 manuscripto
1129 1961 1393 2029 reperisse
1438 1959 1649 2012 videtur
1674 1957 1831 2024 Trap-
1854 1973 1989 2009 zon-

421 2061 547 2125 tius,
580 2072 678 2112 nec
724 2058 776 2110 in
809 2055 988 2110 verbis
1043 2052 1288 2107 Eunomii
1347 2052 1634 2120 vestigium
1689 2050 1856 2102 ullunt
1911 2061 1996 2104 est

419 2150 878 2220 interrogationis.
912 2146 1080 2201 Paulo
1104 2156 1223 2213 post
1254 2144 1597 2211 scripsimus,
1637 2159 1656 2192 ι
1689 2141 1823 2195 Cum
1886 2156 1994 2209 quo

417 2244 704 2296 damnatus
734 2241 843 2293 sit:
881 2257 899 2289 ι
936 2237 1053 2291 Τίνι
1089 2235 1589 2305 συγκατακέκριται
1613 2250 1627 2264 ο
1669 2250 1797 2296 ιιοιι,
1828 2244 1885 2286 ιιι
1915 2235 1997 2285 in-

417 2346 649 2403 terpres,
688 2351 707 2383 ι
738 2346 804 2384 ex
840 2330 1175 2397 arrogantia,
1227 2342 1331 2395 qua
1388 2327 1781 2380 condemnatus
1809 2335 1891 2377 est
1923 2339 1936 2375 :
1968 2343 1987 2375 ι

418 2440 541 2478 cum
572 2422 782 2477 diabolo
812 2421 1091 2482 nimirum,
1125 2420 1177 2471 in
1238 2418 1394 2485 cujus
1436 2417 1697 2483 judicium
1760 2425 1815 2469 et
1866 2430 1995 2468 cou-

417 2515 821 2570 demnationem
857 2511 1112 2565 incidit.l
1144 2508 1286 2566 Tim.
1314 2524 1394 2574 nt,
1425 2509 1458 2560 6
1494 2524 1507 2560 :
1539 2508 1659 2558 Ἵνα
1711 2506 1786 2577 μὴ
1812 2522 1995 2574 τυφω-

417 2606 532 2670 θεὶς
562 2607 641 2668 είς
672 2607 844 2675 κρῖμα
874 2601 1091 2673 ἐμπέσῃ
1141 2600 1236 2653 τοῦ
1265 2598 1536 2652 διαϐόλου.
1576 2616 1595 2647 ι
1620 2597 1699 2651 Ne
1729 2600 1780 2651 in
1809 2613 1995 2666 super-

417 2698 561 2754 biatn
597 2697 773 2750 elatus
804 2696 857 2748 in
879 2694 1137 2762 judicium
1165 2693 1367 2745 incidat
1402 2691 1621 2744 diaboli.
1650 2709 1670 2742 ο

487 2789 603 2844 Col.
637 2788 742 2842 510
774 2786 813 2840 C
849 2785 903 2839 2.
939 2785 1091 2850 Quod
1116 2785 1161 2837 si
1190 2784 1686 2851 deprehenderetur.
1730 2781 1888 2835 Aliud
1912 2791 1996 2836 est

419 2879 742 2954 ὑφορᾶσθαι,
769 2878 911 2931 aliud
937 2873 1281 2945 φωραθῆναι.
1310 2872 1444 2926 Illud
1468 2888 1526 2925 se
1551 2872 1749 2942 legisse
1785 2873 1994 2940 putavit

418 2970 850 3040 Trapezuntius,
898 2983 1021 3021 cum
1063 2965 1314 3031 scripsit,
1368 2980 1388 3013 ι
1424 2962 1577 3027 Quod
1623 2961 1669 3016 si
1706 2973 1993 3030 suspectus

417 3063 578 3126 foret,
612 3061 729 3113 sine
757 3058 861 3111 ulla
889 3057 1048 3125 culpa
1077 3069 1198 3108 esse
1221 3052 1489 3106 videatur.
1540 3070 1559 3102 ι

488 3153 601 3208 Col.
651 3151 747 3206 5H
790 3150 831 3203 B
878 3148 966 3202 IO.
1029 3143 1458 3217 Ἀγυμνάστοις
1494 3142 1703 3209 ἀκοαῖς
1730 3153 1989 3211 verterat,

423 3266 444 3298 ι
481 3246 534 3299 in
559 3244 754 3298 liberas
779 3257 938 3295 aures
971 3241 1234 3295 incidens.
1264 3260 1283 3290 ι
1311 3239 1609 3293 Coruarius
1631 3241 1830 3305 aptius,
1869 3259 1887 3289 ι
1924 3254 1992 3292 ne

420 3335 790 3395 inexercitatis
822 3332 1046 3386 auribus
1095 3331 1334 3399 allapsus
1380 3330 1588 3398 sibiipsi
1639 3331 1794 3383 fidem
1832 3331 1993 3384 dero-

419 3447 530 3502 get.
569 3448 587 3481 ι
632 3428 771 3493 Beza
798 3467 813 3490 ,
850 3444 870 3477 ι
906 3426 1212 3478 inassuetas
1247 3437 1410 3478 aures
1447 3423 1669 3477 feriens.
1709 3440 1728 3473 ι
1768 3423 1828 3475 In
1884 3438 1986 3476 ms.

416 3518 661 3590 θιειιρτὴν
689 3513 944 3570 ἀσέϐειαν
963 3553 978 3578 ,
1012 3513 1106 3566 sed
1139 3512 1538 3567 emendandum
1576 3520 1721 3567 esset
1750 3513 1946 3567 ἑαυτοῦ
1972 3529 1986 3544 ’

424 3630 446 3664 ι
481 3610 814 3681 Impietatetn
850 3621 1005 3661 suam
1042 3605 1147 3660 fide
1185 3605 1467 3674 indignam
1508 3606 1782 3672 redderet,
1814 3620 1992 3677 neque

420 3702 580 3759 facile
609 3697 962 3755 audiendam.
997 3716 1016 3748 ι

492 3792 623 3847 Ibid.
657 3792 719 3845 C.
752 3791 829 3843 Ad
860 3790 1178 3844 institutum.
1227 3788 1345 3858 Ἐφ’
1376 3788 1408 3842 ἃ
1452 3788 1820 3860 προείρηται,
1852 3806 1990 3860 quo-

418 3885 580 3940 modo
630 3882 826 3951 legitur
871 3888 927 3933 et
977 3878 1031 3933 in
1073 3878 1398 3948 Stephanma
1447 3881 1721 3945 editione,
1763 3880 1850 3935 ubi
1890 3882 1993 3936 ltoe

420 3985 578 4044 pacto
609 3972 773 4025 vertit
823 3969 1000 4034 Βοῖος
1055 3969 1149 4023 sed
1202 3970 1381 4037 aptius
1433 3970 1663 4025 fortasse
1719 3972 1992 4042 legeretur

420 4062 726 4133 προῄρηται
760 4075 790 4112 a
834 4061 1002 4111 verbo
1043 4058 1444 4129 προαιρεῖσθαι.
1486 4060 1784 4115 Cornarius
1833 4078 1987 4117 rece-

420 4164 564 4223 ptam
595 4152 902 4219 exprimens
930 4150 1238 4213 lectionem,
1292 4168 1311 4200 ι
1352 4152 1419 4205 ad
1469 4167 1532 4205 ea
1566 4168 1688 4222 qua:
1722 4156 1984 4221 prtedicta

418 4252 566 4298 sunt.
603 4261 624 4294 ι
670 4242 740 4295 At
788 4241 1183 4308 Trapezuntitts
1219 4241 1483 4308 ediderat,
1542 4259 1561 4293 ι
1616 4244 1683 4297 ad
1725 4260 1825 4310 ea,
1867 4261 1991 4315 quae

417 4335 653 4399 volebat,
686 4352 704 4383 ›
740 4331 1058 4403 προαίρεσιν
1083 4331 1350 4386 indicans.
1379 4332 1545 4387 Paulo
1576 4344 1697 4402 post
1724 4350 1790 4390 ex
1818 4336 1991 4405 Regio

2095 1878 2359 1948 ἀγένητος
2386 1893 2572 1932 vocem
2599 1878 2700 1931 bac
2721 1877 2954 1931 secunda
2982 1878 3201 1930 notione
3242 1875 3530 1944 usurpari,
3559 1890 3684 1943 qua:

2095 1981 2217 2019 cum
2247 1966 2479 2033 simplici
2508 1983 2556 2027 ν,
2602 1980 2710 2018 ιιοιι
2750 1980 2872 2018 cum
2903 1965 3105 2033 duplici
3136 1965 3387 2031 effertur,
3420 1973 3481 2018 ut
3510 1964 3684 2033 ἀγέν-

2096 2074 2275 2129 νητος.
2306 2057 2438 2112 Vide
2469 2073 2591 2127 qua:
2621 2057 2870 2127 superius
2899 2068 3160 2111 annotata
3201 2067 3350 2115 sunt.

2167 2150 2300 2204 Ibid.
2333 2151 2373 2204 C
2527 2149 2696 2215 Quasi
2751 2150 2941 2203 solido.
3005 2149 3214 2213 Πυκνδς
3270 2150 3365 2202 καὶ
3419 2148 3685 2222 περιττὸς

2098 2243 2353 2297 solertem
2384 2254 2437 2295 et
2479 2242 2802 2311 prudentem
2833 2250 2888 2293 et
2912 2242 3129 2310 egregia
3161 2251 3345 2294 mente
3384 2242 3682 2310 prteditum

2097 2346 2278 2395 sonat,
2305 2344 2363 2385 ut
2390 2334 2569 2387 ca‘teri
2604 2333 2934 2399 interpretes
2962 2331 3268 2394 ediderunt,
3309 2345 3415 2385 non
3447 2341 3507 2383 ut
3541 2328 3685 2383 Tra-

2097 2425 2401 2494 pczunlitts,
2437 2443 2455 2475 ι
2494 2424 2550 2478 Si
2585 2422 2767 2478 densis
2794 2432 2958 2490 atque
2992 2423 3218 2478 minutis
3245 2421 3680 2492 excogitationi-

2095 2517 2196 2570 bus
2224 2517 2339 2569 suis
2376 2518 2720 2569 redundaret.
2759 2535 2777 2567 ι

2165 2603 2281 2655 Col.
2308 2601 2409 2655 517
2436 2602 2483 2654 Α
2518 2603 2571 2656 6.
2600 2602 2706 2657 Pro
2751 2607 3007 2675 συνάγειν
3053 2602 3372 2673 scripsimus
3402 2617 3473 2659 ex
3503 2602 3687 2674 Regio

2095 2695 2163 2747 Η.
2196 2696 2557 2764 συνεισάγειν.

2165 2786 2281 2841 Col.
2314 2786 2418 2841 520
2449 2786 2489 2839 Β
2533 2786 2565 2842 9
2637 2788 3051 2861 Ὑραρπαγήν.
3099 2788 3424 2842 Addidimus
3466 2801 3539 2842 ex
3573 2802 3681 2841 ms.

2095 2877 2163 2932 II.
2193 2893 2313 2947 qua:
2337 2881 2522 2934 deesse
2546 2880 2598 2933 in
2624 2880 2945 2950 Stepltanma
2976 2882 3113 2934 Bcza
3140 2881 3387 2949 apposito
3409 2882 3685 2934 asterisco

2095 2973 2431 3050 adverterat,
2462 2981 2518 3025 et
2546 2971 2900 3041 Trapezuntii
2926 2972 3192 3027 versionis
3216 2972 3476 3025 insistens
3508 2974 3683 3025 \esti-

2096 3064 2198 3127 giis
2240 3064 2630 3132 interpretatus
2676 3075 2836 3131 erat,
2886 3066 3144 3119 nimirum
3191 3064 3338 3134 αὐτῷ
3371 3063 3685 3133 ληφθέντος

2094 3154 2252 3223 λόγου
2285 3154 2420 3225 πρὸς
2450 3155 2548 3225 τὴν
2579 3158 2917 3227 κατασκευὴν
2960 3156 3210 3211 ἐντεῦθεν
3237 3160 3403 3228 χωρεί
3429 3156 3526 3209 τοῦ
3578 3158 3685 3228 τὴν

2093 3247 2422 3317 ἀγεννησίαν
2469 3247 2656 3301 οὐσίαν
2689 3245 2863 3302 εἶναι·
2916 3267 2934 3301 ι
2970 3250 3075 3303 Iste
3121 3260 3298 3303 tamen
3338 3251 3497 3320 quasi
3536 3252 3685 3307 viam

2094 3340 2382 3406 quamdam
2425 3356 2490 3393 ex
2523 3354 2587 3395 co
2618 3351 2810 3396 nactus
2833 3382 2848 3408 ,
2890 3345 3031 3412 quod
3062 3342 3254 3396 furtim
3299 3344 3538 3411 arripuit
3565 3385 3581 3410 ,
3612 3361 3683 3400 eo

2095 3432 2455 3500 progreditur,
2505 3442 2560 3486 ut
2602 3434 2747 3487 dicat
2786 3436 3114 3506 ἁγεννησίαν
3162 3452 3283 3491 eSse
3311 3436 3457 3491 illius
3484 3453 3683 3492 essen-

2095 3522 2249 3585 tiam,
2280 3522 2369 3590 qui
2398 3532 2481 3575 est
2502 3526 2745 3577 omnium
2777 3526 2936 3579 Deus.
2968 3545 2987 3577 ι
3018 3525 3319 3581 Cornarins
3352 3530 3535 3597 aptius
3565 3532 3683 3584 edi-

2094 3613 2193 3677 dit,
2230 3632 2247 3664 ι
2282 3615 2408 3668 hinc
2443 3618 2507 3667 ad
2538 3615 3010 3693 confirmationem
3042 3621 3309 3688 procedit,
3338 3624 3484 3690 qttod
3522 3624 3681 3692 inge-

2093 3705 2263 3758 nitum
2295 3721 2415 3760 esse
2446 3709 2685 3760 essentia
2734 3709 2825 3762 sit.
2874 3728 2893 3761 ›
2942 3709 3296 3782 ’Δγεννησίαν
3339 3714 3524 3769 Latini
3576 3717 3681 3769 νει-

2095 3808 2205 3852 tres
2236 3817 2254 3848 ι
2288 3798 2761 3852 iunascibititatem
2792 3819 2810 3852 ι
2842 3811 3079 3855 vertunt.

2162 3890 2276 3944 Col.
2308 3889 2411 3943 526
2441 3890 2480 3942 Β
2515 3890 2569 3945 5.
2619 3889 2685 3943 Et
2721 3893 2864 3961 quod
2893 3892 3007 3962 ejus
3031 3910 3208 3962 propr.
3242 3894 3355 3948 IIoe
3401 3897 3677 3953 omissum

2091 3981 2161 4033 ab
2189 3981 2488 4047 interprete
2513 3981 2840 4047 addidintus,
2870 3985 2959 4052 qui
2981 3995 3032 4037 et
3058 3985 3355 4054 scripserat
3391 3987 3496 4040 Itoe
3525 3989 3671 4055 loco,

2098 4090 2117 4122 ι
2157 4085 2330 4139 neque
2390 4071 2457 4124 ad
2520 4071 2888 4127 irrationalent
2964 4075 3242 4129 dimittens
3292 4075 3679 4132 infirmitatem

2091 4164 2355 4230 subduci,
2393 4182 2411 4215 ι
2447 4168 2589 4233 quod
2618 4165 2842 4236 legisset
2884 4166 3116 4221 fortasse
3162 4168 3573 4239 ὑποφέρεσθαι,
3620 4184 3676 4226 ιιι

2091 4257 2283 4311 habuit
2325 4256 2390 4310 II.
2449 4258 2652 4325 Regius
2696 4260 2864 4313 codex
2918 4275 3016 4329 pro
3057 4260 3459 4332 ἀποφέρεσθαι.
3504 4265 3678 4320 Paulo

2094 4361 2221 4401 ante
2248 4349 2335 4402 ubi
2362 4350 2429 4402 de
2459 4350 2566 4403 vite
2602 4350 2663 4403 fit
2691 4352 2895 4404 mentio
2920 4390 2935 4415 ,
2973 4355 3321 4421 praetermisit
3344 4355 3500 4420 illud,
3530 4357 3675 4409 κατὰ

420 4441 515 4495 pro
531 4425 867 4486 ἐπιστάσεως
887 4422 1280 4476 emendandum
1300 4422 1361 4475 τὸ
1380 4423 1586 4476 ἁπλοῦν
1610 4424 1708 4495 τῆς
1730 4426 1985 4490 πίστεως,

2104 4441 2187 4512 τὴν
2225 4441 2430 4505 πίστιν,
2484 4442 2660 4507 Βςῑιι,
2710 4443 2854 4511 quod
2901 4458 3032 4497 sane
3083 4445 3321 4510 mirum,
3354 4462 3477 4499 cum
3528 4448 3674 4502 illius

424 4533 446 4568 ι
481 4515 889 4584 simplicitatem
921 4511 1068 4577 fidei,
1104 4530 1122 4563 ι
1155 4527 1318 4582 quant
1349 4512 1640 4567 lectionem
1668 4514 1831 4569 etiam
1867 4515 1991 4571 Ste-

418 4609 645 4682 phanwa
675 4609 843 4663 editio
877 4606 1145 4676 agnoscit.

491 4722 607 4778 Col.
638 4722 742 4776 515
772 4719 811 4772 Β
849 4721 904 4775 6.
938 4720 1228 4789 Γνώμονα
1269 4718 1378 4787 τῆς
1408 4720 1714 4786 ἀληθείας.
1766 4720 1993 4776 Addidi-

420 4826 542 4867 mus
568 4826 632 4865 ex
673 4811 859 4865 codice
892 4808 957 4864 II.
996 4812 1110 4872 τοῖς
1138 4810 1354 4880 ἐχθροῖς
1392 4810 1491 4879 τῆς
1521 4808 1804 4879 ἀληθείας,
1848 4815 1993 4879 quod

419 4901 588 4955 etiam
621 4900 673 4954 in
704 4900 1016 4969 apograplto
1041 4915 1142 4953 suo
1171 4900 1369 4965 legisse
1399 4898 1796 4968 Trapezuntius
1822 4916 1988 4969 appav

422 5004 538 5057 ret,
568 5007 689 5047 cum
733 5002 859 5046 ante
892 4993 1120 5060 primam
1163 4988 1427 5044 Venetam
1463 4990 1757 5043 editionem
1787 4991 1890 5045 hos
1933 4992 1997 5045 li.

422 5083 551 5137 bros
597 5097 627 5136 e
673 5080 876 5136 Graecis
928 5080 1315 5148 manuscriptis
1370 5080 1666 5133 Latinitate
1715 5081 1990 5136 donaret:

421 5174 773 5242 quamobrem
799 5188 903 5226 nec
950 5188 981 5226 a
1017 5171 1157 5226 Beza
1196 5185 1372 5241 neque
1396 5186 1447 5225 'a
1478 5170 1743 5226 Coruario
1769 5183 1995 5241 printer-

419 5265 563 5321 mitti
592 5265 913 5319 debuerunt.

488 5356 605 5412 Col.
635 5355 739 5411 516
767 5358 812 5409 A
840 5356 926 5410 II.
962 5353 1076 5410 Τὸν
1104 5353 1253 5408 Θεὸν
1276 5353 1595 5423 ἀγένητον.
1627 5354 1704 5408 Ita
1731 5354 1991 5423 scriptum

420 5446 524 5501 fuit
544 5448 596 5501 in
622 5444 814 5517 Regio,
839 5455 894 5501 et
920 5447 973 5500 in
1001 5445 1134 5500 edit.
1161 5444 1507 5515 Stephanma,
1535 5446 1990 5514 quemadmodum

421 5547 476 5592 et
508 5538 562 5591 in
593 5538 660 5591 iis
680 5552 800 5606 qua:
825 5547 1125 5607 sequuntur
1154 5538 1388 5606 periodis
1416 5536 1898 5608 πῳσγεγενῆσθαι
1934 5548 1989 5593 et

419 5627 744 5698 γεγενῆσθαι
773 5643 787 5657 ’
822 5644 984 5699 quam
1015 5629 1085 5684 ob
1114 5643 1336 5684 causam
1369 5630 1530 5684 vertit
1559 5627 1721 5694 Beza,
1765 5648 1784 5680 ι
1825 5630 1992 5684 Deum

420 5729 530 5772 non
562 5730 683 5772 esse
709 5714 1003 5786 factitium,
1036 5728 1090 5774 et
1116 5718 1202 5776 vel
1233 5734 1263 5775 a
1305 5719 1485 5790 seipso
1518 5718 1603 5775 vel
1640 5721 1706 5776 ab
1752 5720 1859 5776 alio
1913 5720 1995 5775 fa-

2094 4543 2406 4602 symmysta:
2446 4530 2708 4600 neglectis
2756 4532 3034 4600 operibus,
3085 4531 3205 4584 ﬁdei
3257 4537 3440 4600 potius
3483 4551 3673 4588 curam

2093 4638 2281 4692 gerere
2329 4623 2630 4677 videantur.
2681 4621 2828 4675 Dixit
2873 4634 3054 4674 autem
3087 4621 3493 4692 ὲρριζωμένους
3534 4626 3673 4679 κατᾶ

2094 4713 2275 4766 πίστιν
2307 4724 2363 4767 ιιι
2400 4714 2597 4767 Paulus
2625 4714 2832 4768 Coloss.
2862 4731 2919 4778 ιι,
2948 4715 2978 4766 7
3005 4734 3018 4768 :
3047 4713 3441 4783 Ὲρῤιξὼμένοι
3458 4717 3670 4782 καὶβευ

2092 4806 2429 4875 ϐαιούμενοι
2454 4806 2524 4858 ἐν
2548 4804 2623 4874 τῇ
2650 4806 2852 4859 πίστει
2875 4824 2889 4838 ”
2924 4805 3173 4860 [iudicati
3202 4818 3248 4860 et
3280 4809 3589 4863 conﬁrmati
3619 4812 3671 4865 ir

2091 4898 2217 4966 ﬁde.

2162 4987 2297 5041 Ibid.
2340 4986 2380 5041 C
2410 4988 2465 5042 5.
2510 4987 2997 5058 Incorruptibilem.
3043 4990 3268 5046 Tractat
3298 4992 3443 5048 hunc
3487 4996 3671 5050 locum

2093 5074 2151 5130 S.
2198 5073 2383 5129 Basilii
2433 5075 2604 5130 frater
2649 5078 2946 5148 Gregorius
3005 5078 3281 5151 Nyssenus
3327 5083 3424 5135 lib.
3477 5085 3671 5141 ultimo

2091 5177 2275 5219 contra
2301 5166 2635 5229 Eunomium,
2666 5184 2835 5236 nuper
2856 5168 3152 5224 Latinitate
3184 5174 3381 5226 donato
3411 5188 3444 5225 a
3476 5176 3657 5231 doctis

2091 5258 2230 5312 simo
2264 5260 2382 5312 viro
2429 5257 2496 5312 N.
2540 5257 2791 5320 Gulonio,
2840 5277 2891 5330 p.
2943 5261 3070 5326 396,
3123 5276 3356 5331 eumque
3408 5263 3668 5320 adversas

2090 5353 2390 5406 calumnias
2436 5353 2688 5407 Eunomti
2757 5364 2957 5408 tuetur.
3014 5356 3259 5411 Diversis
3310 5370 3490 5412 tamen
3542 5360 3674 5414 ali-

2089 5445 2305 5513 quando
2363 5445 2690 5499 dictionibus
2754 5449 2945 5514 utitur,
3021 5457 3079 5502 ut
3152 5450 3675 5520 ὑπερεκπίπτουσαν

2088 5534 2267 5605 πάσης
2302 5537 2647 5608 περιγραφῆς
2674 5536 3043 5608 εὑρίσκοντες,
3094 5555 3192 5603 pro
3238 5539 3419 5611 πάσης
3471 5544 3671 5616 ἀρχῆς,

2089 5642 2212 5696 quze
2238 5628 2418 5681 verior
2460 5628 2657 5696 lectio,
2706 5640 2767 5682 ut
2794 5628 3180 5686 animadvertit
3224 5633 3500 5702 interpres
3543 5634 3675 5707 Nys-

2090 5721 2240 5784 scni.
2282 5722 2549 5791 scribens,
2618 5739 2638 5774 ι
2691 5736 2908 5779 onmem
2958 5724 3526 5794 circumscriptionem
3588 5725 3686 5785 vel'
