3824 6214
176 309 320 366 1055

1273 313 1340 370 ιλ
1377 313 1628 370 LIBROS
1665 314 1949 370 CONTRA
1988 312 2380 372 EUNOMIUM.

3308 307 3446 363 10751

171 439 344 482 cmue
371 429 697 497 principium
726 438 1096 501 superantem.
1131 449 1150 482 ι
1181 430 1309 484 Item
1334 433 1448 494 τοῖς
1472 429 1632 484 αἰῶσι
1663 429 1756 482 τὸν
1793 438 1838 494 Α
1869 429 2135 497 interpres
2164 429 2383 496 scripsit
2405 469 2420 488 ,
2461 445 2480 478 ς
2515 425 2758 480 Privatio
2796 415 2940 481 enim
2987 424 3138 490 ejus,
3171 421 3312 492 quod
3345 437 3442 474 na-

174 516 308 570 νοῦν
331 517 728 590 ὲπιϐάλλωμεν,
759 537 856 588 pro
867 521 961 574 τὸν
979 520 1104 575 νοῦν
1125 520 1554 591 ὲπεκτείνωμεν,
1575 531 1630 573 et
1654 523 1766 584 τοῖς

174 605 410 678 ὀνόμασι
451 609 661 675 τούτοις
710 610 1018 683 χρώμενοι,
1085 628 1180 680 pro
1227 611 1437 676 τούτοις
1493 629 1770 684 προσαγο-

177 699 454 770 ρεύοντες.
512 703 715 757 Ibidem
789 706 1128 759 correximus
1193 705 1324 758 illud
1381 705 1766 773 Trapezuutii,

183 809 202 842 ι
253 803 382 847 tunc
417 794 682 848 infinitam
729 797 848 864 ejus
882 796 934 850 in
975 798 1178 851 nullum
1211 799 1507 852 terntinum
1558 815 1766 854 exeun-

182 894 287 936 tem
325 885 793 954 incorruptibilem
832 888 1190 956 appellamus.
1231 905 1252 941 ο

247 971 367 1028 Col.
382 974 537 1028 526C
559 976 1156 1046 14.Καὶάσύμόαντα.
1175 978 1401 1032 Rectius
1416 978 1466 1032 in
1485 994 1585 1033 ms.
1601 980 1768 1048 Regio

180 1061 244 1116 11.
260 1063 575 1134 ἀσύμϐαταο
600 1069 1054 1136 quemadmodum
1071 1081 1119 1121 et
1141 1069 1490 1138 apudGazam
1510 1072 1559 1122 in
1579 1069 1768 1123 Gram-

177 1159 377 1209 uiatico
411 1157 596 1211 (ἐντετα
627 1161 810 1227 legunt
831 1160 1048 1228 quidam
1077 1160 1441 1231 ἁσυμὸάντως
1468 1161 1633 1231 ἔχειν,
1669 1163 1764 1216 lib.

181 1263 233 1302 tv
260 1269 274 1302 :
298 1252 394 1302 sed
421 1250 580 1315 paulo
604 1259 722 1320 post
753 1267 856 1304 non
884 1251 1270 1322 ἀςυμὸἀντως,
1308 1255 1402 1307 sed
1431 1254 1766 1324 ἀσυμϐάτως

180 1341 449 1407 scriptum
498 1357 620 1398 esse
657 1345 916 1398 observat
956 1356 1146 1399 auctor
1177 1343 1349 1398 ϐιαισὶ
1385 1345 1676 1411 Thesauri,
1714 1358 1766 1402 et

178 1447 245 1484 ex
279 1431 573 1488 Plutarcho
616 1436 751 1489 citat
792 1439 858 1489 de
897 1437 1072 1506 primo
1118 1436 1314 1506 frigido
1347 1453 1361 1491 :
1417 1437 1481 1491 'H
1515 1439 1614 1509 μὲν
1657 1440 1766 1511 γὰρ

180 1525 325 1578 κατὰ
385 1525 641 1596 στέρησιν
693 1527 786 1580 καὶ⁸
843 1527 956 1594 ἕξιν
1005 1528 1278 1592 ἀντίθεσις
1335 1529 1605 1600 πολεμικὴ
1672 1532 1770 1585 καὶ

177 1616 504 1688 ἀσύμϐατός
529 1620 699 1683 ἐστιν,
734 1620 785 1673 id
816 1628 919 1683 cst,
951 1619 1208 1675 Turuebo
1239 1621 1558 1690 interprete,
1590 1640 1609 1674 ‹
1647 1623 1766 1678 Pri-

180 1709 426 1764 vat-iouis
458 1711 604 1764 enim
644 1721 700 1766 et
738 1712 956 1767 habitus
992 1716 1350 1784 repugnantia
1385 1716 1654 1771 hostiliter
1686 1715 1770 1770 in-

179 1799 321 1854 festa
355 1812 458 1863 est,
487 1811 540 1856 et
571 1802 986 1871 implacabiliter
1009 1805 1282 1860 dissentit.
1314 1824 1336 1858 ο

250 1891 370 1945 Col.
407 1891 508 1946 527
539 1891 601 1946 Β.
636 1893 757 1946 Νοιι
783 1911 836 1948 se
861 1911 926 1948 ea:
947 1899 1404 1952 commentatione.
1444 1896 1569 1952 “th
1595 1898 1763 1953 verba

178 1978 436 2037 Eunomii
463 1985 542 2039 sic
563 1985 986 2051 immutavimus,
1017 2005 1140 2042 cum
1165 1999 1310 2044 esset
1331 2001 1526 2045 antea:
1565 2009 1586 2041 ι
1621 1989 1772 2046 Nolle

179 2075 570 2144 cogitationem
605 2079 893 2132 humanam
939 2082 1199 2136 decorare
1228 2081 1432 2143 Deum,
1467 2097 1588 2136 eum
1616 2079 1772 2150 luge-

178 2167 359 2219 nitum
411 2168 666 2237 appellat.
700 2188 718 2221 ι
752 2169 856 2224 Sed
885 2171 1172 2225 ἐπίνοιαν(
1208 2177 1719 2228 commentationem
1742 2193 1764 2228 ο

180 2254 326 2310 Beza
360 2260 562 2312 rectius
599 2261 776 2328 vertit,
814 2277 976 2331 quam
1005 2263 1424 2332 Trapezuutins,
1451 2268 1771 2336 «cogitatio-

183 2362 333 2412 nem,
380 2368 398 2400 ι
431 2361 523 2401 aut
551 2350 878 2417 Coruarius,
931 2371 950 2405 ι
999 2357 1554 2426 contemplationem;
1595 2375 1614 2409 ι
1647 2373 1768 2413 cum

185 2441 428 2495 ἐπινοεῖν
457 2444 528 2496 sit
565 2445 899 2512 excogitare,
927 2447 1014 2501 vel
1056 2449 1423 2512 comminisci,
1464 2449 1549 2504 vel
1589 2461 1772 2504 mente

182 2532 474 2602 concipere
507 2535 734 2590 solerter
778 2537 979 2606 aliquid
1013 2540 1427 2596 adiuveniendo.
1483 2542 1576 2596 Sic
1629 2545 1771 2612 apud

183 2621 488 2694 Nyssenum
512 2627 777 2683 Gulonius
799 2633 865 2701 τῇ
891 2633 1106 2704 ἐπινοίᾳ
1134 2633 1291 2704 ἡμῶν
1319 2633 1771 2708 ὲπιθεωρούντων

179 2714 395 2768 ταῦτα’
449 2735 468 2768 ι
511 2721 638 2772 dum
687 2722 800 2776 haec
829 2739 930 2791 per
971 2727 1483 2780 commentationem
1530 2727 1602 2780 ita
1638 2742 1771 2780 con-

183 2808 529 2874 templamur.
565 2828 584 2860 ι

253 2896 395 2951 Ibid.
457 2899 542 2952 12.
606 2899 880 2965 Quomodo
969 2902 1156 2972 igitur.
1234 2901 1505 2972 Interpres
1587 2906 1775 2959 edide-

184 3000 294 3052 rat,
327 3005 351 3038 ι
399 2989 682 3055 Quomodo
719 2993 884 3061 igitur
913 3007 1017 3046 non
1052 2991 1233 3047 furere
1284 3007 1335 3047 te
1378 2994 1770 3063 perspicimus,

184 3081 230 3134 si
263 3083 540 3152 propriam
563 3084 764 3154 cuique
788 3085 1069 3139 nominum
1099 3096 1422 3154 potestatem
1458 3090 1634 3142 inesse
1663 3103 1766 3141 non

182 3185 370 3242 putes,
399 3177 494 3228 sed
517 3187 710 3229 contra
744 3178 1067 3244 veritatem;
1107 3197 1125 3229 ι
1157 3178 1417 3249 ἀλήθειαν
1449 3180 1592 3232 enim
1623 3180 1771 3250 legit,

184 3279 294 3319 non
334 3265 635 3337 ἐνέργειαν,
663 3267 806 3336 quod
841 3279 1019 3322 tamen
1067 3280 1252 3322 tuetur
1278 3287 1378 3322 tus.
1417 3269 1482 3324 ll.
1526 3280 1579 3323 et
1605 3272 1774 3324 editio

185 3356 553 3426 Stephanum,
615 3360 666 3413 in
722 3376 827 3430 qua
877 3363 1063 3417 omisit
1111 3363 1247 3416 Beza
1295 3362 1425 3416 illud
1476 3363 1630 3433 παρὰ
1675 3361 1773 3434 τὴν

183 3449 493 3520 ἐνέργειαν,
521 3453 662 3520 quod
691 3453 762 3505 ita
795 3456 1060 3522 expressit
1093 3455 1412 3520 Carnarius,
1454 3471 1475 3507 ι
1507 3458 1600 3511 sed
1635 3471 1772 3526 prse-

188 3552 271 3595 ter
320 3542 617 3597 ellicaeiam
663 3547 957 3601 decernere
1010 3549 1194 3602 omnia
1251 3549 1471 3602 nomina
1527 3549 1671 3604 inter
1714 3566 1775 3606 se

187 3633 410 3686 valere?
439 3651 457 3682 υ

255 3724 378 3779 Col.
421 3724 526 3779 529
566 3723 604 3778 Β
634 3725 686 3781 9.
717 3726 829 3782 Καὶ
861 3727 933 3779 ἐν
962 3728 1168 3792 τούτῳ.
1207 3726 1270 3781 ll.
1323 3744 1424 3783 ms.
1457 3731 1552 3784 καὶ
1593 3731 1650 3784 ἐν
1694 3733 1773 3785 ἑνὶ

186 3817 401 3888 τούτῳ,
432 3819 572 3886 quod
605 3819 847 3886 agnoscit
885 3819 1264 3886 interpretatio
1295 3818 1646 3891 Trapezuutii
1669 3863 1683 3888 ,
1718 3835 1774 3877 ut

183 3921 318 3962 ante
348 3910 486 3962 dixit
520 3909 576 3961 ὲν
610 3909 690 3960 ἐνὶ
722 3907 898 3979 τούτῳ
935 3908 1082 3980 μόνῳ
1107 3924 1121 3938 ·
1157 3920 1306 3964 verte
1337 3912 1519 3980 igitur,
1553 3931 1571 3964 ε
1613 3922 1773 3982 atque

186 4002 243 4057 in
275 4004 381 4056 hoc
403 4017 510 4054 uno
533 4002 933 4055 confessionem
958 4002 1250 4069 persolvat,
1280 4005 1422 4070 quod
1443 4014 1527 4058 est
1556 4004 1607 4057 id
1632 4005 1771 4073 quod

186 4107 314 4151 est:
357 4113 376 4146 ι
415 4105 468 4149 et
503 4096 554 4148 in
591 4095 771 4148 verbis
820 4095 1091 4160 Eunomii,
1117 4097 1311 4165 pagina
1355 4095 1483 4159 Ξ19,
1532 4112 1582 4149 c.
1610 4097 1645 4150 2
1668 4137 1682 4160 ,
1712 4099 1772 4148 ὲν

184 4193 252 4262 τῇ
276 4189 372 4242 τοῦ
396 4184 536 4242 εἶναι
567 4189 596 4241 ὃ
622 4189 771 4241 ἐστιν
798 4188 1079 4260 ὁμολογίᾳ,
1124 4188 1418 4257 conﬁtendo
1435 4189 1496 4242 id
1522 4205 1638 4242 eum
1663 4206 1773 4243 esse

181 4284 326 4354 quod
351 4289 450 4334 est.

256 4377 377 4431 Col.
420 4374 517 4428 531
554 4374 595 4426 A
627 4373 713 4427 M.
754 4371 1063 4443 Categorite.
1105 4371 1224 4426 Non
1257 4385 1315 4428 ut
1352 4374 1657 4444 interpres,
1695 4375 1770 4429 De

1875 532 1992 574 tura
2019 522 2180 584 inest,
2210 520 2444 587 privatio
2469 529 2572 584 est,
2604 528 2658 573 et
2704 519 2972 586 posterior
3004 517 3213 571 habitu.
3247 533 3266 568 ι
3325 515 3450 568 Ari-

1870 612 2093 666 stoteles
2130 614 2180 665 in
2216 611 2507 680 Categoriie
2552 625 2603 663 c.
2644 611 2709 664 lO
2755 628 2768 664 :
2822 607 3181 679 Ἐστερῆσοαι
3226 605 3283 658 δὲ
3325 604 3449 658 τότε

1871 701 2102 773 λέγομεν
2139 703 2367 756 ἕκαστον
2407 702 2517 755 τῶν
2559 703 2660 772 τῆς
2695 702 2860 766 ἕξεως
2900 698 3184 762 δεκτικῶν,
3218 697 3344 751 ὅταν
3390 696 3451 750 ὲν

1870 789 1915 862 ᾧ
1943 797 2186 865 πέφυκεν
2221 797 2507 868 ὑπάρχειν,
2539 797 2571 869 ἢ
2603 797 2693 849 ὅτε
2720 795 2960 864 πέφυκεν
2984 793 3148 864 ἔχειν,
3181 787 3450 861 μηδαμῶς

1872 886 2114 958 ὑπάρχῃ.
2159 904 2178 938 ι
2219 884 2352 939 Tum
2386 901 2515 940 vero
2543 886 2776 941 dicimus
2795 883 3024 952 singula,
3053 896 3174 952 quae
3201 881 3446 934 habitum

1871 978 2112 1046 recipere
2143 987 2392 1048 possunt,
2441 980 2650 1048 privata
2679 992 2822 1043 esse,
2856 991 2979 1031 cum
3013 975 3068 1028 in
3101 988 3212 1042 quo
3250 981 3449 1024 natura

1874 1070 2052 1124 inesse
2109 1071 2309 1135 debet,
2361 1079 2455 1124 aut
2504 1069 2720 1138 quando
2768 1076 2962 1123 natura
3013 1063 3202 1120 haberi
3243 1062 3448 1122 debet,

1873 1161 2017 1213 nullo
2050 1162 2206 1215 modo
2238 1161 2398 1215 inest.
2432 1178 2452 1212 ι
2509 1158 2827 1228 Exemplum
2879 1155 3029 1211 addit
3074 1155 3143 1209 de
3193 1151 3450 1208 edentulo

1871 1261 1924 1304 et
1961 1267 2142 1306 caeco:
2189 1267 2293 1306 non
2341 1251 2484 1307 enim
2532 1251 2672 1320 quod
2702 1250 2891 1302 dentes
2917 1263 3024 1301 non
3069 1245 3255 1305 habet,
3293 1259 3311 1292 ι
3348 1241 3444 1295 sed

1869 1344 2012 1410 quod
2062 1357 2167 1396 non
2217 1343 2421 1407 habet,
2449 1341 2667 1411 quando
2707 1339 2909 1394 habere
2952 1346 3142 1390 natura
3193 1332 3391 1392 debet,
3425 1347 3446 1380 ι

1869 1434 2182 1488 edentulum
2231 1435 2496 1499 dicimus,
2540 1442 2597 1488 et
2637 1447 2865 1496 caecum,
2915 1429 3057 1497 quod
3103 1424 3290 1481 oculos
3339 1437 3449 1478 non

1878 1528 2062 1588 habet,
2093 1529 2310 1594 quando
2344 1538 2536 1582 natura
2567 1528 2770 1581 habere
2792 1525 2973 1580 debet.

1943 1621 2074 1676 lbid.
2103 1623 2144 1677 Ο
2166 1623 2224 1680 9.
2265 1623 2361 1690 Ὦς
2389 1626 2538 1692 πρὸς
2563 1623 2628 1676 τὸ
2653 1621 2825 1676 ὅλον.
2855 1619 3102 1676 Obscure
3131 1627 3447 1684 expressum

1868 1721 2009 1776 erat.
2057 1733 2077 1766 ι
2127 1716 2375 1783 pusillam
2421 1717 2487 1770 ad
2538 1723 2710 1769 totum
2742 1721 3068 1783 congerunt.
3104 1729 3124 1763 ο
3156 1707 3454 1764 Coruarius

1798 1793 1841 1849 Β
1873 1805 2028 1870 dixit,
2067 1824 2086 1857 ι
2120 1817 2388 1874 quantum
2419 1808 2484 1862 ad
2522 1817 2692 1861 totum
2723 1806 2938 1860 attinet.
2974 1823 2996 1857 ο

1961 1897 2077 1954 Col.
2114 1899 2221 1954 556
2253 1899 2294 1952 C
2331 1901 2386 1954 4.
2434 1899 2778 1953 Nullatenus.
2830 1895 3210 1952 Emendandns
3247 1894 3300 1948 in
3350 1892 3456 1946 Ve-

1875 2003 1996 2048 neta
2025 2001 2079 2046 et
2112 1992 2394 2046 Basiliensi
2431 1993 2580 2046 locus
2609 1991 2774 2061 σχολή
2804 1989 2855 2058 γ’
2887 1989 2976 2051 ἄν.
3006 2004 3072 2044 ex
3107 1987 3275 2054 Regio
3307 1983 3370 2039 11.
3399 1994 3456 2037 et

1873 2085 2130 2156 Stephani
2190 2085 2430 2140 editione
2476 2099 2531 2154 p.
2576 2083 2705 2143 εδδ,
2759 2081 2922 2153 σχολῇ
2965 2083 3018 2151 γ’
3055 2081 3122 2135 ἂν
3153 2079 3314 2134 ἄλλο’
3357 2077 3453 2132 sed

1873 2177 2018 2231 illius
2062 2177 2333 2244 interpres
2385 2176 2609 2230 minime
2661 2174 3006 2242 sequendus,
3050 2172 3141 2240 qui
3185 2186 3218 2224 a
3269 2177 3454 2223 mente

1874 2267 2112 2322 auctoris
2145 2266 2455 2330 aberravit,
2503 2266 2632 2320 licet
2676 2258 2801 2320 eum
2843 2265 3152 2334 Stephanus
3191 2272 3452 2330 tanquam

1872 2357 2258 2430 ἀναμάρτητον
2291 2372 2434 2426 saepe
2477 2359 2530 2411 in
2585 2344 2855 2412 Thesauro
2902 2355 3118 2410 laudet:
3165 2373 3186 2406 ι
3223 2351 3358 2407 Nam
3407 2349 3454 2404 si

1874 2453 2116 2505 essentia
2164 2449 2304 2503 inter
2343 2463 2406 2503 ea
2437 2459 2693 2518 ponatur,
2723 2463 2842 2516 quae
2871 2461 2978 2501 non
3008 2453 3158 2510 sunt,
3188 2441 3452 2513 quidquid

1875 2553 2140 2611 praeterea
2187 2539 2424 2603 dixeris,
2461 2552 2627 2591 unum
2671 2547 2723 2590 et
2754 2535 2914 2590 inane
2950 2533 3132 2587 fuerit.
3186 2548 3205 2582 ι
3239 2527 3458 2582 [tectius

1874 2632 2044 2686 multo
2073 2630 2370 2686 Cornarius
2404 2648 2418 2684 :
2459 2647 2478 2682 ι
2517 2630 2574 2684 Si
2602 2629 2746 2684 enim
2770 2629 3006 2683 essentia
3039 2625 3183 2680 inter
3214 2637 3302 2690 ea,
3336 2634 3458 2688 quas

1875 2739 1981 2777 nou
2023 2730 2178 2784 sunt,
2212 2731 2329 2785 est,
2367 2721 2674 2774 nullatenus
2707 2735 2837 2774 sane
2871 2719 3015 2773 aliud
3060 2716 3190 2786 quid
3223 2727 3455 2777 eorum,

1875 2828 1994 2883 qua:
2022 2814 2088 2867 de
2125 2813 2232 2866 Deo
2271 2813 2544 2875 dicuntur,
2595 2810 2788 2864 aderit.
2826 2828 2846 2862 ι
2895 2807 3060 2863 Paulo
3093 2814 3216 2876 post
3251 2805 3452 2858 immu—

1877 2907 2105 2960 tavinms
2129 2905 2276 2964 illud,
2305 2905 2446 2972 quod
2474 2919 2570 2972 pro
2596 2905 2682 2958 his
2705 2903 2909 2959 Griecis
2932 2901 3285 2956 substituerat
3319 2898 3449 2952 Tra-

1876 2998 2182 3065 pezuntius,
2207 2995 2302 3048 καὶ
2329 2995 2500 3065 αὐτὴν
2525 2993 2623 3065 τὴν
2652 2994 2840 3048 οὐσίαν
2878 2993 3087 3046 τίθεται
3128 2994 3190 3046 τὺ
3221 2993 3458 3065 ἀγέννη-

1875 3109 1990 3153 τον,
2029 3109 2048 3141 ι
2087 3099 2142 3144 et
2176 3089 2229 3143 in
2275 3089 2388 3157 ipsa
2418 3089 2722 3143 substantia
2758 3087 3238 3142 iunascibilitatem
3278 3089 3457 3160 impo-

1879 3188 2004 3250 suit,
2035 3194 2091 3240 et
2135 3183 2440 3237 orationem
2480 3191 2734 3251 tanquam
2785 3181 2852 3234 ad
2881 3189 3043 3250 caput
3073 3181 3336 3252 colligens
3373 3183 3455 3237 sic

1878 3275 2193 3330 conscribit.
2230 3292 2249 3324 ι
2295 3273 2404 3326 lino
2439 3271 2732 3342 ingenitam
2773 3285 2893 3325 esse
2927 3271 3016 3324 Dei
3044 3273 3339 3326 essentiam
3373 3274 3459 3327 di-

1877 3369 2052 3429 cebat,
2099 3382 2206 3421 non
2237 3366 2288 3418 in
2317 3365 2555 3419 essentia
2602 3363 2694 3416 Dei
2736 3377 2878 3424 esse,
2915 3362 3216 3417 Eunomius
3242 3403 3258 3427 ,
3293 3373 3354 3418 ut
3387 3379 3456 3420 ex

1876 3461 1991 3528 ipso
2025 3458 2222 3512 Basilio
2261 3464 2494 3522 constat,
2533 3465 2587 3509 et
2620 3453 2788 3523 Greg.
2837 3452 3067 3524 Nysseu.
3101 3455 3239 3510 libro
3267 3456 3457 3510 ultimo

1876 3557 2059 3602 contra
2105 3546 2441 3612 Eunomiunt,
2476 3562 2525 3614 p.
2555 3543 2661 3598 204
2695 3564 2707 3598 :
2749 3543 2892 3597 Αὐτὸ
2925 3544 2981 3597 δὲ
3016 3544 3077 3597 τὸ
3108 3544 3196 3600 διὰ
3236 3547 3339 3616 τῆς
3366 3549 3456 3618 μὴ

1875 3639 2276 3711 γεγεννῆσθαι
2301 3637 2496 3704 λέξεως
2524 3637 2920 3707 σημαινόμενον
2972 3637 3160 3690 οὐσίαν
3212 3640 3457 3710 νομίζειν

1878 3736 2053 3805 μόνων
2107 3733 2214 3786 τῶν
2277 3734 2341 3785 ἐκ
2403 3730 2600 3801 μανίας
2651 3731 3128 3800 παραφερομένων
3196 3733 3452 3804 οἰόμεθα·

1880 3848 1897 3879 ι
1937 3828 2112 3895 Ipsum
2146 3824 2500 3892 autemquod
2545 3822 2883 3891 significatur
2930 3837 3026 3892 per
3072 3823 3299 3879 verbum
3348 3843 3455 3882 non

1873 3921 2102 3988 genitum
2129 3935 2239 3972 esse
2265 3957 2280 3981 ,
2311 3917 2629 3970 existimare
2683 3914 2975 3968 essentiam
3001 3952 3018 3980 ,
3054 3915 3332 3981 solorum,
3361 3920 3453 3990 qui

1875 4013 2056 4064 lurore
2083 4008 2448 4068 concitantur,
2478 4020 2599 4059 esse
2627 4003 2880 4057 arbitror.
2931 4021 2951 4054 ι

1943 4101 2060 4155 Col.
2099 4099 2206 4152 542
2233 4100 2272 4150 Α
2311 4098 2365 4150 9.
2402 4096 2687 4150 Invisibilis
2731 4105 2780 4149 et
2824 4109 2941 4148 orn.
2976 4094 3456 4166 lloc_pr:etulimus

1872 4193 2052 4246 verbis
2109 4191 2420 4258 interpretis
2467 4204 2537 4242 cx
2583 4188 2799 4257 vulgata
2851 4185 3043 4242 Latina
3091 4204 3214 4257 qua:
3267 4206 3372 4244 non
3425 4208 3458 4246 e

1873 4285 2074 4339 Grazcis
2104 4298 2382 4352 expressa,
2413 4281 2506 4335 sed
2536 4296 2604 4335 ex
2639 4279 2882 4345 Hebraeo,
2915 4289 3031 4332 erat
3077 4282 3253 4334 inanis
3281 4290 3330 4334 et
3361 4298 3458 4335 vu-

1869 4394 1990 4430 cua.
2019 4376 2280 4430 Vaticana
2313 4373 2478 4428 editio
2504 4373 2760 4440 ἀόρατος
2791 4371 2890 4425 και
2917 4372 3454 4439 ἀκατασκεύαστος

183 4468 487 4537 categoriis,
526 4467 980 4534 quemadmodum
1032 4475 1087 4519 et
1135 4468 1190 4520 S.
1225 4468 1511 4536 Augustini
1543 4469 1766 4536 quidam
1805 4489 1846 4543 υ
1875 4471 2070 4534 vertit,
2103 4468 2379 4522 invisibilis
2420 4476 2469 4520 et
2504 4466 2878 4532 incomposita.
2942 4465 3002 4518 S.
3035 4465 3370 4533 Augustinus
3395 4465 3452 4520 in

182 4562 360 4615 citant
410 4559 605 4611 librmu
654 4557 726 4610 De
769 4559 943 4610 decem
984 4561 1292 4628 categoriis,
1338 4560 1429 4627 qui
1475 4561 1527 4613 in
1576 4561 1770 4614 inscri-

186 4653 368 4720 ptione
403 4651 599 4712 habet,
630 4647 921 4716 Categorite
951 4651 1128 4704 decem
1162 4667 1226 4705 ea:
1271 4651 1572 4704 Aristotelis
1609 4651 1766 4708 libro.
1811 4640 1819 4647 ’

186 4744 334 4796 Sane
366 4743 584 4810 quidam
630 4741 824 4796 librum
866 4743 1012 4796 illum
1055 4743 1453 4811 inscripserunt
1494 4741 1616 4810 Πρὸ
1649 4741 1770 4797 τῶν

183 4834 471 4898 τοπικῶν,
521 4838 656 4888 Ante
701 4837 911 4904 topica,
958 4845 1018 4890 ut
1061 4850 1126 4890 ex
1177 4834 1458 4904 Simplicio
1506 4835 1764 4889 observat

183 4932 396 4986 amicus
426 4940 608 4984 noster
637 4929 906 4984 Rohertus
934 4928 1231 4983 Balforaeus
1257 4931 1339 4980 vir
1364 4927 1766 4982 eruditissimus

186 5030 240 5084 in
289 5028 408 5082 suis
445 5025 848 5080 Commentariis
887 5025 1112 5094 logicis;
1174 5023 1413 5078 nonnulli
1467 5021 1541 5076 De
1587 5023 1765 5076 decent

180 5121 488 5189 categoriis,
521 5133 637 5184 seu,
683 5128 740 5172 ut
781 5117 944 5171 vertit
979 5115 1259 5177 Boethius,
1288 5114 1712 5182 pra'dicamentis
1745 5133 1764 5168 .-

182 5221 368 5264 tamen
403 5209 542 5279 apud
574 5209 750 5278 ipsum
778 5208 1124 5262 Aristotelem
1153 5216 1208 5258 et
1241 5205 1384 5274 apud
1415 5205 1764 5257 Ammaniqu

183 5304 325 5359 liber
365 5303 679 5356 inscribitur
710 5300 1068 5370 Κατηγορίαι
1088 5314 1100 5327 ·
1135 5299 1202 5353 de
1249 5297 1553 5366 privatiOue
1581 5304 1636 5350 et
1666 5296 1765 5349 ha-

183 5399 300 5452 bitu
331 5397 440 5463 agit
475 5415 528 5450 c.
561 5394 663 5458 10,
695 5397 761 5447 de
790 5395 1093 5464 appositis;
1122 5401 1176 5446 et
1212 5389 1343 5444 alibi
1382 5389 1610 5460 passim.
1650 5386 1762 5442 lbi-

179 5491 305 5540 dem
342 5501 406 5541 ex
440 5486 664 5542 Joannis
689 5501 807 5550 vtu,
843 5487 932 5549 44,
969 5484 1288 5554 scripsimus
1318 5497 1383 5536 ea:
1412 5479 1642 5550 pmpriie
1686 5479 1764 5532 Io-

175 5581 384 5648 quitur,
412 5593 508 5648 pro
535 5597 554 5630 ι
583 5594 646 5634 ελ
670 5578 869 5648 seipse,
900 5598 920 5630 ι
971 5578 1066 5630 Ἐκ
1085 5575 1206 5630 τῶν
1227 5574 1394 5630 ἰδίων
1416 5570 1620 5638 λαλεῖ,
1653 5584 1761 5625 non

179 5670 276 5744 ἀφ’
311 5671 526 5728 ἑαυτοῦ.

252 5764 368 5821 Col.
409 5765 514 5820 551
556 5763 595 5816 Β
639 5763 726 5818 13.
763 5759 825 5817 Si
866 5761 1076 5832 quidem
1131 5761 1469 5826 privationes.
1527 5753 1648 5812 Non
1702 5765 1762 5812 ut

508 5857 782 5918 ΡΑτεοι.
831 5853 950 5918 Gtt.
995 5852 1203 5916 XXX.

1871 4565 1962 4616 lib.
1987 4564 2058 4616 De
2080 4562 2265 4616 Genesi
2289 4561 2504 4621 adlitt.,
2523 4560 2827 4612 inordinata
2853 4555 2934 4610 vel
2957 4557 3218 4625 imperata
3256 4557 3451 4625 Aquila

1868 4654 2106 4723 κένωμα
2151 4652 2248 4706 καὶ
2280 4649 2482 4714 οὐδέν,
2510 4652 2744 4703 inanitas
2787 4658 2839 4702 et
2881 4649 3034 4705 nihil.
3089 4648 3450 4720 Symmachus

1867 4745 2054 4816 ἀργὸν
2103 4745 2201 4799 καὶ
2231 4743 2594 4811 ἀδιάκριτον,
2635 4743 2776 4795 iners
2810 4749 2859 4794 et
2901 4743 3239 4794 indiscretum
3287 4747 3449 4812 quid-

1867 4840 1990 4890 dam
2027 4852 2047 4891 :
2081 4851 2248 4904 quare
2297 4836 2554 4888 nimirum
2589 4832 2718 4886 illud
2750 4833 2918 4886 chaos
2975 4834 3116 4900 apud
3169 4832 3444 4903 Ovidium,

1871 4947 1886 4984 ι
1919 4928 2297 4995 Metamorpln,
2326 4943 2346 4976 ‹
2389 4925 2538 4980 rudis
2581 4925 2958 4994 indigestaque
3009 4926 3197 4980 moles.
3230 4946 3248 4979 ι
3279 4927 3450 4982 Paulo

1866 5026 1986 5089 p0st
2020 5018 2120 5072 sub
2155 5019 2314 5071 tinem
2351 5030 2473 5086 pag.
2524 5013 2848 5086 ἐμϐατεύειν
2877 5017 3064 5071 οὐσίαν
3112 5019 3328 5092 dixerat
3360 5021 3447 5074 in-

1868 5123 2007 5180 terp.
2057 5127 2078 5161 (
2127 5110 2296 5179 ipsam
2341 5124 2400 5164 se
2446 5109 2724 5178 ingressos
2780 5109 3142 5164 substantiam
3195 5111 3287 5165 Dei
3357 5112 3445 5182 ja-

1866 5213 2056 5260 etant:
2094 5221 2112 5254 ι
2165 5202 2261 5257 sed
2303 5203 2550 5256 Graecum
2585 5202 2686 5255 boc
2733 5201 2956 5255 verbum
2998 5217 3100 5257 non
3125 5202 3449 5272 simpliciter

1867 5297 2098 5366 ingredi,
2121 5296 2216 5350 sed
2240 5297 2430 5366 pedem
2460 5294 2687 5358 inferre,
2712 5301 2766 5346 et
2792 5295 2948 5362 quasi
2975 5297 3026 5348 iu
3047 5298 3443 5364 possessionem

1864 5389 2069 5454 ingredi
2101 5397 2280 5452 sonat,
2315 5395 2374 5440 ut
2419 5383 2632 5441 Coloss.
2677 5402 2736 5448 ιι.
2767 5386 2879 5440 l8:
2941 5387 3009 5440 Ἃ
3051 5386 3139 5455 μὴ
3182 5385 3450 5455 ἑώρακεν

1861 5479 2202 5548 ἐμϐατεύων
2252 5494 2266 5508 ·
2324 5489 2442 5548 quis
2504 5493 2609 5532 non
2655 5478 2784 5531 vidit
2825 5477 3122 5530 ambulans.
3190 5478 3442 5544 Budaeus,

1859 5572 1915 5623 in
1949 5584 2130 5623 eorum
2157 5585 2275 5640 qua:
2307 5583 2412 5623 non
2437 5569 2588 5632 vidit,
2613 5570 2991 5639 possessionem
3019 5570 3200 5636 pedem
3223 5585 3444 5638 ponens.

1861 5661 1952 5715 Sic
1977 5662 2030 5714 in
2056 5655 2326 5714 Thesauro
2357 5663 2558 5715 citatur
2580 5676 2646 5716 ex
2686 5656 3024 5717 (Ecumenio
3057 5661 3138 5714 vel
3168 5661 3348 5730 potius
3371 5679 3440 5717 ex

1857 5752 2061 5807 Aretha
2101 5751 2156 5804 in
2202 5753 2341 5810 Acta
2366 5763 2537 5822 apost.
2565 5745 2654 5808 ."0
2683 5754 2893 5822 Κύριος
2931 5754 2963 5808 ό
2993 5750 3115 5816 ταῖς
3163 5753 3438 5822 καρδίαις
