3824 6214
327 291 464 346 1055

1429 295 1431 298 ’
1474 287 1684 348 ΝΟΤΕ
1726 289 2116 348 FRONTONIS
2159 291 2389 349 DUCAEI

3444 297 3583 354 1056

323 413 676 482 ἐμϐατεύων.
721 413 1161 484 Chrysostomns,
1218 409 1304 464 lih.
1376 427 1415 466 ιι
1467 411 1543 466 De
1586 414 1904 480 sacerdotio,
1934 423 1981 476 Α
2007 414 2063 468 in
2101 415 2350 470 manibus
2381 414 2764 484 praphetarum
2801 413 3133 472 assimilatus
3165 430 3322 482 sum;
3357 429 3464 470 non
3494 431 3583 471 se-

324 519 377 572 p.
406 503 472 557 l5
501 522 514 557 :
543 504 653 573 Οὐχ
672 503 758 557 ἵνα
786 503 948 565 αὐτὸς
982 501 1131 576 μάθῃ
1149 519 1164 534 ·
1199 501 1317 567 πῶς
1337 506 1445 575 γὰρ
1476 504 1505 557 ό
1525 503 1625 568 τὰς
1645 505 1902 560 ἀπάντων

321 594 553 666 καρδίας
577 595 983 666 ἐμϐατεύωνςοι
1011 596 1124 649 Νοιι
1155 610 1264 664 quo
1297 595 1411 664 ipse
1438 596 1731 650 edoceatur
1756 615 1770 651 :
1808 598 1899 665 qui

327 685 474 738 enim
505 684 720 740 edoceri
743 687 960 740 studeat
987 687 1051 746 is,
1084 685 1171 740 cui
1205 685 1295 739 uni
1323 687 1630 740 mortalium
1658 689 1899 742 omnium

319 778 482 830 corda
522 785 649 830 sunt
680 777 904 846 pervia?
938 795 956 828 ι
989 777 1178 846 Itaque
1213 791 1316 831 non
1343 777 1578 832 absurde
1609 778 1698 832 hic
1731 778 1900 833 inter-

321 877 564 936 pretatus
613 877 699 924 est
738 867 1054 931 Cornarins,
1101 887 1120 920 ι
1169 869 1343 936 Ipsam
1382 869 1474 923 Dei
1521 871 1898 925 universorum
1945 891 1953 897 ·

319 959 618 1015 essentiam
650 959 1043 1029 pervestigasse
1076 957 1180 1012 sibi
1207 969 1486 1028 arrogant.
1506 978 1542 1011 η»

275 1077 280 1082 -
389 1052 507 1106 Col.
544 1051 651 1107 544
690 1051 732 1108 C
774 1051 861 1106 10.
909 1051 1161 1118 Ὑλικήν
1192 1067 1348 1106 τινα.
1383 1052 1733 1107 Basiliensem
1777 1052 1896 1108 edi-

320 1144 525 1198 tionem
555 1143 643 1199 hic
675 1144 1108 1204 emendavimus,
1132 1144 1217 1198 vel
1246 1145 1424 1214 potius
1454 1147 1896 1216 typographicum

322 1233 547 1304 σφάλμα
583 1235 939 1302 sustulimus;
993 1242 1142 1289 recte
1184 1235 1328 1288 enim
1379 1247 1499 1290 erat
1547 1236 1601 1289 in
1656 1235 1896 1299 Veneta,

319 1327 464 1380 unde
499 1325 586 1379 illa
625 1326 838 1381 videtur
870 1342 1150 1395 expressa,
1183 1342 1286 1380 non
1318 1325 1515 1396 ἡλίκην
1546 1327 1639 1381 sed
1664 1326 1891 1397 ὑλικήν·

321 1417 508 1471 mirari
559 1427 736 1472 tamen
785 1418 920 1473 satis
966 1435 1072 1472 non
1120 1432 1339 1487 possum
1381 1416 1536 1471 Beza:
1583 1426 1894 1487 stuporem,

320 1509 414 1577 qui
442 1523 565 1562 cum
595 1507 648 1562 in
675 1507 1003 1578 Stephanaaa
1038 1519 1187 1562 recte
1217 1523 1479 1562 excusum
1507 1517 1754 1562 cerneret
1782 1507 1898 1560 ὑλι-

321 1601 449 1672 κήν,
477 1610 651 1655 tamen
673 1615 739 1654 ex
765 1600 991 1654 adverso
1009 1599 1179 1655 Graeci
1208 1610 1388 1655 textus
1409 1601 1673 1655 ediderit:
1709 1618 1727 1651 ι
1755 1599 1897 1654 Pras-

323 1705 567 1763 terquam
609 1692 754 1746 enim
796 1693 940 1762 quod
989 1692 1278 1747 essentiam
1329 1692 1420 1746 Dei
1469 1691 1728 1761 cogitabit
1773 1706 1894 1746 esse

305 1759 637 1854 'quantitatis
661 1759 890 1850 alicui—us
917 1803 932 1838 :
963 1800 1069 1854 qua
1108 1784 1161 1837 in
1189 1798 1248 1838 re
1275 1799 1396 1838 cum
1429 1759 1633 1840 Graecis
1659 1799 1892 1838 consen—
1929 1759 1970 1817 Β

322 1879 440 1943 tiet,
479 1896 498 1930 ι
533 1878 687 1947 quasi
721 1877 974 1932 nimirum
1009 1875 1206 1948 ἡλίκην
1244 1875 1496 1945 legisset,
1533 1876 1674 1944 quod
1708 1875 1896 1946 ἡλίκος

326 1987 346 2020 s
378 1979 639 2036 quantum
661 1986 692 2021 -ι
721 1976 911 2034 sonet,
951 1981 1058 2020 non
1103 1966 1315 2036 ὑλικήν,
1354 1983 1373 2017 ι
1404 1965 1738 2018 materialem
1783 1966 1898 2018 sive

321 2073 635 2128 corpoream
675 2057 1034 2112 substantiam
1065 2074 1080 2110 :
1109 2076 1128 2109 ι
1163 2057 1287 2111 vide
1339 2055 1476 2110 infra
1517 2057 1640 2118 ταῖς
1687 2054 1896 2118 ὑλικαῖς

321 2149 645 2218 φαντασίαις
675 2149 774 2212 τὰς
803 2147 934 2220 περ).
962 2146 1119 2200 Θεοῦ.
1153 2145 1494 2210 Plutarchus,
1526 2147 1617 2200 lib.
1645 2145 1756 2199 iDe
1776 2148 1894 2214 pla-

321 2244 440 2296 citis
454 2241 782 2310 ~philosoph.,
805 2255 856 2294 c.
890 2240 942 2304 7,
972 2241 1136 2294 tradit
1167 2239 1630 2294 Anaximandrum
1661 2237 1897 2292 voluisse

319 2334 446 2397 τοὺς
467 2333 705 2404 ἀστέρας
723 2332 1008 2404 οὐρανίους
1024 2331 1203 2394 θεούς,
1220 2349 1250 2381 -ι
1277 2329 1522 2384 cmlestes
1543 2343 1663 2384 esse
1683 2329 1842 2394 deos;
1869 2349 1888 2380 ι

325 2429 682 2483 Democritum
707 2429 956 2482 docuisse
979 2424 1106 2481 νοῦν
1136 2425 1228 2478 τὸν
1260 2425 1393 2478 Θεὸν
1433 2421 1766 2494 ὲμπυροειδῆ
1795 2421 1894 2493 τὴν

318 2517 415 2572 τοῦ
447 2519 651 2590 κόσμου
683 2517 882 2590 ψυχήν,
921 2537 940 2568 ι
980 2517 1148 2570 Deum
1181 2517 1234 2570 in
1277 2517 1430 2585 ignea
1463 2515 1644 2584 specie
1665 2553 1682 2578 ,
1710 2513 1894 2567 mundi

321 2617 592 2678 animam;
624 2632 644 2666 ι
680 2615 892 2668 Stoicos
915 2612 1047 2665 Θεὸν
1072 2609 1471 2680 ἀποφαίνεσθαι
1496 2607 1609 2680 πῦρ
1640 2606 1889 2678 τεχνικὸν

317 2705 422 2778 όὸιῖι
439 2705 650 2776 βαδίζον
667 2705 758 2759 ἐπὶ
781 2704 995 2774 γένεσιν
1022 2702 1252 2773 κόσμου,
1285 2720 1303 2752 ι
1329 2699 1508 2770 Ignem
1542 2700 1894 2753 artiﬁciosum

319 2798 406 2851 via
447 2795 834 2866 ingredientem
865 2795 930 2848 ad
961 2793 1139 2846 mundi
1163 2791 1672 2863 procreationemm
1698 2791 1892 2859 Epicu-

320 2904 442 2944 rum
488 2886 724 2957 denique
773 2885 1196 2958 ἀνθρωποειδεῖς
1251 2884 1460 2947 πάντας
1520 2883 1646 2946 τοὺς
1704 2881 1891 2947 θεούς,

325 3001 347 3034 ε
371 2980 621 3036 omnibus
638 2978 740 3034 diis
766 2978 1054 3032 humanam
1083 2975 1312 3031 formam
1339 2976 1596 3041 tribuere,
1621 2993 1648 3028 ι
1671 2982 1728 3029 ut
1749 2975 1893 3029 sole-

319 3070 630 3125 hantetiam
661 3067 864 3124 ethnici
893 3075 1084 3135 poene.

385 3161 522 3216 Ibid.
552 3160 639 3215 12.
692 3161 733 3214 Α
784 3158 973 3213 lumbis
1015 3173 1248 3212 sursum.
1295 3156 1412 3212 Non
1463 3171 1626 3226 supra
1676 3155 1894 3211 lumbos

321 3265 549 3315 tantum.
581 3262 642 3308 ut
665 3252 924 3322 scriptum
953 3260 1072 3305 erat
1101 3261 1287 3315 antea,
1319 3265 1442 3305 nam
1465 3259 1520 3305 et
1543 3251 1614 3304 ita
1636 3249 1895 3304 Ezechie-

319 3345 387 3400 lis
411 3360 529 3408 vni,
557 3345 613 3408 2,
641 3344 872 3415 legitur:
915 3344 1025 3398 Kal.
1062 3338 1222 3407 εῐδον,
1257 3343 1352 3396 καὶ
1390 3343 1499 3397 ἰδοὺ
1535 3341 1788 3413 ὁμοίωμα
1816 3342 1893 3405 ὡς

319 3435 460 3500 εἶδος
498 3437 689 3508 ἀνδρὸς
735 3435 842 3490 ἀπὸ
881 3436 984 3506 τῆς
1027 3434 1227 3505 ὀσφύος
1266 3433 1430 3487 αὑτοῦ
1462 3433 1556 3488 καὶ
1593 3434 1698 3497 ἕως
1743 3433 1894 3486 κάτω

319 3527 452 3600 πῦρ,
487 3527 582 3580 καὶ
608 3526 716 3580 ἀπὸ
743 3526 845 3596 τῆς
864 3523 1075 3594 -ὀσφύος
1107 3523 1274 3577 αὐτοῦ
1303 3524 1559 3595 ὑπεράνω
1584 3521 1747 3576 αὑτοῦ
1767 3562 1782 3587 ,
1817 3522 1893 3585 ὡς

317 3615 458 3682 εἶδος
487 3618 776 3689 ἠλέκτρουσ
811 3617 878 3670 Et
905 3617 1030 3682 vidi,
1059 3627 1106 3670 et
1129 3633 1242 3670 ecce
1271 3617 1561 3670 similitudo
1578 3615 1682 3669 uiri
1703 3631 1736 3668 a
1757 3615 1892 3667 lum-

316 3711 380 3764 bo
408 3711 519 3778 ejus
551 3720 596 3764 et
628 3725 791 3779 usque
818 3709 1064 3762 deorsum
1092 3708 1226 3779 ignis
1249 3750 1265 3774 ,
1299 3718 1346 3761 et
1380 3725 1412 3760 a
1443 3707 1619 3760 lumbo
1658 3705 1806 3775 ejus,
1842 3715 1891 3758 et

314 3819 477 3871 supra
501 3818 617 3855 eum
637 3840 654 3865 ,
681 3801 836 3870 quasi
863 3801 1057 3864 species
1089 3801 1290 3856 electri.
1317 3800 1462 3854 Citat
1488 3799 1736 3854 eumdem
1769 3813 1894 3868 pro-

315 3894 495 3962 pheta:
519 3893 695 3946 locum
729 3891 891 3947 simili
920 3892 1204 3948 occasione
1224 3890 1282 3946 S.
1305 3891 1463 3946 Joan.
1489 3892 1771 3962 Chrysost.
1795 3891 1888 3946 lib.

317 3998 380 4038 ιιι
406 3983 482 4037 De
512 3983 1023 4051 incompreltemibili
1077 3981 1172 4036 Dei
1222 3993 1449 4046 natura,
1485 3997 1536 4051 p.
1590 3980 1686 4034 561
1724 4000 1738 4036 :
1780 3981 1892 4034 Καὶ

319 4076 457 4146 μετά
472 4074 645 4128 ταῦτα
669 4074 844 4128 πάντα
869 4074 1188 4144 βουλόμενος
1213 4073 1405 4137 δεῖξαι,
1434 4075 1515 4126 ὅτι
1549 4071 1672 4126 οὔτε
1707 4075 1735 4126 ὁ
1755 4091 1890 4145 προ·

316 4164 494 4234 φήτης
543 4161 665 4216 οὔτε
690 4163 747 4215 αἱ
773 4162 1034 4234 δυνάμεις
1066 4164 1270 4216 ἐκεῖναι
1305 4163 1531 4235 ἀκράτῳ
1554 4163 1888 4236 προσέϐαλον

316 4257 453 4327 αὐτῇ
479 4259 544 4327 τῇ
557 4255 732 4327 οὐσίᾳ,
754 4255 916 4325 φησιν
943 4271 956 4285 ο
973 4255 1119 4326 Αὕτη
1144 4256 1178 4326 ἡ
1199 4255 1385 4326 ὅρασις
1403 4255 1718 4326 ὁμοιότητος
1730 4254 1888 4324 δόξης

315 4347 523 4418 Κυρίου
543 4364 558 4380 ο
582 4366 599 4398 ι
629 4346 755 4400 Post
785 4347 901 4400 hinc
930 4360 1053 4401 cum
1088 4345 1246 4398 vellet
1273 4345 1577 4414 exprimere
1600 4359 1700 4398 nec
1721 4359 1748 4396 a
1766 4359 1888 4412 pro-

2003 501 2240 563 cundum
2266 508 2559 562 essentiam
2591 507 2738 562 visus
2773 522 2914 562 sum.
2948 507 3129 573 Quare
3154 509 3418 578 propheta
3450 523 3588 578 quo-

2003 610 2109 668 que
2141 597 2548 652 similitudinem
2582 611 2643 652 se
2666 597 2797 652 dicit
2830 598 3052 652 vidisse.
3091 615 3112 649 ι

2074 688 2363 743 (ἷοΙ.546Α
2379 688 2430 741 7.
2451 687 2572 742 N‘on
2595 690 2756 744 enim.
2788 691 3123 743 Sententiam
3147 689 3390 744 nOnnihil
3405 691 3586 744 diver-

2006 795 2120 834 sam
2143 781 2412 834 extulerat
2433 781 2625 849 interp.
2646 780 2766 835 Non
2783 782 2921 835 enim
2948 783 2993 835 si
3010 783 3322 852 inquirimus
3334 782 3467 852 quid
3490 783 3583 846 sit,

1999 871 2097 922 sed
2128 869 2172 922 si
2204 869 2355 922 illum
2378 887 2488 924 esse
2514 871 2847 939 conﬁtemur,
2879 871 3101 924 salutem
3125 871 3272 925 nobis
3289 882 3582 940 praeparat.

2070 960 2184 1014 Col.
2211 960 2310 1015 551
2346 961 2389 1014 Δ
2416 961 2471 1016 5.
2508 959 2717 1015 Novam
2751 963 2955 1030 blasplt.
2991 962 3066 1016 lla
3098 965 3440 1033 scripsimus,
3474 982 3583 1020 non

1999 1049 2489 1121 utTrapezuntius,
2517 1069 2537 1103 ι
2564 1067 2760 1107 vanam
2784 1054 3129 1122 blasphemia:
3147 1055 3583 1110 consolationem

1997 1143 2310 1208 excogitans
2350 1160 2364 1196 :
2415 1160 2432 1193 ι
2491 1144 2706 1198 tametsi
2748 1144 2797 1198 ei
2842 1143 3238 1214 sull‘ragabatur
3273 1145 3476 1216 Regius
3511 1146 3580 1211 Η.

1996 1231 2160 1302 κενὴν
2208 1232 2307 1302 τῆς
2351 1231 2703 1304 βλασφημίας
2742 1235 3098 1305 παραμυθίαν
3134 1251 3427 1306 suggerens
3467 1253 3485 1290 :
3527 1247 3586 1290 at

2002 1320 2224 1387 Veneta,
2249 1323 2534 1379 Basilicus.
2571 1335 2620 1379 et
2655 1323 2973 1394 Stephanaaa
3007 1329 3220 1398 καινήν,
3255 1346 3276 1379 ι
3306 1343 3525 1392 novam,
3557 1345 3580 1378 ι

1995 1427 2115 1482 qua:
2151 1416 2320 1484 magis
2364 1415 2595 1484 quadrat
2636 1418 2802 1471 verbo
2835 1418 3105 1482 ἐπινοεῖνς
3139 1428 3197 1472 ιιι
3231 1427 3419 1488 postea
3453 1435 3582 1471 και-

1993 1507 2091 1576 νήν
2118 1524 2241 1560 τινα
2269 1505 2368 1578 τὴν
2409 1507 2528 1561 ὁδὸν
2560 1505 2924 1579 ,βλασφημίας
2950 1509 3217 1563 ἐπινοῶν⁹
3254 1514 3346 1565 sed
3375 1512 3429 1564 in
3460 1511 3586 1566 Ste-

1995 1599 2218 1666 phunaaa
2248 1597 2438 1652 miram
2471 1597 2744 1654 inscitiam
2779 1599 2916 1653 Beza
2959 1615 3110 1653 suam
3149 1601 3332 1669 prodit
3373 1601 3459 1656 sic
3500 1603 3586 1655 in-

1999 1697 2301 1758 ler-pretans
2327 1705 2380 1760 p.
2411 1689 2514 1745 249
2545 1709 2558 1744 :
2595 1709 2613 1742 ι
2644 1690 2836 1745 Postea
2883 1691 2999 1761 ipse
3023 1693 3122 1747 sibi
3155 1693 3454 1761 opitulatur
3481 1709 3585 1748 no-

1998 1795 2124 1833 vum
2181 1780 2528 1848 blasphemiae
2577 1782 2873 1837 remedium
2932 1784 3389 1850 comminiscens,
3433 1786 3582 1854 quod

1997 1872 2371 1926 antecedentia
2426 1874 2718 1928 contendat
2769 1875 3160 1943 posterioribus
3203 1877 3506 1932 occultare.
3551 1895 3574 1930 s

1996 1963 2277 2032 Ignorasse
2302 1964 2515 2018 videtur
2545 1967 2674 2034 quid
2701 1968 2772 2021 sit
2795 1967 3258 2036 ἐπαγωνίζεσθαι,
3285 1986 3390 2024 non
3421 1989 3440 2022 ι
3463 1971 3581 2042 opi-

1999 2056 2177 2120 tulari,
2209 2075 2227 2108 ι
2264 2057 2356 2111 sed
2405 2075 2423 2108 ι
2454 2066 2702 2122 certare,
2732 2077 2756 2110 ο
2793 2069 2848 2114 et
2879 2060 3255 2132 ἀποκρύπτειν
3299 2062 3386 2117 hic
3433 2064 3580 2118 idem

1996 2147 2194 2212 valere,
2217 2149 2358 2218 quod
2380 2151 2557 2220 νικᾷν,
2574 2161 2632 2203 ιιι
2648 2152 2785 2221 apud
2809 2156 3055 2206 eumdem
3076 2153 3329 2208 Basilium
3361 2155 3510 2209 born.
3543 2156 3579 2209 9

1996 2237 2050 2290 in
2081 2237 2337 2292 Hexaem.
2365 2252 2383 2288 :
2402 2239 2468 2290 Al
2492 2239 2548 2291 δὲ
2566 2238 2902 2310 προγνώσεις
2924 2242 3032 2293 τῶν
3055 2242 3268 2310 ἀλόγων
3294 2240 3450 2307 ζώων
3475 2243 3580 2314 τῆς

1996 2326 2122 2400 περὶ
2147 2327 2237 2379 τὸν
2266 2327 2401 2399 ἀέρα
2439 2329 2739 2400 μεταϐολῆς
2769 2331 2927 2385 ποίαν
2949 2333 3069 2404 οὐχὶ
3104 2332 3321 2389 σύνεσιν
3349 2333 3579 2406 λογικὴν

1994 2420 2437 2492 ἀποκρύπτουσιν
2461 2438 2475 2486 ;
2504 2440 2522 2473 ι
2552 2421 2923 2478 Prmnotiones
2947 2435 3126 2478 autem
3145 2424 3429 2480 brutorum
3455 2427 3577 2480 ani-

1996 2513 2214 2566 malium
2241 2514 2556 2568 mutationis
2585 2515 2730 2569 aeris
2757 2530 2919 2584 quam
2949 2516 3241 2571 humanam
3263 2519 3574 2588 intelligen-

1997 2605 2126 2659 tiam
2149 2613 2203 2658 et
2225 2606 2568 2674 prudentiam
2597 2621 2702 2660 non
2730 2607 3030 2674 superant?
3053 2627 3078 2660 θ
3107 2607 3377 2663 Caeterum
3406 2608 3574 2664 Joan-

1995 2693 2079 2748 nis
2106 2710 2216 2758 xtv,
2250 2693 2304 2758 9,
2334 2697 2479 2764 scrip
2499 2705 2608 2748 tum
2643 2705 2746 2759 est,
2771 2693 2992 2764 ἑώρακε
3021 2697 3130 2750 τὸν
3154 2697 3409 2766 Πατέρα,
3445 2700 3578 2753 vidit

1995 2784 2306 2840 Patremmt
2328 2785 2485 2841 Joan.
2520 2801 2615 2851 ιιι,
2650 2786 2719 2840 45
2741 2805 2753 2840 :
2775 2788 2982 2856 θεωρεῖ
3004 2789 3114 2843 τὸν
3140 2789 3464 2860 πέμψαντά
3471 2809 3572 2862 με,

1994 2881 2126 2935 uidet
2147 2895 2264 2932 eum
2281 2881 2368 2949 qui
2390 2879 2526 2933 misit
2567 2895 2646 2932 me
2665 2895 2682 2933 :
2698 2896 2814 2948 quae
2826 2881 3063 2935 duo-loca
3079 2882 3294 2937 miscuit
3312 2881 3568 2940 Basilius.

2063 2966 2178 3022 Col.
2214 2967 2321 3022 552
2347 2965 2387 3020 Β
2406 2966 2460 3020 9.
2492 2969 2596 3020 Ἔν
2611 2968 2800 3037 μέσῳ.
2831 2969 3145 3026 Mendosarn
3174 2971 3460 3027 lectionem
3485 2989 3575 3029 se-

1915 3099 1963 3156 c
1997 3067 2153 3114 cutus
2173 3057 2466 3114 Cornarius
2488 3061 2655 3115 edidit
2685 3079 2700 3116 :
2741 3080 2760 3114 ι
2791 3062 2884 3117 Sic
2914 3063 2966 3117 in
3001 3063 3178 3118 medio
3213 3065 3390 3135 sigillo
3419 3054 3574 3134 ejus,

1997 3149 2088 3217 qui
2124 3149 2381 3219 signavit,
2413 3151 2582 3218 ﬁgura
2608 3153 2960 3222 conSpicitur.
2992 3173 3010 3206 ι
3038 3155 3186 3209 idem
3213 3170 3370 3210 error
3395 3167 3454 3212 et
3471 3155 3578 3213 Ve-

1995 3253 2132 3296 netae
2155 3242 2285 3296 edit.
2315 3251 2366 3295 et
2401 3241 2756 3312 Stephanaaaz,
2788 3260 2819 3298 a
2853 3259 2962 3315 quo
2988 3261 3048 3300 se
3070 3257 3244 3303 tamen
3275 3247 3573 3305 immunem

1994 3335 2243 3404 praastitit
2269 3333 2432 3400 Beza,
2475 3353 2495 3386 ι
2529 3336 2619 3391 Sic
2649 3337 2700 3390 in
2733 3337 2846 3406 ipsa
2875 3352 2994 3406 qua:
3017 3339 3179 3409 sigilli
3209 3340 3574 3410 impressione

1993 3425 2236 3479 redditur
2270 3425 2463 3494 ﬁgura,
2497 3428 2742 3481 cernitur
2771 3429 3057 3484 charaCIer
3085 3433 3175 3499 qui
3211 3431 3264 3484 in
3296 3432 3442 3486 illam
3473 3435 3574 3488 im-

1993 3517 2208 3584 pressit.
2231 3535 2250 3568 ι
2285 3515 2476 3571 Grazce
2503 3519 2646 3572 enim
2675 3518 2784 3574 illic
2811 3529 2894 3574 est
2917 3523 2946 3572 ὁ
2970 3519 3228 3584 τυπώσας
3255 3525 3573 3598 χαρακτήρ,

1993 3617 2051 3660 ιιι
2075 3608 2201 3676 legit
2231 3608 2396 3662 etiam
2431 3608 2850 3680 Trapezuntius,
2887 3627 2992 3665 non
3022 3624 3080 3667 ut
3115 3613 3317 3668 habent
3350 3617 3576 3684 reliqua:

1990 3695 2274 3759 editiones,
2298 3697 2327 3749 ό
2358 3696 2452 3750 τοῦ
2481 3697 2853 3759 τυπώσαντος.
2889 3699 3277 3769 Corrigendum
3309 3703 3471 3772 igitur
3504 3721 3576 3761 ex

1992 3785 2158 3857 Regio
2177 3803 2280 3841 ms.
2299 3787 2548 3860 ΙΙ.οὖτως
2567 3791 2623 3842 ἐν
2647 3791 2743 3862 μὲν
2767 3790 2843 3861 τῷ
2868 3793 3377 3864 ἀποσφραγίσματι.
3403 3793 3575 3851 Paulo

1989 3890 2111 3948 post
2143 3881 2369 3950 scripsi,
2412 3899 2430 3932 ι
2464 3897 2585 3950 qua:
2632 3896 2717 3936 est
2767 3884 2819 3938 in
2867 3893 3096 3953 utroque
3132 3887 3468 3942 identitatem
3493 3930 3508 3951 ,
3543 3908 3566 3942 ι

1989 3985 2096 4024 non
2127 3981 2184 4024 ut
2217 3971 2631 4042 Trapezuntius,
2666 3991 2684 4024 ι
2717 3975 2770 4028 in
2801 3983 3030 4044 utroque
3059 3975 3466 4034 similitudinem
3489 4021 3506 4046 ,
3546 3997 3569 4032 ι

1989 4077 2094 4114 non
2125 4062 2268 4116 enim
2301 4061 2592 4134 ὁμοιότητα
2626 4065 2794 4129 dixit,
2834 4065 2928 4120 sed
2977 4066 3283 4138 ταυτότητα
3314 4085 3330 4100 ·
3371 4069 3572 4131 identi-

1990 4163 2152 4208 tatem
2177 4168 2390 4224 quoque
2412 4156 2548 4208 dixit
2573 4153 2887 4221 Cornarius,
2919 4173 3018 4212 nec
3065 4159 3350 4215 abhorruit
3373 4164 3442 4216 ab
3468 4163 3573 4219 hac

1987 4245 2220 4299 dictione
2254 4255 2311 4297 ut
2344 4245 2480 4299 Beza
2506 4285 2522 4312 ,
2563 4264 2581 4297 ι
2605 4244 2772 4302 Nobis
2803 4248 3055 4303 videlicet
3081 4253 3324 4306 eamdem
3353 4257 3569 4308 utrobi-

1987 4350 2091 4403 que
2117 4337 2342 4389 l'ormam
2371 4337 2863 4404 comparantibus:
2899 4356 2918 4390 ι
2973 4355 3148 4409 neque
3191 4341 3460 4398 dubitavit
3500 4343 3566 4399 ll.

319 4440 497 4508 pheta,
531 4453 630 4493 nec
659 4453 689 4492 a
718 4437 1009 4492 virtutibus
1037 4437 1142 4491 illis
1183 4451 1386 4489 meram
1423 4436 1594 4506 ipsam
1629 4435 1882 4490 substani

1997 4427 2332 4494 Stephanus,
2383 4427 2434 4480 in
2489 4425 2780 4494 Thesauro,
2811 4444 2880 4484 ex
2929 4431 3220 4487 Aristotele
3261 4434 3567 4503 proferens,

319 4532 448 4583 tiam
485 4529 686 4598 percipi
712 4569 727 4593 ,
753 4529 882 4583 illud
909 4528 1114 4582 addidit
1149 4546 1162 4582 :
1196 4527 1318 4580 llaec
1348 4527 1486 4580 visio
1517 4525 1887 4582 similitudinis

315 4619 502 4690 gloria:
527 4619 774 4684 Domini;
813 4637 833 4671 ι
867 4617 956 4672 ubi
987 4620 1149 4671 verba
1179 4617 1452 4686 propheta:
1479 4616 1684 4684 profert
1706 4627 1763 4670 ut
1787 4615 1887 4671 Ba-

316 4712 490 4772 silius,
518 4710 627 4764 ἀπὸ
654 4710 899 4781 ὁράσεως
922 4708 1121 4779 ὀσφύος
1154 4708 1248 4762 καὶ
1279 4709 1383 4771 ἕως
1411 4707 1614 4760 ἐπάνω.
1648 4707 1704 4762 ln
1737 4723 1888 4763 eum-

315 4805 436 4856 dem
465 4802 642 4856 locum
667 4803 829 4856 etiam
857 4802 1253 4866 Theodoretus,
1275 4800 1334 4853 ὃν
1363 4799 1456 4853 ἐπὶ
1487 4801 1597 4854 τῶν
1621 4800 1889 4872 χερουϐὶμ

312 4892 600 4957 ἐθεάσατο,
636 4891 825 4948 τοῦτον
862 4894 964 4965 ὁρᾷ
1003 4891 1127 4962 δίχα
1153 4891 1264 4944 τῶν
1293 4889 1578 4962 χερουσίμ.
1621 4893 1759 4945 Ποτὲ
1786 4893 1884 4963 μὲν

310 4984 423 5057 γὰρ
443 4983 593 5055 αὐτῷ
619 4983 884 5056 φοϐερῶς,
914 4984 1044 5038 ποτὲ
1062 4983 1118 5036 δὲ
1138 4983 1360 5054 ἡμέρως
1386 4983 1725 5051 ἐπιφαίνεται
1752 4985 1888 5037 πάν-

310 5091 382 5126 τα
423 5073 559 5145 πρὸς
592 5073 689 5144 τὴν
733 5073 924 5144 χρείαν
969 5072 1288 5143 οἰκονομῶν.
1335 5073 1508 5125 Αὐτοῦ
1550 5073 1659 5144 γὰρ
1695 5075 1882 5144 φωνή·

325 5164 466 5233 Ἐγὼ
508 5165 727 5237 ὁράσεις
777 5163 1086 5236 ὲπλήθυνα,
1138 5165 1231 5218 καὶ
1278 5167 1335 5218 ὲν
1383 5165 1539 5237 χερσὶ
1587 5166 1885 5236 προφητῶν

311 5255 602 5328 ὼμοιώθην
625 5273 639 5288 ο
668 5256 731 5309 οὐ
755 5256 894 5309 κατά
915 5256 1015 5327 τὴν
1037 5255 1226 5309 οὐσίαν
1249 5254 1460 5327 ὤφθην,
1483 5255 1562 5310 διὸ
1589 5259 1682 5311 καὶ
1703 5260 1731 5311 ό
1754 5275 1886 5328 προ-

311 5351 489 5420 φήτης
515 5347 765 5419 ὁμοίωμα
790 5346 936 5415 λέγει
962 5346 1295 5418 ἑωρακέναιο
1325 5365 1343 5397 ι
1367 5348 1533 5412 Quem
1567 5362 1728 5416 super
1749 5350 1881 5402 che-

314 5443 486 5495 rubim
513 5440 906 5510 c0ntemplatus
926 5451 1064 5505 erat,
1096 5443 1236 5495 hunc
1266 5441 1416 5494 videt
1445 5440 1648 5510 absque
1683 5443 1882 5496 cheru-

311 5533 442 5585 bim.
476 5530 748 5585 Interdum
774 5531 920 5585 enim
955 5531 1056 5600 ipsi
1083 5530 1464 5598 formidabilis,
1489 5532 1759 5588 interdum
1783 5537 1884 5588 mi-

304 5622 383 5678 tis
413 5628 669 5693 apparet,
701 5633 882 5673 omnia
929 5635 1027 5690 pro
1060 5622 1294 5675 utilitate
1339 5622 1675 5691 dispensans.
1707 5623 1882 5694 Ipsius

303 5713 452 5765 enim
485 5711 683 5764 dictum
718 5718 802 5766 est
833 5710 958 5768 illud
984 5731 998 5768 :
1025 5713 1136 5784 Ego
1160 5712 1395 5770 visiones
1425 5713 1790 5786 multiplicari.
1826 5727 1880 5773 et

1984 4516 2224 4572 Etliicor.
2251 4517 2307 4584 6,
2341 4533 2524 4573 vocem
2563 4521 2846 4592 ταυτότης,
2893 4525 3091 4578 addere
3126 4544 3143 4576 ι
3170 4527 3325 4593 quasi
3365 4528 3568 4583 dicet-ct

1983 4611 2255 4664 identitas.
2289 4629 2309 4662 ι
2346 4610 2703 4667 Doctissimus
2753 4612 2941 4666 Billius
2989 4618 3129 4685 apud
3161 4615 3423 4671 lsidorum
3466 4618 3570 4675 Pe-

1985 4699 2236 4753 lusiotam
2271 4700 2343 4754 ita
2374 4702 2574 4767 vertit,
2619 4703 2776 4770 epist.
2811 4703 2916 4758 142
2949 4704 3041 4759 lib.
3075 4722 3146 4771 ιι,
3180 4707 3310 4762 illud
3343 4730 3354 4763 :
3389 4709 3570 4783 Προσ-

1985 4789 2149 4845 ώπων
2171 4792 2280 4865 γὰρ
2311 4794 2552 4864 ποιότητι
2576 4795 2670 4848 καὶ
2692 4796 3038 4850 ὑποστάσεων
3073 4799 3294 4871 ἰδιότητι
3324 4801 3571 4856 διαστέλ-

1986 4882 2168 4946 λοντες
2188 4923 2202 4948 ,
2245 4885 2327 4948 εἰς
2369 4885 2464 4938 ἕνα
2503 4886 2664 4972 πάλιν
2713 4885 3076 4959 συστελοῦμεν
3099 4889 3231 4942 Θεὸν
3263 4891 3351 4944 διὰ
3375 4892 3436 4944 τὸ
3466 4893 3569 4964 τῆς

1981 4977 2170 5039 οὐσίας
2190 4977 2387 5030 ταύτόν
2407 4995 2420 5008 ·
2451 4995 2470 5028 ι
2497 4976 2771 5048 Siquidem
2797 4995 3148 5048 personarum
3173 4981 3434 5050 qualitate
3478 4995 3568 5037 at-

1983 5083 2089 5136 que
2127 5071 2487 5140 hypostaseon
2533 5070 2868 5140 proprietate
2906 5070 3302 5140 distinguentes
3345 5083 3572 5142 propter

1982 5163 2232 5216 essentia:
2267 5161 2642 5228 identitatem,
2682 5177 2803 5216 eam
2837 5178 3050 5216 rursum
3097 5163 3151 5216 in
3197 5178 3360 5218 unum
3395 5163 3568 5218 Deum

1982 5253 2383 5306 contrahemus.
2408 5271 2426 5304 ι
2446 5250 2558 5307 Hoc
2588 5255 2633 5308 si
2665 5252 2885 5308 fecisset
2910 5253 3181 5323 interpres
3204 5254 3399 5309 Justini
3418 5253 3568 5309 Lan-
3610 5291 3614 5293 μ

1981 5358 2101 5412 gus,
2130 5359 2236 5397 non
2263 5344 2333 5397 ita
2363 5345 2594 5400 obscure
2618 5345 3091 5400 extulissetlocutn
3113 5346 3263 5399 illum
3287 5348 3559 5410 Quwstio-

1981 5455 2104 5491 num
2131 5441 2201 5492 ad
2227 5439 2465 5505 ercos,
2502 5458 2625 5512 pag.
2665 5442 2767 5497 157
2793 5445 2926 5499 edit.
2972 5444 3254 5500 Commel:
3287 5447 3570 5520 Ἀναιρου-

1983 5533 2145 5604 μένου
2175 5535 2269 5587 τοῦ
2295 5534 2457 5588 ἄλλου
2488 5536 2580 5588 καὶ
2609 5535 2799 5600 ἄλλου,
2832 5536 3250 5608 ἀναιρεθήσεται
3290 5539 3348 5603 ἐξ
3388 5539 3567 5609 ἀνάγ·-

1979 5643 2082 5697 κης
2115 5625 2176 5678 τὸ
2200 5626 2396 5680 ταύτὸν
2435 5629 2534 5698 τῆς
2562 5628 2752 5691 οὐσίας
2782 5628 2875 5680 τοῦ
2908 5627 3044 5680 Θεοῦ
3069 5630 3166 5680 καὶ
3197 5630 3293 5698 τῆς
3322 5629 3523 5700 βουλῆς
3545 5647 3560 5662 ·

1985 5736 2002 5771 ι
2037 5718 2158 5773 Alio
2189 5727 2350 5787 atque
2379 5718 2484 5775 alio
2525 5719 2736 5775 sublato
2759 5757 2774 5783 ,
2817 5717 3032 5775 tolletur
3072 5732 3380 5776 necessario
3415 5731 3471 5776 et
3504 5721 3568 5780 id
