3824 6214
203 325 350 386 10ὅῖ

1312 323 1381 380 ΙΝ
1417 323 1668 381 LIBROS
1704 323 1984 382 CONTRA
2021 323 2414 384 EUNOMIUM.

3285 364 3290 371 -
3341 331 3483 391 1058

202 450 356 520 quod
402 463 546 504 .oem
584 449 654 506 sit
685 447 934 504 essentia!
956 445 1055 503 Dei
1085 455 1142 502 et
1179 446 1495 504 voluntatis.
1517 467 1538 502 ι
1579 447 1794 505 Clarius
1825 457 1870 511 Λ
1896 457 1977 502 ter
1997 465 2137 503 meus
2161 449 2333 519 major
2389 464 2470 504 me
2495 457 2568 504 est
2610 463 2631 503 :
2665 447 2794 504 illud
2833 457 3013 506 autem
3033 491 3048 517 ,
3082 452 3116 505 ό
3141 448 3384 520 πέμψας
3404 470 3483 523 με

202 541 467 605 dixisset,
504 560 524 592 ι
559 542 778 595 tolletur
821 539 1130 595 necessario
1163 538 1420 596 identitas
1459 541 1709 597 essentia:
1743 550 1800 596 et

203 633 512 688 voluntatis
539 633 650 688 Dei.
684 651 703 684 ι
733 633 826 688 Sic
854 633 907 686 in
926 631 1271 700 Expositione
1289 631 1434 700 ﬁdei,
1464 647 1517 702 p.
1546 634 1653 690 296
1679 653 1692 689 :
1717 636 1792 688 Τὸ

201 725 410 780 ταύτὸν
426 726 529 796 τῆς
557 726 744 790 οὐσίας
777 723 1238 794 ἐπαγγειλάμενοι
1255 723 1469 788 δείξειν·
1502 744 1522 778 ι
1546 725 1678 780 Cum
1697 741 1798 782 nos

206 819 691 873 demonstraturos
721 813 1372 885 receperimusunitatem
1401 814 1515 869 sive
1542 815 1794 871 identita-

207 919 320 964 tem
345 911 600 964 essentia:
627 909 932 964 Trinitatis.
973 925 992 960 ι
1023 906 1311 974 Reperitur
1349 917 1404 960 et
1448 908 1590 976 apud
1626 907 1796 962 lsido-

207 1018 356 1066 rum,
391 1003 486 1056 lib.
518 1018 592 1066 ιν,
608 1002 768 1072 epist.
797 1000 924 1066 928,
955 1014 1058 1054 vox
1085 997 1373 1070 ταυτότης.
1399 999 1517 1052 Ἵνα
1615 1015 1796 1070 παραα

203 1094 510 1164 δείγματα,
552 1093 646 1147 καὶ
674 1093 750 1165 μὴ
783 1091 1050 1163 ταυτότης
1077 1095 1163 1166 εἴη
1184 1113 1198 1127 ·
1240 1112 1261 1146 ι
1297 1093 1362 1150 Ut
1392 1092 1503 1149 sint
1526 1082 1793 1160 exempla,

203 1193 262 1236 et
292 1199 399 1238 non
449 1183 527 1238 rei
576 1182 834 1238 identitas
863 1183 1076 1237 evadat.
1109 1203 1132 1236 ι
1187 1184 1434 1240 Bessario
1459 1184 1672 1237 demum
1705 1181 1797 1236 Ni-

204 1287 397 1328 cenus
426 1272 568 1340 apud
602 1271 989 1338 Aristotelem,
1023 1273 1116 1328 lih.
1146 1289 1223 1337 tv,
1257 1290 1305 1329 c.
1336 1273 1370 1329 9
1409 1272 1796 1344 Μαιαρήῃεὶεο-

205 1379 326 1416 rum
358 1363 430 1416 ab
457 1361 561 1416 hac
591 1374 719 1415 voce
739 1375 847 1414 non
874 1359 1164 1417 abstinuit:
1187 1363 1348 1417 ’Ὥστε
1377 1361 1631 1434 φανερὸν,
1653 1363 1789 1433 ὅτιῄ

201 1456 478 1528 ταυτότης
505 1457 692 1528 ἑνότης
729 1457 814 1520 τίς
847 1457 995 1510 ἐστιν
1019 1496 1034 1522 ,
1066 1458 1098 1529 ἢ
1133 1458 1393 1512 πλειόνων
1426 1457 1521 1511 τοῦ
1556 1453 1724 1522 εἶναι,
1755 1455 1788 1528 ἢ

202 1549 335 1601 ὅταν
365 1551 564 1620 χρῆται
588 1550 664 1612 ὼς
693 1548 934 1602 πλείοσιν
955 1565 968 1579 ·
1008 1567 1029 1601 ι
1062 1551 1242 1617 Quare
1271 1563 1440 1623 patet,
1467 1551 1608 1621 quod
1636 1552 1789 1606 iden-

207 1645 339 1696 titas
368 1643 549 1696 unitas
574 1641 820 1710 quaedam
849 1643 1102 1698 essentiaa
1125 1651 1244 1710 est,
1280 1654 1374 1698 aut
1393 1644 1627 1714 plurium
1649 1683 1664 1709 ,
1699 1652 1793 1698 aut

203 1749 330 1786 cum
377 1743 441 1788 ut
494 1734 738 1803 pluribus
785 1741 988 1788 utatur.
1027 1753 1047 1788 ι
1084 1733 1371 1791 Perionius
1415 1736 1581 1804 dixit,
1629 1737 1789 1806 (ejus

203 1823 351 1893 quod
383 1823 524 1876 idem
551 1832 635 1877 est
665 1823 952 1888 rationem,
981 1823 1314 1880 identitatem
1340 1835 1556 1882 vocant.
1590 1845 1610 1877 ι

277 1914 398 1970 Col.
423 1915 530 1970 555
559 1914 601 1968 Β
635 1915 724 1969 12.
754 1915 1162 1986 Ἐκτείνωμεν.
1193 1917 1256 1972 Η.
1287 1933 1387 1973 ms.
1416 1919 1788 1991 ἐκϐάλλωμεν.

206 2006 275 2062 Et
300 2022 428 2062 mox
449 2005 665 2078 πρῶτος
681 2009 709 2060 ὁ
733 2006 790 2060 δὲ
816 2006 1061 2080 ὕστερος,
1089 2018 1145 2063 et
1166 2009 1239 2063 ita
1257 2007 1793 2080 Trapezunt.,iprio-

207 2115 322 2152 rem
353 2107 409 2152 et
435 2099 811 2167 posteriorem.
843 2119 864 2152 ι
897 2098 965 2152 Ει
1004 2115 1194 2155 rursus
1223 2100 1462 2171 πρῶτος,
1492 2103 1520 2156 ὁ
1549 2102 1607 2155 δὲ
1633 2101 1791 2156 ὔστε-

206 2208 325 2264 ρος.
376 2189 509 2245 ltent
562 2190 718 2260 paulo
785 2201 907 2259 post
958 2191 1253 2260 ἀναγκαῖον
1300 2193 1550 2248 ἐντεῦθεν
1594 2195 1787 2258 οἴεται,

203 2281 644 2347 emendavimus,
674 2295 738 2334 ex
773 2282 963 2336 eodem
1005 2281 1209 2353 Regio:
1243 2299 1366 2338 cum
1399 2294 1453 2338 et
1486 2283 1690 2339 Veneta
1735 2296 1790 2340 et

205 2371 334 2430 Bas.
359 2381 414 2426 et
437 2372 632 2441 Steph.
655 2372 954 2439 ἀναγκαῖον
979 2387 1262 2441 perperam
1279 2374 1480 2428 editum
1502 2374 1786 2439 baberent,

202 2478 258 2520 et
286 2468 561 2535 interpres
587 2465 750 2520 nimis
773 2465 1012 2528 concise,
1045 2484 1063 2518 ι
1093 2466 1329 2535 seipsum
1354 2468 1670 2533 extrudens,
1693 2483 1788 2524 ne-

203 2559 502 2614 cessariam
530 2573 588 2613 se
617 2565 768 2628 putat
796 2573 1020 2612 suorum
1048 2558 1358 2628 dogmatum
1393 2559 1683 2615 tradidisse
1701 2562 1789 2616 do-

203 2653 464 2705 ctrinam.
495 2669 516 2702 ο
541 2649 675 2704 Male
714 2649 874 2705 etiam
897 2649 1210 2715 Cornarius,
1238 2649 1388 2718 quasi
1415 2649 1636 2720 legisset
1677 2651 1788 2705 δια-

199 2745 524 2815 δοχήν,·ιιοιι
543 2742 876 2815 παραδοχήν,
913 2760 933 2793 ι
965 2739 1341 2798 Necessarium
1368 2744 1492 2798 hinc
1513 2745 1788 2799 arbitran-

202 2847 292 2891 tur
320 2836 664 2906 propriorum
686 2838 996 2904 dogmatum
1020 2834 1416 2890 successionem
1441 2836 1779 2890 ostendere»

202 2923 312 2979 Sed
336 2926 480 2996 quod
504 2927 800 2995 prtecessit,
819 2926 913 2980 καὶ
932 2925 1000 2978 τὰ
1020 2923 1285 2978 ἀκόλουθα
1307 2922 1486 2979 λαϐὼν
1507 2927 1626 2988 ταῖς
1653 2925 1784 2979 ὐπο-

200 3015 410 3081 θέσεσι,
437 3027 581 3071 recte
602 3018 980 3087 interpretatus
1001 3027 1106 3081 est,
1134 3033 1154 3067 ι
1179 3031 1299 3071 cum
1324 3032 1383 3072 ea
1416 3032 1535 3086 quae
1565 3018 1632 3072 ad
1663 3033 1785 3074 con-

200 3107 392 3160 stituta
448 3117 764 3176 argumenta
813 3114 1217 3176 consequuntur
1251 3109 1627 3176 assumpserit.
1673 3127 1692 3161 ι
1724 3107 1780 3162 In

202 3199 269 3254 11.
299 3207 419 3253 erat
446 3200 552 3252 τῶν
573 3197 828 3252 τοιούτων
860 3198 1165 3269 δογμάτων,
1193 3213 1291 3268 pro
1319 3198 1426 3253 τῶν
1456 3200 1598 3253 ἰδίων
1618 3201 1776 3274 δογμ.

270 3291 389 3346 Col.
429 3290 533 3344 356
566 3291 607 3345 C
630 3290 685 3345 2.
731 3290 860 3356 Τοῖς
878 3289 946 3342 ἐκ
958 3290 1201 3358 χρόνου.
1235 3291 1555 3348 Addidimus
1573 3307 1646 3348 ex
1678 3310 1778 3350 tus.

197 3397 388 3435 vocem
419 3381 751 3453 πρεσϐείοις,
775 3398 938 3450 quant
963 3394 1015 3436 et
1046 3384 1402 3450 praecedentia
1436 3385 1778 3453 repetendam

201 3475 370 3525 fuisse
394 3472 610 3538 docent,
630 3483 682 3525 et
711 3472 976 3540 interpres
1000 3485 1060 3526 se
1088 3473 1140 3525 in
1161 3473 1470 3542 apographo
1491 3487 1592 3529 suo
1616 3488 1780 3544 repe-

200 3570 342 3624 risse
375 3568 597 3633 indicat,
629 3583 749 3622 cum
775 3569 889 3634 ait,
924 3585 942 3618 ι
974 3577 1028 3621 et
1060 3566 1319 3637 temporis
1348 3569 1718 3624 eminentiam.
1753 3585 1773 3620 ι

198 3658 344 3713 Idem
364 3672 467 3711 ms.
483 3672 579 3726 pro
589 3656 852 3728 ταχθεῖσα
873 3657 1131 3728 scriptum
1144 3671 1206 3712 ex
1217 3658 1388 3712 bibuit
1406 3656 1776 3728 διαταχθείσα,

200 3769 223 3804 ι
252 3750 571 3818 dispositus.
601 3766 622 3798 ι

267 3841 389 3897 Col.
421 3841 522 3894 557
554 3840 594 3895 C
623 3837 676 3894 9.
711 3838 940 3906 Ὅσοις.
980 3837 1110 3906 Quae
1154 3847 1455 3909 sequuntur
1483 3840 1675 3906 verba,
1717 3842 1777 3894 ὲν

194 3932 380 3995 ἄλλοις
410 3930 548 3984 κατὰ
574 3928 814 3996 τούτων,
845 3945 911 3984 ex
945 3929 1112 3984 variis
1153 3928 1476 3985 lectionibus
1513 3930 1665 4000 Regii
1706 3929 1774 3985 11.

195 4029 318 4080 sine
366 4040 528 4078 causa
572 4033 700 4077 sunt
744 4023 910 4077 textui
953 4023 1192 4088 inserta,
1241 4038 1343 4078 nec
1378 4025 1446 4078 ab
1481 4024 1778 4094 interprete

195 4123 569 4186 agnoscuntur
612 4130 626 4166 :
670 4112 764 4166 sed
811 4111 972 4181 paulo
1019 4121 1140 4181 post
1177 4111 1354 4180 aptius
1402 4113 1676 4182 legebatur
1724 4115 1775 4169 in

193 4207 390 4262 eodem
419 4203 483 4258 11.
503 4202 555 4254 τι
577 4197 668 4257 οὖν
690 4204 866 4255 ἐκεῖνο
889 4201 950 4255 τὸ
973 4202 1270 4273 διάστημα.
1311 4201 1447 4258 Ibid.
1479 4204 1560 4258 iul'
1561 4220 1638 4270 ra,
1668 4204 1776 4260 Sed

193 4298 424 4352 videtur.
459 4294 586 4350 Haec
630 4295 916 4348 immutata
945 4305 1092 4360 sunt,
1125 4295 1230 4349 illis
1256 4294 1478 4364 ,ejectis,
1517 4313 1536 4346 ι
1573 4293 1770 4351 Verum

196 4398 255 4441 ut
286 4387 503 4440 videtur
521 4394 577 4440 et
597 4401 790 4454 magna
822 4383 1025 4452 ingenii
1053 4385 1100 4438 vi
1129 4385 1267 4439 diem
1295 4401 1359 4440 ac
1386 4395 1596 4440 noctem
1619 4387 1772 4458 quasi

194 4481 476 4535 stellarum
511 4488 657 4533 motu
689 4487 842 4546 putat
883 4478 1019 4544 lieri,
1047 4483 1102 4531 et
1137 4478 1234 4532 has
1265 4491 1386 4532 esse
1416 4487 1617 4546 partes.
1655 4497 1676 4532 ι

268 4571 387 4626 Col.
421 4569 527 4625 559
554 4569 595 4623 C
621 4569 674 4622 6.
714 4567 783 4621 Et
814 4568 1072 4621 scarabei.
1107 4567 1220 4623 Non
1261 4586 1280 4619 ι
1311 4570 1628 4638 papiliones,
1656 4588 1676 4622 ι
1720 4578 1777 4624 ιιι

194 4665 495 4734 scripserat
534 4661 762 4730 Trapez.
797 4659 930 4714 Nam
963 4659 1115 4731 παρὰ
1145 4660 1236 4713 τὸν
1267 4659 1520 4715 κάνθωνα
1551 4661 1772 4717 deduci-

196 4767 286 4808 tur
315 4768 510 4808 nomen
537 4751 827 4822 κάνθαρος,
855 4751 996 4818 quod
1027 4752 1321 4805 scarabeus
1352 4766 1417 4805 ex
1453 4751 1592 4806 asini
1627 4761 1772 4806 ster-

193 4858 324 4898 core
351 4849 624 4906 nascatur,
649 4852 707 4894 ut
727 4839 1016 4911 κανθαρός,
1064 4843 1358 4896 scarabeus
1385 4843 1474 4911 qui
1498 4842 1771 4897 frumenta

191 4935 391 4992 erodit.
417 4933 546 4989 Post
575 4949 747 5002 pauca
775 4934 829 4986 in
868 4932 1324 5001 interpretatione
1352 4934 1637 4988 verborum
1663 4933 1771 4988 Eu-

192 5029 364 5084 nomii
393 5029 508 5081 haec
537 5026 934 5090 ειιειιιΙίιιιιιε,.ι
969 5025 1136 5094 Atqui
1169 5025 1302 5079 dicit
1331 5041 1431 5080 nec
1455 5035 1512 5079 ut
1538 5028 1772 5096 qualitas

192 5130 286 5173 aut
321 5119 522 5183 moles,
561 5127 654 5172 aut
693 5115 972 5186 quantitas
1016 5116 1067 5169 in
1115 5117 1416 5170 subStantia
1449 5117 1540 5171 Dei
1577 5118 1773 5184 poterit

192 5214 481 5266 ἱιιιιιιειειε.
538 5208 788 5262 Liberum
841 5207 986 5262 enim
1043 5207 1111 5259 ab
1174 5207 1320 5260 onmi
1380 5208 1770 5276 compositione

192 5303 362 5355 Deum
409 5313 530 5354 esse
578 5312 803 5352 necesse
849 5305 949 5350 est.
984 5313 1004 5346 ι
1040 5293 1144 5350 Sed
1185 5296 1238 5349 in
1271 5296 1450 5351 verbis
1493 5297 1767 5364 Evangelii

187 5393 466 5462 legebatur
495 5406 560 5445 ex
593 5405 694 5444 ms.
726 5387 792 5454 11,
823 5391 856 5442 ὁ
876 5387 1119 5458 πέμψας
1157 5405 1234 5456 με
1279 5386 1483 5456 Πατὴρ
1525 5386 1762 5458 μείζων,

189 5501 297 5540 non
330 5493 388 5536 ut
417 5483 470 5538 in
509 5497 710 5537 excuso
735 5484 763 5534 ὁ
788 5480 975 5553 Πατὴρ
996 5483 1024 5534 ὁ
1047 5479 1290 5550 πέμψας,
1316 5491 1369 5534 et
1394 5481 1465 5533 ita
1501 5481 1766 5534 collocau-

189 5589 278 5630 tur
313 5578 428 5630 luec
464 5575 652 5640 verba,
679 5590 801 5629 cum
832 5574 992 5629 simul
1019 5574 1321 5644 junguntur
1347 5575 1398 5628 in
1427 5573 1716 5643 Evangelio
1750 5591 1761 5626 :

189 5686 316 5723 nam
349 5666 577 5723 Joannis
616 5669 834 5738 quidem
869 5682 983 5731 xw,
1013 5665 1084 5722 28
1107 5705 1122 5728 ,
1164 5676 1368 5720 tantum
1403 5665 1519 5720 haec
1561 5666 1764 5719 haben-

187 5771 294 5827 tur,
335 5761 453 5815 Ὅτι
485 5763 518 5814 ὁ
545 5762 744 5830 Πατήρ
765 5777 882 5832 μου
909 5757 1121 5831 μείζων
1147 5777 1266 5829 μου
1296 5757 1447 5822 ἐστί,
1479 5757 1617 5825 Quia
1654 5758 1760 5815 Pa-

1902 541 2128 610 Πατήρ,
2154 541 2381 596 ascitum
2407 550 2492 597 est
2524 557 2588 597 ex
2621 541 2728 596 alio
2759 541 2992 597 Joannis
3023 541 3145 598 loco
3167 583 3183 608 ,
3223 545 3478 600 nimirum

1899 635 1986 689 vel
2033 649 2099 689 ex
2137 633 2296 690 Joan.
2339 650 2460 700 vui,
2493 634 2598 690 l6:
2633 635 2764 689 Ὀτι
2788 635 2980 705 μόνος
3006 637 3118 690 οὐκ
3146 636 3262 705 ειμι
3285 676 3301 701 ,
3339 638 3481 693 ἀλλ’

1898 723 2033 795 ἐγὼ,
2059 726 2156 780 καὶ
2179 727 2212 780 ὸ
2230 725 2474 795 πέμψας
2491 743 2568 796 με
2597 725 2797 794 Πατήρ
2817 743 2832 757 ο
2865 725 3005 792 Quia
3039 728 3183 781 solus
3206 743 3308 782 non
3336 745 3478 791 sum,

1898 819 1989 870 sed
2014 833 2127 888 ego,
2159 828 2208 872 et
2238 819 2327 887 qui
2355 819 2496 872 misit
2522 835 2603 872 me
2627 815 2790 872 Pater
2813 835 2834 884 ;
2864 819 2947 874 vel
2973 834 3039 874 ex
3082 835 3156 873 xu
3180 859 3195 882 ,
3223 819 3294 873 49
3323 837 3336 873 :
3375 817 3480 885 Ἐξ

1897 911 2156 979 ἐμαυτοῦ
2186 912 2297 965 οὐκ
2324 911 2622 980 ἐλάλησα,
2653 912 2792 966 ἀλλ’
2821 915 2855 966 ό
2875 911 3117 981 πέμψας
3136 929 3217 983 με
3248 910 3508 980 [lat-rip.-

1903 998 1985 1052 Ea:
2007 1002 2201 1069 meipso
2235 1018 2338 1056 non
2361 1017 2478 1055 sum
2509 1001 2742 1068 locutus,
2769 1005 2859 1056 sed
2887 1001 2980 1070 qui
3008 1003 3152 1056 misit
3175 1019 3258 1056 me
3283 999 3472 1060 Pater.

1897 1088 2034 1144 Cum
2071 1091 2237 1159 igitur
2273 1093 2388 1147 haec
2417 1093 2488 1148 ita
2522 1092 2766 1163 junxerit
2799 1093 3068 1158 Basilius,
3094 1093 3269 1150 ﬁdelis
3298 1095 3473 1150 inter-

1896 1179 2065 1244 pretis
2091 1177 2192 1233 fuit
2218 1181 2352 1246 haec,
2390 1181 2468 1236 uti
2499 1191 2655 1236 erant
2682 1183 2735 1238 in
2767 1181 2992 1248 Graecis,
3027 1183 3216 1238 Latine
3244 1199 3472 1241 conver—

1899 1278 2035 1334 tere,
2061 1285 2169 1326 non
2200 1274 2558 1344 supprimere,
2589 1284 2646 1329 ut
2676 1277 2980 1345 suppressit
3006 1275 3142 1331 The.
3169 1275 3306 1331 Beza
3331 1277 3469 1330 duo-

1899 1361 1996 1417 bus
2025 1363 2192 1429 locis,
2221 1381 2274 1435 p.
2308 1365 2412 1420 260
2439 1376 2493 1422 et
2521 1383 2573 1436 p.
2605 1366 2732 1434 265,
2757 1368 3001 1422 scribens
3033 1377 3241 1423 tantum
3264 1407 3280 1434 ,
3309 1365 3474 1422 Pater

1896 1453 2072 1524 major
2101 1471 2182 1509 me
2213 1467 2308 1510 est.
2361 1457 2621 1514 Eumdein
2663 1459 2838 1514 locum
2878 1461 3135 1514 adversus
3181 1459 3473 1514 Eunomia-

1897 1560 1996 1600 nos
2028 1555 2084 1600 et
2113 1546 2344 1603 Arianos
2389 1559 2674 1604 tractatum
2708 1551 2947 1608 oﬂ'endes
2981 1554 3074 1606 lib.
3112 1568 3187 1618 iv,
3220 1559 3275 1604 et
3306 1551 3468 1620 epist.

1895 1639 1991 1693 141
2032 1640 2098 1692 ad
2146 1639 2508 1696 Caesarienscs
2536 1683 2550 1707 ,
2586 1655 2640 1696 et
2677 1645 2818 1714 apud
2851 1645 3236 1708 Athanasium,
3259 1651 3400 1698 orat.
3435 1643 3472 1696 2

1896 1725 2147 1782 adversus
2187 1727 2443 1794 Arianae,
2482 1746 2535 1800 p.
2585 1731 2678 1785 lSl
2721 1749 2734 1785 :
2772 1731 2932 1786 Ἀλλὰ
2975 1732 3178 1804 μείζων
3213 1729 3364 1786 εἶπεν
3405 1731 3469 1786 οὔ

1824 1809 1863 1864 Β
1895 1818 2116 1889 μεγέθει
2147 1821 2267 1874 οὐδὲ
2299 1822 2496 1894 χρόνῳ,
2525 1822 2662 1876 ἀλλὰ
2689 1823 2777 1878 διὰ
2806 1825 2905 1896 τὴν
2934 1823 2995 1890 ἐξ
3030 1825 3194 1878 αὑτοῦ
3229 1824 3322 1878 τοῦ
3354 1825 3470 1878 Παι-

1890 1911 2018 1980 τρδς
2048 1910 2301 1983 γέννησιν
2325 1929 2338 1943 ·
2387 1931 2406 1965 ι
2435 1913 2608 1982 Major
2631 1931 2718 1970 me
2757 1927 2839 1970 est
2881 1931 2984 1970 non
3015 1918 3230 1985 quidem
3259 1917 3470 1987 magni-

1893 2000 2080 2054 tudine
2105 2010 2197 2054 aut
2221 2011 2419 2068 actate,
2466 2004 2560 2057 sed
2596 2004 2720 2073 quia
2754 2020 2818 2058 ex
2863 2004 2953 2060 illo
2983 2017 3164 2061 ortum
3197 2006 3395 2071 habet,
3440 2023 3462 2058 ι

1891 2100 1943 2145 et
1967 2091 2020 2144 in
2052 2089 2191 2146 libro
2221 2090 2298 2146 De
2323 2092 2556 2148 humana
2584 2106 2777 2149 natura
2806 2107 3080 2164 suscepta,
3113 2107 3168 2151 et
3199 2101 3338 2169 apud
3373 2096 3467 2151 Hi-

1891 2181 2086 2238 larium
2119 2184 2211 2239 lib.
2245 2201 2301 2240 ιιι
2330 2185 2407 2241 De
2431 2187 2727 2254 Trinitate,
2757 2198 2810 2242 et
2844 2189 2898 2243 in
2937 2189 3077 2244 libro
3101 2188 3180 2243 De
3213 2190 3465 2260 synodis,

1889 2283 1940 2328 et
1980 2273 2144 2346 Greg.
2178 2275 2310 2332 Naz.
2335 2287 2476 2334 orat.
2510 2278 2544 2332 4
2570 2279 2636 2334 de
2663 2281 2957 2349 theologia.
2986 2281 3124 2337 Vide
3147 2283 3308 2336 etiam
3338 2279 3463 2334 Bel-

1890 2365 2179 2420 larminum
2206 2371 2356 2423 card.
2385 2369 2684 2435 illustriss.,
2714 2371 2808 2426 lib.
2828 2388 2843 2426 ι
2864 2371 2941 2426 De
2957 2370 3188 2440 Christo,
3220 2387 3341 2440 cap.
3373 2370 3462 2425 16.

1959 2457 2074 2513 Col.
2103 2459 2208 2514 570
2249 2460 2312 2515 Β.
2355 2463 2739 2534 Comparative.
2796 2464 2912 2520 Non
2940 2507 2955 2532 ,
3003 2465 3465 2536 comparationem

1891 2547 2135 2616 majoris,
2161 2559 2220 2604 ut
2248 2551 2495 2608 ediderat
2519 2554 2818 2624 interpres,
2855 2555 2972 2624 sed,
3004 2555 3202 2624 majus,
3229 2555 3370 2626 quod
3394 2569 3464 2610 ex

1887 2644 2296 2710 comparatione
2340 2645 2562 2713 dicitur,
2603 2657 2658 2702 et
2695 2649 2867 2702 solam
2902 2648 3272 2704 diversitatem
3317 2647 3467 2718 prin-

1887 2730 2014 2798 cipii
2046 2733 2136 2786 vel
2165 2735 2392 2806 originis
2418 2737 2656 2803 indicat,
2700 2741 2840 2809 quod
2881 2739 3135 2794 nimirum
3169 2739 3460 2794 essentiam

1885 2837 1916 2874 a
1941 2821 2104 2880 Patre
2128 2825 2329 2883 habeat
2355 2829 2548 2897 Filius,
2583 2847 2692 2886 non
2721 2831 2886 2886 Pater
2904 2832 3192 2887 essentiam
3221 2829 3344 2886 Filii
3374 2846 3464 2886 es-

1885 2917 2058 2970 sentia
2099 2918 2379 2988 majorem.

1953 3007 2088 3064 Ibid.
2105 3010 2167 3065 D.
2186 3010 2313 3066 Tale
2329 3030 2573 3084 namque.
2593 3013 3068 3088 Ἀπροσπέλαστον
3081 3029 3187 3070 non
3212 3014 3345 3069 satis
3365 3026 3461 3067 ex-

1884 3115 2129 3170 pressum
2143 3115 2256 3159 erat
2271 3107 2370 3160 hoc
2387 3109 2575 3162 modo:
2595 3126 2614 3158 ι
2637 3107 2767 3162 Tale
2785 3124 3017 3178 namque
3033 3107 3458 3177 incomparabili:

1882 3205 1986 3258 est,
2001 3203 2058 3248 ut
2073 3195 2140 3249 ab
2160 3197 2628 3266 omnibuspariter
2649 3202 2833 3266 distet,
2856 3210 2910 3255 et
2932 3201 3062 3256 nulli
3085 3203 3155 3255 sit
3176 3201 3461 3256 accessibio

1883 3285 1947 3340 lc.
1976 3285 2154 3353 Quare
2167 3288 2211 3343 si
2225 3289 2506 3358 aequaliter
2520 3290 2638 3346 aliis
2651 3307 2679 3345 a
2695 3291 2856 3346 Patre
2869 3291 3037 3348 Filius
3049 3293 3220 3360 deest,
3236 3294 3458 3364 aequalis

1882 3369 1990 3426 illis
2018 3383 2122 3440 est,
2145 3375 2471 3443 quibuscum
2497 3380 2666 3434 deest.
2699 3398 2718 3431 ι
2741 3380 3158 3436 Ἀπολειπεσθαι
3186 3383 3272 3438 hic
3297 3391 3460 3440 sonat

1879 3462 2074 3518 abesse
2115 3465 2184 3520 ab
2230 3467 2411 3536 aliquo
2447 3471 2530 3525 vel
2573 3473 2642 3525 ab
2688 3472 2780 3526 illo
2827 3473 3052 3530 distare.
3089 3474 3165 3529 Ib.
3194 3489 3293 3544 pro
3323 3491 3458 3546 συγ-

1879 3555 2118 3626 κρίνοιτο
2155 3573 2256 3614 ms.
2291 3558 2357 3613 Η.
2405 3561 2616 3631 legebat
2651 3565 3043 3637 συγκρίνεται,
3071 3577 3124 3622 et
3151 3569 3457 3639 μνημονεύ-

1881 3661 2083 3718 σωμεν,
2102 3663 2201 3719 pro
2228 3653 2696 3726 μνημονεύσομεν.
2722 3656 2962 3713 Subinde
2979 3655 3159 3727 οὗτος
3174 3660 3261 3714 δέ.
3287 3663 3454 3719 [tecm

1879 3738 2067 3806 lectio,
2096 3750 2152 3796 et
2181 3743 2442 3812 legitima,
2477 3761 2635 3814 quam
2665 3747 2732 3804 H.
2766 3749 2966 3818 Regius
2993 3752 3162 3808 codex
3196 3755 3454 3824 suppedi-

1880 3838 1988 3894 tat,
2022 3831 2121 3902 τῆς
2154 3834 2218 3886 ὲκ
2247 3833 2462 3902 φύσεως
2488 3837 2637 3909 αὐτῷ
2669 3841 3042 3914 ὑπαρχούσης,
3075 3860 3180 3900 ιιοη
3211 3857 3270 3902 ιιι
3290 3847 3451 3913 νου..

1875 4195 2020 4264 quis,
2050 4205 2107 4250 ut
2127 4197 2434 4268 στερεῖσθαι
2467 4200 2731 4271 κεφαλῆς,
2762 4207 3071 4276 στερεῖσθαι
3095 4210 3194 4282 τῆς
3223 4213 3451 4283 πόλεως,

1876 4287 2046 4354 rapite
2071 4288 2150 4341 vel
2183 4290 2310 4342 urbe
2345 4291 2566 4359 privari.
2597 4293 2737 4349 Beza
2769 4312 2874 4352 non
2911 4300 3044 4354 satis
3077 4307 3343 4372 expressit
3379 4307 3452 4362 il-

1876 4377 1990 4443 lud,
2017 4377 2084 4432 ὲκ
2110 4378 2322 4448 φύσεως
2353 4382 2709 4458 ὑπαρχούσης
2732 4404 2746 4418 °
2781 4407 2800 4442 ι
2834 4389 3015 4446 Privat
3043 4409 3106 4449 ea
3141 4397 3251 4467 ipsa
3287 4402 3449 4458 insita

1801 4491 1844 4546 ι)
1876 4473 2276 4526 necessitudine
2300 4513 2315 4537 ,
2358 4492 2478 4544 qua:
2513 4479 2611 4546 ipsi
2653 4495 2776 4557 cum
2821 4495 3045 4551 parente
3087 4487 3390 4546 intercedit.
3421 4512 3443 4546 ι

1877 4561 1955 4616 Ex
1989 4565 2175 4618 eodem
2206 4563 2372 4636 Regio
2393 4569 2580 4624 codice
2613 4572 2915 4628 addendum
2942 4575 3066 4641 fuit,
3098 4580 3238 4646 quod
3265 4582 3332 4637 ab
3353 4598 3450 4638 ex-

1873 4655 2018 4710 cusis
2054 4656 2263 4720 aberat,
2289 4658 2530 4713 clausula
2558 4661 2812 4716 nimirum
2839 4663 2953 4731 illa,
2980 4681 3138 4734 quam
3173 4669 3448 4741 interpres

1871 4748 2069 4819 adjecit
2099 4749 2387 4805 Latinitate
2420 4752 2702 4816 donatam,
2737 4753 2874 4808 ἀλλὰ
2903 4757 2996 4811 καὶ
3027 4759 3159 4812 αὐτὸ
3183 4761 3362 4834 ἑαυτῷ
3383 4759 3445 4820 οὗ

1870 4840 2078 4908 γένοιτο
2118 4841 2456 4913 λυτρωθῆναι
2502 4845 2646 4914 ἡμᾶς
2691 4845 2872 4919 χάριτι
2911 4848 3005 4901 τοῦ
3049 4851 3255 4924 Κυρίου
3287 4855 3446 4926 ημῶν

1882 4935 2054 5006 Ἰησοῦ
2092 4934 2359 5005 Χριστοῦ,
2396 4935 2514 5005 μεθ’
2541 4932 2602 4990 οὗ
2627 4937 2702 5008 τῷ
2731 4939 2952 5012 ἀνάρχῳ
2978 4943 3150 5014 Πατρὶ
3178 4945 3305 5010 δόξα
3345 4949 3444 5002 σὺν

1869 5027 2009 5095 ἁγίῳ
2025 5025 2302 5096 Πνεύματι
2330 5026 2444 5092 νῦν,
2474 5027 2566 5081 καὶ
2593 5030 2702 5094 ἀεὶ,
2734 5031 2828 5084 καὶ
2850 5034 2927 5096 εἰς
2943 5035 3068 5098 τοὺς
3101 5037 3304 5101 αἰῶνας
3333 5039 3441 5094 τῶν

1869 5117 2096 5170 αἰώνων.
2135 5119 2325 5189 Ἀμήν.
2358 5117 2590 5172 Tantum
2639 5121 2766 5175 illud
2792 5164 2808 5189 ,
2843 5125 3100 5196 ἀνάρχῳ,
3139 5145 3157 5177 ι
3191 5130 3443 5200 principii

1869 5219 2110 5277 experte,
2143 5229 2160 5260 ι
2203 5211 2285 5263 vel
2315 5227 2419 5265 non
2453 5210 2601 5280 legit,
2630 5213 2712 5266 vel
2742 5215 2977 5284 neglexit
3005 5218 3294 5287 interpres.

1938 5300 2052 5355 Col.
2082 5300 2187 5355 575
2229 5302 2278 5355 in
2310 5302 2463 5357 titulo
2498 5323 2510 5358 :
2549 5305 2690 5372 Περὶ
2729 5307 2884 5371 Υιοῦ,
2932 5307 3010 5361 De
3045 5308 3206 5366 Filio.
3239 5312 3336 5367 llic
3370 5315 3440 5370 ti-

1867 5394 2008 5448 tulus
2037 5406 2121 5448 est
2155 5395 2275 5449 libri
2314 5395 2469 5464 hujus
2499 5397 2550 5450 in
2582 5400 2830 5462 excusis,
2864 5410 2920 5452 at
2956 5402 3008 5455 in
3055 5402 3117 5455 11.
3162 5421 3260 5459 ms.
3302 5407 3442 5479 Περὶ

1863 5484 1989 5539 Υἱοῦ
2025 5485 2181 5554 λόγος
2206 5487 2456 5559 δεύτερος
2481 5527 2494 5552 ,
2526 5490 2804 5562 ἀνατροπὴ
2831 5492 2924 5546 τοῦ
2967 5493 3126 5546 ὰοέου
3169 5497 3442 5568 δόγματος

1862 5579 1955 5632 τοῦ
1988 5579 2274 5650 Εύνομὶου.
2296 5600 2315 5633 ι
2339 5581 2501 5636 Liber
2541 5598 2576 5635 ll
2612 5584 2677 5636 de
2702 5583 2868 5648 Filio,
2920 5586 3174 5644 refutatio
3218 5591 3442 5660 dogma-

1865 5680 1975 5724 tnm
2005 5673 2148 5740 impii
2180 5673 2452 5728 Eunomii.
2483 5693 2502 5726 ι
2530 5665 2814 5731 Subinde:
2845 5675 2913 5732 In
2942 5681 3132 5733 scholis
3165 5687 3323 5738 cauit.
3350 5687 3444 5739 At-

1864 5761 2204 5830 δασκαλείοις
2232 5765 2598 5838 ματαιότητος
2620 5808 2635 5837 ,
2677 5769 2752 5826 sic
2777 5769 3166 5842 interpretatus
3189 5785 3269 5830 cst
3301 5776 3440 5831 Coro
