3824 6214
311 345 451 407 1059

1482 348 1694 406 NOTAE
1735 348 2125 405 FRONTONIS
2166 349 2401 408 DUCIEI

3435 351 3581 406 10w

311 465 520 530 uarius,
539 463 681 534 quod
701 465 870 536 magis
897 465 1094 536 placet,
1126 480 1287 536 quam
1316 467 1455 538 quod
1483 467 1740 538 Trapez.,
1775 489 1794 521 ι
1824 467 1865 522 lt

1990 485 2106 521 rum
2139 483 2261 522 cum
2292 468 2344 521 in
2374 467 2554 522 verbis
2581 465 2847 532 Eunomii,
2872 466 2972 519 οὐκ
3001 461 3166 520 οὖσαν
3187 465 3292 536 πρὸ
3317 466 3419 534 τῆς
3437 465 3581 530 ιδίας

310 558 466 612 vanis
496 557 777 612 auditoriis
807 557 874 610 ad
915 559 1319 614 meditationem
1356 561 1506 628 ejus,
1554 561 1697 629 quod
1732 560 1784 614 in
1827 575 1884 614 re

308 648 445 704 falsa
487 649 778 704 verisimile
803 659 921 715 est;
957 667 974 701 ι
1011 651 1092 703 vel
1116 652 1257 718 quod
1286 652 1444 716 Beza,
1472 651 1881 720 paraphrastetn

308 742 485 811 potius
513 755 678 810 agens
699 780 715 804 ,
749 759 767 792 ι
801 740 856 794 ln
895 740 1070 805 ludis,
1101 743 1192 796 ubi
1224 744 1448 798 docetur
1473 748 1681 799 vanitas
1705 786 1720 811 ,
1750 746 1882 799 ado-

1988 560 2321 624 συστάσεως,
2354 559 2602 621 verterit,
2635 577 2652 610 t
2686 574 2808 612 cum
2835 574 2938 612 non
2964 565 3254 612 essetante
3275 558 3582 612 sabsisten—

1989 652 2116 706 tiam
2147 667 2322 713 suam,
2359 669 2378 702 ι
2428 653 2616 706 eadem
2659 651 2822 706 etiam
2852 651 3012 704 verba
3045 651 3132 704 hic
3169 650 3385 702 fuerunt
3418 665 3579 718 repe-

1984 744 2166 798 tenda.
2186 742 2355 797 Paulo
2373 753 2493 812 post
2508 743 2914 796 immutavimus
2935 741 3060 794 illud
3079 760 3092 795 :
3113 761 3133 793 ι
3163 742 3401 795 melioris
3419 741 3578 810 igno-

306 828 636 884 lescentibus
677 841 1072 900 proponuntur.
1115 850 1134 884 ι
1174 830 1558 887 Conservanda
1591 834 1693 888 fuit
1737 835 1886 889 locu-
1987 835 2197 888 ratione
2237 846 2330 888 aut
2370 834 2700 902 impotentiae
2728 833 2873 888 hunc
2911 832 3078 887 fuisse
3107 832 3371 887 deft-ctum
3405 833 3576 884 ratio-

310 923 384 976 tio
410 922 705 990 Scriptura:
747 924 960 989 similis,
990 923 1132 978 Psal.
1181 939 1306 989 xxv,
1347 925 1427 980 4:
1471 928 1589 980 Οὐκ
1633 927 1884 981 ἐκάθισα

307 1013 453 1081 μετὰ
477 1013 801 1082 συνεδρίου
826 1018 1244 1085 ματαιότητος,
1283 1015 1405 1070 Non
1429 1020 1538 1071 sedi
1565 1036 1681 1072 cum
1709 1021 1883 1073 consi-

1983 926 2324 980 cinabnntur.
2351 945 2372 978 ι
2415 925 2512 980 llic
2558 925 2701 980 enim
2745 923 3060 993 λογίζεσθαι
3095 940 3202 978 nnn
3233 933 3316 978 est
3349 926 3575 976 ratioci-

1984 1022 2123 1085 nari,
2147 1020 2241 1071 sed
2261 1019 2312 1072 in
2335 1019 2622 1072 ratiocinio
2642 1019 2724 1071 vel
2748 1029 2901 1070 extra
2929 1018 3273 1071 ratiocinium
3303 1016 3576 1083 imputare

305 1109 377 1160 lia
405 1108 674 1172 vanitatis,
713 1110 800 1164 ubi
834 1124 932 1162 vox
964 1109 1187 1164 Hebraea
1222 1119 1347 1175 est,
1379 1126 1540 1180 quam
1575 1110 1702 1166 alibi
1738 1109 1884 1165 LXX
1981 1109 2203 1177 aliquid,
2234 1111 2346 1162 sive
2373 1120 2650 1178 acceptum
2683 1108 2852 1176 ferre,
2879 1118 2936 1160 ut
2963 1107 3194 1161 Roman.
3216 1122 3290 1170 tv,
3323 1106 3574 1160 3:‘E.10-

306 1209 523 1254 vertunt
553 1200 698 1270 ἔργα
726 1201 984 1270 ἀνόμων,
1009 1201 1110 1257 Job
1160 1218 1237 1268 ιι,
1269 1201 1356 1270 li,
1389 1219 1545 1272 apera
1573 1204 1871 1271 impiarum.

307 1292 406 1348 llic
449 1309 662 1364 quoque
714 1295 1000 1363 impiorum
1056 1294 1142 1350 vel
1185 1293 1539 1365 profanorum
1597 1296 1879 1365 gentilium

306 1385 523 1442 scholas
551 1387 832 1457 designat,
871 1387 926 1442 in
973 1385 1170 1456 quibus
1219 1387 1582 1456 snphistarum
1622 1387 1878 1458 μελέται,

307 1478 728 1533 declamationes
759 1480 1087 1534 exercebant
1115 1478 1344 1548 juvenes
1377 1480 1572 1534 smdiis
1618 1481 1879 1545 eloquen-

306 1571 414 1625 tiae.
450 1568 526 1625 lb.
561 1570 804 1639 γέγονεν.
843 1569 944 1624 Ms.
975 1569 1040 1624 ll.
1069 1570 1381 1639 ἐγγέγονεν,
1417 1582 1472 1625 et
1499 1587 1619 1642 pag.
1647 1571 1773 1635 259,
1797 1573 1878 1626 δι-

307 1663 604 1733 καιότερος.
640 1663 705 1718 H.
735 1672 788 1716 et
813 1661 999 1732 Steph.
1021 1663 1384 1734 δικαιότερον.
1425 1664 1554 1734 Pag.
1589 1664 1714 1719 258.
1748 1683 1881 1720 κατ-

1982 1201 2160 1269 γίσθη
2193 1199 2353 1266 αὐτῷ
2377 1203 2463 1267 εὶς
2490 1201 2917 1267 δικαιοσύνην,
2952 1199 3266 1270 Reputatuut
3288 1209 3362 1252 est
3387 1197 3466 1250 illi
3496 1195 3572 1249 ad

1973 1291 2263 1360 justitiam.

2049 1384 2167 1439 Col.
2207 1384 2311 1440 59L
2339 1385 2381 1440 Β
2409 1385 2464 1439 5.
2498 1384 2864 1439 Adversarios.
2909 1383 3056 1454 Πρὸς
3098 1383 3226 1446 τοὺς
3257 1382 3466 1446 αἰτίους
3499 1372 3593 1436 ιιι(

1980 1477 2203 1532 verbum
2251 1488 2355 1544 est,
2388 1497 2407 1529 ι
2443 1479 2508 1530 ad
2540 1493 2669 1532 suos
2697 1487 2970 1543 auctores,
3004 1496 3022 1528 ι
3062 1486 3121 1530 ut
3167 1478 3330 1530 vertit
3357 1475 3571 1529 Cerna-

1980 1569 2113 1634 rius,
2152 1568 2234 1623 vel
2276 1578 2333 1623 ut
2377 1567 2543 1632 Beza,
2584 1587 2602 1620 t
2640 1569 2692 1621 in
2728 1583 2918 1621 eorum
2965 1577 3128 1634 caput
3176 1577 3440 1627 vertatur,
3473 1563 3570 1634 qui

1978 1668 2104 1712 sunt
2127 1657 2244 1726 ejus
2276 1671 2546 1713 auctores.
2575 1677 2592 1710 ι
2629 1656 3023 1728 lnterpretatns
3053 1672 3137 1711 est
3172 1657 3572 1725 Trapezuntitts

303 1757 535 1829 ηγόρους
559 1755 634 1827 μὴ
657 1756 992 1826 ὑφεστῶτας,
1017 1770 1347 1811 accusatores
1369 1758 1457 1826 qui
1485 1774 1588 1810 nou
1623 1767 1764 1821 sunt,
1789 1776 1865 1810 (Ηιι

1986 1753 2133 1820 quasi
2163 1751 2378 1820 legisset
2398 1751 2534 1821 πρὸς
2551 1751 2678 1814 τοὺς
2704 1751 3002 1813 ἐναντίους.
3022 1750 3152 1803 Tale
3172 1751 3296 1804 illud
3323 1748 3567 1802 estPsal.

301 1849 630 1911 subsistunt,
661 1847 900 1904 diximus
922 1888 936 1914 ,
966 1863 1073 1901 non
1107 1857 1166 1902 ut
1200 1848 1471 1918 interpres
1491 1888 1506 1912 ,
1545 1861 1865 1902 accusatore:

1986 1819 2078 1904 vn,
2121 1842 2187 1896 l7
2209 1819 2615 1910 :W’Emo'tpéuret
2651 1845 2684 1896 ό
2723 1843 2910 1906 πόνος
2935 1842 3121 1897 αὑτοῦ
3158 1845 3247 1908 εἰς
3285 1839 3570 1910 κεφαλὴν

303 1958 405 1995 non
441 1942 746 1995 constitutas
777 1941 846 1994 ad
869 1956 1120 2008 pugnant.

371 2032 489 2087 Col.
525 2031 648 2087 576.
679 2033 747 2088 A.
803 2032 1106 2102 Γέννημα.
1160 2031 1274 2085 Non
1322 2040 1379 2085 ut
1424 2032 1476 2085 in
1519 2031 1733 2087 excusis
1784 2031 1876 2100 γέ-

298 2139 471 2196 νημα,
507 2123 651 2192 quod
684 2122 893 2193 vulgata
917 2122 1089 2177 lexica
1135 2138 1238 2177 non
1271 2133 1592 2193 agnoscunt,
1630 2124 1726 2179 sed
1755 2123 1877 2192 γένο

300 2232 470 2288 νημαι,
499 2216 638 2286 quod
671 2217 902 2285 genitum
924 2225 1018 2279 est,
1058 2226 1113 2268 ιιι
1141 2215 1329 2268 habuit
1359 2231 1461 2270 ms.
1490 2215 1555 2270 ll.
1663 2285 1675 2300 ο

365 2306 501 2360 Ibid.
534 2303 574 2356 Β
600 2303 653 2358 6.
687 2301 1237 2374 Μεταρρυθμίζοντα
1265 2304 1392 2373 legit
1427 2305 1564 2358 idem
1600 2302 1664 2358 Η.
1700 2319 1802 2359 ms.

369 2399 482 2454 Col.
503 2396 608 2452 579
621 2397 684 2451 A.
699 2397 852 2451 laute
873 2394 1515 2465 ﬁtium.Trapezuntius,t
1530 2396 1876 2468 intelligimus

296 2491 510 2545 Jonam.
547 2507 569 2542 ι
611 2488 722 2542 1ωο
769 2487 940 2541 lilium
986 2485 1159 2551 Jonas,
1195 2488 1335 2542 unde
1366 2488 1600 2544 Matthzci
1636 2507 1751 2556 xvi,
1783 2493 1874 2555 l7,

294 2577 600 2648 Μακάριος
636 2573 723 2642 εἷ,
755 2577 950 2648 Σίμων
977 2575 1321 2645 Βίῳ-Ἰωνᾶ,
1357 2577 1551 2632 Beatus
1582 2596 1656 2642 es,
1690 2581 1873 2636 Simon

297 2667 600 2734 Bur-Jana,
632 2671 772 2739 quod
815 2679 900 2724 est
945 2668 1168 2724 Joannis
1191 2684 1234 2733 ι,
1263 2670 1363 2731 42,
1394 2671 1478 2724 Σὺ
1522 2667 1582 2725 εἴ
1611 2673 1810 2742 Σίμων
1840 2678 1873 2730 ό

295 2762 426 2830 υἱὸς
452 2762 558 2817 τοῦ
599 2761 780 2825 Ἰωνᾶ.
815 2761 892 2815 Tu
916 2779 968 2816 es
997 2762 1184 2817 Simon
1211 2763 1354 2830 [il-ius
1388 2763 1548 2818 Jona.
1573 2764 1758 2835 Itaque
1788 2768 1874 2822 hic

295 2855 447 2910 locus
477 2854 748 2923 vulgatam
779 2853 1066 2909 lectionem
1115 2854 1422 2919 conﬁrmat,
1456 2872 1563 2910 non
1592 2873 1778 2912 eorum
1807 2858 1873 2912 li-

297 2949 542 3012 brorum,
586 2947 676 3016 qui
710 2946 892 3018 legunt
937 2946 1033 3000 τοῦ
1077 2947 1318 3002 Ἰωάννου
1359 2949 1442 3003 vel
1475 2947 1569 3002 τοῦ
1626 2951 1867 3013 Ἱωαννᾶ,

295 3051 355 3093 ιιι
408 3039 475 3095 de
520 3040 842 3110 quihusdam
881 3048 1110 3094 testatur
1160 3038 1553 3110 Hieronymus:
1587 3045 1871 3099 conﬁrmat

293 3130 538 3186 eamdem
578 3139 632 3186 et
660 3131 833 3202 Syrus
875 3132 1160 3202 interpres,
1193 3131 1382 3187 Matth.
1417 3149 1524 3188 xvn.
1551 3134 1715 3188 Paulo
1749 3149 1870 3207 post

299 3240 318 3272 ι
353 3224 404 3276 in
447 3221 681 3291 seipsum
731 3222 935 3290 recepit
964 3240 983 3274 ι
1037 3224 1373 3292 scripsimus,
1405 3239 1508 3278 non
1560 3236 1617 3279 ut
1665 3226 1869 3296 Trape-

290 3315 530 3378 Zuntius,
561 3330 580 3363 ι
607 3312 955 3367 commissam
983 3313 1086 3369 sibi
1115 3312 1525 3370 aediﬁcationem
1559 3319 1816 3387 suscepit.
1843 3337 1861 3369 ι

292 3419 361 3458 ne
389 3405 510 3474 quis
545 3403 944 3458 Dominicorum
979 3418 1201 3473 operum
1235 3405 1544 3473 praefectura
1576 3406 1657 3461 vel
1688 3407 1868 3461 archi-

293 3505 494 3550 tectum
529 3509 649 3550 esse
676 3495 1013 3566 designatum
1047 3496 1323 3552 existimet
1353 3495 1594 3561 Petrum,
1621 3497 1704 3552 vel
1742 3515 1864 3554 cum

291 3590 394 3642 hoc
426 3587 712 3642 aedilicium
746 3586 1051 3642 faciendum
1083 3587 1331 3654 locasse;
1364 3605 1551 3641 verum
1588 3605 1754 3658 super
1787 3592 1866 3661 ip-

289 3694 407 3732 sum
436 3679 756 3734 aediﬁcatam
812 3679 974 3734 fuisse
1006 3679 1302 3734 Ecclesium
1339 3699 1354 3736 :
1406 3680 1537 3734 Ἐπὶ
1572 3683 1756 3751 ταύτῃ
1791 3682 1866 3752 τῇ

288 3770 472 3838 πέτρᾳ
520 3771 896 3842 οἰκοδομήσω
939 3790 1058 3841 μου
1094 3773 1212 3840 τὴν
1245 3772 1628 3842 Ἐκκλησίαν,
1671 3775 1860 3831 Matth.

289 3863 518 3928 xvr,18.
548 3863 610 3918 Ει
641 3864 869 3920 Basilius
918 3865 1030 3934 ipse
1077 3866 1128 3918 in
1175 3881 1296 3932 cap.
1352 3882 1392 3920 ιι
1450 3865 1616 3930 Isaim,
1654 3877 1782 3922 tom.
1821 3865 1862 3932 l,

286 3970 408 4024 pag.
431 3953 556 4017 427,
603 3955 698 4008 Ἐκ
723 3954 830 4009 τῶν
857 3955 1026 4026 ὀρέων
1052 3950 1118 4026 ἦν
1142 3956 1170 4007 ὁ
1197 3955 1423 4027 Πέτρος,
1450 3950 1618 4026 ἐφ’ἦς
1645 3956 1738 4009 καὶ
1773 3955 1865 4010 πέ-

281 4062 418 4120 τρας
471 4046 833 4118 ἐπηγγείλατο
876 4045 1250 4116 οἰκοδομήσειν
1280 4045 1447 4099 αὐτοῦ
1489 4045 1587 4119 τὴν
1635 4046 1863 4118 Ἐκκλη-

285 4137 427 4190 σίαν.
464 4136 530 4190 Ει
562 4137 612 4190 in
641 4138 904 4206 prooemio
937 4135 1010 4189 De
1027 4137 1234 4204 judicia
1266 4135 1361 4190 Dei
1394 4138 1603 4190 caeteris
1635 4139 1711 4189 ait
1736 4152 1859 4192 eum

283 4227 546 4296 apostolis
575 4228 872 4282 antelatum
902 4227 1069 4282 fuisse
1089 4267 1103 4291 ,
1131 4235 1186 4282 et
1232 4225 1460 4281 Homilia
1499 4227 1575 4280 De
1603 4231 1862 4296 pwnileu-

283 4325 358 4377 tia
393 4333 601 4392 petram
647 4320 816 4376 fuisse
840 4321 1015 4392 ipsum
1050 4322 1146 4384 ait,
1179 4319 1306 4374 licet
1344 4317 1655 4376 inferiorem
1687 4323 1858 4378 altera

283 4423 435 4482 petra
465 4413 705 4468 Christo.

351 4504 463 4559 Col.
491 4503 614 4569 586,
641 4504 688 4556 A
713 4502 767 4557 6.
801 4501 1162 4594 Retinuerunt.
1196 4507 1602 4578 Μετεκὸμισαν,
1641 4525 1659 4558 ι
1691 4515 1859 4562 trans-
1887 4537 1932 4594 υ

279 4607 598 4667 posuerunt,
624 4615 642 4647 ι
675 4596 836 4650 vertit
858 4593 1210 4667 Trapezunt.,
1233 4608 1286 4653 et
1305 4598 1621 4664 Cornarius,
1649 4611 1857 4654 «trans-

283 4688 549 4756 tulerunt;
585 4707 603 4739 ι
631 4689 700 4742 ad
729 4687 976 4752 verbum,
1018 4705 1038 4738 ι
1069 4696 1518 4744 transvexerunt:
1546 4708 1564 4742 ι
1605 4691 1698 4744 sed
1731 4691 1854 4760 quia

281 4779 564 4835 transferri
588 4780 787 4834 dicitur
810 4793 877 4833 ex
901 4794 1007 4833 uno
1037 4780 1292 4836 idiomate
1322 4782 1374 4836 in
1400 4783 1564 4844 aliud,
1595 4783 1736 4851 quod
1759 4799 1856 4852 per

278 4871 789 4940 interpretationem
819 4872 1156 4939 exprimitur,
1179 4880 1236 4929 et
1265 4875 1350 4928 hic
1382 4872 1613 4929 Basilius
1643 4874 1755 4929 vult
1788 4890 1851 4928 ea

278 4963 494 5017 nomina
560 4962 677 5017 sine
719 4962 1204 5031 interpretatione,
1250 4973 1411 5033 prout
1455 4967 1728 5021 sonabant
1751 4965 1854 5021 lle-

275 5056 481 5119 braice,
518 5053 722 5111 Graecis
765 5055 1173 5110 characteribns
1219 5057 1386 5112 fuisse
1415 5072 1696 5126 expressa,
1727 5072 1854 5126 pro-

275 5155 459 5216 pterea
505 5147 745 5200 contenti
788 5144 988 5201 luimus
1016 5146 1118 5201 hoc
1158 5150 1343 5212 Verbo,
1376 5165 1396 5198 ι
1434 5149 1791 5215 retinuerunt,
1824 5169 1844 5202 ι

274 5244 330 5287 σοι
361 5235 698 5304 scripsimus,
731 5252 751 5286 ι
779 5235 919 5299 Eloi,
951 5253 972 5288 ι
1010 5251 1117 5291 non
1161 5252 1181 5288 ι
1208 5235 1404 5300 Eloim,
1440 5256 1460 5290 ι
1497 5247 1558 5292 ιιι
1597 5247 1717 5292 erat
1747 5254 1848 5292 an-

277 5336 380 5380 tea.
408 5325 562 5381 Licet
588 5329 730 5381 enim
753 5341 918 5382 unum
949 5343 1015 5382 ex
1035 5327 1220 5382 decem
1252 5329 1560 5382 nominibus
1583 5327 1700 5390 Dei,
1728 5343 1848 5398 quae

274 5418 478 5488 profert
513 5419 572 5473 S.
597 5417 977 5491 Hieronymus,
1010 5421 1172 5490 epist.
1206 5420 1331 5485 156,
1362 5403 1632 5480 sitatn‘m
1665 5439 1684 5474 ι
1722 5421 1848 5476 Elo-

272 5511 407 5573 ltint,
433 5528 450 5560 ι
492 5517 670 5564 tamen
698 5509 714 5562 1
744 5507 874 5579 Reg.
908 5511 1055 5574 1,11,
1091 5513 1352 5580 scriptum
1393 5510 1844 5566 εδιἋδωναῙΚύ·

272 5599 557 5671 ριοςἘλωτ
585 5601 834 5667 Σαϐαὼθ,
862 5618 967 5658 non
1015 5603 1238 5674 Ἑλωῒμ..

268 5711 293 5755 s
339 5692 454 5746 Col.
480 5691 586 5745 592
622 5692 664 5745 B
691 5693 778 5748 Η.
815 5693 921 5749 Sed
963 5704 1086 5748 ante
1129 5711 1303 5749 suam.
1342 5695 1638 5752 Contentus
1671 5697 1840 5753 fuera'

270 5785 541 5858 interpres
573 5786 772 5856 dicere,
828 5805 847 5840 ι
881 5787 974 5845 sed
997 5798 1299 5862 antequam
1338 5789 1454 5862 ipsa
1479 5800 1625 5848 esset
1651 5811 1665 5849 :
1695 5811 1713 5846 ι
1756 5808 1845 5850 ιο·-

1979 1934 2186 1988 αῠτοῦυ
2214 1933 2553 1988 Convertetur
2578 1934 2729 1988 dolor
2770 1935 2886 2003 ejus
2939 1937 2992 1988 in
3023 1947 3174 2002 caput
3213 1935 3346 2004 ejus.
3372 1935 3568 1988 Hiero-

1981 2043 2195 2098 nymus,
2239 2026 2542 2082 Revertatur
2575 2030 2728 2080 datur
2753 2044 2882 2081 suus
2921 2029 2976 2080 in
3019 2039 3175 2096 caput
3211 2028 3349 2097 ejus,
3386 2038 3432 2080 et
3471 2043 3570 2082 su-

1974 2139 2069 2191 per
2104 2123 2344 2176 verticem
2370 2122 2484 2191 ejus
2508 2122 2766 2190 iniquitas
2791 2138 2886 2174 sua
2910 2121 3206 2174 descendet.

2045 2212 2161 2266 (301.
2183 2212 2286 2267 596
2307 2212 2346 2266 Β
2369 2213 2422 2269 3.
2442 2212 2632 2282 Ἐκμὴ
2656 2212 2866 2265 ὄντων.
2889 2211 2952 2266 ll.
2976 2229 3076 2264 ms.
3102 2212 3230 2273 τοὺς
3259 2213 3326 2264 ὲκ
3349 2209 3449 2264 τοῦ
3483 2208 3566 2283 μὲ

1975 2303 2161 2367 ὄντος·
2195 2305 2287 2358 sed
2338 2316 2606 2372 receptam
2655 2304 2943 2358 lectionem
2998 2303 3318 2372 Stephants
3357 2313 3563 2368 tuetur,

1975 2407 2030 2449 et
2055 2394 2340 2449 concilium
2387 2393 2660 2449 Niczcnum
2698 2395 2750 2449 in
2795 2396 3052 2466 Symbolo
3086 2395 3264 2457 εΤοὺς
3288 2395 3346 2447 δὲ
3371 2393 3564 2463 λέγον-

1975 2503 2094 2549 τας,
2135 2485 2271 2556 Πρὶν
2298 2485 2624 2557 γεννηθῆναι
2652 2487 2754 2540 οὐκ
2786 2483 2855 2558 ἦν
2876 2528 2891 2552 ,
2927 2489 3023 2541 καὶ
3062 2488 3144 2540 ὅτι
3172 2487 3232 2551 ἐξ
3255 2489 3356 2541 οὐκ
3389 2488 3565 2542 ὄντων

1976 2575 2211 2643 ἐγένετοο
2254 2592 2274 2626 ι
2308 2575 2411 2630 Eos
2443 2586 2620 2630 autem
2653 2580 2742 2646 qui
2785 2582 2993 2639 dicunt.
3029 2580 3332 2648 Antequam
3369 2593 3564 2636 nasce-

1978 2677 2127 2721 retur
2167 2682 2271 2721 non
2305 2677 2440 2730 erat,
2475 2679 2530 2722 et
2565 2670 2690 2738 quia
2722 2685 2788 2724 ex
2819 2671 2885 2725 iis
2913 2687 3034 2742 quae
3061 2688 3165 2726 non
3199 2683 3347 2737 sunt,
3379 2670 3564 2726 factus

1975 2768 2078 2813 est.
2103 2777 2122 2812 ι
2151 2757 2510 2829 Hieronymus
2550 2764 2799 2814 atlaersus
2838 2759 3233 2831 Luciferiauas,
3281 2781 3303 2814 ι
3339 2763 3395 2817 Si
3429 2766 3562 2832 quis

1975 2850 2172 2904 dixerit
2202 2852 2267 2905 de
2297 2850 2461 2905 nullis
2494 2853 2839 2908 exstantibus
2867 2853 3094 2921 Filium,
3119 2868 3176 2910 et
3203 2870 3308 2908 non
3342 2857 3411 2909 de
3445 2855 3560 2910 Deo

1972 2939 2151 3005 Patre,
2184 2941 2468 2994 anathema
2501 2943 2591 2996 sit.
2619 2961 2638 2994 ι
2663 2943 2956 2999 Cornarius
2990 2945 3142 3009 dixit,
3175 2964 3195 2997 ι
3223 2961 3291 3001 ex
3323 2963 3430 3000 non
3461 2965 3563 3002 ex-

1971 3030 2286 3084 siStentibus
2331 3029 2600 3101 Unigeniti
2634 3035 2927 3088 essentiam
2960 3037 3279 3104 producunt.
3303 3057 3323 3090 ι
3350 3037 3563 3108 Trape-

1973 3125 2205 3189 zuntius,
2235 3143 2254 3175 ι
2278 3138 2348 3178 ex
2376 3139 2480 3179 non
2506 3140 2626 3180 esse
2649 3127 2834 3180 dicunt
2856 3125 3050 3181 Filium
3075 3146 3089 3182 :
3117 3147 3136 3181 ι
3169 3137 3225 3181 at
3259 3145 3363 3183 non
3390 3132 3466 3182 ait
3487 3131 3563 3185 ὲκ

1969 3214 2063 3267 τοῦ
2079 3216 2154 3286 μὴ
2167 3211 2326 3281 εἶναι,
2347 3217 2438 3271 sed
2452 3217 2516 3270 ὲκ
2533 3215 2642 3270 τῶν
2657 3217 2731 3289 μὴ
2745 3216 2934 3286 ὄντων,
2947 3222 3087 3290 quod
3099 3231 3176 3274 est
3188 3261 3202 3285 ,
3215 3239 3233 3272 ι
3245 3237 3308 3274 ex
3325 3222 3517 3276 nihilo.
3529 3243 3554 3278 ι

2034 3309 2149 3363 (301.
2185 3309 2290 3364 598
2339 3313 2386 3363 Α
2431 3307 2488 3363 6.
2517 3309 2788 3366 Creaturis
2819 3311 3014 3379 ipsum.
3064 3312 3228 3366 Paulo
3265 3314 3559 3370 obscurius

1966 3411 2084 3456 erat
2115 3402 2240 3456 illud
2277 3403 2590 3472 interpretis
2629 3422 2641 3456 :
2680 3405 2734 3457 in
2766 3407 3116 3474 pra'ponendo
3150 3408 3405 3460 creaturis
3435 3408 3558 3476 glo-

1966 3494 2102 3545 riam
2135 3494 2181 3545 ei
2210 3504 2506 3546 attestatur.
2541 3492 2598 3546 lu
2625 3494 2741 3564 ejus
2771 3495 2944 3548 locum
2975 3497 3353 3552 substituimus
3382 3499 3553 3554 verba

1965 3585 2208 3639 (ἔοι-ηδιιῆ
2232 3605 2246 3652 ;
2282 3586 2420 3639 Beza
2446 3601 2578 3641 vero
2601 3588 2851 3655 scripsit:
2885 3607 2902 3638 ι
2931 3587 3171 3643 Gloriam
3200 3593 3369 3660 ipsius
3400 3593 3453 3646 in
3481 3608 3556 3648 eo

1967 3674 2180 3728 demum
2208 3685 2466 3742 testatur,
2491 3677 2630 3745 quod
2666 3678 2750 3742 iis,
2782 3693 2905 3746 quae
2930 3683 2996 3733 ab
3030 3695 3094 3734 eo
3136 3682 3351 3735 condita
3394 3697 3552 3749 sunt,

1967 3770 2138 3835 ipsum
2191 3777 2504 3838 anteponat.
2539 3787 2558 3819 ι
2618 3769 2813 3823 Verum
2862 3771 2992 3825 illud
3037 3791 3055 3823 ι
3087 3773 3155 3827 ab
3181 3788 3265 3839 eo,
3298 3794 3318 3826 ι
3357 3774 3553 3832 Gneca

1966 3873 2069 3910 non
2117 3866 2433 3928 agnoscunt.
2491 3857 2856 3929 Hieronymus
2905 3861 3024 3916 loco
3078 3866 3326 3932 proxime
3376 3866 3552 3924 citato

1965 3950 2472 4004 anathematismum
2509 3951 2560 4006 in
2599 3952 2837 4008 concilio
2867 3954 3197 4010 Ariminensi
3232 3960 3298 4012 ab
3323 3959 3552 4016 Arianis

1964 4039 2232 4108 prolatum
2295 4042 2376 4096 sic
2425 4041 2579 4097 elfert
2619 4066 2633 4097 :
2677 4043 2777 4098 «Si
2826 4045 2949 4114 quis
2986 4048 3184 4101 dixerit
3233 4061 3548 4106 creaturam

1962 4139 2155 4193 Filium
2185 4140 2300 4204 Dei,
2319 4151 2378 4195 ut
2398 4152 2525 4196 sunt
2544 4152 2754 4198 cetera:
2776 4155 3065 4209 creaturas,
3084 4146 3370 4198 anathema
3397 4145 3490 4202 sit.
3520 4165 3544 4198 ι

1963 4230 2159 4285 Filium
2191 4243 2499 4286 creaturam
2535 4249 2645 4290 non
2679 4237 2973 4304 negabant,
2999 4237 3092 4292 sed
3122 4236 3354 4290 similem
3386 4249 3552 4294 caete-

1964 4320 2038 4374 ris
2066 4323 2352 4376 creaturis.

2030 4410 2162 4468 lbid.
2196 4413 2238 4468 B
2268 4415 2320 4470 6.
2353 4416 2666 4487 Γεννήσεως
2695 4417 2886 4488 scripsi
2915 4433 2983 4472 ex
3017 4417 3186 4490 Regio
3214 4417 3280 4474 Η.
3314 4435 3414 4488 pro
3447 4437 3550 4490 γε.

1959 4505 2177 4568 νέσεως.
2205 4506 2614 4576 Trapezuntius,
2646 4526 2665 4560 ι
2695 4509 3042 4578 generatione
3066 4528 3080 4563 :
3103 4529 3123 4561 ι
3153 4527 3274 4565 nam
3305 4523 3360 4566 et
3380 4515 3549 4582 paulo

1960 4606 2080 4666 post
2108 4596 2418 4653 Basiliensis
2448 4601 2656 4662 habuit,
2690 4599 3060 4665 ὲξακουὸντων
3086 4600 3187 4671 τῆς
3207 4604 3542 4670 γεννήσεως.

1954 4687 2239 4742 Postremo
2267 4689 2369 4743 sub
2401 4691 2561 4744 tinem
2588 4705 2712 4761 pag.
2742 4691 3154 4762 ὑπομνήσομεν,
3181 4692 3382 4762 Regius
3408 4695 3544 4749 scri-

1952 4779 2116 4832 bebat
2148 4779 2572 4852 ὑπομνήσωμεν,
2605 4780 2998 4852 Trapezuntius
3039 4785 3114 4838 ita
3145 4783 3352 4855 legerat
3381 4803 3402 4838 ι
3441 4789 3544 4842 ad-

1953 4883 2143 4923 monea
2153 4886 2289 4926 mus.
2316 4891 2335 4922 ι

2021 4959 2156 5016 Ibid.
2206 4962 2247 5018 C
2299 4963 2385 5019 15.
2421 4963 2521 5018 His
2544 4965 2768 5023 duabus.
2803 4965 2995 5022 Totam
3058 4969 3200 5026 hanc
3250 4971 3535 5039 periodum

1951 5053 2209 5108 omiserat
2251 5055 2518 5124 interpres
2547 5055 2983 5127 Trapezuntius:
3019 5061 3114 5114 sed
3148 5075 3216 5115 ex
3255 5061 3376 5116 aliis
3412 5078 3538 5118 eam

1951 5145 2305 5212 restituimus,
2331 5162 2494 5217 quam
2523 5157 2578 5202 et
2607 5147 2808 5219 Regius
2838 5152 3102 5219 agnoscit,
3131 5167 3200 5207 ex
3232 5166 3340 5222 quo
3366 5153 3537 5207 etiam

1951 5237 2361 5295 immutavimus
2412 5241 2468 5294 in
2524 5241 2762 5297 editione
2809 5241 3095 5300 Basiliensi
3127 5254 3183 5300 et
3210 5244 3536 5314 Stephanaa

1948 5329 2100 5392 illud,
2136 5330 2294 5402 εἰπερ
2315 5329 2428 5403 ἔχοι
2452 5347 2504 5384 τι
2539 5332 2742 5403 ἑαυτῆς
2777 5332 3052 5406 ἐξωτέρω.
3093 5334 3194 5390 Ms.
3236 5334 3536 5407 ἐξώτερον.

1945 5421 2341 5490 Trapezuntius
2385 5425 2460 5478 ita
2490 5426 2734 5494 legerat:
2765 5443 2786 5478 ι
2812 5425 2869 5482 Si
2896 5430 3025 5498 quid
3058 5439 3182 5483 ante
3209 5443 3270 5482 se
3312 5430 3541 5486 haberet

1943 5517 2214 5584 superius,
2253 5535 2273 5568 ι
2313 5517 2639 5572 Cornarius:
2674 5536 2694 5570 ι
2723 5519 2780 5575 Si
2815 5520 2944 5587 quid
2971 5523 3107 5574 ultra
3137 5535 3196 5575 se
3232 5522 3481 5586 haberet,
3511 5542 3533 5574 ι

1944 5607 2082 5662 Beza
2111 5611 2176 5662 ad
2202 5609 2446 5672 verbum,
2483 5609 2576 5663 sed
2620 5611 2801 5667 minus
2826 5623 2972 5668 recte
3001 5631 3014 5666 :
3051 5631 3071 5663 ι
3117 5611 3176 5665 Si
3207 5612 3336 5680 quid
3374 5625 3535 5670 extra

1943 5716 2062 5756 sese
2094 5703 2349 5770 haberet;
2376 5721 2396 5754 ι
2432 5702 2562 5758 ferri
2588 5712 2769 5759 tamen
2792 5714 2972 5776 potest
3011 5702 3294 5777 ἑξωτέρωι
3319 5718 3450 5762 nam
3478 5718 3539 5764 et

1943 5794 2188 5864 sequitur
2209 5793 2277 5850 τὰ
2293 5794 2540 5868 ἐξωτέρω
2567 5793 2788 5867 ταύτης.
