3824 6214
250 289 388 348 1041

1326 292 1397 348 IN
1434 293 1682 352 LIBROS
1717 296 1998 354 CONTRA
2036 298 2438 358 EUNOMIUM-

3368 301 3506 357 1042

327 405 441 466 Cnl.
476 404 642 495 600.8
693 406 772 473 Τῷ
799 408 1208 478 ἀνυπερσᾰτφ.
1239 409 1296 466 1η
1329 411 1606 470 Basiliensi
1640 426 1689 470 et
1719 417 1825 471 aliis

1944 419 2131 486 λύσας,
2171 421 2338 492 γέρας
2372 415 2485 491 εἶχε
2517 420 2694 492 κρεῶν
2726 439 2848 476 τινα
2883 424 3204 495 περιφορὰν,
3226 424 3255 477 ὁ
3284 423 3341 477 δὲ
3379 424 3506 478 ἁδυ-

247 506 374 549 erat
404 494 792 566 dwnspOé-ctp:
826 501 918 552 sed
952 500 1150 568 Regius
1187 499 1252 559 Η.
1277 503 1356 556 sic
1385 503 1592 568 habuit,
1627 517 1681 561 et
1706 507 1831 561 Tra-

247 588 720 658 pezuntius,mum
745 592 1092 660 insuperabili
1117 593 1218 648 hoc
1239 595 1520 665 principio.
1537 598 1656 653 rS-ic
1675 600 1830 667 paulo

247 690 380 733 ante
408 680 561 746 dixit,
594 682 722 751 μιᾶς
754 682 1126 754 ἀνυπερὸἀτου
1155 685 1246 738 καὶ
1268 686 1456 758 ἐτέρας
1471 689 1789 746 ἂνεκϐἁτου.

325 770 455 825 Ibid.
496 771 534 824 R
556 772 609 827 5.
645 772 712 826 lu
732 775 938 843 regione
971 776 1228 832 Ausitide.
1263 780 1564 850 lnterpres,
1604 803 1622 835 ι
1659 783 1712 838 In
1746 801 1830 838 re-

247 859 412 928 gione
437 859 601 928 ilus,»
622 866 871 932 atqueita
890 865 1103 933 quidem
1130 868 1351 939 Vulgata
1375 870 1562 926 Latina
1585 872 1685 927 Job
1702 875 1779 938 1,1
1811 893 1833 930 ε·

252 970 276 1003 ι
306 951 401 1006 Vir
450 963 566 1008 erat
625 956 676 1009 in
733 967 876 1011 terra
909 958 1020 1014 Hns
1064 963 1281 1017 nomine
1321 961 1455 1030 Job;
1493 986 1512 1018 ι
1541 967 1634 1022 sed
1689 967 1828 1036 apud

247 1044 470 1100 Graecos
511 1046 833 1115 interpretes
877 1050 1122 1120 legimus,
1165 1055 1505 1124 ’Ἄνθρωπός
1537 1076 1625 1124 τις
1647 1055 1727 1129 ἦν
1759 1058 1830 1112 ἐν

248 1136 332 1207 τῇ
354 1137 516 1207 χώρᾳ
544 1141 836 1206 Αὐσίτιδι,
862 1135 910 1209 ᾧ
939 1143 1123 1213 ὄνομα
1142 1144 1276 1200 Ἰώό.
1309 1146 1480 1202 Homo
1518 1161 1627 1204 erat
1656 1152 1710 1203 in
1741 1167 1828 1204 re-

248 1229 407 1298 gione
438 1229 697 1291 Ausitide,
723 1232 807 1285 cui
834 1250 1017 1286 nomen
1042 1233 1166 1290 Job.
1185 1236 1627 1308 Chrysostomus,
1655 1242 1706 1294 in
1733 1242 1829 1296 Ca.

250 1334 379 1375 lenti
421 1321 1006 1396 Nicetze:'AvOptunov
1061 1322 1200 1383 εἶναι
1255 1346 1420 1401 φησιν
1465 1333 1522 1384 ὲν
1573 1331 1726 1405 χώρᾳ
1757 1337 1824 1405 τῇ

248 1408 514 1474 Δύσετιδι,
549 1413 642 1465 καὶ
672 1413 828 1468 τοῦτο
863 1416 1004 1485 μέγα
1026 1417 1321 1488 ἐγκώμιον.
1355 1421 1428 1474 Τὸ
1457 1422 1564 1494 γὰρ
1597 1425 1829 1495 ὲν-Ἀρα-

249 1497 348 1568 ϐίᾳ
383 1499 556 1564 οὕτως
584 1498 721 1556 εἶναι
750 1522 870 1558 τινα
898 1507 1134 1580 δόκιμον,
1163 1509 1292 1564 ἔνθα
1330 1512 1530 1577 πάντες
1571 1515 1825 1587 διεφθαρ-

251 1587 430 1679 μένοι,
472 1589 598 1645 ἔνθα
628 1593 779 1647 οὐδὲν
805 1595 1108 1668 ὑπόδειγμα
1138 1595 1205 1671 ἦν
1242 1601 1518 1673 εὐνομίας,
1568 1604 1723 1660 τοῦτο
1757 1603 1825 1679 ἦν

249 1678 591 1750 θαυμαστόν.
642 1702 660 1734 ι
695 1685 974 1740 Hominem
1007 1689 1154 1743 illum
1215 1691 1266 1746 in
1313 1692 1558 1749 Ausitide
1607 1678 1824 1766 regione

1937 513 2191 584 νατήσας,
2226 513 2404 583 ἅλμης
2446 511 2700 584 ποτήριον
2739 515 2970 566 ἐκπιεῖν’
3021 531 3040 566 ι
3068 515 3501 584 Compotatorutn

1939 603 2267 670 insuperest
2303 605 2533 671 aanigma
2558 613 2609 658 et
2638 604 2894 674 griphos;
2927 612 2983 659 et
3015 605 3142 659 illud
3171 605 3386 675 quidem
3415 606 3502 674 jo-

1937 709 2082 754 cum.
2109 694 2199 749 hic
2227 709 2355 750 vero
2386 703 2441 748 et
2472 693 2745 749 solertiam
2779 695 2938 750 habet
2972 714 2985 749 :
3020 704 3180 764 atque
3207 696 3351 751 hunc
3377 698 3502 766 qui-

1936 785 2057 837 dem
2089 785 2180 854 qui
2224 785 2487 850 solvebat,
2522 786 2768 840 carnium
2803 785 3018 854 aliquod
3055 785 3314 841 ferculum
3361 789 3502 843 acci-

1936 875 2115 944 piebat
2148 877 2198 930 in
2228 877 2534 946 praemium;
2565 878 2654 944 qui
2697 891 2800 931 non
2832 885 3062 946 poterat.
3091 876 3377 946 salsuginis
3401 892 3499 945 po-

1935 966 2118 1021 culum
2148 969 2429 1023 ebibebat.
2449 988 2468 1023 ι
2513 970 2677 1024 Addit
2701 969 3020 1024 seholiastes
3043 969 3344 1038 esetnplum
3374 983 3501 1037 snp-

1936 1058 2172 1128 peditare
2189 1057 2465 1114 Samsonis
2478 1060 2780 1125 historiam,
2794 1059 2882 1127 qui
2907 1059 2959 1114 in
2976 1058 3502 1127 nuptiissuispropo-

1936 1151 2042 1205 suit
2058 1151 2409 1218 qumtionem
2435 1153 2501 1206 de
2518 1153 2866 1222 generatione
2888 1167 3067 1220 apum.
3082 1150 3372 1204 Athenaeus
3401 1148 3495 1206 lib.

1937 1255 1964 1292 ι
1985 1277 1998 1300 ,
2031 1254 2149 1309 pag.
2199 1240 2340 1294 457:
2371 1241 2490 1294 Τῶν
2525 1241 2736 1312 γρίφων
2775 1243 2809 1312 ή
2855 1238 3083 1311 ζήτησις
3116 1239 3212 1292 οὐκ
3246 1237 3500 1308 ἀλλοτρία

1933 1329 2248 1400 φιλοσοφίας
2267 1333 2404 1397 ἐστὶ,
2430 1331 2524 1386 καὶ
2549 1334 2599 1385 οἱ
2622 1333 2840 1386 παλαιοὶ
2859 1331 2957 1403 τὴν
2984 1331 3084 1403 τῆς
3107 1330 3350 1394 παιδείας
3364 1329 3500 1385 ἀπόο

1932 1419 2097 1487 δειξιν
2118 1424 2176 1476 ὲν
2202 1421 2410 1487 τούτοις
2430 1422 2726 1477 ἐποιοῦντο·
2756 1443 2773 1474 ι
2794 1423 3112 1492 Griphorum
3145 1423 3498 1491 perscrutatio

1932 1513 2104 1567 aliena
2125 1528 2227 1566 non
2246 1523 2328 1568 est
2350 1529 2378 1567 a
2404 1515 2759 1584 philosophia,
2781 1514 2960 1583 itaque
2983 1513 3300 1568 eruditionis
3325 1512 3498 1581 speci-

1933 1621 2054 1661 men
2089 1616 2296 1661 veteres
2331 1606 2382 1660 in
2413 1606 2498 1662 his
2536 1615 2857 1662 statuerunt.
2891 1624 2910 1657 ι
2940 1604 3289 1659 Proferuntur
3315 1618 3495 1658 exem-

1932 1697 2016 1765 pla
2048 1698 2241 1752 ibidem
2268 1707 2322 1750 et
2355 1713 2474 1766 pag.
2509 1697 2636 1762 418,
2660 1714 2724 1752 ex
2754 1707 2993 1753 veterum
3018 1697 3354 1752 Comicorum
3388 1694 3498 1748 fra-

251 1766 424 1826 l'itisse
465 1774 625 1838 dicit,
673 1785 729 1830 et
775 1778 878 1832 hoc
921 1779 1108 1849 ingens
1145 1784 1494 1850 praeconium.
1553 1784 1824 1854 Siquidem
1860 1787 1901 1841 Β
1930 1790 2178 1856 gmentis.
2206 1787 2370 1842 Paulo
2394 1797 2514 1857 post
2540 1789 2941 1844 immutavimus
2967 1787 3096 1841 illud
3133 1805 3152 1838 ι
3186 1783 3498 1840 intellectio-

251 1863 309 1917 in
342 1863 542 1918 Arabia
577 1877 683 1920 tam
716 1868 942 1937 probum
973 1872 1206 1941 aliquem
1235 1876 1482 1944 reperiri,
1517 1877 1604 1930 ubi
1637 1893 1826 1934 omnes

251 1957 499 2024 corrupti
564 1968 755 2026 erant,
810 1962 902 2016 ubi
957 1963 1162 2018 nullum
1212 1969 1464 2022 exstabat
1523 1970 1825 2040 exemplum

249 2049 544 2116 aequitatis,
565 2060 645 2104 est
668 2051 1022 2110 admiratione
1051 2069 1306 2124 perquam
1329 2058 1571 2125 dignum.
1602 2079 1620 2112 ι
1646 2059 1828 2132 Olym-

249 2139 513 2208 piodorus
538 2140 728 2195 ibidem
754 2145 822 2197 ab
847 2144 956 2199 Aus
978 2161 1084 2200 uno
1107 2163 1170 2202 ex
1202 2148 1328 2203 ﬁliis
1355 2149 1496 2204 Esau
1531 2151 1730 2206 dictam
1747 2147 1828 2206 'il-

254 2227 366 2281 lam
419 2229 586 2283 tradit
613 2231 907 2301 regionem,
937 2250 1096 2304 quam
1151 2237 1240 2292 alii
1279 2239 1331 2292 in
1372 2240 1622 2305 ldumaaa,
1652 2243 1739 2296 alii
1775 2243 1825 2296 in

255 2318 457 2374 ﬁnibus
482 2322 694 2378 Arabiae
714 2333 766 2378 et
791 2325 1035 2382 Idumaeas
1069 2328 1356 2385 collocant.
1383 2330 1439 2385 S.
1472 2331 1839 2404 Hieronymus-

253 2409 400 2476 apud
448 2408 734 2468 Jeremiam
758 2415 919 2470 etiam
948 2431 1067 2487 cap.
1106 2434 1234 2483 xxv,
1257 2422 1448 2476 vertit:
1481 2441 1499 2473 ι
1529 2423 1592 2477 Et
1615 2426 1828 2481 eunetis

254 2503 475 2568 regibus
521 2513 679 2560 terra:
723 2507 1018 2574 Ausitidis;
1047 2529 1066 2561 ι
1111 2521 1166 2565 et
1194 2514 1324 2566 citat
1345 2530 1411 2568 ex
1444 2527 1588 2569 textu
1619 2515 1832 2583 Graeco,

258 2609 281 2644 ι
311 2591 486 2648 Homo
516 2597 734 2665 quidam
771 2608 885 2654 erat
923 2602 974 2654 in
1008 2603 1229 2673 regione
1263 2605 1544 2669 Ausitidis,
1567 2623 1686 2676 quae
1719 2607 1826 2663 He-

254 2685 441 2740 hraice
497 2689 801 2758 appellatur
843 2691 983 2760 llus;
1028 2704 1085 2749 et
1134 2704 1312 2751 tamen
1364 2697 1640 2753 sciendum
1682 2701 1827 2756 hunc

254 2777 590 2832 versiculum
625 2784 762 2848 apud
783 2781 1046 2838 LXXnon
1078 2785 1280 2840 haberi.
1307 2807 1327 2840 ι
1366 2788 1559 2844 Eodem
1595 2791 1751 2845 modo
1775 2793 1839 2846 in-

253 2863 484 2937 Vulgata
513 2870 851 2927 Rantathaim
876 2875 1098 2943 Suphim
1127 2878 1384 2947 scriptum
1407 2889 1490 2934 est
1512 2881 1530 2934 l
1556 2881 1687 2952 Reg.
1715 2898 1752 2945 ι,
1775 2884 1824 2946 Ι,

253 2962 350 3015 sed
375 2960 548 3016 Graeci
580 2962 828 3032 ell‘erunt,
861 2968 920 3035 ἐξ
957 2968 1269 3041 Ἀρμαθαῒμ
1296 2973 1454 3040 Σιφά,
1481 2991 1502 3024 ι
1533 2989 1596 3028 ex
1631 2974 1824 3030 Arma-

260 3054 426 3108 thaim
456 3053 643 3125 Sipha.
675 3077 694 3109 ι
731 3059 862 3116 Ibid.
895 3061 1125 3132 ἄχρονον
1153 3073 1237 3118 est
1265 3081 1285 3116 ι
1329 3065 1584 3135 temporis
1609 3081 1823 3137 expers,

256 3148 518 3214 temporis
551 3150 813 3214 nescium,
845 3154 1044 3221 absque
1071 3164 1331 3224 tempore,
1361 3174 1380 3208 ι
1418 3171 1520 3212 non
1571 3167 1630 3212 ut
1661 3158 1828 3213 inter-

255 3251 404 3306 pres,
441 3255 460 3289 ι
493 3240 637 3292 nullo
668 3251 908 3312 tempore
931 3245 1247 3301 obnoxium.
1276 3267 1296 3300 ι

326 3327 443 3385 Col.
463 3329 570 3384 605
618 3333 664 3385 Α
705 3332 792 3387 15.
823 3332 966 3387 Nam
993 3352 1023 3387 a
1050 3339 1286 3392 veritate.
1319 3339 1384 3393 Et
1415 3341 1643 3396 obscure
1676 3357 1828 3397 versa

254 3429 311 3472 et
337 3421 478 3474 male
517 3421 854 3490 interpuncta
889 3425 1161 3494 periodus,
1194 3439 1425 3483 mentem
1462 3432 1696 3486 auctoris
1729 3448 1825 3488 oc-

253 3509 516 3565 tultabal.
554 3531 572 3564 ι
604 3513 736 3568 Nam
777 3530 937 3572 casus
971 3533 999 3570 a
1027 3521 1255 3576 veritate
1291 3523 1511 3586 mentis,
1537 3523 1684 3578 visus
1712 3525 1826 3594 pri-

253 3603 402 3657 vatio
427 3613 485 3658 et
509 3607 724 3661 caecitas
749 3617 884 3662 est.»
916 3609 1122 3666 Rursus
1155 3629 1252 3682 pro
1279 3613 1612 3684 τετύφλωται
1636 3617 1828 3686 legisse

252 3696 472 3750 videtur
504 3698 918 3767 Trapezuntius.
960 3711 1018 3756 ut
1044 3715 1160 3758 erat
1195 3705 1246 3758 in
1279 3705 1370 3772 H.,
1412 3706 1716 3776 τετύφωται
1748 3709 1839 3782 τῷ

249 3787 366 3842 δντι
394 3788 587 3859 μηδέν,
617 3791 701 3844 vel
733 3792 1063 3864 πεφύσηται,
1110 3813 1128 3847 ι
1151 3806 1206 3851 et
1238 3796 1416 3862 inﬂata
1460 3799 1590 3852 nihil
1626 3800 1826 3855 intelli-

251 3881 354 3948 git,
389 3899 410 3933 ι
445 3893 500 3935 et
527 3882 685 3952 paulo
717 3894 836 3950 post
867 3901 966 3955 pro
1003 3905 1022 3938 ι
1052 3887 1102 3940 in
1141 3902 1301 3942 sensu
1334 3890 1648 3959 phrenetico
1681 3911 1699 3945 ι
1745 3909 1828 3947 re-

255 3967 535 4034 posuimus
557 3987 577 4020 ι
606 3970 657 4024 in
679 3974 876 4027 mentis
898 3989 990 4044 per
1018 3975 1378 4044 phrenitidem
1400 3980 1700 4035 eurotione:
1729 4001 1747 4034 r
1768 3983 1826 4036 ὲν

253 4057 512 4113 ικστάσει
545 4064 856 4133 φρενιτικῇ,
894 4079 1000 4116 non
1043 4064 1311 4136 αἰσθήσει.
1342 4066 1444 4121 Alii
1486 4069 1668 4124 dicunt
1694 4087 1715 4122 ι
1744 4070 1826 4125 l'u-

255 4152 440 4214 riosis.
477 4166 601 4207 cum
626 4155 769 4223 apud
796 4170 856 4210 se
888 4170 996 4209 non
1029 4165 1174 4211 sunt.
1202 4177 1222 4210 ι

329 4245 461 4299 Ibid.
495 4245 536 4298 C
557 4244 612 4298 8.
638 4253 677 4299 Α
710 4248 1104 4315 qua'stionilms.
1129 4247 1428 4306 Restitutus
1453 4261 1535 4307 est
1567 4252 1651 4307 hic
1679 4252 1826 4310 locus

254 4349 321 4388 ex
351 4335 517 4405 Regio
546 4351 648 4389 ms.
679 4333 772 4398 H.,
802 4351 923 4389 cum
957 4349 1114 4393 antea
1142 4354 1422 4405 perperam
1456 4343 1509 4396 in
1536 4343 1734 4398 Veneta
1770 4354 1825 4398 et

1851 3115 1902 3176 ο

1928 1880 2011 1933 nis
2033 1890 2230 1932 natura
2264 1881 2496 1940 niotibus
2525 1881 2720 1935 mentis
2746 1880 2863 1935 sine
2887 1889 3124 1948 tempore
3146 1878 3491 1934 constituta.)

1998 1967 2116 2024 Col.
2153 1969 2256 2024 606
2304 1970 2365 2025 C.
2409 1968 2856 2038 Respondeamus.
2892 1969 3136 2023 Mendum
3181 1965 3497 2022 sustulimus

1941 2061 2194 2117 editionis
2217 2060 2594 2123 Basiliens.,in
2627 2075 2730 2128 qua
2761 2060 3037 2130 legebatur
3069 2057 3492 2129 ἀποκλινόμεθα,

1930 2153 1982 2208 in
2006 2152 2206 2207 Veneta
2233 2167 2359 2207 vero
2375 2151 2802 2224 ἁποκρινόμεθα,
2827 2170 2845 2203 ι
2866 2151 3283 2220 respondemus:
3309 2168 3329 2200 ι
3354 2149 3493 2204 idem

1930 2245 2248 2314 Stephanaea
2286 2255 2340 2298 et
2371 2244 2700 2308 Carnarius,
2739 2243 2833 2297 sed
2873 2242 2938 2296 ll.
2973 2257 3072 2297 ms.
3113 2251 3173 2295 ut
3199 2239 3492 2295 edidimus.

1929 2335 2316 2403 Trapezuntius
2382 2336 2596 2390 videtur
2645 2338 2978 2404 expressisse
3025 2331 3491 2404 ἀποκρινούμεθαο

1933 2444 1960 2479 «ς
1985 2426 2450 2496 Respondebimus
2477 2441 2629 2497 ergo,
2658 2427 2769 2481 imo
2802 2426 3055 2495 quoniam
3091 2439 3195 2478 non
3225 2435 3328 2488 est,
3353 2431 3494 2487 erat,

1927 2535 2034 2574 non
2068 2519 2380 2573 innascibile
2418 2519 2642 2586 habens,
2674 2519 2818 2588 quod
2860 2527 2978 2573 est:
3002 2531 3099 2572 ens
3129 2531 3258 2572 vero
3286 2530 3498 2586 semper

1927 2620 1981 2666 et
2011 2612 2368 2664 coexsistens.
2401 2629 2422 2661 ι

2001 2701 2114 2756 Col.
2149 2701 2252 2756 607
2295 2701 2335 2754 Β
2365 2701 2418 2755 4.
2473 2701 2691 2771 Quoque
2737 2701 3019 2756 rationem.
3055 2697 3370 2755 Addidimus
3428 2710 3498 2752 ex

1927 2807 2032 2847 ms.
2051 2793 2114 2849 H.
2139 2801 2193 2847 et
2213 2792 2443 2858 ἔννοιαν,
2475 2809 2636 2862 quam
2659 2792 3054 2863 Trapezuntius
3087 2809 3106 2843 ι
3127 2789 3448 2846 sententiam
3470 2806 3498 2840 ι

1927 2893 2184 2948 verterat,
2211 2893 2265 2939 et
2292 2885 2589 2940 Cornarius
2637 2903 2656 2936 ι
2681 2885 2975 2946 notionem,
3004 2902 3024 2937 ι
3065 2885 3206 2950 quod
3239 2882 3498 2936 Venetam

1927 2972 2157 3028 fortasse
2179 2987 2367 3029 nactus
2391 2983 2536 3028 esset
2562 2973 2870 3029 editionem.
2901 2973 3222 3042 Stephanzea
3252 2972 3383 3027 item
3409 2969 3497 3024 εν-

1929 3083 2078 3119 νοιαν
2105 3066 2262 3120 vertit
2301 3083 2320 3117 ι
2341 3065 2745 3134 cegitationem.
2773 3083 2792 3116 ι
2821 3065 2896 3120 Ex
2927 3065 3115 3118 eodem
3146 3078 3247 3118 ms.
3273 3061 3496 3131 scripsi-

1931 3169 2048 3208 mus
2077 3153 2366 3225 ἐπιζητῶν,
2394 3170 2489 3222 pro
2511 3152 2816 3224 ὑποζητῶν,
2839 3162 2892 3209 et
2914 3153 3091 3208 locum
3115 3154 3181 3206 ab
3206 3151 3496 3221 interprete

1929 3245 2234 3300 mutilatum
2262 3245 2502 3315 pristinae
2531 3245 2824 3314 integritati
2862 3244 3199 3300 restituimus
3231 3257 3246 3295 :
3281 3251 3493 3298 tantum

1927 3339 2071 3392 enim
2101 3339 2426 3407 scripserat:
2456 3355 2475 3388 ι
2500 3337 2605 3391 Sed
2642 3352 2741 3390 cur
2782 3335 3086 3390 amentibus
3111 3333 3495 3389 contradicen-

1929 3430 2058 3483 dum
2092 3430 2208 3484 est?
2235 3429 2318 3484 vel
2344 3429 2387 3484 si
2422 3429 2488 3482 ad
2511 3429 2713 3499 aliquid
2737 3442 2925 3483 eorum
2955 3441 3074 3497 qua:
3096 3436 3239 3482 sunt.
3269 3445 3288 3480 ι
3325 3425 3494 3482 Simi-

1926 3519 1992 3575 lis
2020 3519 2168 3574 locus
2193 3520 2487 3586 praecessit.

1995 3611 2109 3666 Col.
2140 3609 2246 3665 610
2271 3609 2312 3666 C
2359 3609 2411 3664 8.
2447 3607 2679 3663 Unxisti.
2704 3607 2912 3680 Στήλην
2937 3607 3129 3662 Latine
3154 3617 3494 3676 expresserat

1928 3701 2196 3772 interpres
2243 3721 2263 3754 ι
2299 3701 2552 3772 lapidem.
2582 3718 2600 3752 ι
2649 3713 2746 3754 nec
2799 3699 2956 3753 aliter
2987 3697 3146 3761 Beza,
3184 3699 3274 3767 qui
3309 3696 3394 3752 vel
3424 3712 3494 3751 ex

1927 3805 2220 3865 symmysta
2266 3809 2364 3848 suo
2418 3791 2581 3846 Henr.
2619 3789 2890 3859 Stephano
2933 3791 3142 3844 discere
3187 3790 3356 3857 potuit
3386 3803 3491 3841 non

1925 3887 2174 3955 quemvis
2194 3884 2422 3954 lapidem
2453 3899 2572 3938 esse
2594 3881 2814 3953 στήλην,
2831 3883 2925 3937 sed
2952 3881 3180 3951 lapidem
3201 3880 3491 3942 titularem.

1927 3977 2010 4031 vel
2042 3976 2178 4046 signi
2213 3980 2385 4045 gratia
2419 3984 2684 4040 erectum,
2712 3975 2794 4029 vel
2816 3983 2964 4028 certe
2988 3971 3316 4033 columnam.
3350 3972 3493 4026 unde

1927 4069 2069 4138 apud
2114 4066 2408 4122 historicos
2459 4064 2772 4137 Ἡράκλειοι
2817 4063 3007 4134 στῆλαι
3058 4072 3186 4120 sunt
3233 4063 3494 4119 columna:

1931 4158 2197 4224 Herculis,
2227 4167 2282 4212 et
2307 4158 2510 4229 στήλην
2541 4157 2881 4229 ἀναγράφειν
2912 4155 3108 4211 Budaeo
3133 4163 3218 4210 est
3249 4155 3302 4210 in
3339 4154 3496 4226 cippo

1926 4251 2293 4323 proscribere.
2327 4249 2584 4303 Vaticana
2638 4265 2657 4298 ι
2691 4246 2902 4300 titulum
2937 4263 2956 4297 ι
2989 4246 3183 4301 vertit:
3208 4260 3304 4314 pro
3338 4247 3495 4314 cippo

1927 4343 2072 4400 enim
2114 4343 2365 4408 sumitur,
2399 4343 2451 4395 in
2496 4355 2604 4410 quo
2641 4337 2726 4392 vel
2761 4335 3133 4405 sepulcrorum
3189 4337 3497 4405 inscriptio-

255 4424 537 4481 Basiliensi
567 4437 712 4482 esset
740 4428 776 4482 ἅ
807 4428 916 4482 τῶν
947 4429 1174 4501 γραφῶν
1200 4433 1373 4486 οὐδέν.
1401 4432 1476 4488 Ex
1503 4449 1608 4504 quo
1633 4437 1824 4493 extulit

1932 4451 2048 4498 nes,
2103 4437 2183 4488 vel
2221 4433 2482 4488 l'aederum
2535 4429 2840 4486 testimonia
2890 4440 2944 4484 et
2975 4439 3318 4484 monumenta
3367 4445 3493 4499 per-

255 4521 593 4574 (Lornarinst
621 4536 742 4589 qua?
781 4521 912 4574 nihil
948 4522 1146 4576 absunt
1199 4524 1268 4578 ab
1321 4525 1386 4579 iis
1427 4527 1662 4594 scriptis.
1709 4545 1827 4597 quae

255 4610 323 4664 ad
375 4621 662 4679 utramque
697 4623 904 4680 partem
958 4616 1328 4683 scrupulosam
1379 4619 1685 4686 opinionem
1727 4621 1826 4674 ha-

254 4699 404 4754 bent.
432 4719 452 4753 »
478 4701 546 4753 At
564 4703 614 4754 in
633 4700 976 4771 Stephanaea,
1002 4701 1039 4755 ἂ
1068 4702 1176 4757 τῶν
1205 4707 1467 4776 γραπτῶν
1495 4707 1666 4759 οὐδέν.
1686 4706 1846 4762 Βεια

251 4791 438 4857 vertit,
463 4808 484 4842 ι
514 4806 633 4860 quae
655 4791 788 4846 nihil
812 4807 1031 4860 prorsus
1055 4796 1122 4847 ab
1150 4793 1216 4848 iis
1237 4796 1452 4863 scriptis
1469 4797 1686 4862 absunt,
1707 4812 1825 4865 quae

254 4884 308 4938 in
339 4885 603 4938 utramvis
625 4895 828 4952 partem
854 4887 1100 4954 accipere
1123 4886 1480 4954 periculosum
1510 4897 1610 4942 est.
1639 4907 1658 4939 ι
1687 4889 1824 4942 Tra-

252 4973 538 5043 pezuntius
559 4976 872 5046 scripserat,
911 4995 929 5026 ι
970 4993 1088 5046 quae
1108 4978 1182 5032 nil
1213 4977 1281 5031 ab
1324 4978 1700 5034 insolubilibus
1729 4981 1825 5035 de-

249 5077 400 5132 sunt,
440 5083 562 5122 cum
613 5070 679 5120 ad
728 5079 1016 5138 utramque
1048 5078 1253 5139 partem
1306 5071 1602 5140 periculum
1642 5079 1825 5127 osten-

250 5164 406 5217 dant.
432 5182 450 5216 r
481 5163 683 5232 Γρίπος
723 5175 781 5219 et
817 5165 1012 5236 γρῖφος
1044 5168 1260 5236 proprie
1300 5179 1413 5222 rete
1449 5169 1532 5223 vel
1572 5185 1821 5240 sagenam

251 5265 433 5319 sonat,
480 5265 533 5310 et
583 5259 650 5311 ad
696 5259 1023 5326 quaestiones
1066 5260 1395 5316 conviviales
1429 5263 1818 5331 anigmaticas,

252 5353 416 5415 atque
473 5347 540 5401 ad
615 5347 752 5404 alios
822 5365 1100 5405 sermones
1165 5351 1532 5420 aenigmatieos
1582 5355 1819 5408 extendi-

255 5449 363 5496 tur.
422 5448 582 5510 alque
637 5442 772 5495 adeo
821 5443 1061 5512 symbols
1115 5447 1226 5513 ipsa
1269 5446 1622 5516 Pythagorica
1660 5446 1826 5498 Athe-

256 5543 405 5581 naeus
437 5531 753 5600 rgriphoss
787 5533 1042 5603 appellat.
1092 5535 1276 5590 Pollux
1341 5536 1435 5590 lib.
1487 5552 1573 5603 vr,
1625 5552 1676 5589 c.
1733 5536 1820 5601 19,

253 5619 378 5674 Τῶν
402 5620 585 5691 μέντοι
617 5625 967 5695 συμποτικῶν
997 5627 1224 5698 αἴνιγμα
1248 5627 1343 5682 καὶ
1373 5627 1568 5701 γρῖφος
1590 5645 1606 5660 ο
1636 5627 1697 5680 τὸ
1726 5627 1825 5698 μὲν

257 5710 478 5765 παιδιὰν
524 5707 688 5784 εἶχεν,
715 5715 742 5768 ὁ
773 5715 829 5768 δί
884 5717 1078 5787 γρίφος
1122 5717 1213 5772 καὶ
1263 5715 1513 5788 σπουδὴν,
1551 5715 1644 5770 καὶ
1667 5715 1696 5768 ὁ
1728 5715 1824 5784 μὲν

1924 4526 2318 4583 scribebantur.
2353 4523 2649 4580 Cornarius
2682 4533 2849 4588 recte,
2887 4533 2942 4576 et
2988 4523 3058 4574 ita
3092 4519 3491 4574 rescribendum

1926 4620 2029 4675 hoc
2081 4617 2232 4682 loco,
2294 4634 2313 4669 ι
2363 4616 2455 4685 qui
2503 4616 2726 4685 apparui
2769 4615 2865 4669 tibi
2916 4614 2968 4668 in
3011 4612 3128 4667 loco
3165 4611 3254 4665 ubi
3287 4612 3490 4665 tinxisti

1923 4712 2052 4766 mihi
2084 4710 2407 4764 columnam.
2434 4728 2452 4760 ι
2490 4706 2598 4762 Nec
2627 4707 2697 4760 ita
2733 4704 2900 4760 multo
2933 4713 3054 4772 post
3084 4704 3197 4776 tot;
3227 4697 3368 4763 οὖσι,
3397 4702 3492 4755 καὶ

1925 4805 2157 4864 πιστοῖς.
2177 4798 2560 4855 Admonendus
2590 4806 2672 4851 est
2689 4798 2857 4851 lector
2879 4811 3038 4859 nunc,
3061 4794 3338 4863 Ephesior.
3368 4808 3405 4857 ι,
3439 4797 3483 4857 l,

1925 4895 2070 4960 apud
2094 4891 2407 4960 Apostolum
2464 4890 2586 4959 legi,
2645 4887 2778 4955 Τοῖς
2828 4887 3017 4955 ἁγίοις
3054 4885 3179 4951 τοῖς
3214 4881 3396 4941 οὖσιν
3419 4885 3492 4938 ἐν

1933 4986 2185 5055 Ἐφέσῳ,
2209 4985 2306 5038 καὶ
2329 4981 2564 5049 πιστοῖς
2602 4982 2674 5035 ἐν
2710 4980 2959 5050 Χριστῷ.
3000 4979 3213 5033 Sanctis
3253 4978 3342 5049 qui
3367 4987 3488 5032 sunt

1922 5077 2116 5148 Ephesi
2151 5089 2198 5132 et
2235 5076 2474 5147 ﬁdelibus
2504 5077 2559 5128 in
2583 5073 2813 5128 Christo.
2837 5072 3012 5125 Alium
3042 5070 3271 5126 fortasse
3297 5079 3488 5126 nactus

1919 5181 2002 5224 est
2029 5169 2266 5222 codicem
2313 5166 2573 5228 Basilius,
2605 5183 2635 5219 a
2668 5181 2778 5236 quo
2811 5166 3040 5219 aberant
3065 5154 3487 5232 ἱΙΙέὲνἘφέσῳ.

1919 5260 2371 5329 quemadmodum
2430 5268 2485 5312 et
2536 5268 2724 5312 auctor
2775 5255 3014 5322 Vulgata:
3078 5255 3238 5308 vertit
3290 5254 3488 5308 ibidem

1932 5366 1956 5398 ι
1985 5347 2234 5402 omnibus
2284 5349 2505 5411 sanctis,
2531 5365 2550 5398 ›
2597 5346 2740 5416 quod
2786 5347 2839 5399 in
2875 5346 3064 5401 Graeco
3105 5343 3244 5398 forte
3273 5343 3490 5414 legisset

1920 5438 2071 5494 πᾶσι
2111 5439 2235 5504 τοῖς
2274 5439 2466 5508 ἁγίοις
2488 5456 2500 5469 ·
2534 5437 2882 5508 quamobrem
2921 5437 3086 5488 miror
3113 5435 3363 5502 equidem
3391 5451 3489 5488 au-

1920 5532 2150 5596 daciam,
2187 5531 2270 5584 vel
2302 5531 2480 5600 potius
2527 5529 2913 5599 impudentiam
2949 5526 3124 5590 Besae,
3155 5527 3246 5597 qui
3279 5541 3483 5582 meram

1919 5632 1977 5676 et
2018 5622 2231 5675 inanem
2279 5621 2543 5689 argutiam
2588 5635 2709 5675 esse
2738 5620 2893 5683 dicit,
2925 5634 3044 5686 quas
3075 5633 3104 5672 a
3142 5618 3487 5674 sanctissimo

1920 5710 2082 5770 Patre
2106 5711 2206 5768 hoc
2230 5711 2347 5768 loco
2366 5709 2732 5782 proferuntur.
2753 5711 2858 5768 Sed
2881 5709 3132 5767 nimirum
3161 5709 3231 5764 ita
3255 5710 3493 5777 majores
