3824 6214
339 293 484 351 10ιὸ

1507 298 1741 361 ῙΝΟΤΑΕ
1787 300 2181 361 FRONTONIS
2217 303 2454 360 DUCEI’

3457 309 3598 365 lilii

337 425 472 469 suos
513 410 796 468 tradidisse
839 413 1042 468 addidit
1071 415 1326 471 Ecclesia:
1362 416 1550 472 doctor
1576 418 1827 482 Basilius,
1855 427 1909 473 et

2020 425 2332 480 concinnius
2363 425 2463 496 legi
2489 423 2726 494 comperi
2772 422 3126 478 ἇναλλοίὼτον
3151 423 3338 477 οὐσίαν
3368 441 3602 494 παρατι-

339 501 416 558 ita
459 517 517 557 se
567 504 619 557 in
669 505 894 559 vetustis
934 507 1334 575 exemplaribus
1378 511 1709 578 comperisse
1731 528 1760 565 :.
1778 525 1910 578 quo-

339 595 484 648 circa
523 595 709 648 mirari
737 597 925 651 desino
955 597 1086 652 istos
1123 599 1232 654 τῶν
1262 601 1634 674 παραδόσεων,
1663 603 1907 657 traditio-

341 701 468 740 num
503 686 703 752 hostes,
729 698 784 742 et
814 703 1074 743 novarum
1095 692 1412 761 religionum
1447 696 1906 750 architectosiua-

339 790 438 831 nes
479 777 719 848 argutias
761 789 982 849 accepta
1039 795 1069 835 a
1109 781 1364 839 Patribus
1407 784 1658 856 dogmata
1709 802 1912 842 nuncu-

339 883 492 936 pare.

412 951 526 1004 Col.
587 951 690 1006 6l5
729 952 769 1007 C
805 953 859 1009 6.
903 954 1007 1019 Qui
1061 957 1404 1012 commodius.
1476 956 1552 1011 Ita
1623 958 1911 1014 maluimus

339 1057 464 1096 cum
520 1041 782 1099 Cornario
837 1057 1075 1113 vertere,
1140 1063 1304 1117 quam
1351 1064 1474 1104 cum
1526 1049 1907 1120 Trapezuntio,

346 1149 368 1184 ι
398 1134 488 1201 qui
530 1134 721 1192 melius
765 1136 1083 1194 llebraicam
1140 1139 1374 1210 linguam
1415 1152 1718 1208 tenuerunt,
1749 1163 1767 1196 ι
1819 1155 1912 1200 aut

340 1238 464 1276 cum
519 1223 678 1289 Beza,
741 1226 1176 1282 illebraicarum
1217 1245 1410 1284 vocum
1464 1233 1909 1302 signiﬁcationem

341 1316 588 1383 adeptos.
615 1336 634 1369 ι
686 1317 943 1388 Designat
989 1320 1132 1374 enim
1176 1321 1426 1390 Aquilam
1463 1323 1766 1392 P0uticum,
1821 1328 1908 1380 cui

347 1407 542 1462 tribuit
591 1409 730 1464 hanc
765 1411 979 1465 laudem
1022 1411 1083 1467 S.
1121 1412 1503 1484 Hieronymus,
1546 1417 1687 1485 quod
1720 1421 1913 1472 verbo-

344 1511 461 1551 rqu
518 1500 903 1569 proprietatem
945 1505 1180 1557 maxime
1219 1508 1586 1574 expresserit,
1640 1519 1700 1564 ut
1745 1510 1909 1580 epist.

345 1588 445 1642 101
498 1589 565 1646 ad
616 1590 940 1657 Marcellam,
998 1595 1268 1676 «Aquila,
1292 1607 1469 1652 autem
1513 1600 1815 1670 proselytus
1858 1613 1913 1658 et

340 1682 711 1738 contentiosus
757 1683 1044 1754 interpres,
1102 1690 1193 1756 qui
1237 1704 1342 1744 non
1371 1691 1544 1746 solum
1590 1694 1776 1758 verba,
1815 1697 1909 1750 sed

2018 515 2190 580 θέναι,
2247 535 2266 567 ι
2293 532 2396 570 non
2447 516 2691 581 credere,
2731 530 2908 584 neque
2945 530 3066 570 cum
3104 513 3243 568 ﬂuxa
3283 524 3499 578 natura,
3543 527 3597 567 et

2013 607 2314 662 innumeris
2369 608 2599 662 obnoxia
2639 607 3046 670 mutationibus,
3098 606 3492 661 immutabilem
3540 614 3598 659 et

2020 699 2141 751 inva
2155 697 2398 752 riabilem
2426 713 2760 766 comparare.
2796 716 2816 748 ι

2081 788 2198 843 Col.
2236 787 2344 842 624
2377 791 2420 842 A'
2447 788 2503 842 2.
2533 786 2777 851 Βώλους
2803 785 3045 855 δρόᾱου,
3077 786 3249 855 glebas
3275 785 3430 847 roris,
3458 785 3595 854 legi-

2015 896 2135 936 mus
2166 881 2220 934 in
2271 881 2507 934 editione
2557 879 2842 949 Stephani,
2881 894 2980 932 nec
3027 877 3187 931 aliter
3237 877 3300 930 in-
3346 892 3446 930 ms.
3485 891 3590 930 suo

2013 971 2436 1042 Trapezuutius,
2484 985 2655 1039 eaque
2702 969 2860 1023 lectio
2909 969 3266 1024 coutlrmatur
3307 967 3582 1020 editionis

2014 1063 2270 1118 Romanas.
2298 1061 2618 1116 auctoritate
2654 1059 2794 1126 apud
2837 1057 2976 1112 LXX
3005 1097 3020 1122 ,
3053 1065 3108 1113 et
3132 1055 3499 1127 Olympiodori
3535 1058 3590 1110 in

2013 1151 2217 1205 Catena
2248 1148 2468 1211 Nicetae,
2497 1163 2587 1216 qut
2618 1146 2822 1216 βώλους
2852 1146 3043 1217 δρόσου
3066 1145 3284 1214 exponit
3310 1144 3591 1207 τουτέστι,

2016 1240 2115 1304 τὰς
2151 1238 2470 1301 συστάσεις,
2513 1256 2532 1289 ι
2556 1238 2660 1292 hoc
2700 1244 2802 1301 est,
2846 1236 3255 1292 concretiones:
3288 1254 3307 1287 ι
3343 1247 3396 1287 at
3429 1234 3594 1289 Basi-

2013 1332 2199 1387 liensis
2221 1331 2385 1386 editio
2418 1329 2596 1383 Basilii
2642 1327 2829 1399 βόλους
2857 1328 3046 1399 δρόσου
3075 1325 3282 1390 habuit,
3329 1327 3592 1394 quemad-

2015 1425 2231 1478 modum
2275 1433 2330 1476 ct
2363 1420 2560 1490 Regius
2587 1419 2677 1483 H.,
2711 1420 2851 1472 unde
2877 1418 3174 1473 Cornarius
3208 1417 3389 1481 vertit,
3418 1426 3592 1477 c-gut-

2016 1529 2098 1570 tas
2133 1515 2339 1581 roris,»
2379 1523 2540 1580 atque
2587 1511 2714 1566 huic
2754 1509 2972 1564 lectioni
3018 1507 3386 1578 suffragantur
3415 1507 3591 1561 Biblia

2016 1605 2354 1661 Plantiniana
2403 1618 2471 1657 ex
2509 1600 2978 1671 Complutensibus
3021 1611 3300 1668 expressa,
3352 1597 3593 1652 etBasi-

2013 1697 2224 1761 liensia,
2259 1694 2384 1748 licet
2411 1694 2463 1747 in
2508 1692 2591 1747 his
2623 1704 2905 1760 perperam
2951 1703 3164 1744 versum
3217 1689 3316 1752 sit,
3372 1688 3592 1757 cjactus

340 1773 693 1843 etyutolugias
760 1790 976 1846 quoque
1014 1755 1304 1835 verborum
1357 1782 1653 1840 transferre
1687 1755 1912 1842 conatus
1943 1755 1986 1810 Β
2016 1789 2174 1844 roris.
2248 1784 2472 1854 Vulgata
2498 1755 2697 1838 Lexica
2723 1755 2915 1853 βόλους
2933 1780 3124 1852 δρόσου
3149 1755 3422 1848 exponunt
3443 1778 3589 1846 apud

341 1873 450 1918 est.
479 1882 498 1916 ι
541 1865 607 1919 Et
663 1866 825 1936 epist.
865 1869 997 1926 159:
1035 1888 1061 1922 ιι
1079 1870 1296 1940 Aquila,
1327 1873 1418 1942 qui
1468 1874 1750 1930 verborum
1808 1878 1910 1933 lle-

341 1955 607 2010 braaorum
640 1958 1089 2028 diligentissimus
1112 1965 1414 2032 explicator
1436 1979 1538 2024 est.
1571 1987 1588 2020 ι
1619 1968 1681 2023 Ει
1704 1970 1756 2024 iu
1783 1986 1910 2026 χιιι

345 2044 520 2110 Isaias.
547 2063 692 2104 vers.
723 2050 796 2105 6:
834 2069 852 2102 ι
885 2052 958 2108 De
997 2053 1188 2123 Aquila
1215 2070 1317 2111 non
1348 2059 1536 2123 miror,
1575 2061 1715 2130 quod
1750 2062 1912 2118 homo

341 2138 739 2196 eruditissimus
784 2140 978 2212 linguai
1020 2143 1274 2213 Hebraea,
1305 2157 1359 2201 et
1384 2149 1634 2216 verbum,
1657 2151 1723 2206 de
1748 2154 1912 2207 verbo

341 2229 670 2296 exprimens.
692 2251 712 2284 s
745 2231 898 2289 Hunc
921 2245 1100 2289 autem
1131 2235 1306 2290 locum
1343 2237 1756 2296 Proverbiorum
1790 2259 1909 2308 vnt,

341 2318 433 2386 22,
475 2321 547 2376 ita
585 2323 812 2378 Venisse
861 2325 1132 2393 Aquilam,
1173 2338 1228 2382 ut
1269 2331 1544 2398 scripserit
1587 2333 1910 2405 ἐκτήσατο,

339 2414 586 2479 possedit,
637 2414 725 2468 ubi
758 2413 902 2468 LXX
933 2417 1185 2472 dixerunt
1223 2419 1449 2483 ἔκτισε,
1487 2424 1642 2478 docet
1677 2426 1913 2496 Epipha-

343 2505 464 2559 nitts
489 2505 677 2560 ha'resi
707 2507 800 2569 69,
826 2524 878 2576 p.
907 2509 1012 2563 520
1046 2528 1060 2564 :
1086 2511 1158 2564 Τὸ
1195 2511 1253 2564 δὲ
1302 2513 1590 2583 Ἐὁραῖκὸν
1616 2518 1714 2588 οὐχ
1739 2519 1913 2586 οὕτως

339 2591 474 2663 εχει,
531 2594 652 2648 ὅθεν
714 2596 944 2660 Ἀκύλας
994 2597 1175 2668 λέγει·
1231 2602 1448 2670 Κύριος
1483 2604 1782 2671 ἐκτήσατό
1813 2627 1909 2679 με.

354 2684 467 2737 ’Δεὶ
495 2685 552 2738 δὲ
606 2688 661 2739 οἱ
702 2687 994 2754 γεννῶντες
1043 2691 1238 2756 παῖδας
1283 2692 1550 2762 λέγουσιν,
1569 2697 1914 2772 Ἐκτησάμην

343 2773 479 2828 υἱόν.
534 2794 552 2827 ι
582 2775 864 2831 llcbraaum
892 2789 1072 2832 autem
1096 2795 1202 2834 non
1231 2782 1313 2836 sic
1346 2783 1527 2848 habet,
1556 2788 1700 2842 unde
1721 2789 1912 2857 Aquila

343 2867 497 2932 dicit,
529 2866 782 2922 Dominus
822 2871 1050 2938 possedit
1095 2887 1175 2925 me
1197 2885 1218 2924 :
1243 2887 1459 2943 semper
1484 2885 1668 2932 autem
1703 2876 1780 2943 bi,
1823 2881 1915 2949 qui

346 2958 486 3013 ﬁlios
529 2967 819 3029 generant,
875 2960 1092 3025 dicunt,
1145 2961 1364 3018 Possedi
1408 2965 1488 3020 vel
1536 2967 1760 3038 adeptus
1793 2985 1912 3024 sunt

2015 1882 2412 1937 Nazianzenum
2478 1895 2496 1928 ι
2522 1875 2694 1930 stillas
2726 1873 2885 1936 roris,
2918 1893 2936 1924 ι
2989 1881 3048 1926 ut
3103 1872 3358 1924 admouet
3396 1879 3593 1923 auctor

2017 1973 2191 2029 Graeci
2227 1970 2268 2024 Τ
2271 1967 2505 2033 tmmi,
2536 1966 2626 2036 qui
2666 1965 2814 2019 locus
2841 1973 2920 2018 est
2951 1961 3198 2017 oratione
3230 1961 3330 2023 54,
3360 1975 3478 2028 qua:
3501 1969 3592 2012 est

2013 2061 2254 2117 secunda.
2294 2059 2361 2112 de
2396 2055 2721 2124 Theologia,
2755 2069 2810 2122 p.
2861 2052 2985 2116 557,
3035 2051 3122 2104 ubi
3175 2051 3263 2105 hic
3300 2050 3414 2119 ipse
3463 2047 3589 2103 Jubi

2012 2164 2203 2205 versus
2232 2148 2285 2202 iu
2327 2147 2560 2202 medium
2603 2144 2844 2208 all‘ertur,
2881 2142 3007 2197 licet
3033 2141 3380 2196 doctissimus
3409 2141 3586 2193 inter-

2013 2255 2141 2311 pres
2169 2236 2378 2309 ’βώλους
2410 2235 2604 2306 legisse
2637 2236 2905 2297 videatur,
2941 2247 3064 2286 cum
3112 2230 3338 2301 «glebas
3389 2230 3529 2282 roris
3561 2245 3583 2280 s

2015 2329 2222 2394 vertit;
2262 2327 2492 2395 denique
2537 2324 2760 2392 Vulgata
2808 2323 2998 2376 Latina
3057 2320 3224 2386 l‘avet,
3290 2322 3411 2375 «vel
3463 2322 3589 2386 quis

2014 2418 2198 2489 genuit
2240 2417 2416 2472 stillas
2457 2415 2668 2470 roris?»
2717 2413 2984 2469 Cancrum
3026 2412 3111 2466 his
3159 2412 3338 2466 verbis
3387 2410 3590 2464 abusos

2017 2509 2181 2563 fuisse
2213 2505 2481 2574 quondam
2528 2504 2758 2557 Arianos
2805 2503 3072 2556 adversus
3099 2501 3408 2556 Catltolicos
3443 2501 3590 2556 Con-

2016 2598 2388 2655 substantialis
2441 2595 2752 2651 defensores
2805 2603 3022 2648 constat
3061 2608 3129 2649 ex
3184 2593 3592 2648 Commentario

2017 2690 2235 2761 Origeni
2275 2689 2478 2742 tributo
2507 2686 2560 2740 in
2583 2686 2705 2753 Job,
2738 2685 2831 2740 ubi
2861 2685 2974 2740 haec
3005 2685 3221 2739 recitari
3259 2684 3414 2754 jubet
3443 2685 3589 2754 apud

2017 2781 2444 2844 iiomousiastas,
2477 2778 2572 2834 sed
2605 2778 2716 2832 haec
2751 2787 2928 2831 tamen
2959 2777 3220 2832 vocabula
3253 2795 3271 2828 ι
3303 2775 3441 2829 uteri
3469 2795 3488 2826 ι
3533 2785 3592 2828 et

2023 2893 2042 2925 ι
2069 2882 2296 2942 partus»
2338 2881 2484 2926 recte
2509 2869 2775 2924 'admonet
2821 2869 2874 2922 in
2911 2867 3050 2923 Filio
3081 2883 3186 2923 non
3220 2866 3594 2922 communica-

2019 2967 2220 3022 tionem
2275 2974 2332 3019 et
2394 2962 2705 3026 interitum,
2751 2963 2845 3016 sed
2899 2969 3220 3028 potestatem
3279 2956 3592 3026 signiﬁcare

347 3049 536 3104 tilium.
562 3068 581 3102 ι
635 3049 886 3120 lntclligit
941 3051 1109 3106 Evam
1172 3056 1546 3125 potissimum,
1605 3061 1760 3130 cujus
1798 3049 1914 3116 haec
1939 3092 1982 3150 α
2018 3055 2755 3128 generationemque'puram
2796 3061 2850 3104 et
2879 3050 3248 3150 mundam;.et
3277 3065 3344 3148 es
3380 3046 3593 3150 Severo

345 3151 474 3194 sunt
537 3142 719 3206 verba,
755 3140 961 3197 Cenes.
985 3159 1058 3209 tv,
1119 3146 1172 3211 l,
1227 3145 1450 3202 Possedi
1507 3149 1769 3205 hominem
1821 3169 1914 3220 per

2020 3149 2068 3201 in
2101 3146 2286 3202 eadem
2332 3144 2570 3199 Catena:
2611 3140 2842 3210 Ἑτέρως
2888 3140 2996 3208 γάρ
3039 3157 3128 3203 τις
3176 3138 3332 3192 ὑετοῦ
3379 3136 3593 3206 πατέρα

345 3232 539 3300 Deum,
563 3240 686 3302 post
715 3235 1049 3291 nativitatem
1084 3237 1216 3292 Cain
1253 3239 1484 3308 prolata,
1512 3258 1738 3312 quaeque
1765 3245 1914 3299 Basi-

348 3323 452 3378 lius
481 3325 672 3394 ipsein
703 3330 809 3382 line
836 3329 1045 3397 pagina:
1075 3330 1232 3401 hujus
1253 3330 1426 3400 allert,
1462 3335 1550 3389 ubi
1580 3344 1664 3390 est
1689 3337 1912 3392 verbum

349 3419 467 3503 mp
501 3418 644 3486 quod
688 3418 740 3472 iu
775 3422 962 3475 eodem
1001 3420 1414 3478 Proverbiorum
1451 3425 1571 3481 loco
1600 3439 1915 3497 usurpatur,

349 3515 408 3561 et
435 3508 600 3575 quod,
645 3519 704 3564 ut
733 3521 884 3564 notat
923 3511 1284 3584 Hieronymus
1323 3515 1374 3568 in
1419 3531 1538 3586 cap.
1576 3533 1629 3572 tv
1659 3519 1914 3589 Miclucat,

350 3597 656 3668 signiﬁcat,
691 3602 946 3668 possedit,
985 3603 1076 3657 vel
1100 3603 1304 3660 habuit.
1350 3604 1574 3662 Tractat
1603 3611 1743 3665 hunc
1765 3627 1918 3666 eum-

351 3689 471 3742 dem
497 3690 669 3745 locum
697 3691 991 3760 Gregorius
1019 3693 1290 3766 Nyssenus
1326 3697 1421 3752 lib.
1450 3713 1466 3752 ι
1511 3699 1758 3754 adversus
1801 3700 1917 3756 Eu-

353 3781 611 3847 nomiinn,
647 3797 773 3853 pag.
799 3785 868 3838 54
896 3788 1027 3841 edit.
1061 3787 1286 3851 Morelli,
1313 3790 1452 3857 apud
1485 3803 1644 3859 quem
1673 3791 1920 3848 fortassis

352 3872 747 3954 emendandum
775 3877 1060 3948 ἐκτήσατο,
1087 3893 1184 3947 pro
1217 3878 1490 3945 ὲκτίσατο,
1524 3881 1650 3937 licet
1676 3883 1729 3937 in
1755 3882 1920 3954 Regio

351 3975 568 4030 quoque
595 3962 661 4017 Η.
703 3965 774 4018 ita
806 3968 1066 4037 scriptum
1091 3969 1162 4023 sit
1185 3970 1322 4040 apud
1357 3970 1637 4028 Basilium.

426 4053 540 4108 Col.
571 4054 672 4112 618
697 4056 852 4112 BH.
879 4059 1129 4124 Quamvis
1157 4077 1249 4115 nec
1278 4061 1343 4114 ab
1382 4063 1529 4132 ipsis.
1580 4062 1682 4119 Ms.
1707 4063 1774 4119 H.
1801 4077 1924 4121 ver-

351 4141 482 4198 bum
521 4147 815 4213 repetebat,
849 4149 993 4217 quod
1025 4149 1340 4218 adiecimus,
1376 4151 1506 4204 οὐδὲ
1521 4151 1768 4206 τοῦτο-τὺ
1800 4171 1923 4208 συν-

353 4233 695 4304 εφάψασθαι,
725 4255 744 4289 ι
769 4240 1017 4306 quamvis
1039 4255 1106 4294 ne
1135 4240 1237 4295 hoc
1253 4241 1495 4310 quidem,
1515 4243 1716 4313 aliquid
1734 4255 1924 4300 contu-

355 4323 506 4389 lisse,
537 4343 558 4378 ι
618 4326 706 4381 vel
759 4341 1020 4396 caperam
1066 4343 1218 4384 suam
1258 4331 1566 4387 adhibuisse
1608 4331 1804 4387 Filium
1853 4335 1922 4390 ab

2014 3237 2152 3294 Θεὸν
2188 3235 2394 3299 ἀκούει,
2443 3234 2536 3288 καὶ
2574 3233 2775 3302 ἑτέρως
2806 3231 2956 3294 Υἱοῦ,
2988 3231 3084 3284 καὶ
3110 3228 3298 3283 τούτου
3341 3230 3590 3297 Movere:-

2015 3331 2159 3397 νοῦς,
2199 3331 2334 3400 ὅπερ
2366 3326 2587 3399 διορίζει
2630 3325 2720 3377 τὸν
2770 3323 3113 3394 μονοτρόπως
3163 3321 3493 3391 γεννηθέντα
3522 3321 3595 3374 ἐκ

2015 3421 2250 3494 Πατρὸς,
2301 3421 2394 3473 καὶ
2429 3419 2528 3488 οὐχ
2578 3419 2634 3470 αἱ
2673 3413 2981 3486 ὁμωνυμίαι
3021 3427 3240 3476 παντως
3277 3413 3376 3483 τὴν
3425 3411 3594 3481 φύσιν

2014 3513 2122 3568 τῶν
2181 3510 2520 3584 πραγμάτων
2573 3507 2922 3571 συνάπτουσι,
2963 3503 3144 3566 καθὼς
3190 3502 3544 3572 ὀνομάζονται
3572 3518 3590 3532 ο

2023 3625 2050 3657 ι
2070 3605 2238 3658 Aliter
2266 3602 2410 3657 enim
2462 3601 2630 3654 Deum
2679 3597 2873 3667 pluvia:
2915 3605 3124 3664 patrem
3156 3608 3275 3650 esse
3316 3594 3594 3656 audimus,

2019 3696 2177 3751 aliter
2222 3691 2367 3756 Filii,
2419 3698 2473 3744 et
2515 3689 2674 3759 hujus
2716 3686 2936 3757 quidem
2973 3684 3283 3754 Uuigeniti,
3342 3684 3394 3738 id
3448 3685 3594 3752 quod

2021 3788 2218 3843 Filium
2255 3800 2285 3838 a
2321 3784 2482 3838 Patre
2511 3779 2771 3850 singulari
2811 3778 3046 3848 quodam
3087 3777 3246 3831 modo
3275 3788 3592 3844 generatum

2019 3893 2137 3936 esse
2160 3875 2419 3937 declarat,
2449 3885 2625 3941 neque
2643 3884 2822 3924 rerum
2841 3868 3108 3933 omnium,
3136 3882 3256 3937 quae
3277 3867 3598 3922 nominibus

2021 3969 2359 4037 copulantur,
2392 3963 2580 4016 eadem
2613 3961 2749 4014 solet
2781 3973 2905 4013 esse
2939 3967 3155 4010 natura.
3184 3973 3204 4008 ι

2089 4061 2212 4118 Col.
2246 4059 2350 4114 627
2379 4059 2430 4112 Α,
2458 4055 2545 4110 12.
2588 4054 2720 4119 Quae
2759 4053 2973 4105 rationi.
3013 4048 3283 4118 Interpres
3324 4047 3594 4112 ediderat,

2029 4173 2048 4206 ι
2080 4167 2201 4222 qua:
2231 4146 2517 4219 cogitando
2547 4141 2863 4199 verisimilia
2899 4149 3110 4210 putant,
3153 4138 3593 4224 praedicationem

2023 4242 2257 4313 Spiritus
2303 4234 2672 4293 incredibilem
2736 4233 3009 4287 dicuntn
3049 4231 3102 4285 in
3150 4243 3379 4298 Quorum
3416 4227 3594 4281 locum

2025 4330 2310 4388 substituta
2355 4335 2441 4379 est
2469 4321 2849 4390 interpretatio
2877 4319 3148 4382 Coruarii,
3183 4317 3274 4389 qui
3306 4314 3597 4369 ἀπειθοῦσι

355 4415 488 4486 ipsis
531 4417 880 4473 concedatur.
908 4438 933 4471 s
981 4419 1113 4476 Item
1165 4419 1296 4476 illud
1345 4423 1488 4492 quod
1548 4426 1814 4492 sequitur,
1844 4427 1924 4482 sic
1956 4427 2000 4481 D
2027 4420 2186 4476 vertit
2240 4416 2440 4470 siidem
2477 4429 2580 4467 non
2645 4411 2946 4465 adhibent:
2980 4428 3000 4461 ι
3037 4423 3160 4462 nam
3214 4415 3270 4460 et
3327 4406 3593 4472 Budznus,

273 4506 275 4508 ’
351 4505 508 4562 ellet-t
533 4508 673 4563 idem
716 4525 816 4566 ms.
864 4512 1054 4578 codex,
1092 4512 1363 4584 ὑπουγρὸν
1396 4513 1505 4584 γὰρ
1532 4515 1693 4570 αὐτὸν
1724 4516 1926 4572 τέλειον

351 4597 708 4669 ὀνομάζουσι,
749 4601 1059 4670 t-siquidem
1104 4603 1400 4673 perlectum
1437 4619 1560 4660 eum
1616 4609 1924 4664 ministrum

352 4698 576 4742 vocant.
600 4707 620 4740 ι
657 4689 824 4746 Paulo
847 4702 968 4761 post
993 4693 1400 4750 immutavimus
1429 4694 1558 4752 illud
1581 4697 1921 4768 interpretis,

357 4777 480 4848 Ipse
533 4781 690 4846 dixit,
742 4790 791 4834 et
845 4782 991 4852 facta
1036 4794 1182 4847 sunt,
1229 4786 1369 4852 quod
1409 4795 1464 4840 et
1499 4785 1698 4854 Regius
1725 4803 1826 4846 ms.
1867 4800 1926 4846 et

348 4868 662 4925 Basiliensis
691 4885 802 4940 pra:
829 4886 890 4926 se
923 4872 1124 4927 ferrent
1152 4874 1519 4946 ἐγεννήθησαν
1539 4893 1554 4910 ο
1579 4885 1637 4931 at
1663 4875 1924 4946 Stephani

349 4960 516 5014 editio
537 4960 790 5014 convenit
820 4977 943 5015 cum
982 4961 1321 5017 Psalmorum
1351 4973 1497 5018 textu
1518 5005 1538 5031 ,
1582 4965 1678 5019 καὶ
1722 4967 1927 5036 ἐγενή-

353 5054 574 5118 θησαν,
604 5053 785 5121 itaque
815 5053 1180 5120 scribendum,
1202 5065 1257 5110 ut
1290 5065 1373 5111 est
1402 5059 1611 5126 psalmo
1641 5073 1815 5124 χχιιι,
1847 5058 1880 5113 9
1906 5076 1924 5116 :

350 5141 473 5208 Ipse
532 5145 705 5209 dixit,
763 5157 812 5198 et
865 5147 1010 5215 facta
1056 5158 1196 5202 sunt.
1244 5146 1524 5204 Postremo
1590 5151 1924 5204 correximus

353 5233 626 5308 Θελήματι
645 5237 822 5308 μόνῳ,
869 5257 887 5289 ι
910 5240 1024 5294 sola
1054 5239 1328 5296 voluntate
1367 5252 1539 5308 creat,
1570 5259 1590 5295 ι
1634 5258 1732 5313 pro
1761 5242 1919 5314 θελή-

353 5345 488 5402 ματι
519 5329 702 5399 μόνον,
730 5345 798 5384 es
825 5331 1013 5385 eodem
1042 5347 1142 5388 ms.
1173 5331 1234 5389 Η.

421 5421 537 5476 Col.
576 5421 682 5476 622
716 5422 778 5478 C.
822 5422 947 5478 Non
967 5426 1106 5478 enim
1133 5426 1486 5482 conueniebat.
1540 5424 1665 5480 Hac
1692 5436 1748 5480 ut
1785 5427 1926 5482 dilu-

353 5510 556 5566 cidiora
587 5524 789 5581 essent,
822 5530 854 5568 a
892 5515 1050 5570 nobis
1083 5515 1158 5569 ita
1197 5526 1402 5570 mutata
1436 5525 1590 5582 sunt,
1638 5518 1922 5585 expunctis

354 5601 480 5667 illis,
532 5602 712 5659 «Cum
761 5622 869 5661 non
907 5617 1159 5678 oporteat
1197 5611 1379 5666 minus
1433 5610 1919 5681 impassibilitatem

359 5694 448 5749 Dei
475 5695 716 5754 credere.
743 5715 763 5751 ι
800 5697 906 5755 Sed
950 5709 1005 5757 et
1045 5700 1286 5773 inspecto
1317 5718 1504 5761 rursus
1542 5703 1710 5775 Regio
1737 5703 1922 5761 codice

2023 4513 2221 4580 Epltes.
2273 4509 2333 4572 5,
2371 4506 2427 4571 6,
2467 4503 2639 4571 υἱοὺς
2679 4501 2790 4570 τῆς
2841 4501 3146 4564 ἀπειθείας
3211 4498 3599 4566 interpretatur

2021 4603 2162 4672 ﬁlios
2221 4599 2564 4668 difﬁdentia,
2613 4594 2697 4649 vel
2751 4594 3160 4657 incredulitatis,
3214 4598 3376 4660 prout
3433 4589 3599 4643 habet

2025 4691 2253 4761 Vulgata
2300 4688 2511 4753 Latina,
2539 4686 2666 4740 licet
2706 4684 2845 4739 Beza
2873 4683 3026 4737 malit
3067 4698 3091 4735 ι
3117 4682 3365 4736 homines
3394 4689 3591 4735 contu-

2020 4798 2222 4848 maces,
2245 4801 2271 4834 ι
2293 4791 2348 4836 et
2380 4790 2555 4834 tamen
2580 4775 2827 4830 ἀπειθεῖν
2852 4790 2948 4844 pro
2981 4772 3280 4827 «difﬁdere»
3309 4780 3367 4826 et
3389 4789 3408 4821 ι
3433 4769 3594 4824 tidem

2025 4892 2130 4931 non
2185 4875 2436 4929 haberes
2478 4869 2778 4941 praesertim
2832 4868 2882 4920 in
2933 4864 3317 4921 ecclesiasticis
3376 4861 3599 4930 scriptis

2023 4965 2162 5022 sumi
2192 4964 2259 5019 ﬂ.
2293 4963 2600 5032 Stephanus
2625 4958 2890 5030 agnoscit.
2925 4957 3112 5012 Potest
3139 4965 3318 5009 autem
3349 4953 3451 5008 hoc
3474 4952 3598 5008 loco

2022 5061 2162 5128 apud
2210 5057 2464 5112 Basilium
2509 5053 2646 5109 verti
2678 5067 2800 5107 cum
2847 5052 3036 5106 eodem
3089 5049 3244 5114 Beza,
3300 5046 3490 5116 «quod
3530 5047 3599 5100 iis

2021 5167 2149 5221 qua-
2181 5151 2392 5205 ratione
2441 5147 2674 5218 liquem,
2723 5144 2966 5200 obsecuti
3028 5143 3297 5213 praeconio
3355 5139 3597 5208 Spiritus

2021 5244 2193 5299 sancti
2231 5241 2607 5310 immorigeros
2638 5253 2698 5293 se
2733 5239 2993 5306 praebent.
3020 5253 3040 5286 ι
3089 5233 3223 5286 Nam
3249 5241 3305 5286 et
3339 5236 3414 5285 ait
3449 5231 3599 5298 Apo-

2020 5335 2191 5391 stolus
2224 5335 2290 5388 de
2315 5332 2662 5401 quibusdam,
2695 5328 2927 5384 Roman.
2975 5323 3245 5391 tt,8:Kal
3276 5317 3598 5378 ἀπειθοῦσι

2020 5426 2096 5495 τῇ
2123 5424 2404 5492 ἀληθείᾳ,
2432 5423 2521 5477 ubi
2546 5422 2794 5491 Vulgata,
2819 5419 2924 5484 Qui
2956 5434 3062 5471 non
3089 5416 3422 5486 acquiescant
3459 5414 3598 5467 ueri-

2019 5520 2156 5574 tati:
2183 5518 2316 5572 etad
2340 5516 2579 5579 Galatas,
2613 5529 2696 5578 l-ll,
2733 5515 2783 5577 i,
2813 5513 2907 5578 Τίς
2931 5507 3087 5580 ὑμᾶς
3124 5507 3421 5575 ἐϐάσκηνε
3443 5506 3599 5574 ἀλη-

2021 5611 2150 5676 θείῃ
2171 5608 2258 5678 μὴ
2289 5610 2632 5671 πείθεσθαι;
2659 5605 2789 5671 Quis
2821 5622 2908 5659 vos
2939 5602 3217 5672 fascinavit
3251 5599 3456 5653 ueritati
3491 5613 3598 5652 non

2020 5703 2272 5758 obedire?
2296 5700 2467 5757 Locus
2497 5698 2646 5755 Isaiae
2669 5708 2748 5754 est
2773 5712 2890 5756 caD.
2925 5711 2974 5760 ν,
3002 5694 3065 5748 2|
3105 5712 3118 5748 :
3149 5691 3291 5746 Οὐαὶ
3339 5693 3394 5746 oi
3415 5703 3605 5744 avra-
