3824 6214
233 295 378 354 1065

1323 305 1390 360 ΙΝ
1432 305 1682 362 LIBROS
1719 307 2018 364 CONTRA.
2042 307 2428 366 EUNOMIUM.

3353 311 3492 368 1016

232 412 324 466 τοι
348 413 421 466 ἐν
445 411 704 478 ἑαυτοῖς,
737 411 836 467 καὶ
873 413 1131 470 ἐνώπιον
1174 417 1377 472 αὐτῶν
1397 419 1820 490 ἐπιστήμονες.
1849 427 1899 482 Α
1927 421 3327 491 ἰηάυείηιιιν.ιροοάευιεηήιιειηϐοηιπῖιιεεάιιῑιίη
3349 438 3490 478 πιπ-

242 501 336 557 "te
372 504 464 571 qui
498 511 620 556 sunt
654 507 830 573 arguti
874 507 928 560 in
973 509 1283 576 semetipsis,
1319 521 1368 564 et
1409 527 1587 564 coram
1626 522 1817 566 semet-

229 596 364 662 ipsis
417 596 664 652 scientes.
696 595 837 651 Beza
878 612 1161 669 perperam
1217 601 1330 658 haec
1377 605 1518 672 apud
1562 604 1814 659 Basilium

232 687 290 742 in
324 691 560 742 secunda
610 705 840 760 persona
883 692 1077 760 ell‘ert,
1137 713 1156 747 ι
1190 693 1278 750 Va:
1322 695 1525 762 vobis,
1553 698 1642 766 qui
1678 700 1816 767 apud

231 791 335 834 vos
368 780 577 848 sapitis.
618 801 640 835 ι
672 782 965 838 Dicendum
983 787 1126 840 enim
1161 786 1351 843 fuisset
1389 788 1617 843 ἐνώπιον
1638 791 1812 862 ὑμῶν,

233 887 344 926 non
380 872 621 928 ἐνώπιον
646 875 847 934 αὐτῶν.
891 877 1059 933 Paulo
1090 889 1210 949 post
1241 882 1441 952 Regius
1475 884 1644 938 codex
1675 886 1815 939 iuse-

231 965 389 1018 rebat
414 967 472 1018 έν
501 969 568 1038 τῇ
595 969 736 1040 ἀρχῇ
776 969 870 1024 τοῦ
901 970 1164 1041 παρόντος
1185 972 1371 1042 λόγου,
1439 991 1458 1025 ι
1479 974 1530 1028 in
1555 975 1816 1045 principio

233 1055 357 1108 libri
411 1056 594 1126 hujus,
624 1077 643 1110 ι
701 1062 795 1115 sed
841 1062 957 1118 haec
987 1065 1141 1120 olent
1191 1063 1480 1134 glossema,
1513 1069 1658 1137 quod
1706 1066 1816 1123 Ior-

228 1145 398 1200 tussis
421 1161 488 1199 ex
514 1149 759 1216 margine
787 1152 838 1205 in
864 1162 1068 1206 textum
1097 1153 1340 1224 irrepsit.

301 1237 424 1294 Col.
464 1238 570 1295 63d-
602 1240 642 1293 B
683 1241 736 1295 4.
780 1243 956 1308 Quare
985 1247 1243 1301 sicut..ln
1277 1261 1378 1302 ms.
1431 1245 1499 1301 11.
1554 1247 1812 1318 scriptum

227 1329 336 1385 fuit
367 1330 464 1384 τοῦ
493 1333 668 1402 φωτὸς
705 1335 1039 1405 μεταδόσεις,
1090 1354 1199 1409 quo
1238 1348 1398 1408 pacto
1436 1341 1634 1410 legisse
1665 1341 1816 1396 vide-

231 1432 326 1476 tur
372 1433 430 1478 et
483 1423 919 1494 Trapezuntius,
990 1444 1114 1484 cum
1182 1430 1264 1486 sic
1319 1431 1811 1502 interpretaretur:

232 1531 256 1566 ι
288 1513 472 1582 Quare
496 1516 641 1571 sicut
671 1533 950 1588 nunquam
997 1520 1090 1589 qui
1141 1533 1302 1578 natus
1331 1531 1436 1589 est,
1479 1523 1814 1579 innascibili-

233 1606 367 1660 tatis
387 1606 493 1660 erit
517 1607 806 1678 particeps,
828 1609 916 1664 sic
935 1626 1206 1680 nunquam
1242 1612 1340 1682 ipsi
1372 1615 1438 1668 de
1465 1613 1582 1669 luce
1600 1615 1810 1670 trades:

227 1704 287 1749 et
320 1695 396 1749 ita
420 1698 716 1764 secundum
756 1711 806 1754 te
868 1700 1139 1772 Unigeniti
1185 1703 1490 1760 substantia
1532 1707 1814 1776 mqualiter

227 1786 300 1840 ab
323 1787 561 1857 ingenito
588 1798 691 1844 eta
717 1789 834 1845 luce
861 1791 1100 1847 distabit.
1128 1812 1148 1846 ι
1179 1795 1249 1848 At
1271 1794 1506 1852 Joannes
1553 1799 1812 1854 omiserat

229 1877 387 1942 illud,
417 1879 657 1936 νοεῖσθαι
696 1883 792 1936 καὶ
823 1883 1190 1954 ὀνομάζεσθαι
1209 1904 1224 1918 ο
1249 1887 1448 1958 alioqui
1474 1888 1602 1945 l‘erri
1630 1899 1812 1959 posset

227 1970 398 2025 etiam
426 1970 541 2028 haec
571 1971 729 2028 lectio
752 2014 766 2038 ,
813 1975 1145 2045 μεταδώσεις
1171 1993 1186 2008 ο
1233 1996 1252 2030 ο
1281 1977 1449 2050 Igitur
1478 1981 1640 2035 sicuti
1675 1997 1814 2036 nun-

226 2076 395 2131 quam
429 2063 476 2117 is
509 2067 601 2133 qui
638 2066 852 2135 genitus
895 2077 1018 2134 est,
1067 2069 1500 2126 innascibilitatis
1543 2073 1811 2143 particeps

225 2153 360 2220 erit,
384 2155 469 2209 sie
503 2171 782 2224 nunquam
813 2158 888 2213 illi
922 2143 1097 2215 lucbm
1129 2161 1487 2230 imperties‘h
1535 2162 1649 2218 Hoc
1680 2171 1763 2219 est
1790 2181 1807 2219 :

233 2263 256 2297 ι
286 2260 562 2312 nunquam
601 2265 726 2302 eum
755 2250 1038 2318 praeditum
1065 2267 1186 2308 esse
1207 2254 1326 2308 luce
1351 2255 1620 2310 concedes
1641 2256 1710 2310 h

300 2337 439 2392 Ibid.
483 2341 526 2394 D
557 2339 614 2394 2.-
657 2341 856 2407 Quibue
889 2343 1018 2412 ipse.
1061 2344 1189 2402 Haec
1220 2355 1303 2402 est
1337 2347 1500 2402 lectio
1543 2347 1810 2402 Basilien-

228 2428 306 2482 sis
339 2429 591 2486 editionis
619 2448 634 2486 :
663 2442 718 2486 at
760 2433 1028 2502 interpres
1059 2436 1110 2488 in
1145 2439 1513 2508 apographum
1546 2439 1805 2493 incidisse

229 2519 466 2585 videtur,
488 2521 631 2589 quod
658 2537 778 2575 eum
804 2523 990 2578 codice
1016 2523 1188 2595 Regio
1221 2527 1612 2596 conspirabat-z
1635 2520 1808 2593 Οὗτος

228 2611 289 2663 ἓν
313 2613 620 2685 πανουργίᾳ
655 2614 940 2670 δολῶν.τὸν
971 2617 1126 2688 λόγον
1160 2621 1700 2692 περικεκαλυμμένος
1725 2623 1806 2675 τό·

235 2720 257 2753 ι
288 2701 516 2768 Quibus
541 2705 656 2774 ipse
697 2721 794 2776 per
816 2708 1055 2764 dolosam
1089 2711 1380 2766 versutiam
1417 2711 1686 2768 malitiose
1711 2729 1810 2768 suo

228 2793 506 2849 velamine
523 2797 823 2852 orationem
853 2801 1151 2856 occultans.
1178 2821 1200 2854 ι
1248 2801 1443 2857 Δολοῦν
1472 2803 1629 2873 λόγον
1653 2805 1808 2872 dixit,

231 2895 291 2939 ut
315 2885 597 2942 Lucianus
621 2886 808 2942 δολοῦν
836 2889 926 2943 τὸν
957 2885 1123 2959 οἶνον,
1161 2910 1180 2942 ι
1207 2893 1388 2946 vinum
1415 2894 1753 2950 adulterare:
1783 2913 1806 2948 ι

232 2975 316 3030 vel
351 2978 534 3044 potius
562 2992 629 3032 ex
664 2980 780 3048 ipso
802 2981 1058 3050 Apostolo
1087 2983 1293 3048 didicit,
1319 2983 1358 3038 II
1376 2984 1619 3042 Corinth.
1641 3005 1713 3054 ιν,
1739 2989 1805 3044 2:

1919 511 2061 579 giue,
2074 509 2176 565 Iob
2194 527 2424 577 xxxvm;
2437 511 2741 582 suspicatus
2754 511 2970 566 videtur
2980 510 3218 565 alludere
3230 509 3489 565 Basiliam

1918 601 1986 655 ad
2017 601 2150 657 illud
2185 602 2286 658 Job
2331 619 2560 669 xxxvnt,
2596 604 2685 669 i9,
2717 603 2784 658 In
2815 621 2920 672 qua
2949 605 3032 658 via
3073 603 3166 658 (ua:
3191 602 3410 667 habitet,
3442 611 3491 657 et

1917 694 2244 748 tenebrarum
2283 697 2402 766 quis
2431 695 2577 749 locus
2601 698 2706 759 sit;
2749 711 2976 764 quorum
3007 694 3125 749 loco
3166 696 3305 764 apud
3347 691 3492 747 L‘XX

1917 784 2176 854 scriptum
2204 800 2309 852 est,
2341 787 2493 856 Ποίᾳ
2515 787 2583 840 δὲ
2604 787 2683 857 γῇ
2715 786 3013 849 αὐλίζεται
3036 787 3102 840 τὸ
3133 785 3278 856 φῶς,
3329 783 3492 852 Quali

1917 885 2096 928 autem
2127 877 2182 929 in
2218 886 2359 931 terra
2411 879 2710 932 diversatur
2757 879 2889 943 lux;
2939 895 3060 933 cum
3106 893 3171 933 eo
3219 884 3492 948 spectaret

1915 967 2095 1035 potius
2143 967 2663 1036 attctothTimoth.
2713 986 2788 1036 vn,
2838 971 2928 1036 16,
2977 971 3043 1024 '0
3081 970 3269 1041 μόνος
3332 967 3490 1038 ἔχων

1915 1057 2274 1123 ἀθανασίαν,
2341 1059 2467 1130 φῶς
2525 1061 2705 1116 οἰκῶν
2762 1063 3112 1131 ἀπρόσιτον,
3185 1060 3289 1126 Qui
3344 1059 3488 1114 solus

1915 1148 2066 1202 habet
2107 1151 2580 1218 immortalitatem,
2635 1162 2682 1207 et
2727 1153 2892 1206 lucem
2918 1152 3174 1207 inhabitat
3204 1151 3487 1205 inaccessi-

1917 1241 2110 1307 bilem;
2156 1253 2210 1297 et
2251 1243 2457 1313 psalmo
2498 1260 2612 1310 cm,
2647 1245 2684 1298 2
2709 1284 2724 1310 ,
2746 1245 3235 1313 ἀναϐαλλόμενος
3259 1242 3385 1313 φῶς
3408 1243 3491 1308 ὡς

1915 1333 2168 1404 ἱμάτιον,
2228 1337 2453 1391 amictus
2484 1336 2680 1391 lumine
2713 1339 2872 1391 sicut
2910 1337 3228 1392 vestimento.
3286 1334 3488 1403 Quam-

1915 1427 2104 1483 obrem
2133 1427 2266 1482 satis
2305 1428 2495 1482 mirari
2525 1443 2631 1483 non
2666 1442 2886 1497 possum
2919 1427 3189 1482 inscitiam
3219 1425 3300 1480 vel
3339 1431 3488 1480 certe

1914 1519 2253 1574 oscilantiam
2301 1518 2494 1582 Betae,
2548 1520 2641 1590 qui
2698 1528 2808 1573 tam
2856 1518 3153 1574 insolenter
3205 1526 3487 1572 auctorem

1921 1607 2155 1677 Vulgata:
2178 1609 2384 1664 Latina:
2411 1609 2698 1680 imperitia:
2745 1617 2965 1665 accusat
2985 1649 3000 1675 ,
3032 1618 3088 1664 et
3112 1609 3202 1664 hic
3247 1607 3488 1662 ἀναόἀλο

1923 1700 2115 1754 λεσθαι
2169 1700 2284 1770 φῶς
2335 1703 2496 1755 vertit
2564 1711 2668 1757 «et
2732 1704 2901 1758 lucem
2947 1703 3227 1768 emittere,
3286 1719 3305 1752 1
3363 1715 3488 1757 cum

1913 1799 2193 1863 sequatur,
2251 1793 2343 1848 ubi
2395 1794 2537 1864 περὶ·
2575 1795 2906 1866 ἁγεννησιας
2947 1794 3112 1849 verba
3157 1793 3310 1856 ﬁunt,
3367 1789 3489 1846 οὐδὲ

1912 1881 2110 1950 ἔξωθεν
2158 1881 2340 1953 ἐαυτῷ
2407 1885 2798 1956 περικειμένην
2864 1884 3044 1955 ἔχειν’
3106 1881 3490 1939 «extrinsecus

1911 1975 2385 2040 circumvolutam,
2408 1993 2428 2027 ι
2465 1976 2608 2043 quod
2644 1978 2932 2046 respondet
2968 1975 3056 2039 εἰ,
3085 1975 3228 2046 quod
3261 1974 3329 2029 de
3369 1973 3488 2029 luce

1912 2067 2112 2122 dictum
2159 2077 2264 2134 est,
2316 2085 2336 2118 ι
2366 2081 2429 2122 ea
2474 2067 2642 2122 Deum
2684 2067 2943 2124 amictum
2986 2082 3144 2132 esse,
3191 2081 3294 2121 non
3340 2064 3486 2121 illam

1910 2159 2178 2213 emittere.
2211 2175 2233 2208 ι

1979 2248 2096 2303 Col.
2127 2247 2233 2303 612
2258 2246 2322 2304 Β.
2366 2247 2608 2302 Priorem
2649 2247 2864 2317 repello.
2908 2247 3316 2303 Emendandum
3349 2260 3484 2302 cen-

1911 2353 2004 2394 seo
2031 2341 2206 2396 locum
2229 2355 2294 2395 ex
2317 2340 2421 2395 llde
2435 2341 2640 2395 codicis
2658 2339 2747 2404 11..
2763 2340 2862 2411 τὴν
2889 2339 3027 2412 πρὸς
3049 2340 3235 2412 ἕτερον
3261 2339 3482 2411 σύγκρι-

1913 2449 2018 2497 σιν,
2069 2452 2089 2485 ι
2113 2433 2568 2502 comparationem
2612 2446 2733 2485 cum
2781 2433 2989 2488 altero:
3029 2450 3049 2485 ι
3083 2432 3298 2486 videtur
3339 2429 3485 2485 enim

1911 2526 2373 2595 comparationem
2404 2540 2512 2580 non
2541 2539 2663 2579 cum
2692 2523 2830 2580 Filio
2855 2524 3051 2591 solum,
3078 2523 3173 2579 sed
3202 2538 3328 2578 cum
3351 2537 3488 2593 quo.-

1872 2663 1886 2679 ,
1911 2617 1996 2672 vis
2027 2617 2202 2672 altero
2255 2616 2502 2685 rejicere,
2552 2616 2695 2670 unde
2739 2617 2934 2686 pagina
2976 2615 3222 2684 sequenti
3256 2613 3489 2668 Basilius

1912 2709 2046 2764 dixit
2074 2723 2090 2762 :
2123 2711 2237 2780 Οὐχ
2267 2707 2516 2762 ἑκούσιον
2537 2708 2736 2779 ἔχουσα
2766 2707 3118 2779 ἀσύγκριτον,
3179 2725 3198 2758 t
3229 2721 3335 2760 non
3365 2704 3490 2760 libe-

1911 2792 2030 2854 rum
2063 2799 2284 2862 habere,
2337 2808 2397 2854 ut
2440 2799 2570 2854 nulli
2616 2799 2784 2869 possit
2817 2798 3141 2868 comparari,
3171 2815 3188 2848 ι
3230 2806 3285 2850 ει
3330 2793 3490 2864 paulo

1911 2901 2029 2960 post
2067 2893 2182 2962 ipse
2210 2891 2512 2947 Eunomius
2552 2893 2745 2946 iterum
2783 2907 2799 2947 :
2829 2890 2966 2945 Οὔτε
2989 2890 3088 2961 τὴν
3123 2888 3260 2961 πρδς
3297 2889 3488 2960 ἓτερνν

1914 2983 2199 3056 σύγκρισιν
2248 2983 2586 3055 ἐπιδέχεται·
2647 2981 2800 3038 «Nec
2852 2980 3311 3050 comparationem
3360 2991 3485 3031 cum

229 3069 323 3140 Μὴ
377 3071 805 3142 περιπατοῦντες
863 3075 927 3126 ὲν
975 3077 1315 3149 πανουργίᾳ,
1359 3079 1493 3150 μηδὲ
1539 3077 1804 3147 δολοῦντες

1915 3081 2087 3135 altero
2137 3079 2440 3135 admittit.»
2505 3075 2652 3133 Idem
2705 3091 2864 3131 error
2921 3075 2976 3130 in
3021 3074 3260 3130 editione
3291 3071 3481 3143 Steph.

226 3161 321 3215 τὸν
369 3161 527 3231 λόγον
563 3163 664 3216 τοῦ
703 3163 865 3218 Θεοῦ⁶
916 3185 935 3218 ‹
965 3166 1082 3221 Νοη
1118 3169 1459 3226 ambulantes
1499 3171 1551 3226 in
1583 3173 1804 3238 astutia,

228 3267 406 3320 neque
448 3253 821 3310 adulterantes
875 3259 1097 3312 verbum
1144 3259 1261 3314 Dei.
1292 3279 1312 3313 ι
1377 3262 1800 3334 Cbrysostomus

227 3342 470 3408 exponit,
522 3342 752 3396 τοιοῦτοι
803 3343 976 3408 ὅντες,
1023 3340 1127 3399 οἷοι
1175 3347 1498 3418 φαινόμεθα,
1530 3350 1624 3403 καὶ
1655 3350 1808 3404 οὐδὲν

227 3431 450 3502 ἔχοντες
470 3437 948 3507 συνεσκιασμέενον,
971 3439 1066 3491 καὶ
1085 3439 1186 3492 οὐκ
1204 3441 1261 3492 ὲν
1281 3439 1356 3510 τῷ
1385 3440 1486 3512 βίῳ
1510 3442 1668 3512 μόνον
1693 3443 1809 3496 τοῦ·

225 3539 325 3593 τῳ,
360 3523 498 3578 ἀλλὰ
543 3525 638 3578 καὶ
681 3527 926 3599 ὲνιαύτῷ
967 3527 1048 3600 τῷ
1091 3529 1426 3602 κηρύγματι·
1476 3551 1495 3584 t
1521 3533 1621 3599 Qui
1674 3534 1808 3590 tales

227 3631 440 3680 sumus,
481 3618 670 3687 quales
703 3619 984 3675 videmur:
1015 3636 1114 3676 nec
1162 3605 1808 3693 quidquam‘uon’modo

230 3711 284 3765 in
329 3709 440 3764 vita
479 3719 678 3764 nostra.
718 3725 782 3766 ac
831 3713 1096 3776 moribus,
1149 3713 1241 3768 sed
1279 3730 1381 3769 nec
1424 3715 1476 3769 in
1510 3715 1624 3784 ipsa
1659 3719 1804 3772 verbi

229 3800 400 3855 divini
477 3801 864 3869 praedicatione
931 3812 1131 3858 tectum
1199 3815 1362 3874 atque
1428 3807 1804 3865 adumbratum

233 3892 520 3947 habentes.
550 3910 584 3944 ιη
621 3891 905 3947 Postremo
949 3897 1246 3950 notandum
1308 3897 1362 3950 in
1387 3899 1640 3954 'editione
1679 3900 1803 3957 Ste-

230 3985 393 4054 phani
421 3985 666 4038 mutilam
707 4000 827 4040 esse
853 3987 993 4041 hanc
1019 3988 1344 4042 sententiam
1370 4006 1384 4051 ;
1421 4000 1626 4047 tantum
1654 3997 1802 4049 enim

228 4087 332 4137 est.
368 4079 428 4130 ὲν
467 4077 769 4150 πανουργίᾳ
797 4077 905 4131 τῶν
931 4079 1107 4147 λόγων
1134 4080 1607 4154 ἀποκρυψάμενος.

297 4169 417 4225 Col.
444 4169 549 4226 638
575 4169 616 4226 C
646 4171 734 4225 ll.
785 4171 890 4224 Sed
920 4175 1204 4231 evidentia.
1230 4175 1401 4240 Quam
1428 4177 1804 4234 addideramus

229 4260 282 4315 in
313 4259 558 4328 margine
604 4261 1060 4323 emendationem,
1103 4263 1158 4316 in
1209 4273 1414 4318 textum
1453 4281 1555 4317 non
1588 4268 1805 4321 admisit

219 4349 631 4418 Etypographus:
656 4350 736 4404 sic
763 4351 906 4403 enim
929 4352 1082 4405 estin
1111 4350 1200 4420 H.,
1223 4355 1290 4424 τῇ
1326 4354 1576 4426 ἐνεργείᾳ
1604 4355 1660 4408 δὲ
1694 4357 1802 4411 τῶν

1915 3170 2268 3239 corrigendus
2290 3185 2343 3238 p.
2373 3169 2499 3225 546.

1985 3261 2102 3316 Col.
2143 3260 2250 3314 655
2295 3259 2358 3315 C.
2403 3259 2702 3330 Um'gem’to.
2753 3258 2827 3311 Τὸ
2867 3255 3123 3328 γεννητόν
3167 3253 3322 3320 dixit,
3374 3269 3482 3308 non

1913 3351 2006 3406 τὸν
2031 3352 2313 3422 γεννητόν,
2358 3361 2418 3406 ut
2454 3363 2734 3420 perperam
2785 3357 2961 3403 vertat
3011 3347 3173 3413 Beza,
3228 3365 3246 3397 ι
3276 3355 3329 3400 ει
3360 3359 3483 3400 eum

1914 3459 2074 3514 quem
2143 3445 2350 3516 genuit,
2404 3458 2432 3496 a
2497 3442 2580 3496 sui
2646 3439 3134 3495 communicatione
3183 3435 3484 3491 inconsulto

1914 3535 2160 3605 repellat,
2181 3553 2210 3586 »ε
2235 3543 2292 3587 ει
2317 3533 2486 3588 altero
2515 3532 2666 3599 lapsu
2700 3529 2883 3584 omisit
2905 3543 3092 3582 vocem
3123 3526 3217 3579 τοῦ
3247 3525 3485 3591 Μονογε-

1912 3627 2058 3690 νοῦς.
2109 3625 2216 3681 Sed
2264 3623 2658 3694 Trapezuntius
2710 3635 2924 3692 quoque
2985 3618 3352 3675 emendandus
3395 3616 3484 3670 hic

1913 3719 2049 3785 fuit;
2097 3719 2392 3788 scripserat
2451 3715 2595 3769 enim
2637 3731 2650 3767 :
2709 3730 2727 3764 ι
2761 3710 2866 3781 1ρεί
2914 3724 3131 3782 quoque
3189 3706 3482 3777 Unigenito

1913 3811 2348 3881 appropinquare
2381 3822 2484 3861 non
2521 3806 2710 3875 possit.
2754 3806 2834 3859 Ac
2881 3803 3236 3858 inconsonum
3264 3799 3482 3866 quidem

1912 3903 1967 3958 in
1999 3902 2065 3957 iis
2089 3916 2210 3972 qua:
2240 3901 2308 3954 ab
2334 3900 2450 3968 ipso
2491 3896 2768 3960 dicuntur,
2802 3902 3009 3949 tantum
3031 3900 3132 3948 est.
3159 3910 3179 3944 ι
3245 3891 3481 3961 Ἀπροσο

1912 3993 2187 4056 πέλαστος
2215 3999 2322 4057 est,
2352 3999 2406 4045 et
2438 3986 2762 4060 ἀπρόσιτος,
2810 3986 2856 4040 is
2896 3985 2963 4040 ad
3012 3998 3170 4053 quem
3223 3980 3484 4036 accedere

1910 4102 2072 4142 nemo
2091 4091 2290 4155 potest,
2306 4097 2408 4137 non
2433 4081 2498 4144 is,
2521 4079 2609 4149 qui
2633 4079 2698 4131 ad
2723 4076 2858 4130 alios
2881 4091 2983 4130 non
3008 4083 3184 4144 potest
3203 4071 3481 4126 accedere.

1983 4171 2098 4226 Col.
2134 4170 2238 4226 646
2261 4172 2304 4223 Α
2331 4168 2420 4222 ll.
2463 4167 2640 4233 Quare
2660 4165 2739 4218 Itis
2764 4166 2875 4232 qui.
2899 4164 3074 4219 Locus
3098 4171 3183 4218 est
3213 4162 3264 4216 in
3289 4160 3484 4215 Greco

1910 4263 2152 4328 mutilus,
2179 4277 2277 4315 nec
2300 4261 2367 4315 ad
2395 4275 2516 4313 eum
2547 4259 2848 4315 sanandum
2879 4257 3013 4312 satis
3040 4255 3256 4326 adjuvat
3285 4252 3482 4322 Regius

1909 4369 2008 4407 ms.
2049 4352 2102 4405 in
2137 4365 2244 4419 quo
2267 4350 2400 4417 lego,
2435 4348 2511 4414 ὥς
2545 4366 2609 4418 γε
2643 4347 2852 4411 τούτοις
2878 4345 3178 4414 ἀντιλέγειν
3207 4344 3307 4396 οὐκ
3329 4342 3484 4413 ἔχου-

227 4442 647 4512 γνωρισμάτων,
688 4459 708 4492 ι
731 4443 998 4496 evidentia
1025 4443 1366 4499 indiciorum.
1395 4465 1414 4497 ›
1453 4447 1545 4500 Est
1573 4449 1716 4502 enim
1738 4465 1800 4503 ea

1915 4461 2010 4508 σιν,
2039 4443 2074 4514 ἢ
2102 4441 2294 4495 πολλοῦ
2317 4440 2383 4496 ἂν
2407 4441 2769 4513 τιμησαίμην.
2797 4438 3186 4508 Trapezuntius
3213 4435 3480 4500 ediderat,

230 4534 448 4603 propria
481 4533 600 4588 laus
630 4534 976 4598 indiciorum,
1013 4543 1072 4588 ut
1101 4536 1384 4592 manifesta
1417 4542 1527 4593 sint
1559 4550 1612 4594 et
1637 4541 1804 4595 clara.

233 4622 426 4680 Verior
466 4627 646 4695 itaque
681 4627 797 4681 haec
829 4627 1026 4692 lectio,
1069 4642 1230 4696 quam
1267 4628 1354 4683 illa
1402 4630 1716 4687 Basiliensis
1751 4642 1806 4687 et

228 4715 568 4784 Stephanum
607 4716 740 4770 edit.
773 4731 827 4785 p.
859 4715 983 4777 545.
1021 4732 1086 4772 ex
1132 4733 1236 4787 qua
1277 4719 1434 4783 Beza,
1483 4739 1502 4771 ι
1533 4721 1805 4776 mentibus

228 4807 428 4860 nostris
455 4806 734 4860 notionum
769 4808 1085 4864 elIicacitate
1115 4809 1284 4864 illata.
1315 4828 1336 4861 ι
1372 4810 1477 4865 Sed
1502 4821 1557 4864 et
1591 4812 1804 4866 videtur

225 4897 478 4970 ἐνεργείᾳ
523 4898 703 4967 potius
745 4899 944 4970 legisse
992 4901 1046 4954 in
1082 4901 1452 4970 manuscripto
1494 4903 1802 4972 Trapezun-

225 4987 353 5052 tius,
407 4986 502 5055 qui
557 4988 873 5056 scripserat,
931 5007 950 5039 ε
981 4989 1352 5045 declarations
1401 5000 1580 5046 autem
1626 4993 1802 5048 notio-

223 5091 377 5132 num.
397 5096 417 5128 ι

295 5169 413 5225 Col.
441 5170 546 5225 639
573 5169 620 5223 Α
649 5172 704 5225 6.
748 5171 880 5237 Qua,
919 5173 1147 5227 vocibus.
1191 5173 1286 5228 His
1328 5174 1617 5230 maluimus
1671 5175 1802 5231 Cor-

225 5263 365 5316 uarii
402 5263 583 5319 verbis
624 5264 742 5328 uti,
778 5281 940 5334 quam
976 5266 1084 5320 illis
1121 5265 1490 5334 'I‘rapezuntii,
1547 5287 1565 5318 ι
1591 5267 1800 5335 signiti-

222 5354 468 5410 cationes
494 5355 684 5410 barum
719 5372 911 5412 vocum
937 5355 1172 5411 differre.
1201 5376 1220 5410 ι
1267 5357 1473 5414 Similis
1493 5362 1632 5430 apud
1657 5359 1798 5430 Nys-

221 5459 415 5498 senum
463 5443 684 5512 locutio,
718 5444 809 5500 lib.
853 5462 912 5500 ιιι
940 5455 1123 5499 contra
1150 5446 1496 5512 Eunomium,
1541 5463 1594 5516 p.
1647 5449 1745 5503 127
1780 5469 1794 5504 :

221 5533 391 5588 οὐδὲν
427 5532 516 5588 διὰ
549 5533 650 5604 τῆς
693 5535 984 5604 συναφείας
1007 5535 1116 5591 τῶν
1143 5537 1422 5608 ὀνομάτων
1454 5541 1533 5603 εις
1563 5539 1663 5611 τὴν
1688 5539 1798 5594 τῶν

222 5626 642 5696 σημαινομένων
671 5625 932 5697 σύγχυσιν
967 5628 1288 5700 ὑπαγόμεθα
1313 5647 1328 5661 ο
1383 5647 1403 5682 σ
1434 5628 1540 5685 Ρει·
1582 5646 1798 5701 compa-

223 5733 346 5786 gem
391 5718 669 5776 nominum
717 5718 782 5775 ad
817 5719 1241 5792 signiﬁcatorutn
1277 5721 1646 5781 confusionem
1692 5737 1797 5779 non

1909 4537 2140 4592 similem
2196 4533 2425 4590 fortasse
2473 4543 2666 4589 nactus
2728 4532 3041 4594 lectionem,
3119 4527 3344 4594 «Quare
3395 4527 3482 4581 his

1903 4629 2280 4683 contradicere
2311 4643 2418 4682 non
2441 4635 2688 4698 possunt,
2719 4623 2969 4696 quamvis
2989 4621 3136 4676 multi
3156 4619 3414 4674 facerem.
3453 4639 3474 4670 ο

1903 4720 2215 4776 Basiliensis
2249 4719 2415 4774 editio
2457 4730 2512 4774 et
2553 4718 2814 4786 Stephan.
2871 4714 3076 4769 addunt
3110 4712 3382 4781 παρέλκον
3410 4710 3476 4764 ἂν

1900 4811 2010 4883 εἴη,
2057 4811 2149 4865 sed
2183 4811 2299 4865 loco
2335 4826 2432 4865 suo
2463 4819 2680 4865 movent
2711 4807 2837 4862 illud
2867 4806 3018 4860 οὐδὲν
3049 4804 3284 4876 ἔχουσιν.
3334 4803 3474 4856 Buzzi

1901 4903 2099 4957 vertit:
2134 4903 2360 4971 t-Itaque
2389 4902 2511 4956 istis
2543 4902 2632 4970 qui
2665 4899 2796 4954 nihil
2827 4898 3050 4963 habent,
3081 4897 3224 4968 quod
3254 4911 3476 4965 respon-

1899 5002 2100 5060 deant,
2159 5007 2624 5063 supervacaneum
2682 4991 2846 5046 fuerit
2894 4989 3336 5045 contradicere.»
3397 4986 3475 5040 Ita

1898 5085 2176 5155 legendum
2216 5085 2404 5140 Grtece
2460 5085 2548 5140 hic
2585 5092 2748 5146 esset,
2797 5081 2939 5136 ὥστε
2984 5081 3196 5145 τούτοις
3241 5078 3475 5152 ἀποκρι-

1896 5175 2089 5229 νασθαι
2117 5177 2217 5228 οὐκ
2249 5175 2479 5246 ἔχουσιν,
2510 5175 2781 5246 παρέλκον
2806 5172 2872 5228 ἃν
2894 5171 2980 5243 εἴη
3010 5171 3330 5240 ἀντιλέγειν.

1965 5266 2082 5323 Col.
2103 5266 2208 5322 650
2231 5267 2275 5321 A
2299 5267 2353 5323 9.
2383 5267 2661 5321 Dominum
2689 5267 2944 5336 priorum.
2967 5263 3245 5336 Προὲλαὸε
3275 5278 3384 5332 pra:
3411 5277 3473 5317 se

1897 5356 2142 5413 ferebant
2167 5358 2430 5414 editiones
2457 5358 2575 5413 dua:
2605 5357 2920 5412 Basiliensis
2943 5367 2998 5412 et
3023 5355 3212 5424 Steph.
3241 5355 3308 5407 ad
3333 5370 3470 5424 quas

1898 5449 2274 5520 interpretatio
2341 5449 2746 5505 accommodata
2822 5457 2924 5503 est.
2985 5445 3067 5501 Ita
3135 5446 3466 5503 Cornarius:

1904 5557 1924 5591 ‹
1949 5539 2061 5593 Non
2085 5540 2227 5596 enim
2261 5539 2502 5609 profecto
2530 5541 2654 5610 quia
2691 5539 2976 5594 Dominum
3007 5540 3108 5593 hac
3137 5537 3468 5607 blasphemia

1898 5630 2313 5700 praeoccupavit.
2340 5648 2358 5681 ι
2392 5631 2460 5684 At
2488 5615 2909 5701 manuscriptus,
2937 5644 3043 5699 quo
3072 5629 3467 5696 Trapezuntius

1897 5730 1979 5778 est
2048 5737 2201 5787 usus,
2269 5736 2390 5779 cum
2460 5719 2626 5793 Regio
2689 5722 2999 5780 consentit:
3031 5718 3331 5792 προσέλαϐε
3399 5720 3469 5794 τῇ
