3824 6214
356 270 486 327 1047

1529 272 1733 330 ΝΟΤᾸΞ
1774 273 2170 331 FRONTONIS
2207 273 2442 332 DUCEI

3480 281 3645 336 1043

355 383 698 455 βλασφημίᾳ.
759 403 778 436 ι
804 384 1089 442 Dominum
1131 401 1346 459 quoque
1385 390 1451 445 ad
1499 391 1639 446 hanc
1676 392 1930 456 blasphe-

2060 390 2174 446 ibro
2201 392 2451 445 adversus
2483 389 2803 446 Eunomium
2833 409 2862 446 :‘
2895 391 3192 463 Ἀξιῶματι
3223 391 3334 463 γὰρ
3361 392 3646 463 δεύτερον

354 475 520 528 miam
572 475 1328 544 conjunxit.rVerumtamen
1379 491 1687 538 creaturam
1742 483 1926 538 Domi-

353 581 484 620 num
530 580 632 619 non
674 566 810 622 dixit
861 569 1066 636 primus
1102 569 1420 637 Eunomius,
1458 576 1552 630 sed
1587 585 1716 629 ante
1753 576 1928 642 ipsum

351 656 554 720 Arius;
589 656 850 724 Spiritum
888 671 1135 716 sanctum
1169 675 1477 720 creaturam
1523 667 1727 733 primus
1752 667 1931 720 Eunu-

355 744 495 798 mius
527 746 688 811 dixit,
722 757 778 798 ut
812 745 1043 803 Basilius
1075 749 1165 804 hic
1199 753 1498 818 contendit,
1529 767 1702 821 neque
1731 754 1781 806 in
1812 753 1930 808 aliis

353 835 735 890 haereticorum
773 837 930 892 libris
961 840 1074 894 haec
1106 840 1280 896 fuerat
1319 844 1539 899 inventa
1571 844 1927 913 blasphemia.

355 924 490 979 Male
526 928 725 996 quippe
764 938 1001 982 verterat
1045 933 1204 998 paulo
1245 944 1366 1002 post
1413 934 1742 1004 Trapezunt.
1791 936 1824 1007 ἤ
1871 938 1930 990 ὲν

351 1019 466 1082 τοῖς
495 1019 943 1090 καταληφθεῖσιν,
985 1042 1004 1074 ι
1025 1024 1125 1077 nisi
1153 1028 1292 1095 quod
1323 1028 1374 1080 in
1403 1028 1780 1097 superstitibus
1809 1029 1933 1084 isto-

355 1124 473 1161 rum
517 1111 858 1166 sermonibus
910 1113 1049 1167 hanc
1081 1115 1496 1185 appellationem
1533 1118 1860 1172 invenimus.
1903 1136 1922 1168 ι

355 1199 431 1252 De
461 1199 791 1268 blasphemia
821 1203 871 1256 in
895 1203 1157 1273 Spiritum
1177 1218 1425 1264 sanctum
1449 1225 1557 1263 non
1586 1210 1926 1275 remittenda,

353 1291 477 1346 vide
505 1290 692 1346 Matth.
728 1309 828 1358 xu,
863 1295 954 1351 52.

425 1379 538 1434 Col.
573 1379 670 1434 651
707 1382 773 1434 Α.
805 1381 976 1437 Unius
1010 1383 1274 1442 Montani.
1314 1387 1709 1455 Trapez-‘untius
1741 1388 1929 1442 edide-

356 1478 440 1529 rat
470 1485 482 1522 :
525 1488 544 1520 ι
580 1468 868 1525 Montanus
905 1474 1053 1529 solus
1085 1483 1295 1530 tantum
1331 1478 1385 1531 in
1425 1477 1688 1547 Spiritum
1721 1479 1928 1532 insani-

356 1560 452 1620 vit,
477 1569 531 1614 et
558 1561 867 1617 nominibus
895 1564 1220 1634 vituperavit
1250 1567 1566 1634 humilibus,
1590 1584 1655 1624 ac
1683 1579 1928 1623 naturam

358 1650 528 1717 ipsius
559 1661 768 1708 tantum
803 1659 1138 1719 cxtenuavit,
1175 1667 1234 1713 ut
1271 1660 1480 1716 diceret
1530 1660 1806 1715 infamiam
1851 1660 1930 1716 af-

359 1740 504 1795 ferre
531 1743 744 1805 factori.
782 1765 802 1802 ι
826 1746 964 1802 Beza
987 1749 1152 1802 etiam
1177 1749 1330 1819 pejus
1352 1752 1454 1806 hoc
1471 1752 1716 1806 ultimum
1741 1754 1932 1806 vertit:
1967 1735 2009 1792 Β

363 1851 382 1884 ι
442 1833 513 1888 Ut
559 1837 724 1892 etiam
779 1838 1058 1892 infamiam
1114 1840 1304 1896 factori
1367 1858 1466 1897 suo
1528 1843 1741 1898 dicatur
1790 1842 1938 1898 affri-

357 1927 536 1980 cuisse
567 1945 581 1981 :
621 1947 641 1979 »
678 1931 834 1998 quasi
874 1931 974 1986 hoc
1005 1933 1162 1988 vellet
1194 1933 1445 1998 Basilius,
1486 1933 1796 1988 Montanum
1829 1934 1936 1988 dici

361 2014 638 2071 infamiam
680 2017 983 2076 aﬂ’ricuisse
1025 2024 1280 2077 creatori.
1336 2022 1675 2093 Epiphanius
1733 2035 1935 2088 tamen,

357 2105 551 2162 haeresi
579 2108 670 2172 48,
708 2109 1037 2180 Phrygastas
1069 2115 1184 2167 sive
1223 2113 1585 2169 Montanistas
1623 2116 1721 2180 ait,
1756 2116 1844 2183 qui
1881 2128 1939 2168 se

359 2197 672 2254 Montanum
717 2204 1005 2270 quemdam
1047 2206 1369 2275 prophetam
1410 2205 1939 2276 haberejactabant,

358 2290 428 2344 de
452 2290 612 2355 Patre
635 2303 689 2346 et
712 2292 854 2350 Filio
879 2313 942 2351 ac
968 2296 1174 2365 Spiritu
1202 2310 1396 2353 Sancto
1427 2301 1678 2355 similiter
1701 2303 1940 2356 sensisse

367 2381 518 2435 velut
549 2393 736 2438 sancta
763 2387 1028 2446 catholica
1076 2391 1244 2445 sentit
1279 2391 1543 2458 Ecclesia,
1579 2393 1709 2463 περὶ
1735 2393 1790 2446 δὲ
1825 2394 1929 2446 llat-

358 2473 487 2543 τρὸς
519 2476 613 2528 καὶ
640 2475 772 2530 Υἱοῦ
800 2479 894 2531 καὶ
922 2480 1078 2547 ἁγίου
1112 2481 1428 2552 Πνεύματος
1453 2484 1652 2553 ὁμοίως
1685 2484 1940 2556 φρονοῦσι

359 2567 429 2635 τῇ
476 2566 607 2638 ἁγίᾳ
658 2568 919 2641 καθολικῇ
973 2572 1288 2645 Ἐκκλησίᾳ.
1340 2575 1418 2628 Ex
1454 2574 1673 2630 Arianis
1721 2577 1939 2645 quidam

363 2657 617 2713 dixerunt
649 2660 912 2730 Spiritum
945 2679 1195 2719 sanctum
1233 2681 1338 2719 non
1377 2682 1500 2722 esse
1529 2667 1680 2722 Patri
1715 2677 1767 2721 et
1803 2668 1942 2722 Filio

362 2751 910 2822 consubstantialem,
941 2755 1053 2810 imo
1079 2770 1200 2810 esse
1243 2757 1382 2812 Filio
1415 2757 1714 2824 minorem;
1745 2757 1840 2812 sed
1876 2759 1944 2814 de

363 2839 503 2898 Filio
533 2843 871 2912 potissimum
903 2847 1168 2901 adversus
1206 2847 1328 2902 illos
1364 2857 1546 2902 actum
1581 2858 1687 2911 est,
1719 2847 1787 2900 de
1817 2848 1940 2916 Spi-

365 2931 472 2985 ritu
512 2946 701 2990 sancto
739 2935 792 2989 in
837 2936 1070 2991 concilio
1103 2952 1139 2991 ιι
1172 2939 1514 2993 ωειιιῐιθιιὶεο
1558 2933 1942 2993 Constantino-

2029 483 2123 538 τοῦ
2161 483 2291 538 Υἱοῦ
2322 483 2382 550 ἐξ
2415 484 2581 538 αὑτοῦ
2609 486 2670 538 τὸ
2706 481 2844 538 εἶναι
2878 485 3020 555 ἕχον,
3065 486 3159 538 καὶ
3188 483 3247 550 ἐξ
3277 485 3446 538 αὑτοῦ
3486 485 3645 555 λαμ-

2030 578 2191 632 ϐάνον
2243 579 2337 630 καὶ
2384 577 2714 646 ἀναγγέλλον
2765 580 2916 648 ἡμῖν,
2967 577 3060 630 καὶ
3107 577 3242 640 ὅλως
3287 577 3389 645 τῆς
3440 578 3644 640 αἰτίας

2029 668 2232 738 ταύτης
2267 669 2574 738 ἐξημμένον
2609 670 2638 721 ὁ
2684 669 2780 737 τῆς
2825 667 3104 730 εὐσεϐείας
3148 667 3496 738 παραδίδωσι
3535 665 3639 718 λό-

2030 775 2154 827 γος·
2189 758 2350 828 φύσει
2387 757 2446 810 δὲ
2484 756 2716 828 χρῆσθαι
2748 756 2928 827 τρίτῃ,
2961 755 3084 808 οὗτε
3114 756 3263 825 παρὰ
3302 755 3412 806 τῶν
3443 755 3642 820 ἁγίων

2030 849 2412 920 διδασκόμεθα,
2453 848 2578 901 οὔτε
2612 851 2675 900 ἐκ
2707 848 2814 899 τῶν
2847 847 3153 917 εἰρημένων
3181 845 3464 915 δυνάμεθα
3501 845 3641 897 συλ-

2031 943 2352 1010 λογίσασθαι
2403 941 2548 994 κατὰ
2579 941 2678 1011 τὴν
2712 939 3061 992 ἀκολουθίαν·
3100 957 3124 990 ι
3161 939 3431 1006 Dignitate
3471 938 3635 991 enim

2033 1035 2330 1090 secundum
2367 1049 2488 1087 esse
2530 1049 2560 1086 a
2590 1032 2749 1098 Filio,
2781 1047 2904 1086 cum
2939 1032 3006 1085 ab
3038 1031 3153 1100 ipso
3179 1044 3300 1083 esse
3333 1044 3499 1084 Suum
3531 1027 3639 1081 ha-

2033 1128 2187 1189 beat,
2229 1134 2278 1178 et
2329 1126 2397 1178 ab
2432 1125 2548 1192 ipso
2587 1123 2845 1192 accipiat,
2895 1133 2949 1176 et
3002 1121 3287 1174 annuntiet
3339 1119 3527 1179 nobis,
3572 1129 3636 1171 et

2031 1218 2254 1271 omnino
2299 1218 2367 1270 ab
2417 1216 2503 1269 illa
2545 1228 2709 1268 causa
2755 1213 3103 1282 dependeat,
3175 1225 3356 1265 sermo
3399 1209 3640 1277 pietatis

2035 1304 2237 1358 tradit:
2267 1316 2460 1357 natura
2493 1318 2623 1356 vero
2655 1301 2813 1355 tertia
2850 1301 2960 1364 uti,
2986 1316 3160 1369 neque
3191 1315 3220 1352 a
3252 1299 3463 1353 sanctis
3494 1298 3634 1350 edo-

2033 1411 2239 1460 cemur,
2264 1410 2438 1465 neque
2465 1411 2536 1449 ex-
2558 1395 2720 1448 dictis
2751 1403 2810 1446 ut
2836 1407 3175 1461 consequens
3201 1390 3461 1458 colligere
3494 1403 3633 1456 pos-

2031 1503 2240 1544 sumus.
2279 1505 2298 1539 ι
2347 1487 2402 1541 ln
2437 1501 2598 1555 quem
2635 1495 2818 1538 autem
2855 1485 3013 1536 finem
3043 1482 3283 1551 prolatus
3327 1484 3401 1535 sit
3437 1480 3630 1541 locus,

2033 1579 2560 1650 exponitpraasertim
2581 1576 2822 1630 sessione
2848 1574 2936 1638 19,
2965 1589 3016 1642 p.
3041 1573 3306 1628 449‘edit.
3334 1572 3632 1637 Romana»,

2037 1672 2177 1725 idem
2221 1669 2502 1724 Joannes:
2551 1687 2570 1720 ι
2608 1666 2743 1720 Volo
2792 1665 3100 1720 necessaria
3150 1665 3632 1718 demonstratione

2038 1761 2290 1827 probare,
2323 1774 2446 1813 cum
2477 1757 2680 1827 aliquid
2709 1772 2777 1811 ex.
2804 1757 2984 1825 aliquo
3014 1754 3268 1815 dicimus,
3300 1754 3529 1822 intelligi
3555 1768 3630 1806 ex

2038 1865 2293 1922 persona,
2328 1851 2489 1920 idque
2530 1852 2846 1903 demonstro
2877 1861 2973 1916 per
3016 1847 3220 1898 dictum
3254 1843 3463 1907 Basilii,
3497 1859 3628 1898 cum

2037 1942 2114 1996 ait
2141 1942 2402 2010 Spiritum
2433 1939 2633 1994 habere
2661 1954 2816 1993 suum
2843 1952 2964 1992 esse
2989 1953 3054 1991 ex
3082 1936 3240 2000 Filio,
3267 1945 3320 1988 et
3351 1937 3420 1989 ab
3441 1951 3510 1989 eo
3527 1937 3628 1989 de-

2038 2034 2276 2103 pendere
2319 2042 2572 2100 tanquam
2607 2044 2673 2084 ex
2711 2044 2895 2084 causa.
2938 2030 2994 2082 Si
3042 2028 3207 2098 igitur
3246 2028 3501 2096 accipere
3534 2037 3627 2082 est

2039 2127 2242 2182 habere
2265 2139 2407 2186 esse,
2448 2122 2686 2191 Spiritus
2723 2130 2944 2176 sanctus
2973 2120 3134 2174 habet
3165 2134 3305 2181 esse,
3335 2129 3390 2172 et
3416 2119 3627 2188 accipit

2038 2233 2104 2272 ex
2145 2217 2300 2278 Filio,
2341 2225 2393 2270 et
2429 2213 2498 2269 ab
2530 2229 2596 2268 eo
2625 2214 2891 2283 dependet
2921 2220 2979 2265 ut
3012 2227 3079 2265 ex
3113 2225 3328 2264 causa:
3368 2225 3501 2279 ergo
3531 2225 3627 2264 se-

2039 2308 2243 2377 quitur,
2274 2315 2333 2360 ιιι
2363 2307 2410 2360 si
2446 2305 2681 2374 Spiritus
2715 2313 2936 2359 sanctus
2969 2302 3167 2370 accipit
3194 2317 3260 2355 ex
3292 2300 3451 2363 Filio,
3486 2316 3633 2368 proo

2038 2401 2197 2454 Cedat
2241 2398 2406 2451 etiam
2456 2412 2522 2451 ex
2562 2397 2698 2464 ipso.
2748 2414 2768 2446 ι
2823 2393 3139 2464 Opponebat
3192 2392 3405 2447 Marcus
3443 2393 3633 2461 Ephe-

2041 2494 2170 2552 sius,
2225 2491 2317 2558 qui
2373 2504 2470 2558 pro
2529 2487 2734 2543 Graecis
2793 2487 3134 2555 disputabat,
3190 2485 3628 2536 additanwntnm

2042 2580 2168 2635 illud
2193 2595 2222 2633 a
2253 2578 2462 2632 Latinis
2497 2577 2761 2632 insertum
2791 2577 2963 2630 videri
2991 2593 3004 2627 :
3032 2575 3125 2628 sed
3155 2573 3425 2641 respondit
3453 2571 3626 2624 Joan-

2042 2687 2141 2725 nes
2187 2682 2294 2724 Iam
2344 2670 2624 2737 antiquum
2677 2669 2827 2721 illum
2877 2681 2998 2722 esse
3035 2665 3264 2727 librmn,
3307 2675 3366 2716 ut
3414 2663 3624 2716 nullam

2043 2758 2363 2826 corruptela:
2411 2758 2772 2825 suspicionem
2807 2756 3037 2825 injiciat,
3081 2770 3202 2809 cum
3246 2753 3445 2806 multos
3490 2762 3634 2807 ante-

2045 2861 2250 2911 annos,
2303 2861 2464 2915 quam
2521 2845 2760 2900 schisma
2815 2847 2916 2898 hoc
2948 2846 3185 2899 oriretur
3230 2858 3294 2897 ac
3329 2844 3620 2896 dissidium

2046 2937 2433 3002 Ecclesiarum,
2468 2947 2724 2991 exaratus
2752 2945 3055 3005 appareret,
3090 2951 3189 2989 nec
3219 2935 3324 2987 ulla
3358 2935 3411 2988 in
3445 2949 3513 2988 eo
3538 2949 3624 2987 ra-

366 3024 627 3092 politano,
652 3026 805 3093 cujus
831 3036 1128 3084 sectatores
1155 3027 1660 3094 Pneumatomachi,
1685 3029 1800 3083 sive
1823 3028 1945 3099 Spi-
1970 3067 2014 3126 ε
2047 3041 2172 3080 sura
2205 3028 2285 3082 vel
2314 3028 2629 3095 depravatio
2656 3027 2739 3081 vel
2771 3042 2962 3081 atauus
2991 3027 3224 3096 adjectio
3251 3026 3626 3095 deprehende-

370 3115 508 3169 ritus
570 3117 1000 3186 impugnatores,
1063 3119 1318 3188 appellati
1359 3111 1528 3176 'sunt.
1599 3121 1942 3186 Philastrius,

367 3223 488 3279 cap.
523 3209 615 3276 2!,
640 3211 1017 3268 Eunomianos-
1043 3214 1207 3267 tradit
1237 3215 1540 3270 asseruisse
1573 3215 1787 3270 Patrem
1821 3216 1944 3285 qui-

368 3301 491 3357 dem
517 3303 712 3358 fecisse
742 3303 960 3370 Filium,
996 3315 1050 3360 et
1080 3307 1272 3360 iterum
1304 3306 1530 3370 Filium,
1571 3309 1659 3374 qui
1703 3308 1774 3362 sit
1801 3323 1948 3362 crea-

373 3403 517 3458 tura,
553 3393 746 3450 fecisse
774 3395 1034 3464 Spiritum
1063 3415 1076 3450 :
1105 3398 1249 3467 quod
1298 3397 1544 3452 refutans
1585 3399 1817 3452 Basilius
1845 3401 1947 3454 hoc

370 3481 494 3536 loco
525 3481 764 3550 subiicit,
813 3485 991 3538 ἐκεῖνο
1033 3486 1097 3538 δὲ.
1135 3486 1242 3539 τίνι
1293 3487 1402 3540 τῶν
1456 3487 1673 3541 πάντων
1721 3489 1946 3560 ἄδηλον;

377 3591 398 3624 α
433 3572 568 3628 lllud
603 3589 735 3628 vero
778 3575 864 3630 cui
907 3592 1014 3632 non
1065 3586 1252 3645 patet,
1292 3577 1436 3646 quod
1483 3578 1626 3632 nulla
1659 3579 1778 3632 Filii
1818 3595 1950 3647 ope-

374 3665 515 3719 ratio
543 3679 573 3718 a
615 3662 777 3720 Patre
812 3665 985 3722 divisa
1028 3667 1149 3720 est?
1185 3685 1204 3720 ι
1245 3667 1297 3720 ln
1343 3683 1502 3737 quem
1551 3667 1726 3722 locum
1775 3684 1950 3722 anno-

377 3772 518 3816 tarat
562 3762 832 3832 interpres
867 3761 919 3814 in
955 3759 1236 3827 margine,
1287 3759 1374 3812 hic
1420 3759 1634 3826 probari
1687 3759 1950 3826 Spiritum

375 3863 622 3908 sanctum
671 3856 738 3908 ab
785 3863 1016 3920 utroque
1056 3851 1369 3920 procedere.
1416 3848 1551 3903 Nam
1594 3861 1652 3904 ut
1700 3853 1774 3904 ait
1831 3853 1954 3906 illu-

379 3945 678 3999 strissimus
707 3942 999 3998 cardinalis
1056 3941 1436 4004 Bellarminus,
1470 3941 1563 3995 lib.
1608 3957 1671 4006 ιι,
1712 3958 1830 4012 cap.
1856 3945 1952 4010 ‘25,

378 4035 464 4090 De
495 4035 739 4100 Christo,
768 4044 916 4088 certe
954 4033 1188 4088 Basilius
1221 4036 1460 4103 probans
1496 4049 1601 4087 non
1641 4035 1814 4088 solum
1861 4035 1953 4089 Fi-

379 4127 510 4182 lium
541 4142 663 4185 esse
687 4142 906 4182 causam
939 4125 1198 4196 Spiritus,
1233 4127 1325 4179 sed
1361 4128 1522 4191 etiam
1561 4126 1798 4190 Patrem,
1829 4127 1954 4196 quia

379 4219 568 4274 omnia-
619 4233 739 4288 quae
787 4218 952 4274 habet
982 4215 1150 4270 Filius
1182 4217 1345 4270 habet
1375 4204 1555 4280 Pater,
1591 4216 1748 4271 simul
1779 4218 1956 4284 docet,

381 4311 496 4366 imo
536 4325 634 4380 pro
675 4319 951 4378 compertu
1023 4309 1254 4362 assumit
1315 4310 1555 4379 Spiritus
1600 4322 1857 4375 causam,
1901 4317 1961 4364 ut

382 4399 558 4458 Grzeci
581 4403 895 4471 loquuntur,
924 4419 1044 4460 esse
1070 4403 1284 4459 Filium.

454 4495 702 4549 (301.654
729 4495 769 4548 Β
797 4495 851 4550 4.
887 4493 1206 4552 Conservam
1234 4499 1404 4551 doctr.
1445 4495 1858 4552 Emendavimus
1890 4511 1959 4552 ex

383 4587 452 4642 ll.
485 4589 778 4657 φυλάσσειν
819 4588 1188 4654 διδασκαλίαν,
1223 4598 1277 4642 et
1311 4589 1624 4659 ἀποσιωπᾷ,
1650 4605 1771 4643 cum
1801 4601 1962 4643 antea

384 4679 656 4747 legeretur
687 4679 976 4749 φυλάσσων
1002 4689 1058 4734 et
1104 4682 1305 4750 σιωπᾷ.
1349 4678 1607 4748 Sequitur
1649 4681 1810 4749 paulo
1846 4691 1965 4749 post

385 4771 536 4825 locus
568 4771 956 4828 celeberrimus
985 4779 1040 4824 et
1077 4773 1132 4825 in
1200 4773 1374 4828 tribus
1415 4772 1629 4828 concilii
1669 4771 1965 4826 Florentini

385 4861 724 4916 sessioaibus
745 4859 833 4926 l8,
855 4860 919 4914 l9
942 4869 997 4916 et
1014 4859 1086 4915 20
1111 4861 1400 4931 diligenter
1419 4877 1703 4926 excussus,
1735 4878 1856 4917 cum
1889 4863 1970 4915 in-

388 4961 471 5006 ινι-
499 4953 706 5015 Latina
733 4964 786 5008 et
808 4953 1010 5009 Graeca:
1033 4953 1290 5009 Ecclesiae
1313 4953 1517 5025 legatos
1540 4956 1607 5010 de
1629 4957 1970 5024 processione

392 5044 634 5112 Spiritus
667 5047 843 5100 sancti
869 5047 1262 5114 disputaretur.
1288 5048 1364 5102 Ac
1403 5047 1608 5117 Regius
1629 5048 1847 5114 quidem
1879 5064 1972 5101 co-

391 5132 497 5186 dex
518 5149 640 5189 cum
664 5148 729 5189 eo
755 5136 1044 5201 consentit,
1066 5151 1173 5204 quo
1199 5152 1327 5191 usus
1350 5147 1434 5192 est
1457 5139 1746 5205 interpres,
1771 5146 1825 5190 et
1851 5152 1969 5190 cum

391 5226 630 5281 editione
662 5225 968 5292 Basiliensi,
1003 5227 1308 5298 legiturque
1347 5247 1359 5283 :
1411 5228 1708 5298 ’Δξιώματι
1737 5229 1835 5300 μὲν
1865 5228 1972 5299 γὰρ

393 5315 732 5389 δευτερεύειν
768 5317 864 5371 τοῦ
901 5317 1033 5371 Υἱοῦ
1082 5317 1445 5390 παραδίδωσιν
1475 5323 1506 5373 ὁ
1550 5318 1651 5389 τῆς
1693 5317 1974 5383 εὐσεϐείας

395 5406 552 5474 λόγος
573 5425 587 5439 ο
627 5417 682 5461 at
709 5405 949 5468 Joannes
990 5407 1200 5464 Latium
1227 5409 1482 5464 Ecclesiae
1509 5410 1726 5464 nomine
1750 5411 1976 5478 protulit

398 5510 465 5550 ex
512 5497 880 5553 vetustissimo
929 5498 1120 5554 codice
1173 5498 1360 5554 Basilii
1411 5500 1880 5568 ConstantinOpoli
1943 5515 1973 5553 a

398 5585 622 5643 Nicolao
664 5587 880 5644 Cusano
932 5590 1132 5654 delato,
1170 5592 1262 5661 qui
1310 5601 1439 5646 ante
1473 5601 1765 5646 sexcentos
1799 5607 1975 5645 annos

399 5676 674 5732 videretur
708 5688 986 5746 exaratus,
1015 5681 1379 5738 testimonium
1407 5681 1549 5739 istud
1576 5697 1640 5738 ex
1677 5681 1780 5739 hoc
1812 5682 1971 5738 tertio

2047 3130 2219 3176 retur.
2266 3120 2426 3174 Addit
2463 3119 2861 3174 illustrissimus
2897 3119 3192 3173 cardinalis
3234 3118 3631 3182 Bellarminus,

2044 3215 2139 3271 lib.
2169 3229 2205 3269 ιι
2240 3213 2312 3267 De
2331 3213 2562 3278 Christo,
2597 3226 2646 3265 c.
2676 3211 2767 3276 25,
2795 3211 3221 3265 additamentum
3253 3209 3382 3263 illud
3413 3209 3624 3263 codicis

2046 3305 2358 3360 Latinorum
2395 3318 2515 3357 esse
2545 3301 2743 3356 debere
2790 3303 2841 3355 in
2892 3309 3038 3354 textu
3087 3301 3171 3355 vel
3216 3309 3362 3354 certe
3399 3315 3618 3353 sensum

2047 3397 2260 3451 illorum
2301 3409 2316 3448 :
2352 3413 2370 3446 ι
2412 3394 2551 3448 Dicit
2594 3394 2738 3446 enim
2787 3392 3020 3446 Basilius
3059 3391 3318 3460 Spiritum
3363 3405 3488 3445 esse
3538 3407 3638 3444 se—

2047 3491 2282 3547 cundum
2314 3505 2342 3542 a
2373 3488 2512 3542 Filio
2544 3489 2736 3543 ordine
2775 3497 2829 3541 et
2856 3487 3137 3554 dignitate,
3173 3500 3278 3538 nnn
3318 3494 3496 3537 tamen
3531 3498 3626 3538 na-

2052 3589 2172 3633 tura
2221 3597 2239 3632 :
2273 3589 2326 3632 et
2357 3578 2570 3648 probat,
2609 3577 2734 3645 quia
2783 3576 2926 3630 sicut
2967 3573 3135 3628 Filius
3173 3582 3258 3628 est
3293 3574 3565 3629 secundus
3592 3591 3621 3624 a

2052 3671 2232 3729 Patre.
2261 3670 2385 3737 quia
2419 3669 2487 3723 ab
2531 3669 2621 3722 illo
2653 3667 2810 3721 habet
2853 3681 2994 3730 esse,
3024 3667 3098 3720 ita
3141 3681 3356 3734 quoque
3389 3666 3634 3732 Spiritus

2051 3771 2136 3818 est
2162 3762 2431 3815 secundus
2459 3775 2490 3814 a
2520 3759 2658 3814 Filio
2685 3778 2698 3813 :
2733 3760 2822 3814 ubi
2862 3759 2908 3813 si
2939 3773 3044 3812 non
3097 3761 3343 3821 addatur,
3380 3759 3622 3812 vel'snh-

2054 3854 2406 3921 intelligatur,
2441 3855 2582 3920 quod
2617 3863 2700 3906 est
2745 3852 2796 3904 in
2829 3849 3031 3905 nostris
3079 3851 3391 3914 codicibus,
3438 3851 3625 3904 videli-

2054 3956 2141 4002 cet
2166 3945 2427 4014 Spiritum
2464 3945 2666 4000 habere
2688 3958 2809 3998 esse
2841 3961 2867 3996 a
2896 3942 3060 4007 Filio,
3091 3943 3233 3997 sicut
3259 3941 3432 3996 Filius
3465 3944 3626 3996 habet

2055 4053 2175 4094 esse
2213 4053 2241 4091 a
2281 4037 2463 4100 Patre,
2501 4036 2640 4090 ratio
2672 4035 2855 4089 Basilii
2891 4034 3026 4088 nihil
3056 4033 3362 4098 concludet,
3397 4048 3494 4088 nec
3522 4034 3636 4087 nllo-

2057 4130 2217 4185 modo
2264 4128 2481 4198 probari
2538 4127 2735 4197 poterit
2783 4125 3044 4194 Spiritum
3090 4134 3340 4179 sanctum
3387 4139 3506 4179 esse
3543 4140 3624 4178 se-

2057 4222 2292 4279 cundum
2333 4237 2360 4273 a
2402 4220 2561 4282 Filio,
2607 4228 2664 4272 ut
2698 4219 2865 4272 Filius
2907 4227 2990 4270 est
3024 4216 3293 4271 secumlns
3327 4231 3357 4268 a
3392 4215 3569 4270 Patre.
3600 4236 3620 4268 ι

2129 4315 2244 4370 Col.
2293 4311 2398 4368 655
2433 4311 2476 4364 Α
2517 4311 2570 4364 '5.
2617 4309 2801 4365 Sermo
2845 4307 3091 4376 fortasse.
3145 4306 3213 4360 Ut
3259 4305 3634 4372 interpretatio:

1990 4406 2186 4463 Deum
2219 4406 2410 4461 Graeco
2455 4413 2604 4457 textu
2652 4401 2964 4455 conveniret
3005 4398 3318 4454 Basiliensis
3355 4400 3623 4464 editionis,

2060 4498 2300 4554 additum
2328 4505 2412 4549 est
2444 4512 2463 4545 ι
2502 4493 2754 4554 fortasse,
2791 4509 2812 4542 ι
2845 4500 2898 4544 et
2954 4491 3093 4544 infra
3140 4508 3154 4544 :
3194 4509 3212 4543 ι
3249 4499 3308 4545 ιιι
3342 4491 3468 4544 illud
3499 4508 3628 4545 con-

2062 4589 2354 4648 cedamus;
2387 4603 2407 4638 ι
2441 4586 2535 4638 sed
2560 4584 2814 4637 lectorem
2843 4591 3022 4634 tamen
3043 4581 3396 4636 admonemus
3429 4592 3626 4635 utrum-

2065 4695 2169 4750 que
2201 4677 2438 4734 ahfuisse
2464 4676 2532 4730 ab
2556 4675 3002 4743 interpretatione
3022 4672 3278 4744 Trapez.,
3303 4689 3365 4729 ac
3387 4675 3632 4744 proinde,

2067 4783 2126 4826 ut
2156 4769 2448 4825 verisimile
2477 4776 2582 4831 est,
2625 4784 2652 4819 τι
2697 4767 2890 4822 codice
2927 4783 3028 4820 ms.
3082 4783 3190 4835 quo
3234 4767 3325 4820 ille
3361 4782 3488 4820 usus
3527 4775 3623 4828 est,

2067 4877 2191 4917 cum
2219 4870 2346 4913 ante
2375 4859 2605 4926 primam
2639 4855 2991 4912 Basilienscm
3022 4858 3315 4911 editionem
3349 4858 3446 4910 hos
3475 4857 3629 4908 libros

2065 4952 2290 5007 verterit
2327 4969 2341 5005 :
2386 4947 2584 5006 deinde
2633 4948 2877 5004 abfuisse
2923 4963 3140 5017 quoque
3178 4962 3206 5000 a
3254 4945 3424 5014 Regio
3455 4948 3630 5000 codice

2067 5043 2222 5102 illud,
2264 5039 2421 5105 ἴσως,
2471 5041 2597 5095 licet
2632 5055 2737 5094 non
2768 5038 2908 5092 absit
2942 5039 3169 5092 alterum
3209 5038 3358 5100 illud,
3406 5037 3494 5089 ἵνα
3543 5037 3630 5089 καὶ

2066 5133 2674 5203 ὅλωςσυγχωρήσωμεν
2695 5144 2709 5158 ·
2742 5131 2974 5198 denique
3013 5130 3066 5182 in
3099 5144 3163 5184 eo
3195 5129 3490 5196 legebatur,
3533 5145 3627 5180 non

2067 5228 2116 5281 ει
2173 5229 2269 5280 καὶ
2301 5224 2633 5294 ὑποϐέϐηκε,
2680 5223 2772 5276 sed
2821 5222 2871 5274 εἰ
2919 5221 3014 5274 καὶ
3056 5219 3419 5288 ὑποϐεϐηκός,
3473 5234 3629 5285 neque

2070 5317 2164 5371 καὶ
2205 5316 2266 5369 τὸ
2311 5313 2605 5368 ἀκόλουθον
2653 5311 2863 5364 ἐκεῖθεν
2911 5349 2927 5372 ,
2990 5311 3082 5364 sed
3148 5308 3362 5378 φύσεως
3421 5307 3628 5360 ἀκολου-

2070 5408 2208 5479 θοίη,
2243 5405 2452 5460 ἐκεῖθεν
2479 5404 2659 5474 δῆλον.
2706 5401 3112 5457 Observandum
3149 5411 3232 5455 est
3271 5411 3548 5468 praeterea,
3582 5400 3627 5453 in

2078 5501 2313 5554 concilio
2365 5497 2682 5550 Florentino
2720 5511 2786 5549 ex
2824 5495 2980 5549 libris
3009 5494 3320 5549 Graecorum
3372 5492 3444 5544 ita
3491 5493 3632 5546 citari

2073 5591 2217 5644 hunc
2246 5589 2426 5641 locum
2455 5600 2508 5653 p.
2554 5584 2694 5648 475,
2735 5593 2796 5638 ιιι
2841 5598 2945 5638 nou
2981 5583 3234 5654 πρόοδος,
3267 5582 3361 5636 sed
3389 5579 3631 5653 πρόσοδος

2072 5682 2166 5735 καὶ
2198 5678 2532 5752 προσαγωγή
2564 5676 2800 5747 legatur,
2828 5677 2930 5730 hoc
2965 5686 3077 5742 est,
3111 5695 3128 5725 σ
3168 5675 3342 5730 aditus
3367 5678 3632 5729 accessu»
