3824 6214
202 298 356 355 1049

1304 303 1372 359 IN
1409 305 1659 365 LIBROS
1691 312 1971 374 CONTRA
2012 318 2404 379 ΕυΝοιηυΜ.

3319 304 3459 376 Tum

199 428 338 485 quc.
381 432 401 466 ι
448 414 577 469 ltetu
607 424 723 483 post
752 416 1218 490 συγχωρήσωμεν,
1254 436 1362 477 non
1399 424 1580 481 οὐκέτ’
1613 428 1684 480 ἂν
1718 430 1787 483 εζ-

1895 450 1948 491 c.
1984 437 2074 503 ﬂ,
2101 446 2156 493 et.
2181 439 2234 491 in
2263 438 2453 495 Matth.
2487 450 2642 497 xrm.
2671 435 2762 497 10,
2795 435 2848 488 in
2883 436 3178 489 "armenta
3207 432 3457 503 Eranch

199 507 390 570 κότως
412 506 488 570 ὡς
510 507 802 578 ἀλλοτρίως
822 509 1066 580 ὑπάρχον
1087 510 1304 580 φύσεως
1321 554 1336 575 ,
1367 517 1462 570 sed
1491 519 1666 586 potius
1688 521 1785 592 οὐχ

198 595 363 669 ὅμως
390 597 582 651 ἕπεται
612 598 705 651 καὶ
732 597 1019 670 ἀλλοτρίας
1046 596 1187 655 εἶναι
1216 603 1431 672 φύσεως
1456 622 1470 637 ·
1509 625 1528 660 ι
1564 624 1669 665 non
1705 622 1788 664 ta-

202 704 338 741 men
368 690 617 756 sequitur
647 688 839 744 alienas
873 705 992 745 esse
1031 701 1261 749 natura).
1313 712 1335 747 ›
1373 695 1487 763 Qua
1527 701 1791 757 varietate

203 776 508 832 lectionum
538 780 912 836 animadversa
946 784 1141 839 merito
1169 790 1517 844 contendisse
1551 792 1782 846 arbitra-

202 872 394 926 bimur
420 874 684 930 Joannem
713 875 1107 933 Provincialem
1138 880 1189 934 in
1217 883 1450 939 concilio
1476 886 1789 942 Florentino

202 964 534 1030 particulam
571 967 729 1030 hanc,
772 966 921 1034 ἴσως,
960 986 979 1019 ι
1021 968 1276 1031 fortasse,
1327 990 1349 1023 ι
1397 989 1516 1042 qua:
1549 976 1603 1028 in
1639 976 1790 1030 lihtis

203 1052 528 1110 Graecorum
594 1058 834 1125 additur,
893 1062 1134 1132 itemque
1188 1062 1316 1117 illud
1370 1065 1457 1118 ἵνα
1513 1068 1609 1120 καὶ
1652 1066 1791 1131 ὅλως

204 1148 686 1219 συγχωρήσωμεν,
756 1165 1005 1216 magnam
1058 1152 1258 1207 Basilio
1317 1164 1497 1209 notam
1550 1157 1785 1213 inurere.

206 1238 340 1292 Vult
366 1240 514 1292 enim
544 1240 597 1293 in
631 1241 731 1294 hoc
762 1243 939 1309 capite
968 1241 1200 1298 Basilius
1228 1249 1671 1316 consequentiam
1706 1263 1790 1305 re-

204 1328 424 1395 fellere,
473 1346 582 1401 qua
621 1332 872 1387 utebatur
921 1332 1219 1391 Eunomius
1264 1339 1364 1392 hoc
1415 1341 1574 1394 modo
1626 1340 1789 1395 :Etsi

207 1424 410 1478 tertius
428 1434 511 1477 est
531 1425 811 1495 dignitate,
837 1442 941 1481 non
970 1429 1121 1498 sequi
1147 1439 1324 1484 tamen
1349 1439 1408 1483 ut
1430 1442 1621 1485 natura
1645 1446 1786 1500 quo-

204 1528 317 1582 que
346 1514 423 1568 sit
457 1516 651 1568 tertius
679 1515 913 1584 Spiritus
939 1530 1182 1573 sanctus.
1208 1518 1266 1573 Si
1297 1533 1427 1588 ergo
1457 1520 1529 1573 ita
1562 1521 1788 1583 diceret,

211 1619 239 1653 ι
273 1603 440 1656 tradit
472 1602 701 1658 fortasse
728 1606 945 1673 pietatis
975 1623 1176 1672 sermo,
1212 1628 1239 1661 ι
1267 1610 1463 1664 mirum
1494 1611 1788 1674 videretur,

205 1691 392 1762 ipsum
425 1695 492 1749 de
532 1710 597 1749 eo
632 1697 908 1760 dubitare,
938 1700 1080 1767 quod
1116 1714 1432 1756 asseverare
1464 1702 1692 1757 deberet
1722 1704 1789 1756 ad

1894 525 2195 601 Conﬁrmat
2223 530 2325 582 hoc
2357 529 2530 595 ipsum
2557 528 2790 581 Seretus
2814 526 3013 581 Catena
3035 525 3219 580 Gmca
3247 525 3299 577 itt
3323 524 3461 579 Cati.
3486 539 3494 548 '

1890 614 1991 668 tica
2010 616 2301 685 Scriptura;
2320 634 2335 669 :
2354 617 2495 670 Πᾶσι
2516 618 2630 679 τοῖς
2654 615 2830 669 ἔθνεσι
2845 613 3271 685 διαμερισθεῖσιν
3285 608 3460 682 ἰσαρί-

1887 703 2062 773 θμους
2093 706 2358 774 ἀγγέλους
2408 706 2732 776 ἐπέστησεν,
2773 705 2989 775 ἑκάστῳ
3043 704 3177 775 πρὸς
3209 702 3459 773 φυλακὴν

1887 794 2154 864 ἀφορίσας
2181 796 2277 849 ἕνα
2316 797 2458 850 τινά.
2490 798 2599 850 Καὶ
2627 797 2734 867 γὰρ
2763 792 2903 849 εἶναι
2932 794 3129 855 αὐτοὺς
3169 792 3459 863 πνεύματα

1885 887 2235 956 λειτουργικὰ
2285 890 2365 952 εἰς
2402 888 2678 942 διακονίαν
2718 886 3155 956 ἀποστελλόμενα
3194 884 3282 938 διὰ
3331 886 3457 947 τοὺς

1890 978 2179 1047 μέλλοντας
2224 980 2590 1051 κληρονομίαν
2635 979 2929 1049 σωτηρξας,
2977 977 3138 1031 πάλιν
3168 974 3320 1047 παρὰ
3347 975 3457 1028 τῶν

1886 1066 2254 1122 Θεοπνεύστων
2280 1070 2623 1142 Γραμμάτων
2651 1068 2919 1138 ἀκούομεν
2937 1084 2951 1099 ’
2982 1067 3104 1121 ἐπεὶ
3127 1067 3219 1119 καὶ
3243 1066 3458 1136 ἑκάστῳ

1884 1157 2129 1212 δεδόσθαι
2165 1157 2301 1230 πρὸς
2347 1159 2594 1231 φυλακὴν
2632 1159 2862 1227 ἄγγελον
2900 1160 2934 1225 ἡ
2978 1157 3088 1211 τῶν
3110 1154 3458 1225 Εὗαγγελίων

1892 1250 2181 1305 πιστοῦται
2206 1253 2391 1324 φωνή·
2433 1270 2453 1304 ι
2491 1251 2751 1307 Omnibus
2787 1250 3037 1320 gentibus
3067 1249 3253 1303 divisis
3293 1263 3457 1318 angv-

1889 1340 1969 1397 los
2014 1346 2315 1399 secundum
2365 1343 2614 1397 eumdem
2654 1356 2937 1395 numerum
2984 1337 3261 1410 prafecit,
3294 1338 3456 1392 attri-

1888 1434 2061 1488 luteus
2120 1433 2354 1500 aliquem
2410 1433 2705 1500 unicuique
2751 1431 2817 1484 ad
2868 1431 3190 1485 custodiant.
3243 1427 3454 1483 Etenim

1890 1538 2016 1577 esse
2047 1524 2194 1591 ipsos
2223 1523 2444 1591 spiritus
2473 1522 2748 1575 ministros
2778 1520 2831 1573 in
2869 1518 3227 1574 ministerium
3260 1516 3457 1571 missos

1888 1623 2111 1682 propter
2138 1626 2232 1666 eos
2256 1610 2349 1679 qui
2380 1611 2744 1664 [nereditatem
2769 1607 2961 1663 salutis
2986 1605 3261 1676 accepturi
3291 1614 3419 1659 sunt
3436 1643 3454 1669 ,

1888 1720 1918 1756 a
1950 1703 2246 1773 Scriptttris
2274 1704 2533 1757 divinitus
2562 1703 2843 1771 insitiratis
2872 1700 3122 1755 audimus
3151 1716 3165 1753 :
3197 1697 3455 1767 quoniam

206 1784 608 1839 confutandam
655 1787 981 1844 Eunotniutn
1016 1808 1032 1845 :
1072 1807 1200 1846 nam
1238 1807 1335 1862 per
1385 1795 1595 1847 notiora
1628 1794 1791 1848 debe-
1820 1787 1863 1841 Β
1890 1796 2052 1849 etiam
2083 1795 2305 1849 cuilibet
2335 1794 2586 1864 angelum
2629 1794 2708 1847 ad.
2736 1792 3038 1848 custodiam
3078 1791 3259 1861 datura
3290 1787 3458 1843 fuisse

206 1892 335 1933 ntus
389 1892 454 1933 ea
500 1895 622 1949 quze
677 1882 856 1936 minus
907 1892 1034 1937 sunt
1083 1893 1208 1938 nota
1265 1886 1570 1940 ostendere.
1626 1887 1788 1941 Addit

204 1971 379 2024 etiam
424 1971 672 2025 eumdem
718 1971 773 2025 in
807 1973 1026 2027 homilia
1062 1973 1140 2028 De
1172 1973 1380 2042 Spiritu
1420 1988 1602 2030 sancto
1637 1993 1787 2033 asse-

207 2075 336 2114 rere
386 2079 400 2116 :
448 2061 701 2132 Φανερῶς
742 2063 836 2114 καὶ
880 2063 1421 2135 ἀποκεκαλυμμὲνως
1468 2065 1528 2119 τὸ
1564 2066 1788 2138 Πνεῦμα

202 2147 479 2218 λαμϐάνει
513 2151 664 2222 παρά
714 2149 807 2203 τοῦ
850 2151 980 2205 Υἱοῦ
1032 2154 1199 2224 χωρίς
1231 2171 1374 2218 τινος
1423 2154 1784 2225 ἀμφιϐολίας·

210 2258 234 2292 ι
276 2241 563 2297 Manifestc
597 2243 982 2312 propalatnque
1017 2244 1279 2312 Spiritum
1307 2258 1553 2302 sanctum
1585 2263 1614 2300 a
1646 2246 1787 2303 Filio

203 2336 462 2405 accipere
494 2336 629 2391 citra
677 2336 839 2390 ullam
880 2338 1303 2393 haesitationem.
1338 2359 1359 2392 ›
1398 2339 1535 2394 Tum
1568 2355 1634 2396 ex
1665 2341 1787 2395 aliis

206 2427 455 2481 auctoris
480 2426 648 2482 nostri
675 2427 809 2483 locis
836 2442 900 2482 ex
930 2428 1033 2485 hoc
1058 2444 1221 2498 Opere
1246 2441 1435 2485 contra
1465 2431 1783 2486 Eunotuiutn

204 2515 514 2582 desttmptis
562 2517 664 2571 hoc
705 2513 830 2572 ﬁdei
876 2519 1066 2587 dogma
1120 2520 1346 2589 probat,
1395 2536 1514 2591 qua:
1558 2523 1786 2580 subinde

203 2622 337 2661 eum
370 2618 659 2664 occurrent
693 2609 1070 2667 indieahitnus.

282 2701 406 2757 Col.
442 2701 547 2756 658
589 2704 655 2756 Α.
694 2702 1081 2759 Castrametab.
1125 2704 1526 2775 Trapezuotius
1554 2707 1788 2777 scripse-

205 2803 321 2857 rat,
357 2791 799 2860 Castrametatur,
844 2806 899 2850 ut
933 2797 983 2849 in
1016 2799 1264 2865 praesenti
1296 2799 1491 2852 extulit
1524 2797 1787 2869 Hierony-

204 2901 335 2942 mus
364 2903 434 2942 ex
477 2886 718 2950 Hebraeo,
749 2886 1051 2943 Circttmdat
1086 2890 1300 2958 angelus
1336 2890 1545 2944 Domini
1575 2893 1628 2945 in
1658 2908 1786 2961 gyro

204 2981 454 3033 timentes
498 2994 637 3042 eum,
680 2979 832 3047 quasi
877 2991 1020 3034 esset
1060 2978 1250 3036 Graece
1287 2980 1695 3052 παρεμϐάλλειο
1733 2990 1789 3035 at

203 3070 384 3123 editio
412 3067 616 3123 Veneta
657 3070 897 3123 omnium
939 3070 1135 3138 prima,
1162 3081 1217 3123 et
1250 3070 1566 3126 Basiliettsis
1606 3082 1787 3141 poste-

204 3161 328 3213 rior
377 3158 560 3213 Basilii
602 3160 819 3222 habent,
850 3170 907 3214 ut
939 3159 1099 3223 LXX,
1138 3160 1280 3215 Psal.
1326 3178 1524 3224 χχχιιι.
1557 3161 1611 3224 8,
1640 3177 1787 3231 παρ-

205 3249 464 3320 εμϐαλεῖ
503 3250 749 3318 Κύριος,
783 3253 1258 3318 castrametabitur,
1311 3251 1451 3307 Bcza
1494 3268 1620 3308 vero
1666 3269 1788 3323 per-

207 3356 424 3412 peram,
450 3338 641 3394 Castra
666 3351 887 3395 metatus
911 3349 1009 3396 est.

284 3431 420 3486 lhid.
449 3433 489 3484 A
523 3432 607 3487 lO.
633 3431 969 3502 Angelornm.
996 3432 1146 3501 Apud
1189 3432 1330 3487 LXX
1358 3433 1603 3503 legimus.
1637 3433 1789 3488 κατὰ

208 3521 464 3593 ἀριθμὸν
490 3521 759 3592 ἀγγέλων
790 3523 960 3589 Θεοῦ,
990 3524 1149 3591 juxta
1181 3541 1454 3577 numerum
1485 3525 1788 3594 angelorum

210 3614 336 3678 Dei,
364 3623 416 3669 et
452 3614 523 3667 ita
566 3614 916 3679 Noratianus,
950 3614 1044 3669 lib.
1074 3614 1147 3669 De
1167 3614 1446 3681 Trittitate,
1469 3627 1518 3670 et
1541 3616 1784 3679 Ruﬁnus,

211 3705 357 3759 libro
399 3704 473 3758 De
520 3703 790 3774 Symbolo,
824 3716 878 3759 et
926 3705 1308 3776 Hieronymus,
1352 3707 1447 3762 lib.
1491 3723 1529 3762 ιι
1579 3709 1633 3760 in
1679 3707 1787 3762 Mi-

210 3792 454 3856 clneam;
498 3793 759 3863 Origenes
794 3810 1031 3863 quoque,
1065 3796 1286 3850 hontilia
1316 3797 1384 3851 28
1418 3799 1472 3852 in
1501 3795 1783 3862 Numeros,

219 3902 243 3935 ς
274 3882 540 3937 Filiorum
584 3884 698 3950 Dei,
744 3885 848 3951 vel,
885 3896 942 3939 ιιι
970 3887 1021 3940 itt
1058 3887 1181 3943 aliis
1223 3888 1626 3958 exemplaribus
1658 3890 1787 3958 legi-

222 3991 366 4038 mus,
409 3975 644 4045 ﬁliorum
692 3974 864 4031 Israel
894 3992 913 4031 :
965 3997 984 4029 ι
1020 3994 1179 4047 quam
1227 3981 1297 4034 ob
1345 3995 1564 4035 causam
1609 3980 1787 4046 suspio

214 4078 414 4122 cantur
446 4066 666 4135 quidam
722 4068 773 4121 itt
823 4070 1147 4137 quihusdam
1195 4071 1596 4138 exemplaribus
1645 4070 1785 4125 LXX

218 4157 580 4224 interpretum
612 4156 684 4209 ita
717 4158 977 4225 SCriptum
1012 4157 1199 4224 fuisse,
1233 4170 1291 4213 ut
1319 4176 1380 4214 ex
1411 4158 1637 4215 Hebraeo
1671 4161 1789 4215 Vul-

213 4257 342 4320 gata
393 4246 605 4313 Latina,
658 4247 892 4316 filiorum
951 4247 1145 4315 Israel,
1200 4252 1301 4305 ttisi
1362 4252 1502 4307 forte
1557 4252 1785 4306 aliorum

214 4340 607 4407 exemplarium
644 4341 861 4394 nomine
894 4356 956 4397 ea
1003 4341 1174 4396 Biltlia
1207 4343 1470 4399 intellexit
1501 4344 1784 4416 Origenes,

1888 1884 2304 1954 Evangeliornm
2333 1900 2441 1938 vox
2480 1888 2730 1938 testatur.
2770 1901 2789 1934 ι

1960 1974 2092 2028 Ibid.
2130 1974 2217 2028 l2.
2251 1973 2462 2027 Restitit
2505 1974 2655 2027 mihi.
2686 1976 2768 2029 Ad
2809 1973 3031 2027 verbum
3065 1970 3279 2033 fuisset,
3314 1971 3459 2024 stetit

1887 2081 1952 2120 ea:
1980 2067 2195 2118 adverso
2225 2066 2377 2130 mihi,
2406 2076 2461 2119 et
2483 2065 2642 2134 paulo
2668 2076 2809 2131 post,
2834 2064 2927 2118 καὶ
2963 2062 3126 2117 αὐτὸν
3147 2061 3454 2123 κατέλιπον.

1887 2166 1937 2210 et
1969 2158 2137 2225 ipsum
2173 2156 2361 2226 reliqui
2396 2172 2513 2209 cum
2543 2157 2774 2224 principe
2800 2157 2933 2224 regis
2959 2155 2978 2223 (
3004 2154 3085 2208 vel
3116 2154 3282 2224 regni,
3308 2161 3364 2207 ut
3401 2153 3455 2206 itt

1887 2246 2007 2300 aliis
2060 2245 2213 2299 libris
2261 2246 2478 2315 legitur,
2514 2245 2833 2316 βασιλείας)
2887 2243 3194 2298 Persarum.
3255 2241 3460 2311 Trape-

1887 2337 2105 2391 zuntius
2133 2334 2377 2404 Vulgata:
2407 2336 2613 2390 Latinae
2650 2337 2814 2390 verba
2845 2335 3144 2403 ursurpavit,
3173 2333 3317 2402 quod
3357 2346 3456 2388 ue-

1886 2443 2039 2485 cesse
2087 2444 2195 2482 non
2245 2428 2369 2494 fuit,
2423 2444 2545 2483 cum
2602 2429 2986 2498 prophetarum
3045 2435 3221 2480 textus
3259 2438 3456 2479 secun-

1887 2520 2013 2574 dum
2041 2518 2181 2574 LXX
2224 2520 2618 2575 convertendus
2650 2529 2798 2575 esset
2825 2532 2856 2572 c
2892 2516 3103 2580 Graeco,
3140 2531 3234 2570 seu
3281 2514 3459 2585 potius

1885 2627 1951 2667 ex
1976 2612 2034 2667 S.
2064 2611 2374 2682 llieronytni
2398 2610 2793 2665 commentario
2820 2606 2965 2660 Italte
2994 2605 3257 2660 versionis
3279 2611 3461 2659 textus

1887 2703 2274 2766 consulendus,
2315 2701 2460 2772 quod
2514 2701 2641 2755 fecit
2686 2700 2984 2754 Flaminius
3028 2696 3303 2763 Nobilius,
3333 2711 3457 2751 cum

1887 2795 2187 2850 Romanam
2222 2795 2516 2850 editionem
2549 2794 2859 2846 adornaret.
2888 2792 2943 2845 In
2978 2790 3145 2860 Regio
3175 2798 3353 2843 tamen
3386 2785 3453 2840 Η.

1889 2896 2095 2940 tantum
2131 2896 2246 2939 erat
2284 2884 2423 2956 μετά
2450 2881 2544 2936 τοῦ
2577 2882 2836 2954 ἄρχοντος
2866 2880 3111 2953 Περσῶν,
3147 2888 3203 2934 et
3231 2879 3284 2932 in
3322 2874 3455 2931 Vul-

1889 2990 2015 3049 gata
2040 2978 2199 3047 juxla
2225 2993 2393 3045 regem
2425 2977 2733 3030 Persarum.

1960 3067 2076 3125 (Sol.
2112 3066 2215 3121 659
2249 3064 2311 3121 Β.
2343 3064 2431 3119 Ea:
2469 3065 2770 3118 attentione.
2816 3058 3223 3115 Immutavimus
3252 3056 3343 3112 illa
3374 3056 3461 3109 ln-

1891 3160 2160 3230 terpretis,
2189 3176 2208 3209 σ
2246 3172 2365 3226 qua:
2403 3156 2468 3211 ad
2508 3152 3013 3222 obtemperandum,
3051 3158 3107 3203 et
3148 3148 3454 3216 diligenter,

1888 3267 2009 3317 quae
2034 3249 2321 3305 commissa
2351 3256 2499 3311 sunt,
2527 3244 2851 3308 curandum,
2885 3240 3234 3296 sanctiﬁcata:
3249 3252 3396 3294 sunt.
3430 3255 3453 3291 ι

1887 3342 2136 3415 Προσοχή
2180 3341 2324 3395 enim
2371 3338 2515 3393 aliud
2564 3345 2741 3398 sonat,
2796 3334 2940 3389 aliud
2982 3331 3198 3401 ὑπακοή
3231 3346 3247 3362 ⁶
3314 3329 3458 3385 Ben

1887 3449 2038 3498 vero,
2071 3433 2162 3501 qui
2202 3429 2547 3501 Trapezuntii
2593 3426 2900 3482 versionem
2930 3425 3221 3478 emendare
3252 3419 3462 3476 inutilis

1888 3542 2008 3583 esse
2034 3525 2233 3581 laboris
2261 3526 2419 3588 dixit,
2449 3521 2665 3592 longius
2683 3536 2711 3573 a
2738 3527 2917 3573 mente
2943 3516 3183 3571 auctoris
3206 3513 3460 3569 discessit

1888 3619 2147 3679 scribens,
2198 3635 2217 3669 ι
2252 3614 2488 3685 Spiritus
2518 3627 2584 3666 ex
2632 3626 2703 3666 eo
2740 3609 2881 3677 quod
2913 3607 3023 3662 Deo
3061 3614 3261 3668 astant,
3290 3612 3348 3657 et
3388 3617 3459 3657 ex

1889 3707 2180 3763 functionis
2211 3720 2323 3760 sua:
2356 3704 2568 3758 ratione
2606 3701 2858 3771 prmditos
2902 3697 3096 3751 merito
3119 3709 3225 3749 non
3255 3693 3460 3748 dixeris

1888 3808 2077 3852 natura
2107 3805 2327 3851 sanctos
2368 3807 2511 3849 esse.
2568 3809 2587 3843 ι
2630 3789 2885 3844 Homines
2913 3787 3110 3856 quippe
3137 3799 3287 3839 novae
3328 3783 3459 3838 reli-

1887 3889 2062 3960 gionis
2085 3901 2385 3958 prtecones,
2410 3886 2501 3954 qui
2537 3893 2737 3953 negant
2761 3881 3154 3935 incrementum
3187 3876 3374 3947 gratia:
3401 3884 3458 3928 ct

1887 3978 2370 4035 sanctilicationem
2403 3974 2600 4030 mereri
2641 3988 2739 4027 nos
2774 3985 2954 4040 posse,
2990 3970 3313 4024 sententiain
3354 3964 3455 4019 Pa-

1889 4077 2029 4122 trum
2058 4083 2162 4122 non
2188 4067 2429 4136 capiunt,
2461 4080 2584 4118 cum
2618 4060 2945 4119 sattctilicari
2967 4070 3250 4115 creaturas
3275 4057 3458 4113 studio

1886 4171 1941 4215 et
1964 4159 2266 4214 attentione
2297 4157 2564 4225 acquisita
2601 4154 2889 4210 sanctitate
2921 4153 3243 4214 concedunt,
3272 4146 3455 4216 cujus—

1890 4251 2032 4305 modi
2066 4259 2148 4304 est
2183 4248 2273 4302 ille
2321 4247 2495 4302 nostri
2545 4247 2702 4315 huius
2731 4243 2974 4300 auctoris
3006 4250 3196 4311 qtttest.
3232 4239 3302 4294 55
3354 4238 3463 4292 Re-

1886 4342 2059 4410 gular.
2090 4342 2311 4394 brevior.
2338 4354 2357 4392 :
2390 4337 2686 4409 Ἀγιασμός
2717 4336 2775 4390 δέ
2797 4338 2913 4390 ἐστι
2941 4333 3003 4386 τὸ
3033 4329 3349 4386 ἀνακεῖσθαι
3378 4327 3461 4383 τῶ

214 4448 334 4504 qua!
361 4446 705 4487 communem
737 4431 980 4488 Graecam
1007 4436 1301 4490 editionem
1330 4450 1384 4491 et
1409 4438 1620 4494 tnistam
1656 4454 1785 4492 cott-

1893 4432 2030 4502 ἁγίῳ
2075 4430 2195 4501 Θεῷ
2235 4430 2296 4497 ἐξ
2331 4427 2626 4500 ὁλοκλήρου
2672 4427 2767 4482 καὶ⁵
2817 4423 3150 4484 ἀδιαστάτως
3191 4422 3250 4474 ἐν
3294 4418 3461 4474 παντὶ

214 4525 460 4579 tinebant
479 4538 543 4576 ex
572 4523 694 4578 aliis
723 4523 1133 4592 interpretibus.
1158 4542 1279 4581 cum
1301 4540 1511 4583 COllSlel
1536 4530 1784 4598 Aquilam

212 4625 269 4668 et
338 4612 725 4683 Symmachum
787 4612 975 4669 Graece
1037 4618 1272 4673 edidisse
1340 4619 1573 4690 ἀριθμὸν
1634 4620 1787 4690 ὑμῶν

225 4701 467 4775 Ἰσραήλ.
503 4701 641 4755 Bt-za
676 4717 891 4770 quoque
942 4705 1027 4758 hic
1061 4705 1194 4759 satis
1236 4713 1477 4761 attentus
1521 4722 1625 4761 non
1663 4707 1785 4773 fuit,

212 4811 317 4850 nec
349 4796 482 4848 vidit
526 4794 669 4848 κατὰ
717 4794 972 4866 ἀριθμόν,
1007 4796 1269 4863 scriptum
1307 4797 1509 4862 fuisse,
1540 4815 1645 4853 non
1694 4800 1789 4853 καὶ

213 4885 476 4956 ἀριθμόν,
506 4885 667 4938 vertit
697 4886 865 4950 enim,
894 4896 940 4937 et
965 4902 1238 4940 numerum
1265 4888 1585 4957 angelorum.
1611 4888 1791 4941 Potuit

219 4988 427 5038 tamen,
464 4975 509 5029 si
557 4976 816 5028 attentior
850 4975 1066 5037 fuisset,
1094 4975 1220 5030 illttd
1257 4977 1419 5030 etiam
1451 4979 1793 5031 animadver-

214 5078 352 5129 terr,
387 5068 472 5119 hic
509 5066 822 5119 conﬁrmari
855 5066 1071 5133 dogma,
1110 5068 1254 5134 quod
1292 5075 1518 5135 cogente
1562 5068 1798 5122 veritate

215 5158 504 5212 confessus
543 5168 626 5212 est
657 5159 905 5211 scribens
948 5157 1000 5209 in
1034 5172 1156 5225 cap.
1189 5174 1320 5212 xvm
1357 5158 1548 5214 Matth.
1576 5159 1665 5225 ω,
1695 5175 1791 5213 an-

216 5248 366 5319 gelos
412 5247 721 5301 hominibus
767 5246 1115 5315 peculiariter
1164 5249 1413 5303 adhiberi
1461 5251 1712 5304 custodes
1758 5265 1789 5303 a

217 5337 333 5394 Deo
367 5337 625 5389 adversus
656 5335 917 5389 Satanam
953 5347 1005 5389 et
1047 5338 1287 5407 impuros
1327 5339 1572 5407 spiritus,
1614 5350 1672 5392 ut
1720 5355 1788 5393 ex

212 5428 466 5499 pluribus
506 5425 714 5481 Veteris
747 5428 1046 5495 praesertim
1100 5428 1434 5483 Testamenti
1470 5430 1791 5483 testimoniis

215 5520 387 5589 liquet
418 5535 433 5573 :
467 5520 682 5572 tametsi
708 5516 964 5572 Calvinus
991 5519 1093 5574 hoc
1117 5530 1176 5573 ut
1205 5520 1490 5590 profanum
1516 5532 1575 5576 et-
1598 5521 1790 5575 falsum

211 5619 587 5671 commentum
638 5609 849 5674 irridet,
883 5611 1130 5667 scribens
1168 5611 1220 5666 in
1254 5627 1320 5666 xv
1353 5612 1610 5667 Actorum
1649 5621 1703 5668 et
1738 5614 1791 5668 iu

214 5704 486 5779 psalmum
521 5718 613 5771 xc,
639 5713 691 5760 et
737 5703 789 5758 in
831 5702 1051 5761 dubium
1092 5715 1306 5762 revocat
1354 5705 1444 5762 lib.
1478 5721 1493 5761 l
1529 5705 1796 5773 Iastium,

1888 4523 2063 4595 καιρῴ
2086 4521 2174 4577 διὰ
2196 4520 2472 4595 φροντίδος
2501 4522 2595 4574 καὶ
2623 4518 2858 4590 σπουδῆς
2885 4515 2993 4569 τῶν
3024 4512 3175 4583 αὐτῷ
3192 4509 3457 4581 ἀρεσκόν-

1885 4632 2013 4669 των.
2045 4613 2338 4683 Propterea
2375 4613 2563 4681 pagina
2599 4625 2812 4678 quoque
2857 4607 3104 4674 sequenti
3160 4601 3458 4672 ἀγιασμὸν,

1887 4701 2047 4759 ἆθλον
2077 4702 2360 4776 προκοπῆς
2398 4702 2493 4755 καὶ
2529 4699 2938 4770 εὐαρεστήσεως
2971 4709 3091 4749 esse
3130 4694 3281 4758 dtcit,
3313 4691 3462 4760 quod

1889 4798 2158 4863 interpres
2186 4803 2446 4856 verterat,
2489 4810 2508 4843 ι
2564 4792 2637 4844 ita
2667 4799 2977 4857 comparata
3012 4795 3117 4849 est,
3156 4795 3215 4837 ut.
3242 4782 3457 4837 virtutis

1888 4895 1943 4941 et
1988 4886 2182 4939 divina:
2220 4883 2526 4938 dilectionis
2571 4881 2847 4951 praemium
2892 4874 3321 4933 sanctiﬁcatione
3360 4874 3459 4928 ha-

1889 4979 2035 5033 beat.
2065 4997 2083 5028 ι

1960 5068 2094 5123 lttid.
2121 5068 2181 5123 C.
2210 5066 2413 5136 Quibus
2435 5075 2631 5119 autem.
2656 5063 3017 5134 interpretare
3039 5063 3258 5128 clarius,
3287 5078 3307 5112 ι
3337 5056 3460 5126 Qui-

1890 5159 1991 5215 bus
2015 5172 2195 5213 autem
2224 5157 2516 5213 adventitia
2543 5166 2596 5210 et
2623 5155 2838 5211 aliunde
2870 5154 3174 5209 contributa
3205 5154 3344 5206 inest
3367 5153 3469 5204 bo-

1892 5253 2054 5316 nitas,
2084 5266 2144 5304 ea
2174 5250 2454 5305 mutabilis
2486 5259 2613 5313 sunt
2656 5258 2884 5302 natum.
2919 5245 3102 5314 Neque
3127 5245 3271 5301 enim
3300 5242 3461 5299 Luci-

1885 5341 1968 5397 fer
1988 5343 2294 5407 cecidisset,
2317 5341 2411 5410 qui
2442 5355 2601 5397 mane
2623 5339 2923 5407 oriebatur,
2953 5352 3127 5407 neque
3152 5336 3205 5391 itt
3234 5344 3400 5398 terra,
3431 5350 3457 5388 ι

1884 5442 1989 5488 etc.
2022 5433 2125 5487 lsa.
2155 5447 2263 5498 xtv,
2288 5431 2378 5486 12.

1959 5523 2095 5578 litid.
2155 5525 2195 5578 D
2245 5525 2301 5578 5.
2365 5520 2482 5589 Quo
2533 5532 2687 5589 pacto
2727 5520 2915 5575 tertt’te.
2976 5518 3068 5575 Sic
3113 5516 3465 5574 emendatum

1892 5629 1921 5669 a
1954 5616 2113 5670 nobis
2146 5624 2230 5669 est
2281 5630 2348 5669 ex
2401 5613 2568 5685 Regio
2595 5611 2657 5666 Il.
2697 5613 2750 5666 in
2780 5610 2972 5668 Graeco
2997 5620 3147 5666 textu
3176 5649 3192 5675 ,
3222 5624 3348 5664 cum
3403 5609 3468 5665 in

1893 5707 2178 5765 Basiliensi
2233 5707 2502 5779 legeretur
2550 5705 2666 5770 πῶς
2694 5705 2911 5778 epit-0v;
2944 5713 3001 5762 et
3048 5703 3104 5765 in
3138 5702 3470 5776 Stephano

3520 6074 3787 6182 Δ.
