3824 6214
386 309 521 366 1051

1570 307 1785 364 sum;
1827 269 2223 362 rnomouts
2261 304 2500 361 οιιοτει

3522 303 3675 358 1052

385 437 644 494 quoque,
677 439 740 477 ae
770 421 911 476 Bosa
939 419 1094 490 pejus
1127 423 1526 490 interpretatus
1550 433 1728 489 esset,
1771 443 1790 474 α
1828 438 1965 492 quo-
1993 426 2041 483 Α
2069 422 2318 494 Πνεῦμα.
2361 423 2421 478 Si
2469 423 2596 493 quid
2639 425 2822 476 arcani
2865 439 2982 478 cum
3033 423 3138 477 Deo
3182 438 3454 476 commune
3505 425 3673 474 habet

391 517 554 571 modo
582 516 798 569 tertium
830 515 949 568 est?
984 535 1002 566 ι
1040 514 1386 569 Existimavit
1419 517 1804 584 corrigendum
1847 513 1965 578 πῶς

384 606 606 680 τρίτον;
635 607 778 674 quod
813 617 867 660 et
901 605 1109 660 Veneta
1150 609 1317 662 editio
1354 623 1463 676 ιιι-ιε
1492 623 1551 662 se
1587 608 1694 660 fert
1719 647 1734 672 ,
1761 607 1855 661 sed
1893 607 1968 661 ita

384 697 708 752 vertendum
745 709 888 760 erat,
933 715 952 749 ι
993 698 1266 766 quomodo
1305 699 1501 753 tertius
1551 699 1682 752 est?
1736 718 1756 751 ι
1805 699 1970 752 nitui-

386 804 508 842 rum
547 786 789 856 Spiritus
820 801 1070 846 sanctus.
1123 789 1298 858 Major
1343 792 1636 846 oscitantia
1691 790 1797 845 fuit
1827 793 1968 860 ejus,

387 895 489 933 nec
516 890 694 933 tamen
726 881 796 934 ab
837 881 1095 936 llerodOti
1133 893 1368 951 patrono
1403 884 1811 947 animadversa,
1843 898 1969 937 cum

386 983 705 1040 sequentem
754 971 1007 1028 Jcremite
1043 974 1222 1028 locum
1284 974 1772 1045 interpretaretur,
1811 975 1969 1030 Chri-

383 1073 499 1117 stus
531 1063 787 1117 Dominus
819 1105 834 1129 ,
871 1066 965 1118 sub
1015 1065 1170 1135 cujus
1199 1066 1507 1122 umbrarum
1553 1067 1642 1121 ala
1693 1068 1912 1122 uiuimus
1949 1081 1970 1120 :

387 1172 512 1211 nam
549 1168 603 1211 et
637 1160 824 1212 omisit
871 1159 1002 1213 illud
1049 1157 1123 1217 οὗ
1171 1163 1448 1232 εἵπαμεν,
1501 1170 1555 1215 et
1591 1162 1835 1216 ordinem
1890 1162 1972 1214 in-

385 1250 554 1304 vertit
583 1253 870 1304 verborum
902 1293 918 1308 .
957 1254 1030 1306 ita
1063 1255 1254 1308 dicens
1287 1269 1389 1324 pro
1415 1272 1434 1304 ‹
1478 1253 1580 1308 sub
1626 1253 1816 1307 umbra
1848 1253 1964 1306 ala-

395 1355 536 1393 rum.
567 1359 586 1391 ι
609 1339 843 1407 Quidam
873 1345 1014 1410 apud
1052 1343 1370 1410 Jeremiam,
1408 1345 1615 1398 Thren.
1651 1358 1725 1406 IV,
1757 1337 1969 1397 2οτοὗ

383 1430 658 1501 εἴπαμεν,
703 1435 806 1486 Ἐν
833 1433 908 1502 τῇ
947 1435 1092 1502 σκιᾷ
1123 1435 1243 1488 τῶν
1258 1436 1563 1504 πτερύγων
1588 1433 1773 1488 αὐτοῦ
1801 1431 1972 1500 ζησό-

380 1526 555 1592 μεθα,
587 1526 667 1579 sic
694 1525 884 1580 Latine
906 1538 1271 1582 convertunt:
1306 1529 1406 1583 Cui
1436 1529 1690 1586 diximus.
1720 1526 1827 1582 Sub
1855 1543 1968 1578 um-

387 1618 482 1668 bra
533 1616 742 1670 alarum
774 1623 888 1688 ejus
920 1620 1170 1674 vivemus.
1222 1620 1328 1674 Sed
1379 1620 1727 1674 scribendmn
1786 1619 1968 1687 potius

386 1705 583 1758 fuisset
611 1717 670 1758 ut
695 1718 778 1762 est
813 1709 864 1762 in
917 1708 1146 1777 Vulgata
1176 1749 1192 1774 ,
1239 1709 1340 1762 Cui
1370 1711 1604 1764 diximus
1628 1751 1643 1774 ,
1678 1707 1746 1762 In
1782 1710 1966 1761 umbra

2077 514 2334 586 Spiritus,
2357 534 2473 570 cum
2501 533 2664 582 neque
2686 515 2894 569 alienus
2931 516 2995 568 ab
3020 531 3079 569 eo
3108 516 3198 580 sit,
3224 531 3390 584 neque
3429 513 3673 578 peregri-

2074 625 2213 673 nus,
2271 609 2539 678 profunda
2583 608 2915 677 jndiciorum
2982 607 3098 676 ejus
3179 601 3661 672 scrutari'potest

2073 701 2273 766 (ICOr.
2304 717 2363 763 ιι,
2395 701 2507 772 10).

2103 819 2110 825 -
2141 793 2262 850 Coi.
2293 792 2398 848 666
2424 796 2466 848 A
2502 793 2590 848 H.
2646 792 2832 864 Utpote
2877 795 3124 862 primum.
3161 791 3434 861 lnterpres
3471 793 3670 847 edide-

2074 894 2180 948 rat,
2211 896 2266 937 ut
2297 886 2498 950 primus
2530 897 2578 938 et
2612 886 2788 955 major
2825 886 3067 938 omnibus
3112 894 3162 938 et
3193 885 3336 937 solus
3373 885 3501 937 tatis
3540 887 3666 936 uni-

2071 978 2234 1047 geniti
2280 978 2508 1047 factum
2539 993 2558 1030 :
2593 977 2887 1034 Cornarius
2921 978 3092 1031 nihilo
3123 975 3320 1030 melius
3346 1017 3361 1040 ,
3396 987 3444 1030 et
3484 975 3669 1043 major

2075 1069 2316 1124 omnibus
2341 1080 2389 1124 et
2410 1070 2560 1123 solus
2599 1069 2723 1124 talis
2764 1071 3027 1140 unigeniti
3053 1079 3319 1124 creatura.
3349 1070 3515 1136 Atqui
3550 1067 3666 1122 Eu-

2074 1163 2290 1216 nomius
2331 1162 2554 1216 nolebat
2583 1162 2849 1232 majorem
2905 1160 3068 1216 Patre
3098 1171 3154 1215 et
3177 1160 3317 1215 Filio
3347 1157 3664 1214 existimari

2074 1253 2341 1322 Spiritum
2382 1271 2397 1307 :
2434 1269 2541 1308 non
2572 1253 2737 1324 igitur
2771 1253 3032 1321 majorem
3068 1252 3325 1308 omnibus
3349 1289 3364 1313 ,
3415 1253 3514 1306 sed
3543 1265 3667 1304 orn-

2074 1349 2222 1401 nium
2251 1347 2557 1402 maximum
2588 1361 2745 1416 Opus,
2785 1345 2868 1399 vel
2895 1346 3136 1400 omnium
3179 1345 3474 1398 maximam
3499 1358 3667 1397 crea-

2075 1448 2272 1492 turam.
2331 1437 2386 1490 ln
2443 1437 2626 1492 verbis
2686 1437 3065 1505 Basilii,qu:c
3113 1443 3443 1503 sequuntur,
3466 1435 3666 1489 deerat

2072 1529 2296 1584 verbum
2331 1531 2528 1594 οἰκεῖν,
2565 1530 2705 1598 quod
2733 1543 2801 1582 ex
2827 1529 3014 1583 codice
3057 1526 3228 1597 Regio
3264 1527 3661 1596 supplevimus,

2077 1643 2096 1674 ‹
2138 1637 2238 1676 nec
2257 1623 2518 1676 deitatem
2553 1622 2606 1677 in
2639 1622 2796 1676 nobis
2825 1621 3076 1676 habitare
3100 1621 3314 1675 videtur
3343 1621 3612 1675 credere:
3639 1639 3663 1670 ι

2074 1727 2238 1782 quam
2275 1713 2346 1765 ob
2378 1725 2600 1766 causam
2632 1723 2820 1782 postea
2849 1711 2985 1766 citat
3018 1727 3082 1766 ex
3119 1710 3400 1782 Apostolo,
3421 1711 3670 1781 Spiritus

385 1803 480 1849 tua
509 1798 760 1854 vivemus.
798 1799 852 1853 ln
901 1800 1146 1854 editione
1187 1800 1431 1855 Rornana
1476 1801 1708 1861 rectius,
1748 1799 1821 1853 De
1862 1815 1963 1866 quo
2001 1789 2041 1844 Β
2073 1803 2168 1855 Dei
2199 1804 2403 1856 habitat
2427 1805 2481 1856 in
2506 1805 2647 1856 vobis
2675 1803 2717 1863 tl
2749 1801 2875 1857 Cor.
2905 1818 2986 1868 ιιι,
3020 1802 3128 1874 16).

385 1889 642 1954 diximus,
673 1889 739 1944 1η
787 1890 972 1944 umbra
1020 1892 1135 1961 eju-s
1164 1893 1410 1946 vivemus.
1459 1892 1564 1945 Sed
1616 1891 1968 1945 llebraismus

384 1990 470 2035 est
499 1982 552 2036 iu
585 1982 767 2037 verbis
806 1982 941 2038 LXX
973 2023 988 2050 ,
1026 1984 1078 2038 in
1133 2000 1240 2052 quo
1279 1999 1574 2052 pronomen
1623 1987 1737 2054 ejus
1769 1983 1970 2053 παρέλσ

385 2091 498 2140 κει,
527 2075 670 2130 sicut
701 2075 893 2144 psalm.
920 2092 1085 2130 cmu
1113 2116 1128 2142 ,
1161 2077 1230 2131 15
1264 2095 1278 2130 :
1313 2076 1508 2130 Beatus
1545 2076 1789 2144 populus,
1820 2075 1968 2142 cujus

383 2167 645 2223 Dominus
676 2167 815 2223 Deus
847 2169 984 2237 ejus.
1011 2168 1200 2238 Itaque
1243 2168 1434 2223 Latina
1465 2168 1762 2231 locutione,
1789 2176 1970 2219 amoto

387 2260 754 2325 llebraismo,
806 2261 1095 2315 dicendum
1143 2271 1330 2323 esset,
1370 2258 1536 2328 Cujus
1595 2259 1826 2311 diximus
1875 2274 1970 2310 nos

382 2349 480 2403 sub
532 2349 719 2404 umbra
772 2351 982 2403 alarum
1036 2367 1148 2404 esse
1205 2351 1459 2404 victuros.
1508 2348 1597 2403 Sic
1623 2347 1967 2410 Ambrosius,

385 2443 442 2496 in
489 2447 756 2511 psalmum
819 2458 986 2497 cxvm
1023 2481 1038 2508 ,
1094 2441 1201 2497 Sub
1264 2443 1420 2510 cujus
1469 2440 1967 2503 umbra,diximus,

383 2533 636 2587 vivemus.
697 2533 804 2588 Sed
867 2549 970 2588 vox
1036 2535 1347 2604 πτερύγιον
1395 2533 1551 2588 abest
1599 2531 1672 2585 ab
1722 2529 1972 2586 Ieremia:

388 2632 564 2690 textu,
599 2626 768 2679 ascita
815 2625 882 2680 ab
910 2636 1159 2692 auctore,
1189 2641 1314 2680 cum
1365 2625 1484 2694 ejus
1541 2624 1772 2678 fortasse
1801 2623 1968 2676 menti

384 2715 772 2770 observaretur
817 2717 946 2770 illttd
984 2717 1174 2786 psaimi
1215 2733 1326 2782 ινι,
1365 2717 1402 2770 2
1439 2735 1452 2770 :
1490 2717 1599 2770 Καὶ
1631 2716 1700 2769 ὲν
1725 2713 1799 2784 τῇ
1825 2713 1971 2782 σκιᾷ

385 2804 506 2860 τῶν
530 2809 840 2877 πτερύγων
855 2825 972 2863 σου
993 2809 1202 2875 ἐλπιῶ,
1233 2808 1298 2862 Et
1329 2813 1382 2862 in
1407 2809 1591 2862 umbra
1621 2809 1830 2862 alarum
1855 2819 1972 2860 tua—

385 2914 506 2952 rum
534 2903 790 2968 sperabo;
831 2901 933 2955 hoc
954 2910 1061 2963 est,
1091 2903 1143 2955 in
1173 2901 1429 2970 tegmine,
1462 2900 1567 2954 sub
1606 2900 1968 2969 protectione,

387 2999 447 3043 ut
477 2991 528 3043 in
575 2990 711 3059 psal.
749 3007 862 3057 ιινι,
900 2992 954 3056 8,
993 2993 1102 3046 Ἐν
1117 2992 1316 3062 σκέπῃ
1349 2991 1470 3045 τῶν
1507 2993 1818 3060 πτερύγων
1838 3006 1972 3045 σκε-

387 3079 606 3148 πάσεις
633 3100 729 3152 με,
760 3083 824 3137 In
857 3085 1081 3154 tegmine
1115 3084 1322 3138 alarum
1357 3095 1567 3136 tuarum
1595 3095 1831 3152 proteges
1865 3101 1964 3136 me.

390 3173 642 3244 Vulgata,
675 3174 784 3230 Sub
811 3177 994 3228 umbra
1033 3175 1240 3229 alarum
1272 3187 1508 3228 tuarum.
1533 3175 1602 3229 Et
1644 3175 1792 3228 Isaia:
1820 3189 1966 3231 thx.

384 3264 446 3330 2,
474 3264 542 3320 1η
572 3269 757 3319 umbra
782 3285 970 3320 manus
998 3284 1110 3321 sure
1131 3267 1356 3334 protexit
1384 3283 1464 3318 me
1492 3283 1510 3320 :
1545 3266 1681 3320 Ὑπὸ
1704 3265 1818 3333 τὴν
1839 3265 1972 3319 σκέ-

389 3371 514 3426 πην
539 3355 651 3426 τῆς
675 3358 873 3428 χειρὸς
899 3357 1108 3416 αὐτοῦ.
1141 3357 1248 3412 Sub
1275 3359 1594 3426 protectione
1623 3373 1811 3411 manus
1839 3340 1968 3411 δυάς.

388 3450 659 3504 Caeterum
729 3451 870 3505 hunc
911 3451 1092 3505 locum
1139 3451 1346 3519 passim
1394 3449 1462 3503 de
1497 3449 1720 3504 Christo
1778 3448 1970 3502 Salva-

391 3549 510 3594 tore
544 3539 853 3610 intelligunt
880 3539 1091 3603 Patres,
1132 3550 1191 3593 ut
1221 3541 1479 3605 Irenarus,
1510 3539 1606 3595 lib.
1638 3555 1694 3592 ιιι
1721 3539 1972 3591 adversus

391 3629 658 3694 llwreses,
687 3648 808 3702 cap.
843 3634 931 3698 ll;
965 3632 1333 3686 Tertullianus
1360 3646 1419 3685 ιιι
1449 3631 1504 3683 in
1531 3630 1823 3694 Marciam,
1851 3645 1968 3698 cap.

391 3723 425 3774 6
452 3738 467 3786 ;
502 3721 768 3777 Eusebius
796 3722 1022 3786 Caasar.,
1047 3723 1122 3775 De
1147 3722 1445 3776 Demonstr.
1469 3717 1722 3788 Evangel.
1756 3734 1832 3782 tv,
1851 3733 1968 3787 cap.

388 3814 490 3879 εις
509 3813 804 3884 Gregorius
829 3814 1010 3885 Nyss.,
1030 3812 1478 3877 Contraludxos,
1509 3821 1565 3866 et
1591 3810 1867 3878 Ambros.,
1898 3825 1972 3864 vn

390 3907 448 3960 in
485 3905 706 3971 Lucam,
735 3923 857 3978 cap.
894 3908 981 3961 16.

462 3997 580 4052 Col.
613 3997 722 4052 665
771 3998 809 4051 Β
858 4000 944 4052 10.
993 3997 1122 4052 11αέ
1147 3998 1277 4052 dicit
1307 3996 1450 4065 Spir.
1481 3997 1842 4051 Annolaudus
1873 3995 1976 4050 fuit

397 4089 549 4145 locus
598 4094 786 4145 Actor.
818 4091 1044 4153 apostol.
1074 4106 1201 4157 cap.
1241 4105 1330 4144 XM
1360 4131 1376 4156 ,
1417 4091 1506 4152 11,
1538 4103 1604 4142 ne
1639 4091 1760 4158 quis
1790 4087 1929 4140 forte
1957 4128 1973 4151 ,

413 4185 504 4254 qui
541 4184 918 4240 inversionem
955 4183 1106 4236 Besae
1135 4183 1404 4243 inciderit,
1430 4197 1633 4235 crucum
1661 4181 1854 4232 ducem
1882 4194 1971 4232 se-

393 4287 550 4332 cutus
576 4286 755 4342 erret;
784 4273 942 4344 cujus
970 4275 1249 4328 subtilitas
1286 4274 1373 4328 hic
1422 4272 1623 4326 frustra
1661 4270 1784 4324 fuit.
1835 4269 1970 4324 Cum

393 4367 540 4420 enim
575 4379 634 4419 se
664 4364 860 4435 legisse
895 4378 1002 4418 non
1051 4363 1392 4417 meminisset
1435 4362 1489 4416 in
1539 4361 1694 4415 Actis
1725 4360 1970 4428 Agabum

2143 1893 2262 1948 Col.
2301 1893 2405 1949 667
2435 1893 2482 1948 Α
2517 1894 2606 1949 15.
2647 1893 2910 1948 Montium
2939 1902 2988 1947 et
3019 1893 3284 1961 inexpleti.
3334 1893 3521 1962 Atqui'
3561 1893 3671 1947 hoc

2069 1983 2371 2054 epithetum
2409 1994 2592 2050 terras,
2645 1999 2749 2038 non
2800 1985 2939 2038 mari
2974 1983 3424 2038 tribuitBasilius
3450 2023 3467 2048 ,
3511 1983 3672 2053 quod

2071 2078 2275 2146 alioqui
2327 2078 2600 2146 poeticum
2635 2076 2958 2132 Plutarchus
3003 2078 3167 2130 etiam
3227 2085 3456 2146 usurpat
3495 2093 3512 2130 :
3565 2077 3665 2131 sed

2073 2187 2178 2225 non
2233 2186 2448 2241 semper
2503 2169 2737 2225 ἄπλετον
2777 2178 2938 2224 sonat
2987 2168 3262 2239 ἄπληστον
3294 2167 3376 2223 vel
3419 2167 3670 2239 ἀχάριτα-

2075 2279 2223 2327 στον,
2267 2282 2286 2314 t
2322 2261 2647 2332 inexplebile
2673 2302 2687 2326 ,
2722 2281 2740 2314 ι
2775 2263 2904 2330 quin
2944 2261 3123 2330 potius
3155 2261 3244 2314 alii
3273 2303 3288 2326 ,
3316 2269 3581 2330 tanquam
3635 2275 3667 2311 a

2074 2353 2295 2419 πελάζω
2323 2355 2610 2410 deductum
2644 2395 2659 2416 ,
2696 2353 2993 2426 ἀπρόσιτον
3045 2353 3359 2422 accipiunt,
3387 2361 3449 2406 ut
3480 2349 3672 2420 Hesy-

2071 2449 2272 2512 chius,
2303 2457 2358 2503 et
2405 2449 2896 2520 ἀπροσπέλαστον,
2950 2465 2970 2498 ι
3035 2447 3424 2506 inaccessum;
3489 2461 3512 2492 ι
3567 2444 3668 2497 sed

2071 2542 2375 2612 simplicius
2401 2553 2483 2596 est
2509 2541 2756 2612 ἄπειρον,
2790 2559 2810 2592 ι
2847 2539 3220 2611 magnitudine
3243 2537 3576 2591 immensum
3602 2552 3616 2588 :
3643 2555 3664 2586 ι

2073 2632 2252 2687 scribe
2303 2633 2487 2698 igitur,
2517 2650 2535 2681 ι
2571 2632 2851 2685 immensa:
2883 2640 3042 2684 terra:
3086 2639 3140 2683 et
3168 2628 3363 2682 inliuiti
3400 2625 3600 2680 maris.
3641 2642 3664 2676 ι

2072 2723 2338 2778 Caeterum
2395 2723 2447 2776 in
2486 2722 2664 2777 verbis
2726 2720 2976 2776 Eunomii
3029 2718 3331 2790 propositis
3380 2715 3669 2784 interpres

2074 2816 2268 2886 legisse
2301 2817 2454 2884 plura
2480 2816 2712 2878 videtur,
2743 2830 2904 2885 quam
2941 2823 3068 2868 sunt
3113 2814 3167 2866 in
3205 2810 3424 2865 excusis
3449 2807 3672 2863 Veneto

2072 2917 2126 2962 et
2177 2908 2456 2962 Basiliensi
2511 2908 2664 2961 libris
2691 2949 2706 2973 ,
2737 2907 3016 2970 nimirum,
3056 2904 3184 2958 ἀλλ”
3211 2905 3313 2958 οὑκ
3356 2903 3669 2974 ἀγέννητᾶς

2073 3002 2241 3064 ἐστιν,
2295 3017 2314 3049 ι
2351 3001 2445 3054 sed
2486 3014 2591 3052 non
2633 3007 2717 3052 est
2752 2999 3025 3069 ingenitus
3048 3038 3064 3062 ,
3115 3017 3134 3050 ι
3164 2998 3304 3066 quod
3339 2995 3668 3050 observavit

2075 3100 2127 3144 et
2180 3091 2233 3144 in
2281 3091 2525 3160 margine
2557 3090 2841 3143 admonuit
2879 3089 3232 3143 doctissimus
3262 3085 3674 3148 Montacutius,

2075 3184 2168 3236 sed
2225 3191 2279 3235 et
2327 3197 2356 3234 a
2417 3181 2584 3252 Regio
2618 3195 2836 3250 quoque
2891 3196 2996 3236 ms.
3043 3180 3251 3234 aberat.
3305 3177 3478 3232 Paulo
3538 3187 3669 3245 post

2073 3272 2476 3327 etnendavitnus
2504 3287 2566 3326 ex
2605 3272 2668 3326 ΙΙ.
2695 3281 2749 3326 et
2782 3271 2974 3340 Steph.
2995 3271 3125 3324 edit.
3158 3267 3672 3340 προσπελάζοντος,

2073 3374 2343 3432 expuncto
2379 3363 2431 3416 in
2467 3363 2751 3417 Basiliensi
2781 3362 3332 3433 προσπλεονάζοντος,
3373 3373 3428 3414 et
3461 3362 3516 3414 in
3555 3361 3664 3414 γε-

2077 3463 2196 3506 neta
2247 3450 2783 3524 προσπλεονάζοντες
2811 3473 2823 3484 ·
2867 3473 2886 3505 ι
2919 3469 3029 3524 quo
3056 3453 3146 3518 iis,
3178 3467 3296 3521 quae
3327 3450 3498 3520 aspici
3541 3465 3670 3518 pos-

2076 3552 2224 3605 sunt,
2255 3546 2495 3597 admoto.
2529 3563 2548 3595 ι

2147 3633 2284 3690 Ibid.
2317 3634 2358 3688 Β
2386 3636 2471 3690 10.
2504 3634 2647 3700 Quid
2697 3637 2882 3706 igitur.
2913 3635 3040 3691 Post
3066 3637 3289 3690 verbum
3321 3654 3341 3685 ι
3381 3646 3609 3704 oportet
3641 3655 3664 3690 ι

2080 3727 2526 3798 interrogationis
2558 3737 2684 3782 nota
2715 3728 3032 3783 collocanda
3069 3737 3194 3793 est,
3223 3737 3283 3781 ut
3313 3728 3367 3782 in
3396 3729 3612 3783 Graecis
3647 3748 3664 3784 :

2077 3821 2216 3890 apud
2271 3821 2628 3889 interpretem
2683 3822 2812 3874 item
2859 3821 3265 3874 immutavimus
3297 3819 3468 3887 illud,
3501 3839 3521 3871 s
3565 3836 3668 3890 per

2078 3912 2244 3966 lilium
2276 3912 2581 3980 praebitum.
2634 3932 2653 3964 ι
2697 3913 2750 3966 In
2787 3928 2890 3966 ms.
2922 3910 2989 3967 H‘.
3037 3926 3134 3981 pro
3163 3910 3486 3976 ζωοποιοῦν,
3524 3914 3667 3966 scri-

2077 4013 2224 4071 ptutn
2275 4010 2394 4056 erat
2455 4002 2742 4069 ζωοποιόν,
2783 4022 2801 4054 ι
2844 4003 3143 4056 γίιὶίῖθιιηι.
3182 4021 3200 4054 ι
3237 4000 3370 4057 Ibid.
3410 4020 3432 4054 ι
3479 4003 3669 4057 credi-

2079 4111 2198 4149 mus
2227 4104 2472 4163 spectare
2505 4114 2524 4146 ι
2563 4095 2906 4164 scripsimus,
2947 4109 3070 4148 cum
3101 4093 3393 4161 legeretur,
3426 4111 3447 4144 ι
3475 4095 3665 4148 credi-

2079 4200 2199 4239 tuus
2257 4184 2372 4238 fieri
2407 4223 2423 4247 ,
2474 4202 2494 4236 ι
2534 4183 2677 4252 quod
2731 4181 3132 4250 Trapezuntius
3164 4180 3399 4234 fortasse
3443 4179 3664 4234 calamo

2077 4285 2358 4331 exarasset
2384 4295 2401 4326 ι
2432 4274 2586 4329 ferri.
2607 4294 2623 4326 ι
2656 4275 2729 4329 Ita
2755 4272 3002 4342 sequenti
3040 4287 3164 4343 pag.
3199 4271 3348 4340 πρὸς
3363 4270 3668 4339 chres-ar-

2080 4365 2390 4435 θρώπησιν
2404 4365 2512 4418 τοῦ
2528 4364 2749 4432 Κυρίου
2759 4363 3048 4433 φέρουσα.
3073 4361 3399 4432 Trapezuut.
3426 4380 3445 4411 ι
3467 4361 3665 4414 Imma-

395 4458 511 4512 hu-c
540 4458 702 4512 verba
733 4457 1024 4528 protulisse
1061 4457 1439 4528 prophetando
1460 4495 1476 4519 ,
1508 4453 1637 4507 Ha’c
1687 4454 1816 4506 dicit
1847 4451 1973 4520 Spi-
2007 4488 2050 4542 υ
2083 4459 2306 4510 nitatem
2341 4456 2550 4510 Domini
2582 4471 2940 4509 conceruens.
2981 4473 3000 4505 ι
3027 4455 3322 4507 Cornarius
3355 4454 3496 4506 dixit
3523 4473 3543 4504 ‹
3593 4456 3661 4506 ad

394 4550 530 4604 ritus
571 4561 784 4603 sanctus
808 4563 827 4602 :
869 4547 1052 4602 Virum
1093 4548 1244 4617 cujus
1284 4557 1359 4602 est
1396 4564 1530 4600 zona
1583 4545 1711 4608 lucc,
1738 4555 1868 4607 etc.,
1906 4545 1972 4596 ad

393 4659 554 4711 quem
586 4643 766 4697 locum
792 4643 911 4696 sine
942 4642 1106 4695 dubio
1135 4649 1386 4710 spectant
1429 4639 1546 4693 haec
1572 4637 1733 4690 verba
1764 4635 1974 4698 Basilii,

395 4734 705 4790 mutilatum
754 4749 878 4788 esse
913 4732 1090 4788 locum
1137 4732 1462 4787 existimans
1486 4721 1506 4793 ,’
1529 4731 1609 4783 sic
1637 4743 1758 4782 eum
1817 4727 1977 4780 resti-

396 4838 546 4881 tuere
569 4838 800 4881 conatus
825 4837 906 4880 est
941 4844 954 4880 :
990 4825 1201 4878 Idcirco
1222 4811 1461 4876 clamant
1492 4821 1758 4890 prophetia
1781 4821 1833 4872 in
1870 4817 1975 4871 Ve-

394 4927 504 4974 tere
527 4917 882 4984 Testamento,
914 4916 1042 4972 Ηωσ
1065 4919 1195 4970 dicit
1221 4915 1473 4970 Dominus
1494 4931 1513 4980 ;
1540 4915 1595 4966 in
1626 4911 1774 4965 Novo
1797 4920 1975 4963 autent

394 5010 664 5082 apostoli,
717 5009 848 5064 Ha'c
897 5011 1026 5063 dicit
1085 5009 1322 5077 Spiritus
1371 5017 1609 5062 sanctus.
1672 5003 1976 5059 Cornarius

395 5105 561 5159 etiam
615 5103 884 5157 indicarat
927 5105 980 5157 in
1034 5103 1282 5171 margine
1329 5100 1517 5154 Aetor.
1555 5112 1644 5158 xv,
1679 5097 1835 5150 citari
1874 5110 1974 5164 pu-

397 5207 520 5250 tans
571 5195 702 5249 illud
748 5194 1119 5264 apostolorum
1179 5195 1230 5247 in
1287 5192 1522 5248 concilio
1583 5179 1974 5258 Hierosolqu

407 5284 588 5340 Visum
629 5296 703 5340 est
751 5285 980 5354 Spiritui
1005 5294 1188 5338 sancto
1211 5294 1258 5336 et
1288 5282 1435 5336 nobis
1460 5296 1478 5334 :
1501 5280 1592 5335 sed
1625 5280 1728 5332 hoc
1753 5279 1817 5330 ad
1850 5292 1977 5346 pro-

397 5376 631 5432 bandam
661 5376 901 5446 Spiritus
929 5375 1273 5430 divinitatem
1304 5371 1521 5437 suﬂicit,
1552 5371 1695 5441 quod
1719 5368 1976 5421 nimirum

400 5469 696 5537 prophetiae
723 5468 922 5522 donum
955 5467 1277 5530 distribuat,
1305 5473 1367 5518 ut.
1400 5463 1642 5517 indicant
1674 5459 1976 5530 prophettu,

397 5576 522 5614 cum
543 5575 607 5616 ex
633 5560 778 5615 illius
807 5575 1035 5630 persona
1055 5559 1372 5627 loquuntur.
1397 5554 1529 5609 Vide
1557 5553 1750 5607 librum
1785 5565 1838 5616 ν,
1870 5548 1962 5602 λε-

399 5653 604 5724 γόντων
627 5652 736 5705 τῶν
765 5651 1099 5706 ἀποστόλων.

477 5743 609 5800 Ibid.
641 5743 682 5798 (Σ
705 5743 761 5797 2.
794 5743 856 5800 Si
877 5744 1005 5813 quid
1031 5759 1146 5800 cum
1180 5743 1306 5800 Deo.
1340 5741 1606 5800 Κοινωνεῖ
1655 5737 1730 5809 τῷ
1765 5737 1884 5810 Θεῷ
1921 5740 1979 5796 τὸ

2079 4549 2508 4602 incarnationem
2563 4546 2774 4600 Domini
2826 4546 3074 4600 tendens.
3134 4565 3154 4598 ι
3191 4548 3248 4598 S.
3281 4545 3613 4598 Ambrosius
3643 4588 3658 4608 ,

2078 4637 2261 4690 Basilii
2312 4636 2538 4706 vestigia
2586 4637 2830 4706 relegens
2855 4675 2870 4696 .
2903 4636 2975 4690 ita
3021 4637 3196 4689 locum
3233 4635 3422 4700 Amos,
3456 4651 3535 4699 tv,
3570 4635 3662 4700 l3,

2077 4729 2303 4796 exponit
2333 4727 2429 4782 lib.
2465 4743 2530 4793 ιι,
2555 4719 2690 4796 cap.
2709 4728 2762 4791 7,
2807 4727 2880 4780 De
2912 4726 3116 4796 Spiritu
3152 4737 3331 4779 sancto
3362 4740 3380 4777 :
3416 4743 3437 4776 α
3467 4725 3664 4781 Nonne

2079 4821 2362 4876 evidenter
2391 4822 2660 4875 dictorum
2691 4821 3016 4875 testiﬁcatur
3040 4821 3213 4874 series
3233 4821 3298 4874 de
3326 4821 3486 4874 iSIius
3508 4837 3669 4876 crea-

2085 4919 2204 4965 tura
2259 4913 2445 4966 mundi
2481 4912 2724 4966 locutum
2755 4913 3074 4983 prophetam
3096 4912 3158 4966 ἳι
3179 4912 3369 4966 Hausit
3399 4927 3467 4967 ex
3501 4913 3670 4985 Didy-

2075 5019 2184 5068 mo,
2203 5004 2295 5060 lib.
2321 5020 2338 5059 ι
2365 5003 2439 5059 De
2471 5005 2677 5074 Spiritu
2699 5015 2902 5069 sancto,
2925 5003 3124 5074 quibus
3154 5004 3292 5058 adde
3323 5005 3436 5057 haec
3461 5019 3529 5058 ex
3553 5005 3664 5075 Cy-

2075 5095 2178 5148 rilli
2210 5094 2504 5148 Alexandr.
2544 5094 2941 5149 commentario
2975 5096 3028 5146 in
3066 5093 3227 5148 Amos
3260 5112 3278 5150 :
3306 5093 3540 5164 11νεῦμά
3565 5114 3666 5166 φη-

2078 5204 2163 5241 σιν
2194 5188 2317 5258 οὐχ).
2346 5188 2406 5241 τὸ
2443 5187 2583 5240 θεῖον
2621 5188 2718 5240 καὶ
2755 5187 2909 5255 ἅγιον
2943 5184 3068 5256 (κᾶν
3117 5187 3167 5238 εἰ
3202 5185 3479 5256 μαίνοιντό
3511 5203 3666 5250 τινες

2073 5278 2184 5330 τῶν
2213 5277 2283 5330 τὰ
2305 5275 2441 5348 ὀρθὰ
2470 5276 2813 5348 διαστρέφειν
2837 5275 3324 5346 μεμελετηκὸτων),
3349 5274 3487 5327 ἀλλὰ
3510 5277 3668 5329 τουτὶ

2077 5369 2138 5422 τὸ
2173 5368 2356 5440 ἁέριόν
2382 5385 2442 5420 τε
2465 5367 2560 5420 καὶ
2583 5367 2896 5438 ἐγκόσμιον,
2934 5384 2952 5417 ι
2985 5367 3247 5435 Spiritum
3281 5367 3530 5420 nominat
3557 5383 3665 5422 non

2077 5462 2320 5516 divinum
2353 5469 2407 5515 et
2431 5469 2681 5515 sanctum
2716 5458 2956 5531 (tametsi
2989 5459 3211 5528 quidam
3246 5457 3321 5512 ita
3354 5459 3660 5524 insaniunt,

2077 5554 2171 5623 qui
2233 5563 2378 5608 recta
2435 5563 2747 5623 pervertere
2797 5561 3116 5623 conantur),
3151 5550 3243 5606 sed
3279 5551 3422 5605 hunc
3470 5567 3664 5605 aerum

2076 5657 2131 5702 et
2167 5647 2526 5712 mundanum;
2560 5666 2577 5698 ι
2609 5656 2663 5700 et
2691 5647 3046 5710 Theodoret.,
3090 5647 3142 5699 in
3167 5645 3473 5700 Comment.
3509 5659 3525 5697 :
3567 5646 3666 5708 Ὃς

2081 5737 2140 5790 τὸ
2175 5737 2342 5809 μανὸν
2387 5735 2480 5792 τοῦ
2526 5737 2684 5809 ἀέρος
2715 5735 2805 5792 καὶ
2848 5737 2906 5791 τὸ
2934 5735 3128 5807 χαῦνον
3163 5737 3239 5800 εἰς
3273 5734 3362 5788 τὸν
3410 5733 3665 5806 φρικώδη
