3824 6214
175 253 321 310 I053

1251 279 1319 333 IN
1361 281 1610 340 uanos
1649 251 1928 346 comm
1973 294 2361 357 EUNOMIUM.
2413 312 2416 313 ί

3301 318 3436 373 16ἕ4

167 377 274 448 τῆς
303 377 532 454 βρονής
575 388 897 456 μεταϐάλλει
929 392 1155 460 κτύπον,
1192 398 1280 452 διὰ
1318 402 1426 456 τῶν
1459 405 1552 456 ὑπ’
1587 406 1741 459 animi

167 473 563 504 «reve‘m..1...,...
603 479 819 504 L..1---.-.
864 485 949 504 --ο
1000 503 1003 504 ,
1091 490 1102 504 ι
1287 492 1311 502 η.
1459 495 1470 504 .
1717 497 1727 504 .

1860 427 1984 504 ms.,
2015 414 2109 469 καὶ
2138 417 2266 482 Υἱὸς
2288 420 2382 473 καὶ
2406 423 2722 495 μονογενής,
2748 434 2806 480 ut
2831 425 2998 498 exigit
3019 429 3134 500 ipsa
3167 430 3435 504 interpre-

167 473 563 542 γεγενημένων
600 479 820 550 ἀνέμων
858 485 1046 540 τοῦτον
1079 490 1352 546 ἀνακινῶν
1387 495 1481 548 καὶ
1531 497 1754 568 συστρέ-

166 576 295 629 φων
335 579 350 593 ο
391 583 412 616 ι
454 566 554 632 Qui
603 585 782 626 aerem
821 592 1004 632 rarum
1054 596 1119 634 ac
1157 584 1371 638 mollem
1416 587 1466 640 in
1517 590 1750 643 sonitum

164 649 455 711 horribilis
486 661 712 718 tonitrui
748 669 1018 723 convertit
1043 711 1058 735 ,
1084 687 1147 726 ac
1175 677 1351 727 ventis
1388 692 1418 730 a
1452 694 1511 732 se
1541 682 1745 734 creatis

164 742 318 800 hunc
352 762 656 809 commovet
693 767 856 827 atque
883 765 1141 818 concitat.
1180 785 1197 817 ι
1231 767 1402 822 Τοῦτο
1433 771 1646 825 videtur
1671 772 1749 827 le-

163 838 316 903 gisse
365 841 636 914 interpres
669 891 684 915 ,
719 866 824 904 non
853 853 1066 921 τοῦτον,
1095 860 1240 927 quod
1276 862 1342 913 ad
1389 877 1572 917 acrem
1607 863 1749 918 refe-

167 931 402 985 rendum
425 945 530 998 est,
558 953 663 992 non
696 943 761 994 ad
789 946 1016 1000 tonitru.

240 1022 363 1077 Col.
398 1025 502 1080 670
528 1029 569 1081 Ο
597 1031 650 1084 5.
689 1032 1058 1102 Contemptum
1085 1056 1217 1095 esse.
1260 1042 1544 1114 ’Λθὲτησιν
1567 1048 1749 1116 aptius

165 1118 444 1182 expressit
471 1118 789 1189 Cornarius,
823 1145 842 1178 ι
878 1131 1195 1186 substantia?
1221 1137 1682 1201 reprobatimn-m,
1722 1160 1742 1193 ι

162 1201 274 1259 Th.
319 1205 458 1260 Bcza
489 1251 504 1274 ,
546 1229 566 1262 ‹
606 1213 814 1269 aboleri
869 1218 1040 1286 ipsius
1094 1222 1463 1291 Itypostasim;
1523 1245 1542 1278 ι
1594 1238 1747 1297 potes

162 1299 332 1350 etiam
364 1310 579 1356 vertere
603 1344 619 1371 ,
652 1322 671 1357 ι
705 1308 1112 1377 abrogatinuem
1138 1330 1257 1369 esse
1291 1319 1682 1386 subsistentiae,
1719 1345 1736 1375 ι

162 1387 272 1441 hoc
296 1399 403 1456 est,
424 1391 545 1448 ideo
570 1393 724 1464 rejici
756 1411 849 1452 aut
871 1403 1147 1470 reprobari
1174 1409 1582 1466 subsistentiam
1607 1413 1743 1479 ejus,

161 1481 311 1546 quod
360 1497 483 1538 eum
526 1501 650 1542 esse
680 1503 989 1547 creaturam
1045 1511 1289 1567 negetur.
1323 1501 1605 1558 Postremo
1655 1506 1744 1559 illa

159 1573 332 1627 verba
371 1592 492 1645 quia:
521 1591 821 1648 sequuntur
846 1585 1188 1658 ἀξιωΘῶμεν,
1221 1591 1507 1663 aliquando
1542 1599 1749 1650 censui-

159 1680 288 1720 mus
313 1667 664 1738 interpretem
695 1677 760 1729 de
781 1692 880 1731 suo
913 1679 1202 1749 adjecisse,
1239 1699 1360 1752 qua:
1390 1701 1418 1738 a
1459 1687 1663 1742 Veneta
1689 1699 1742 1741 et

1858 503 1996 557 tatio
2026 504 2356 570 Trapezunt.
2382 519 2438 564 et
2465 509 2639 566 Bezas.

1925 592 2060 652 Ibid.
2124 596 2166 651 Β
2221 598 2274 652 2.
2337 599 2476 656 Deus
2525 605 2665 656 enim
2719 621 2810 658 nec
2839 623 2958 660 cum
2987 607 3121 666 ullo.
3177 611 3435 671 lmmuta-

1852 683 2026 741 vimus
2052 690 2196 757 quod
2221 691 2520 762 scripserat
2552 695 2910 766 Trapezunt.,
2948 718 2970 752 ι
3012 701 3155 758 Deus
3182 706 3329 761 enim
3365 709 3434 764 ad

1855 777 2040 832 omnia
2073 789 2129 833 et
2150 795 2248 849 per
2285 784 2467 839 omnia
2496 786 2942 858 incoruparabilis
2967 802 3072 847 est.
3108 812 3127 846 ι

1920 865 2055 923 Ibid.
2088 869 2245 928 BM.
2277 873 2430 938 Quod
2475 877 2533 930 in
2588 877 2760 947 forma
2811 879 2927 935 Dei.
2984 881 3280 940 Dilueidior
3328 886 3433 942 alia

1852 958 2222 1028 interpretatio
2243 978 2310 1018 ex
2346 965 2536 1037 Steph.
2567 986 2624 1023 τε
2661 970 2790 1025 Illud
2822 973 2875 1026 in
2908 972 3079 1028 forma
3119 976 3230 1043 D‘el,
3259 990 3340 1034 est
3378 981 3432 1034 in

1849 1050 2082 1103 essentia
2115 1050 2207 1106 Dei
2255 1072 2270 1109 :
2319 1071 2494 1124 neque
2536 1059 2678 1113 enim
2722 1061 2865 1116 aliud
2911 1073 2995 1118 est
3046 1065 3241 1133 forma,
3288 1069 3430 1122 aliud

1847 1141 2079 1194 essentia
2127 1142 2239 1198 Dei.
2296 1164 2316 1198 ι
2363 1146 2769 1217 Respicitenim
2816 1152 2990 1208 locum
3023 1153 3198 1223 Pauli,
3225 1157 3430 1228 Philip-

1849 1244 2001 1296 pens.
2033 1248 2094 1295 ιι,
2126 1233 2159 1287 6
2193 1251 2206 1286 :
2237 1237 2340 1300 Qui
2378 1254 2495 1292 cum
2540 1242 2594 1294 in
2635 1241 2807 1311 [arma
2843 1244 2942 1298 Dei
2967 1257 3120 1311 esset,
3151 1265 3259 1302 non
3287 1253 3429 1318 rapi.

1849 1334 1991 1372 nam.
2045 1321 2129 1376 Ab
2163 1325 2350 1378 eadem
2399 1338 2576 1383 ruente
2610 1332 2735 1384 illud
2766 1342 2849 1386 est
2885 1333 2942 1388 S.
2977 1336 3260 1391 Athanasii
3287 1338 3432 1394 hunc

1848 1411 2088 1474 Apostoli
2116 1415 2438 1470 versiculum
2474 1424 2794 1488 exponentis
2829 1423 2919 1477 lib.
2957 1441 3007 1479 Iv
3043 1438 3231 1482 contra
3263 1429 3432 1483 Aria-

1849 1517 1962 1592 ποι,
2001 1518 2053 1568 p.
2078 1504 2184 1559 255
2219 1522 2234 1559 :
2270 1508 2385 1561 Οὐκ
2413 1511 2478 1562 ὲκ
2507 1512 2708 1583 μέρους
2731 1515 2839 1586 δὲὴ
2876 1517 2978 1586 τῆς
3015 1517 3267 1590 θεότητος
3295 1538 3430 1592 μορ-

1849 1591 1943 1662 φὴ,
1992 1593 2129 1682 ἁλλέι
2173 1595 2234 1647 τὸ
2297 1596 2568 1670 πλήρωμα
2621 1602 2720 1672 τῆς
2765 1604 2860 1658 τοῦ
2917 1607 3128 1677 Πατρός
3180 1591 3433 1682 θεόίεητός

1848 1682 1962 1732 ἐστι
1993 1681 2055 1734 τὸ
2086 1680 2225 1738 εἶναι
2247 1686 2340 1740 τοῦ
2377 1688 2530 1755 Υῐοῦ,
2571 1692 2664 1744 καὶ
2715 1693 2835 1757 ὅλος
2874 1694 3008 1760 Θεὸς
3045 1698 3195 1753 ἐστιν
3225 1701 3254 1752 6
3280 1680 3429 1765 Υήεόςο

158 1757 562 1819 Basiliensibus
591 1767 919 1824 editionibus
951 1774 1196 1838 aberant,
1220 1786 1275 1830 et
1301 1777 1539 1832 clausula
1569 1782 1746 1849 potius
1779 1753 1818 1807 Β
1853 1789 1871 1820 ι
1911 1769 2025 1825 Νοη
2059 1783 2237 1828 amem
2264 1791 2328 1832 εκ
2360 1789 2514 1847 Par"3
2535 1781 2715 1851 3'50"“
2751 1785 2920 1840 forma
2956 1787 3176 1843 ἀθίῑδιίε
3208 1791 3434 1847 (Ὦπιθεῦ

159 1850 403 1920 alicujus
445 1856 720 1924 popularis
744 1861 979 1916 ltomilize
1006 1867 1458 1935 videntur,qnam
1496 1871 1748 1944 ἁντιρρη-

156 1940 314 1993 τικοῦ
344 1941 508 2011 λόγου
542 1964 556 1976 ο
589 1949 683 2002 sed
715 1949 768 2002 in
800 1950 966 2023 Regio
997 1953 1060 2008 ll.
1087 1967 1216 2008 sunt
1258 1969 1496 2028 reperta.

229 2034 354 2088 Col.
411 2037 510 2091 671
568 2039 622 2092 in
670 2040 850 2100 titulo.
921 2045 1348 2117 Ἀντιρρητικά.
1406 2052 1506 2106 Hic
1560 2055 1746 2110 titulus

158 2127 556 2196 pra-agebatur
595 2131 646 2184 in
705 2131 874 2203 Regio
933 2136 998 2190 Il.
1047 2139 1174 2194 huic
1225 2142 1364 2196 libro
1412 2155 1648 2212 qttarto,
1691 2157 1746 2200 et

157 2219 385 2272 omissis
433 2218 538 2275 illis
559 2259 576 2284 ,
617 2223 675 2274 ὲν
771 2263 785 2288 ,
831 2229 1160 2295 sequchatur
1194 2247 1206 2281 :
1237 2232 1492 2301 Ἀπορίαι
1523 2235 1622 2288 καὶ
1646 2239 1747 2291 λύ-

154 2324 292 2374 σεις
319 2327 334 2341 ο
377 2308 652 2379 Refutatio
678 2354 693 2378 ,
733 2317 840 2370 sive
885 2320 1193 2388 quaestiones
1245 2335 1291 2376 et
1339 2325 1626 2379 solutiones
1683 2344 1748 2381 ex

157 2399 460 2468 Scripturis
505 2405 757 2461 divinitus
813 2409 1110 2475 inspiratis,
1170 2429 1328 2477 super
1368 2417 1454 2477 iis,
1496 2433 1614 2484 qua:
1649 2420 1744 2470 ob-

148 2494 426 2563 Jiciuntur
469 2497 534 2549 de
567 2495 713 2552 Filio
745 2501 800 2553 in
851 2500 1004 2556 Νουο
1059 2513 1108 2556 et
1168 2505 1339 2560 Veteri
1391 2507 1742 2564 Testamento.

163 2584 382 2638 Aberat
425 2597 604 2642 autem
648 2604 678 2642 a
720 2588 920 2644 Veneta
971 2593 1210 2649 editi0ue
1265 2607 1491 2665 quarttts
1553 2601 1642 2653 hic
1694 2613 1745 2654 et

157 2677 387 2744 quintus
447 2677 632 2747 liber;
704 2691 998 2752 utrumque
1066 2683 1268 2756 Regius
1338 2692 1746 2760 manuscriptus

158 2769 435 2837 agnoscit.

235 2879 356 2934 Col.
387 2880 495 2934 672
520 2882 632 2935 A4.
661 2882 905 2953 Λέγεται
931 2881 1064 2941 οὖν.
1103 2887 1425 2955 Conjunctio
1447 2886 1540 2945 οὗν
1562 2893 1747 2949 aberat

160 2987 193 3024 a
228 2987 336 3026 ms.
364 2974 459 3042 qui
491 2975 768 3044 conspirat
806 2993 928 3030 cum
983 2993 1050 3033 eo
1083 2996 1188 3048 quo
1235 2983 1448 3038 videtur
1501 3001 1629 3040 usus
1665 2988 1745 3040 iu-

159 3073 410 3132 terpres;
444 3075 498 3118 et
529 3080 594 3119 ex
626 3082 732 3134 quo
767 3068 894 3121 illud
919 3109 934 3132 ,
970 3069 1186 3140 ψεῦδος,
1215 3076 1576 3138 correximus.
1608 3077 1739 3147 ψευ-
1770 3080 1811 3136 C

155 3152 290 3216 δὼς.
321 3154 498 3222 Atque
527 3154 656 3209 huic
701 3157 1120 3223 iulerpuuctioui
1157 3161 1236 3215 sic
1280 3162 1528 3231 adaptari
1565 3165 1742 3218 versio

155 3244 410 3311 poterit:
449 3263 469 3296 σ
513 3244 570 3300 Si
620 3261 752 3300 vero
802 3247 974 3302 Filius
1022 3261 1214 3303 natura
1269 3251 1408 3307 Deus
1459 3269 1566 3308 non
1621 3264 1741 3318 est,

154 3335 308 3389 sicut
363 3337 459 3406 qui
524 3336 663 3392 falso
711 3338 786 3392 dii
836 3348 1120 3408 vocantur,
1170 3341 1369 3396 dicitur
1399 3353 1454 3399 et
1498 3360 1607 3398 nou
1660 3354 1743 3400 est

155 3425 327 3482 Deus.
361 3447 381 3480 ›

233 3541 371 3596 Ibid.
407 3542 496 3596 H.
536 3542 693 3608 Quod
726 3545 1032 3614 adoptione.
1078 3546 1193 3602 Hoc
1220 3548 1290 3601 ita
1317 3564 1438 3603 cum
1471 3551 1594 3605 aliis
1615 3552 1738 3605 duo-

159 3636 265 3687 bus
297 3634 690 3703 interpretibus
713 3635 893 3691 elici-ri
927 3639 1239 3705 maluimus,
1267 3657 1428 3710 quam
1460 3644 1739 3710 positione.

155 3725 365 3781 Paulus
409 3728 684 3795 apostolus
699 3729 970 3783 υἱοθεσίαν
984 3732 1234 3801 appellat,
1252 3741 1309 3786 ut
1328 3733 1610 3802 Ephesior.
1628 3750 1668 3800 ι,
1685 3736 1739 3799 5,

155 3815 470 3886 Προορίσας
512 3819 662 3888 ἡμᾶς
696 3821 777 3883 εἰς
809 3821 1080 3875 υἱοθεσίαν
1129 3834 1143 3852 δ
1196 3821 1300 3888 Qui
1345 3825 1742 3892 praedestinavit

159 3924 262 3962 nos
299 3908 358 3961 in
381 3907 619 3977 ﬁliorum
645 3911 1002 3980 adoptionem.

234 4023 356 4080 Col.
405 4023 509 4078 674
549 4023 616 4077 Α.
667 4022 800 4079 Vere
843 4024 1112 4092 imposita.
1160 4025 1241 4077 Τὰ
1282 4024 1498 4095 ἀληθῶς
1545 4027 1743 4099 ὀνόμα-

158 4132 256 4170 τα.
284 4113 419 4178 Imo,
455 4129 576 4183 qua:
601 4128 728 4170 vere
755 4125 882 4168 sunt
909 4115 1150 4180 nomina,
1180 4125 1319 4170 notae
1347 4125 1472 4170 sunt
1497 4120 1743 4172 essentia!

160 4218 357 4258 earum
387 4216 589 4266 rerum,
609 4216 840 4271 quarunt
860 4211 984 4256 sunt
1019 4204 1260 4257 nomina.
1278 4203 1419 4258 Beza
1443 4219 1626 4260 vocem
1653 4208 1744 4260 οὐ-

162 4295 290 4359 σίας
338 4297 706 4366 pmtermisit.
749 4297 902 4365 Apud
939 4296 1258 4351 Cornarium
1297 4314 1580 4368 perperam
1629 4301 1742 4355 edi-

163 4395 279 4440 tum
302 4394 406 4453 est,
439 4405 458 4434 ι
496 4401 617 4455 quae
643 4401 774 4441 vero
800 4397 926 4442 sunt
955 4391 1197 4442 nomina.
1231 4407 1252 4441 ι

234 4495 376 4551 Ibid.
413 4496 482 4553 ~6.
523 4485 642 4551 'Sed
680 4498 805 4568 quia
853 4498 1306 4566 incomparabilis.
1365 4499 1462 4555 ilic
1519 4518 1740 4572 quoque

157 4586 349 4658 lapsus
369 4603 492 4642 cum
524 4588 787 4642 (Iornario
825 4590 1128 4644 communis
1155 4600 1261 4655 est,
1299 4593 1351 4645 ni
1393 4593 1571 4660 fallor,
1616 4595 1743 4651 Tra-

158 4679 452 4750 pezuntio,
481 4681 624 4749 quod
656 4679 719 4732 τὸ
762 4679 1097 4752 ἀσύγκριτον
1142 4683 1307 4736 vertit
1345 4699 1449 4737 non
1481 4704 1499 4736 ι
1536 4685 1740 4741 incont-

159 4771 427 4841 parabile,
468 4789 490 4823 s
522 4770 617 4825 sed
649 4789 667 4822 ε
703 4773 1143 4840 incomparabilis
1171 4816 1188 4839 ,
1227 4793 1246 4826 ›
1286 4777 1354 4830 ad
1403 4776 1618 4832 Patrem
1653 4794 1740 4832 re-

158 4861 387 4917 ferendo
432 4877 447 4914 :
492 4861 646 4915 Besae
676 4871 857 4915 autem
895 4862 1147 4932 pr0prius
1177 4873 1262 4919 est
1303 4881 1480 4930 error,
1512 4869 1655 4936 quod
1679 4867 1740 4922 τὸ

161 4953 454 5026 μονογενὲς
479 4953 642 5008 vertit
683 4973 703 5004 ι
737 4954 1072 5024 unigenitus.
1113 4974 1132 5008 ι
1172 4955 1244 5010 Ut
1291 4957 1454 5027 igitur
1481 4959 1550 5012 ab
1582 4973 1738 5013 utro-

161 5061 271 5114 que
302 5046 453 5114 lapsu
483 5045 588 5100 sibi
622 5054 814 5100 caveat
861 5045 1053 5110 lector,
1096 5047 1167 5100 ita
1203 5049 1407 5102 scribet
1438 5067 1453 5103 :
1490 5068 1507 5101 I
1544 5049 1600 5104 Si
1628 5053 1740 5106 uui-

162 5137 404 5207 genitnm
431 5132 551 5190 esse
591 5136 958 5205 generationis
990 5152 1092 5191 non
1119 5147 1203 5191 est
1231 5177 1245 5201 ,
1279 5139 1372 5193 sed
1399 5143 1467 5193 ob
1499 5139 1550 5193 id
1594 5142 1736 5210 quod

160 5230 235 5284 sit
261 5229 686 5296 iucomparabile
716 5268 732 5292 ,
765 5229 1080 5299 unigenitus
1105 5229 1270 5284 etiam
1299 5240 1384 5285 est
1410 5230 1575 5286 Pater
1607 5249 1620 5286 :
1653 5243 1734 5288 est

157 5322 307 5379 enim
338 5322 802 5389 incomparabilis.
834 5340 852 5372 ι

229 5419 365 5476 Ibid.
397 5417 451 5473 9.
484 5420 610 5472 Εὶό
650 5419 802 5483 Υἱός.
849 5417 1200 5472 Correximus
1244 5419 1497 5474 vitiosam
1543 5421 1735 5476 lectio-

156 5525 282 5564 nem
317 5509 481 5565 Basil.
511 5511 540 5562 6
566 5509 694 5573 Υἱὸς
727 5511 826 5580 οὐχ
846 5507 1058 5572 ἁπλῶς,
1087 5519 1143 5564 et
1180 5510 1324 5564 illam
1363 5515 1732 5582 Iuanuscripti,

155 5598 242 5666 εἷς
271 5601 424 5666 Υἱός,
456 5602 625 5656 secuti
653 5601 782 5657 edit.
812 5602 1002 5670 Steph.
1041 5601 1251 5657 [tersus
1290 5601 1342 5656 in
1387 5604 1576 5658 eodem
1604 5605 1738 5658 arti-

156 5694 302 5764 culo,
350 5689 450 5766 pro
487 5694 517 5748 6
544 5692 672 5758 Υἱὸς
701 5692 797 5749 καὶ
831 5693 1124 5766 μονογενής
1153 5693 1292 5762 ἐστι,
1323 5694 1733 5772 scripsimusex

1850 1870 1955 1924 tnr,
1983 1865 2074 1918 sed
2113 1879 2180 1919 ex
2215 1866 2424 1938 integra
2450 1872 2650 1926 deitate
2676 1873 2855 1931 Patris
2883 1881 3118 1934 essentia
3147 1880 3272 1936 Filii
3295 1896 3430 1936 cou-

1846 1953 2038 2020 surgit,
2071 1964 2124 2007 et
2173 1956 2376 2012 solidus
2417 1959 2557 2015 Deus
2587 1973 2672 2017 est
2712 1965 2883 2020 Filius
2914 1986 2927 2020 :
2973 1986 2995 2020 s
3033 1969 3114 2024 sic
3150 1969 3294 2025 illius
3325 1969 3429 2027 loci

1851 2044 2176 2099 restituenda
2213 2059 2296 2100 est
2341 2050 2550 2113 versio;
2601 2061 2656 2106 et
2700 2054 2753 2108 in
2799 2056 2949 2111 Orat.
2983 2067 3168 2112 contra
3207 2060 3429 2114 Sabellii

1847 2133 2088 2202 gregales
2128 2150 2180 2202 ρ.
2220 2136 2323 2193 509
2364 2158 2377 2192 :
2428 2140 2567 2193 Ἀλλ’
2595 2144 2623 2195 6
2655 2143 2720 2196 ἐκ
2735 2144 2828 2198 τοῦ
2852 2145 2984 2199 Θεοῦ
3041 2148 3180 2212 Θεὸς
3203 2150 3292 2203 tot:
3318 2151 3431 2218 ἕξει

1846 2221 1923 2292 τῷ
1950 2227 2302 2298 γεγεννηκότι
2336 2229 2478 2283 κατὰ
2504 2231 2603 2302 τὴν
2634 2233 2815 2300 φύσιν,
2840 2236 2916 2300 ὡς
2941 2239 3034 2292 καὶ
3065 2238 3272 2304 Παῦλος
3297 2257 3432 2313 μαρ-

1845 2317 2018 2384 τυρεῖ,
2066 2315 2137 2369 τὰ
2195 2319 2304 2390 πρὸ
2369 2321 2470 2391 τῆς
2506 2325 2973 2399 ὲνανθρωπήσεως
3023 2329 3425 2403 ἐξηγούμενος·

1848 2406 2008 2475 Atqui
2047 2408 2093 2460 si
2139 2408 2277 2464 Deus
2316 2428 2381 2464 ea:
2415 2413 2522 2467 Deo
2560 2427 2658 2481 est,
2689 2417 2805 2485 ﬁeri
2839 2423 3032 2488 nequit,
3065 2425 3189 2491 quin
3227 2427 3431 2478 ratione

1850 2507 2053 2551 natura:
2085 2500 2236 2566 paria
2267 2501 2452 2556 habeat
2485 2521 2606 2557 cum
2631 2508 2862 2575 genitore
2887 2526 3005 2575 suo,
3056 2521 3111 2563 ut
3145 2522 3192 2564 et
3227 2510 3431 2568 Paulus

1849 2595 2086 2651 testatur,
2114 2589 2204 2657 qui
2235 2590 2301 2643 de
2334 2592 2398 2644 iis
2429 2609 2545 2662 qua:
2571 2595 2990 2651 incarnationem
3030 2612 3430 2668 prwcesserunt,

1848 2677 2267 2742 explanationem
2301 2680 2450 2748 facit.

1918 2767 2033 2821 Col.
2055 2767 2158 2822 675
2187 2769 2231 2823 A
2270 2769 2323 2826 7.
2363 2770 2598 2836 Quorum
2626 2775 2842 2831 ewdem.
2874 2775 3254 2832 Emendandus
3281 2779 3430 2834 Grae-

1848 2875 1945 2914 cus
1980 2869 2156 2914 textus
2183 2864 2426 2916 omnium
2459 2866 2862 2930 editionum,ex
2899 2883 2998 2923 ms.
3027 2868 3119 2933 H.,
3147 2879 3204 2922 ιιι
3225 2885 3430 2924 conve-

1850 2950 1962 3002 niat
2008 2965 2130 3004 cum
2173 2949 2522 3018 Trapezuntii
2559 2955 3023 3024 interpretatione,
3067 2958 3320 3030 ἐνέργεια
3370 2960 3430 3012 δὴ

1849 3041 2063 3113 Πατρὸς
2100 3043 2197 3095 καὶ
2242 3043 2372 3096 Υῐοῢ
2410 3045 2528 3116 μία.
2566 3045 2720 3102 Unde
2777 3058 2832 3103 et
2877 3051 2927 3104 in
2965 3050 3084 3105 loco
3112 3050 3334 3105 Joannis
3370 3067 3428 3115 ν,

1847 3134 1932 3199 19,
1967 3136 2223 3204 praecedit
2252 3152 2447 3191 nomen
2480 3137 2674 3202 Patris,
2713 3148 2768 3193 et
2811 3140 3053 3208 sequitur
3101 3141 3230 3194 illud
3280 3141 3426 3196 Filii.

1845 3226 2002 3292 Beza,
2039 3227 2163 3282 licet
2191 3227 2244 3280 in
2279 3237 2426 3282 textu
2462 3229 2650 3284 ϐτιεοο
2680 3230 2868 3301 Steph.
2893 3247 2998 3286 non
3029 3232 3188 3287 aliter
3219 3233 3425 3304 legere-

1847 3329 1932 3372 tur
1962 3329 2124 3388 alque
2175 3320 2225 3372 in
2284 3318 2587 3384 Basiliensi,
2637 3322 2858 3392 scripsit
2891 3331 3091 3386 tamen,
3124 3342 3143 3374 ι
3185 3323 3424 3390 Quorum

1841 3410 2028 3462 eadem
2053 3418 2135 3463 est
2164 3408 2328 3472 actio,
2357 3408 2546 3462 eadem
2577 3425 2794 3480 quoque
2830 3421 2913 3466 est
2953 3413 3205 3466 essentia.
3248 3411 3427 3469 Patris

1841 3511 2018 3553 autem
2059 3512 2112 3572 et
2147 3499 2266 3553 Filii
2302 3515 2402 3553 una
2435 3509 2520 3556 est
2547 3503 2709 3556 actio.
2748 3521 2766 3554 ι
2821 3503 2982 3573 Atqui
3025 3504 3308 3575 ἐνεργείας
3339 3506 3425 3559 di-

1843 3593 1941 3658 xit,
1976 3609 2082 3648 non
2114 3593 2415 3664 ἐνέργειαν.

1915 3685 2048 3738 Ibid.
2105 3684 2144 3738 C
2200 3684 2288 3739 10.
2319 3684 2478 3752 Πρὸς
2524 3684 2591 3739 τὸ
2631 3686 2729 3738 καὶ
2796 3685 3142 3756 ἁδυναμεῖν.
3177 3686 3428 3744 Verterat

1845 3775 2011 3838 idem,
2049 3792 2067 3825 ι
2101 3773 2235 3829 Cum
2263 3775 2328 3827 ad
2363 3776 2462 3828 hoc
2489 3776 2650 3830 etiam
2687 3777 3026 3831 imbecillitas
3072 3777 3171 3843 ipsi
3215 3779 3360 3832 insit.
3396 3798 3417 3830 ι

1841 3863 1954 3918 Iloc
1984 3875 2084 3929 est,
2116 3864 2171 3918 Si
2198 3881 2302 3919 non
2330 3873 2499 3932 potest
2529 3881 2808 3933 generare,
2836 3877 2890 3921 et
2925 3868 3206 3922 deterioris
3235 3868 3426 3922 condi-

1847 3956 2010 4010 tionis
2040 3967 2123 4010 est
2172 3970 2332 4024 quam
2370 3970 2654 4026 generatis,
2703 3975 2720 4007 ι
2776 3968 2832 4010 et
2887 3967 3147 4026 praeterea
3189 3957 3426 4014 imbecil.

1840 4048 1927 4103 lis.
1972 4067 1990 4098 ι
2027 4047 2080 4101 In
2119 4048 2359 4102 membro
2381 4049 2522 4116 quod
2551 4050 2816 4116 sequitur,
2849 4065 2945 4118 pro
2976 4051 3049 4121 μή
3069 4067 3201 4104 ποτε
3230 4049 3424 4120 legitur

1843 4139 1896 4192 in
1941 4152 2044 4191 ms.
2097 4136 2186 4198 H.,
2223 4137 2296 4208 μὴ
2333 4153 2420 4190 πω
2445 4138 2725 4208 ἐγέννησε.
2767 4139 2885 4206 Quo
2924 4152 3080 4208 pacto
3127 4151 3180 4195 et
3224 4141 3424 4211 legisse

1843 4226 2262 4297 Trapezuntium
2295 4243 2403 4296 prae
2443 4243 2502 4282 se
2536 4227 2640 4281 fert
2670 4230 2788 4298 ejtts
2819 4231 3018 4296 versio,
3071 4249 3090 4283 ε
3130 4232 3253 4296 etsi,
3286 4247 3422 4285 uou-

1843 4319 1968 4372 dutn
1997 4319 2214 4388 genuit;
2254 4339 2271 4370 ι
2305 4319 2466 4386 Beza,
2499 4339 2517 4370 ι
2557 4320 2657 4374 etsi
2705 4337 2977 4393 nunquam
3020 4323 3204 4394 genuit
3240 4341 3256 4376 :
3299 4342 3318 4375 ι
3354 4339 3421 4378 ex

1771 4423 1817 4478 Ι)
1845 4412 2104 4480 διο-ριιειιι.
2132 4421 2185 4464 et
2215 4410 2376 4466 Busil.
2417 4413 2491 4486 μή
2529 4430 2681 4467 ποτε.

1909 4515 2044 4572 Ibid.
2078 4515 2236 4572 C15.
2296 4514 2363 4569 Et
2419 4527 2598 4586 postea
2676 4517 2808 4571 sine.
2845 4515 3150 4586 Scripserat
3219 4516 3420 4585 Trape-

1839 4619 2011 4673 zunt.,
2053 4626 2071 4660 ι
2114 4609 2194 4662 vel
2223 4624 2345 4663 cum
2393 4609 2560 4663 semel
2592 4607 2778 4671 voluit,
2820 4609 3018 4662 invitus
3061 4609 3112 4660 in
3144 4618 3417 4676 posterum

1837 4711 1941 4755 est.
1975 4718 1994 4751 ι
2028 4698 2344 4765 Coruarius,
2379 4716 2398 4750 ι
2434 4699 2516 4752 vel
2547 4714 2668 4752 cum
2707 4698 2873 4752 semel
2917 4699 3169 4763 voluerit,
3218 4702 3284 4752 de
3314 4713 3422 4753 etc-

1841 4799 1954 4842 tero
1999 4805 2103 4843 non
2153 4789 2285 4842 vult.
2330 4807 2348 4841 ι
2401 4788 2723 4859 Ἀϐούλητος
2767 4804 2872 4844 non
2906 4803 3120 4857 semper
3149 4789 3415 4857 passivam

1838 4879 1998 4934 habet
2031 4880 2503 4948 signiﬁcationem,
2539 4892 2595 4933 ut
2641 4881 2834 4935 Suidas
2867 4881 3024 4936 docet
3060 4881 3418 4953 εἈϐούλητον

1837 4972 2027 5036 κακὸν,
2055 4971 2337 5042 ἁθέλητον,
2357 4971 2384 5023 ὃ
2412 4973 2472 5025 οὐ
2509 4972 2652 5025 θέλει
2672 4990 2778 5038 τις,
2809 4973 2907 5026 καὶ
2933 4973 3251 5045 ἀϐούλητος,
3285 4976 3314 5027 6
3337 4973 3413 5046 μὴ

1840 5063 2179 5135 βουλόμενος.
2229 5082 2247 5114 ι
2297 5063 2717 5117 Involuntarium
2759 5065 2958 5118 dicitur
2997 5067 3218 5131 malum,
3269 5071 3412 5135 quod

1837 5153 1957 5221 quis
1985 5166 2088 5204 non
2117 5152 2247 5213 vult,
2281 5159 2336 5204 et
2380 5150 2694 5223 ἁϐούλητος,
2735 5154 2823 5221 qui
2850 5169 2954 5208 non
2985 5155 3096 5208 vult
3129 5168 3145 5206 :
3177 5173 3195 5206 ι
3227 5169 3408 5209 εχειιι-

1837 5243 1980 5314 plum
2020 5259 2084 5298 ex
2121 5245 2221 5298 hoc
2244 5244 2423 5299 Basilii
2460 5245 2578 5299 loco
2605 5256 2870 5315 suppetet.

1900 5332 2017 5387 Col.
2055 5333 2160 5388 678
2189 5331 2346 5388 Α12.
2389 5333 2519 5387 Cum
2573 5351 2667 5388 nos
2730 5351 3046 5390 asseramus.
3115 5335 3412 5392 Obscurior

1830 5435 1948 5478 erat
1975 5435 2134 5478 antea
2189 5427 2457 5480 sententia
2515 5427 2777 5492 auctoris,
2831 5446 2852 5480 ι
2886 5427 3019 5483 Cum
3066 5445 3164 5484 nos
3194 5444 3412 5484 assera-

1831 5531 1949 5570 tuus
1985 5514 2200 5570 Patrem
2230 5531 2350 5571 esse
2377 5533 2614 5587 semper,
2645 5534 2869 5574 necesse
2902 5530 2984 5576 est
3015 5522 3179 5576 etiam
3209 5519 3409 5576 Filium

1828 5621 1948 5660 esse
2002 5621 2236 5676 semper.
2285 5606 2363 5661 Illi
2413 5609 2600 5662 dicunt
2642 5625 2792 5679 ergo,
2821 5611 3099 5679 quoniam.
3144 5631 3163 5664 ι
3211 5612 3316 5668 Sed
3354 5613 3407 5667 in

1829 5701 2006 5757 locum
2055 5699 2370 5775 Graecarum
2427 5715 2616 5759 vocum
2676 5702 3005 5763 δημιουονός
3051 5714 3104 5762 et
3148 5704 3409 5775 δημιουρ-
