3816 6210
423 295 566 352 1055

1574 298 1782 356 ΝΟΤᾹ]
1826 295 2220 356 FRONTONIS
2259 300 2489 359 DUCEI

3552 298 3701 353 {056

420 408 538 471 για.
591 409 635 464 si
694 411 1094 482 substituantur
1147 429 1213 470 ex
1260 415 1506 472 Cornarii
1562 420 2082 489 interpretationeA
2116 420 2498 487 ἐπιτάττεται,
2552 422 2744 477 melius
2807 422 2988 478 verbis
3035 421 3284 477 Cornarii
3335 421 3700 490 exprimetur,

423 499 544 553 dua:
593 501 726 567 istm,
775 519 793 552 ε
839 503 1019 570 opifex
1078 513 1132 558 et
1181 507 1478 572 opificium,
1532 529 1549 562 ι
1607 513 1785 579 potius
1844 528 2004 580 quam

429 607 450 640 ι
479 601 692 643 creator
731 601 783 645 et
811 603 1056 647 creatura
1094 613 1113 647 ι
1147 596 1227 648 vel
1259 617 1276 649 ι
1308 597 1516 653 creatio
1552 620 1571 652 ι
1605 617 1727 654 cum
1757 599 1891 654 Beza
1925 602 2006 656 vel

425 677 812 746 Trapezuntio.
841 683 1125 738 dilucidior
1150 689 1256 740 erit
1281 690 1479 752 oratio,
1511 691 1651 760 quod
1679 707 1799 745 cum
1825 709 2008 747 exem-

425 769 530 834 plis
579 771 749 839 magis
792 777 1124 830 conveniam
1171 778 1516 835 arditiratoris
1558 791 1611 834 et
1651 782 2004 837 navicularii:

428 875 602 927 neque
627 863 772 915 enim
812 864 882 917 illi
909 867 1125 920 domum
1161 879 1253 921 aut
1281 870 1460 922 navim
1500 886 1690 927 creare
1717 875 2002 930 dicuntur:

429 959 487 1004 at
509 952 685 1018 opifex
714 955 1120 1027 mdilicatorque
1160 963 1342 1016 mundi
1381 963 1520 1018 Deus
1545 973 1629 1020 est
1657 966 1821 1020 etiam
1860 966 2010 1022 Cice-

427 1045 581 1108 roni,
613 1061 627 1098 t
667 1047 739 1099 De
779 1059 971 1102 natttra
1007 1053 1246 1106 deorum.

498 1135 618 1192 Col.
638 1138 740 1191 678
766 1139 819 1191 Β.
854 1139 1210 1210 Omnipotens.
1243 1144 1354 1200 lloc
1385 1149 1654 1211 usitatius,
1681 1152 2010 1220 quamtOm-

427 1227 699 1294 nitcnens,
733 1249 750 1282 ι
797 1230 1138 1300 Trapezuntii
1183 1253 1198 1290 :
1241 1237 1319 1291 sic
1366 1239 1511 1292 enim
1559 1240 1715 1294 effert
1763 1243 2007 1298 Grtccam

428 1333 612 1373 vocem
653 1325 1046 1396 παντοκράτωρ
1095 1337 1287 1382 auctor
1332 1327 1478 1385 itala:
1520 1333 2013 1404 interpretationis,

427 1427 493 1464 ex
535 1426 639 1480 qua
690 1415 788 1467 viri
829 1417 970 1472 docti
1023 1421 1178 1476 nobis
1215 1434 1422 1478 reSIare
1469 1436 1656 1493 putant
1698 1444 1792 1481 eos
1839 1445 2008 1485 sacrae

430 1504 722 1570 Scriptura:
779 1506 966 1571 libros,
1013 1526 1150 1578 quos
1191 1529 1256 1566 ex
1303 1513 1530 1568 llebra'o
1569 1518 1792 1573 minime
1849 1524 2010 1574 vertit

431 1593 489 1645 S.
523 1592 901 1666 Hieronymus,
944 1608 1002 1652 nt
1037 1602 1334 1670 Sapientia:
1375 1620 1478 1669 vn,
1513 1606 1626 1661 25:
1670 1609 1783 1662 Kal
1827 1612 2010 1678 ἀπόῤ-

422 1684 561 1749 ροια
595 1685 706 1753 τῆς
743 1689 849 1742 τοῦ
875 1692 1358 1762 Παντοκράτορος
1394 1695 1607 1764 δόξηςο
1647 1698 1712 1752 Et
1746 1704 2009 1754 emanatio

2121 532 2140 563 σ
2176 516 2444 584 siquidem
2477 518 2578 584 ipsi
2607 517 2846 586 jubetur.
2873 535 2892 567 ι

2183 609 2297 662 Col.
2328 608 2433 662 68'2
2465 606 2506 661 ε
2547 608 2600 662 4.
2650 608 2716 661 Et
2771 608 2947 660 omnia
3006 623 3070 662 ea:
3126 607 3382 676 opposito.
3422 603 3702 670 lnterpres

2113 701 2434 766 scripserat,
2465 719 2482 752 ε
2509 709 2564 754 et
2599 699 3030 769 quandocunque
3066 712 3134 751 ex
3177 697 3434 766 oppositu
3465 697 3608 748 inter
3638 707 3702 746 se

2111 791 2472 845 dividuntur:
2521 792 2683 845 etiam
2731 789 3124 844 iunascibilitas
3171 788 3526 843 nascibilitati
3563 801 3702 840 coii—

2113 883 2281 937 traria
2299 893 2401 938 est.
2445 885 2625 950 Quare
2652 885 2696 939 si
2733 885 2922 938 modus
2972 882 3340 938 subsistentia:
3387 879 3695 933 innascibi-

2111 975 2235 1030 litas
2269 991 2372 1028 non
2411 985 2527 1041 est,
2569 975 2662 1030 sed
2708 975 3008 1030 substantia
3035 1017 3049 1039 ,
3106 972 3268 1028 Pater
3303 972 3443 1027 Filio
3500 985 3701 1023 secun—

2109 1071 2236 1123 dum
2281 1070 2638 1124 substantiam
2682 1069 2990 1124 contrarius
3025 1067 3147 1122 erit.
3173 1087 3192 1119 ι
3226 1066 3394 1121 Porro
3426 1064 3493 1116 ad
3539 1077 3697 1115 oram

2109 1159 2213 1214 loci
2257 1161 2420 1220 illius.
2453 1163 2709 1214 Dominus
2743 1177 2929 1214 nomen
2963 1158 3077 1217 tibi.
3115 1167 3328 1213 notarat
3359 1154 3696 1211 Cornarius.

2110 1255 2304 1320 psaltn.
2334 1269 2542 1318 Luxu,
2570 1254 2725 1323 cujus
2754 1255 2804 1308 in
2835 1269 2992 1307 versu
3025 1251 3091 1308 19
3122 1251 3348 1318 legimus
3383 1267 3396 1302 :
3424 1245 3703 1315 Καὶτνὼ-

2110 1359 2333 1407 tuear,
2373 1343 2461 1396 ὅτι
2511 1344 2699 1413 ὄνομά
2750 1358 2847 1398 σοι
2902 1341 3149 1411 Κύριος·
3202 1339 3278 1394 Et
3332 1347 3699 1408 cognoscant,

2108 1435 2230 1501 quia
2269 1451 2453 1487 nomen
2490 1434 2584 1487 tibi
2625 1435 2899 1498 Dominus,
2935 1436 3024 1488 ubi
3060 1433 3324 1487 llebraice
3363 1441 3454 1485 est
3502 1429 3566 1482 τὸ
3608 1445 3704 1481 τε·

2110 1525 2564 1596 τρ-αγράμματον.
2598 1525 2748 1592 Quod
2783 1537 2962 1579 autem
3013 1526 3118 1580 boc
3147 1524 3328 1594 capite
3353 1525 3704 1576 demonstrat

2111 1617 2342 1673 Basilius
2379 1617 2441 1670 τδ
2477 1617 2792 1688 ἀγέννητον,
2826 1617 3122 1685 ingenitum
3165 1615 3250 1670 vel
3294 1613 3705 1668 innascibilita-

2115 1717 2220 1759 tem
2253 1722 2359 1759 non
2396 1705 2704 1775 significare
2735 1707 3096 1760 substantiam
3131 1703 3214 1757 vel
3248 1703 3573 1764 essentiam,
3603 1701 3704 1755 sed

429 1777 668 1844 qmdant
717 1789 790 1832 est
827 1783 1084 1836 claritatis
1120 1788 1486 1854 omnipotentis
1523 1789 1634 1842 Dei.
1674 1792 1825 1845 Adde
1867 1799 2007 1862 quod
2042 1766 2088 1820 Β
2116 1800 2331 1852 modum
2377 1798 2646 1861 essentire,
2677 1798 2759 1850 vel
2812 1798 3028 1851 modum
3073 1796 3371 1850 exsistendi
3422 1809 3704 1863 persona,

431 1867 782 1937 Septuaginta
824 1871 1012 1927 Gra‘ca
1067 1876 1154 1929 illa
1207 1893 1341 1930 voce
1391 1881 1473 1933 usi
1534 1892 1662 1936 sunt
1710 1883 1775 1936 atl
1822 1888 2006 1953 expri-

429 1961 680 2012 mendam
736 1961 1012 2018 llebra-am
1047 1974 1174 2030 77w,
1215 1968 1396 2034 Satlai,
1421 1987 1541 2040 quae
1579 1976 1718 2041 apud
1754 1973 2010 2030 Hebraeos

431 2063 595 2102 Itium
634 2069 699 2106 ex
732 2056 916 2109 decem
957 2056 1047 2111 Dei
1087 2062 1416 2124 nominibus,
1461 2065 1792 2120 uberrimum
1829 2083 2006 2136 sonat,

429 2146 484 2192 et.
541 2154 666 2194 cum
727 2145 879 2211 cujus
941 2147 1304 2218 bonitas‘per
1364 2153 1647 2208 universas
1726 2169 2010 2213 creaturas

430 2243 710 2299 permeat;
751 2248 1031 2303 propterea
1073 2239 1173 2294 Job
1227 2258 1343 2305 vttt,
1371 2244 1427 2304 3.
1455 2247 1685 2300 vertitur
1717 2249 1770 2300 Ὀ
1813 2248 2010 2303 πάντα

429 2322 727 2390 ποιήσας-⁸
764 2327 865 2390 Qui
924 2333 1100 2385 omnia
1157 2333 1320 2402 fecit;
1374 2335 1618 2406 Vulgata,
1669 2338 2008 2410 Omnipotens

426 2413 700 2472 subvertit.
745 2417 908 2484 Idem,
953 2436 1072 2485 cap.
1101 2438 1247 2489 χχιι,
1297 2424 1368 2478 25
1428 2444 1442 2479 :
1500 2429 1707 2483 Ἔσται
1739 2427 1852 2486 οὖν
1891 2450 2009 2488 σου

428 2505 464 2556 ό
511 2506 940 2578 Παντοκράτωρ
985 2513 1242 2580 ,ϐοηθός-
1281 2515 1396 2570 Erit
1444 2520 1606 2586 igitur
1671 2522 2008 2591 Omnipotens

434 2596 724 2651 auxiliator
776 2610 915 2654 tuus.
961 2614 1120 2662 n32!
1171 2609 1402 2662 Σαϐαὼθ
1441 2622 1617 2665 autem
1669 2615 1817 2685 jnngi
1873 2619 2009 2670 solet

427 2705 549 2742 cum
580 2691 905 2748 dictionibus
939 2697 1174 2768 Κύριος,
1223 2701 1303 2753 vel
1345 2701 1501 2768 Θεὸς,
1541 2715 1596 2758 nt
1646 2708 1861 2760 dicatur
1891 2712 2007 2763 rw-

419 2798 555 2848 ⁴ριος·
598 2785 860 2846 Σαϐαὼθ,
919 2809 936 2839 t
966 2791 1223 2845 Dominus
1270 2796 1641 2862 exercituum,
1668 2817 1685 2849 ι
1731 2799 1818 2852 vel
1871 2803 2008 2856 Deus

427 2873 782 2939 exercituum,
819 2876 838 2928 1
887 2876 1020 2947 Reg.
1048 2895 1096 2943 t,
1138 2881 1211 2935 ὃς
1248 2883 1357 2936 Καὶ
1399 2887 1564 2939 θύειν
1603 2887 1684 2953 τῷ
1729 2891 1851 2958 Θεῷ
1898 2896 2012 2947 Σα-

428 2960 610 3017 ϐαὼθ·
649 2964 716 3017 Et
761 2969 1066 3036 sacriﬁcare
1104 2970 1208 3024 Deo
1258 2977 1601 3032 exercituum.
1647 2981 1798 3036 ISaia:
1837 3000 1886 3048 t,
1933 2986 2004 3040 9:

2113 1888 2404 1940 admittunt
2445 1886 2608 1941 etiam
2649 1887 2741 1940 alii
2783 1885 2992 1950 Patres,
3042 1902 3183 1955 quos
3237 1885 3449 1952 profert
3506 1896 3708 1938 noster

2113 1979 2335 2034 Gabriel
2363 1979 2624 2046 Vasques,
2649 1980 2914 2048 Disputat.
2945 1979 3046 2035 137
3083 1981 3134 2034 in
3169 1995 3184 2033 ι
3218 1987 3428 2049 partem
3461 1976 3525 2030 S.
3553 1976 3708 2030 Tho-

2113 2086 2234 2132 mas,
2279 2080 2339 2123 ut
2371 2069 2622 2141 Cyrillns,
2662 2071 2757 2125 lib.
2789 2088 2804 2125 l
2841 2072 3125 2136 Thesauri,
3167 2088 3289 2140 cap.
3312 2070 3366 2132 4.
3403 2068 3565 2134 cujus
3613 2068 3708 2122 hic

2113 2160 2298 2213 titulus
2330 2169 2450 2214 est:
2495 2160 2784 2228 Ἀπολογία
2828 2160 3124 2227 αὐτολεξεὶ,
3174 2160 3257 2213 ὅτι
3304 2156 3379 2228 μὴ
3421 2157 3485 2209 τὸ
3535 2154 3708 2224 ἀγέν-

2110 2273 2272 2325 νητον
2314 2253 2501 2318 οὐσία,
2541 2254 2699 2324 μόνον
2739 2253 2794 2306 δὲ
2841 2251 2934 2306 τοῦ
2985 2253 3058 2323 μὴ
3096 2250 3376 2320 γεγονέναι
3422 2248 3518 2301 τὸν
3567 2246 3704 2300 Θεὸν

2113 2347 2486 2417 σημαντικόνο
2528 2364 2545 2395 t
2573 2345 2722 2412 Quod
2765 2345 3062 2415 ingenitum
3104 2343 3408 2397 substantia
3449 2355 3563 2392 non
3590 2349 3702 2398 est,

2111 2439 2204 2492 sed
2228 2438 2564 2491 solummodo
2595 2438 2756 2491 Deum
2787 2452 2892 2490 non
2920 2451 3039 2490 esse
3065 2435 3305 2504 genitum
3336 2432 3648 2502 signiﬁcat;
3679 2449 3700 2482 ι

2111 2538 2163 2580 et
2195 2544 2312 2597 cap.
2341 2528 2374 2582 5
2401 2528 2639 2596 ejusdem
2675 2527 2793 2580 libri
2825 2545 2837 2579 :
2873 2526 2986 2578 Οὐκ
3013 2525 3122 2595 ἄρα
3158 2523 3220 2576 τὸ
3264 2523 3566 2592 ἀγέννητον
3604 2522 3701 2574 οὖ-

2113 2620 2252 2682 σέας,
2281 2619 2416 2673 ἀλλὰ
2447 2618 2543 2672 τοῦ
2579 2617 2654 2688 μὴ
2687 2617 2908 2671 τοιῶσδε
2945 2613 3084 2670 εἶναι
3122 2615 3220 2688 τὴν
3265 2615 3452 2668 οὐσίαν
3485 2630 3704 2685 σημαν-

2110 2713 2293 2764 τικόν·
2317 2729 2336 2762 t
2359 2709 2473 2765 Non
2505 2725 2628 2765 esse
2651 2711 2811 2777 igitur
2848 2709 3146 2778 ingenitum
3176 2707 3570 2770 substantiam,
3605 2703 3709 2759 sed-

2112 2801 2471 2856 substantiatn
2528 2815 2634 2853 non
2693 2814 2814 2853 esse
2873 2799 2965 2852 tali
3019 2799 3178 2852 modo
3237 2797 3602 2866 signiﬁcatu
3648 2806 3703 2850 et

2111 2894 2404 2964 Gregorius
2433 2893 2711 2964 Nyssenus
2742 2894 2835 2946 lib.
2864 2909 2941 2947 κη
2976 2892 3228 2946 adversus
3271 2890 3623 2953 Eunomium,
3647 2907 3700 2958 p.

2111 2988 2216 3042 504
2244 3007 2257 3044 :
2299 2989 2358 3040 Εἰ
2384 2989 2447 3040 τὸ
2476 2988 2810 3057 ἀγέννητον
2836 2986 3008 3056 ὄνομά
3061 3002 3193 3054 φασι
3222 2984 3321 3054 τὴν
3352 2983 3548 3036 οὐσίαν
3602 2997 3704 3052 ση-

428 3054 500 3108 ιῖὶ
521 3053 619 3158 μὴ
642 3057 1134 3158 Κύριος-..Σιξϐαὼθ
1170 3063 1554 3130 ἐγκατέλιπεο
1595 3071 1720 3127 Nisi
1753 3075 2006 3133 Dominus
2033 3101 2076 3158 ο
2115 3078 2344 3147 μαίνειν,
2369 3078 2463 3132 καὶ
2500 3053 2574 3149 μὴ
2603 3078 2662 3131 τὸ
2689 3053 2820 3132 ἄνευ
2854 3053 3033 3139 cisia;
3060 3053 3157 3147 θὴν
3187 3053 3491 3128 ὑπόστασιν
3521 3073 3700 3144 ἔχεινν

424 3146 751 3200 ωενεὶιιιιιηι
786 3151 1100 3220 reliquisset.

502 3233 635 3327 ibid.
667 3237 708 3290 Β
733 3242 817 3295 ll.
865 3243 1070 3300 Rursus
1109 3249 1452 3321 interrogant.
1496 3253 1594 3308 llic
1620 3270 1836 3327 quoque
1867 3259 2006 3313 dilu-

429 3326 710 3417 cidioretn,
760 3333 974 3402 opinor,
1033 3339 1414 3398 substituimus
1467 3326 1769 3402 versionem
1821 3349 2008 3417 ejeetis

429 3416 537 3473 illis
570 3422 772 3489 verbis,
807 3443 826 3476 ι
858 3442 924 3480 an
969 3444 1090 3483 cum
1122 3433 1191 3486 sit
1228 3445 1387 3491 natus
1419 3449 1503 3491 est
1533 3436 1721 3504 Filius,
1770 3416 1857 3495 an,
1885 3458 2006 3498 cum

432 3526 539 3565 non
576 3514 669 3577 sit,
699 3533 718 3566 ι
758 3526 811 3571 et
858 3519 907 3572 in
944 3521 1010 3576 iis
1049 3538 1168 3590 qua:
1204 3539 1508 3595 sequuntur
1549 3531 1649 3583 alia
1679 3534 2005 3589 emendata:

431 3606 526 3658 sed
563 3615 617 3659 et
671 3609 982 3676 maiusculis
1031 3613 1227 3671 litteris
1281 3619 1370 3673 illa
1432 3619 1702 3677 elferenda
1758 3624 2011 3691 fuerunt,

435 3714 456 3749 ι
480 3698 778 3767 Aliquando
823 3712 877 3758 et
918 3704 977 3760 lu
1033 3715 1304 3777 tempore,
1341 3721 1398 3766 et
1435 3713 1567 3767 Cum
1617 3726 1760 3772 esset
1791 3736 1804 3772 :
1833 3737 1852 3770 ι
1907 3720 2008 3774 hoc

428 3799 534 3851 est,
571 3808 590 3841 t
614 3789 730 3846 Non
783 3796 982 3851 audent
1027 3798 1228 3866 dicere,
1259 3804 1340 3856 An
1388 3804 1702 3874 aliquando,
1725 3827 1746 3860 ι
1780 3808 1862 3864 vel
1900 3827 1919 3861 ι
1952 3809 2008 3864 1η

433 3888 676 3950 tempore
713 3885 779 3938 sit
815 3897 972 3942 natus
998 3891 1083 3944 vel
1119 3894 1353 3961 genitus.
1384 3915 1402 3948 ι

503 3974 636 4028 lbid.
686 3976 748 4030 C.
792 3978 877 4034 12.
924 3979 993 4034 Et
1040 3986 1130 4053 qui
1179 4003 1318 4042 rum.
1375 3987 1730 4046 Distinximus
1762 3993 1876 4048 tunc
1904 3997 2010 4052 duo

431 4071 548 4124 loca
586 4083 716 4126 ante
767 4074 987 4126 coitl‘nsa
1046 4078 1096 4130 in
1158 4095 1321 4132 unum
1353 4098 1366 4132 :
1402 4081 1542 4134 alter
1593 4085 1734 4136 enim
1777 4095 1862 4139 est
1906 4087 2011 4142 lle-

431 4166 725 4234 ltrazorum,
756 4183 803 4234 t,
831 4169 885 4234 5,
929 4169 1034 4234 Qui
1072 4187 1191 4223 cum
1235 4173 1303 4224 sit
1347 4175 1594 4238 splendor
1632 4191 1652 4226 :
1697 4178 1831 4232 alter
1880 4180 2008 4235 Plii-

433 4257 664 4328 lippens.
696 4276 757 4324 tt,
789 4262 843 4322 6,
879 4262 974 4314 xui.
1007 4263 1065 4326 ὃς
1089 4265 1146 4316 ὲν
1183 4268 1363 4336 μορφῇ
1397 4266 1533 4319 Θεοῦ
1561 4269 1843 4340 ὑπάρχων,
1866 4278 2008 4343 quod

433 4367 714 4422 perperam
750 4353 911 4418 Beza,
943 4354 1045 4419 Qui
1097 4373 1214 4409 cum
1257 4361 1327 4411 sit
1381 4361 1437 4413 in
1487 4361 1660 4430 forma
1710 4364 1849 4418 Dei:
1887 4384 2006 4422 nam

2115 3167 2250 3237 ποίῳ
2280 3167 2502 3238 ὀνόματι
2531 3167 2592 3219 τὸ
2620 3166 2749 3219 ἄνευ
2780 3165 2960 3228 αἰτίας
3007 3161 3147 3216 εἶναι
3194 3165 3286 3216 τὸν
3331 3163 3565 3235 Πατέρα
3610 3180 3703 3216 συι-

2123 3261 2412 3332 στήσουσι;
2449 3278 2467 3311 t
2499 3259 2555 3313 Si
2602 3274 2796 3313 nomen
2843 3259 2943 3312 boc
2987 3257 3278 3325 ingenitum
3331 3257 3702 3309 substantiam

2114 3353 2265 3406 aiunt
2291 3351 2620 3421 signiﬁcare,
2649 3359 2702 3403 et
2736 3363 2842 3402 non
2878 3348 3082 3417 absque
3117 3364 3278 3402 causa
3321 3347 3542 3403 Patrem
3575 3350 3705 3403 sub-

2115 3443 2426 3497 sistentiam
2479 3443 2709 3504 habere,
2757 3455 2863 3510 quo
2927 3440 3148 3493 nomine
3209 3439 3424 3494 Patrem
3491 3441 3706 3510 absque

2115 3550 2280 3590 causa
2310 3551 2432 3590 esse
2465 3533 2834 3587 constituent?
2855 3551 2873 3584 ι

2185 3626 2308 3682 Co'.
2329 3627 2436 3682 685
2471 3625 2513 3678 Β
2547 3628 2600 3679 5.
2641 3623 2744 3680 Sed
2801 3625 2974 3693 ipsum
3028 3621 3348 3677 substantia.
3394 3604 3705 3676 Αὑτοουσὶα

2115 3716 2334 3783 scripsit
2366 3716 2750 3785 typograpltus,
2780 3713 3065 3766 dubitante
3098 3712 3329 3766 fortasse
3359 3725 3700 3776 correctore,

2117 3823 2244 3860 nunt
2282 3804 2516 3860 Basilius
2547 3805 2726 3874 potius
2763 3805 3024 3861 edidisset
3062 3805 3374 3868 αὐτοουσξα,
3422 3807 3704 3874 quomodo

2115 3907 2170 3952 et
2201 3898 2253 3950 in
2289 3897 2612 3966 Stephanzca
2646 3896 2947 3968 legebatur,
2986 3907 3042 3952 et
3090 3898 3228 3952 Beza
3267 3901 3518 3953 vertebat
3547 3918 3561 3954 :
3601 3917 3620 3950 ι
3647 3885 3709 3951 Si

2118 3988 2390 4056 ingenitus
2433 4002 2541 4042 non
2595 3998 2680 4041 est
2732 3988 2984 4040 essentia!
3041 4002 3272 4054 nomen,
3322 3987 3415 4040 sed
3468 3987 3706 4054 ipsamet

2116 4081 2392 4136 essentia:
2423 4099 2442 4132 ›
2479 4077 2790 4133 Basiliensis
2820 4087 2875 4132 et
2920 4077 3116 4147 Regius
3151 4075 3242 4143 H.,
3291 4076 3407 4130 ἀλλ’
3441 4075 3578 4130 αὐτὸ
3615 4077 3705 4130 οὑ-

2119 4173 2235 4238 σία,
2286 4191 2304 4224 t
2332 4174 2426 4227 sed
2483 4171 2655 4240 ipsum
2698 4171 2998 4224 substantia
3040 4180 3164 4224 est:
3196 4189 3215 4221 ι
3265 4179 3322 4223 et
3368 4169 3442 4222 ita
3481 4183 3704 4238 quoque

2117 4263 2532 4334 Trapezuntius.
2569 4261 2909 4328 Sequebatur
2942 4262 3080 4330 apud
3125 4261 3375 4315 eumdem
3421 4261 3697 4329 interpre-

2119 4371 2249 4423 tem,
2293 4377 2312 4409 t
2341 4372 2461 4408 rum
2508 4364 2562 4408 et
2601 4352 2773 4407 Filius
2826 4353 3128 4408 substantia
3164 4355 3264 4416 sit,
3305 4362 3361 4406 et
3397 4353 3513 4421 ipse
3551 4353 3702 4423 inge-

433 4455 490 4498 et
540 4445 655 4515 ipse
699 4447 751 4499 in
794 4457 940 4499 textu
999 4448 1250 4515 Epistula:
1297 4451 1362 4504 ad
1420 4451 1789 4522 Pliilippenses
1838 4466 1893 4511 et
1949 4461 2002 4513 in

2126 4452 2262 4503 nitus
2309 4445 2606 4501 substantia
2655 4453 2772 4509 est,
2804 4454 2856 4495 et
2903 4445 3081 4496 omnis
3117 4442 3418 4512 substaptia
3457 4443 3700 4512 ingenita

434 4533 588 4590 Notis
621 4537 735 4591 suis
768 4538 998 4592 reddidit
1031 4539 1245 4602 Latine,
1285 4540 1390 4606 Qui
1430 4559 1546 4594 cum
1577 4555 1706 4598 esset
1747 4546 1802 4599 in
1841 4550 2012 4617 [arma

436 4627 552 4682 Dei.

504 4717 619 4773 Col.
645 4719 816 4774 679A
863 4721 917 4774 '5.
977 4720 1145 4774 Homo
1199 4722 1337 4775 enim
1393 4725 1576 4777 altero.
1619 4725 1741 4780 Haec
1785 4728 2014 4781 obscure

434 4811 723 4864 admodum
759 4813 838 4866 sic
869 4813 1118 4867 ediderat
1153 4814 1440 4884 interpres,
1484 4836 1502 4868 ι
1537 4819 1697 4872 homo
1728 4819 1870 4873 enim
1919 4822 2016 4874 lio-

436 4904 581 4958 mine
630 4907 798 4973 magis
851 4921 954 4958 non
1006 4907 1204 4959 dicitur
1246 4925 1261 4961 :
1305 4908 1477 4962 bonus
1530 4922 1709 4962 autem
1753 4911 1919 4974 bono,
1961 4923 2017 4966 et

433 4996 610 5067 justus
634 4997 803 5067 justo.
833 5017 852 5050 ο
895 4997 1009 5051 Hoc
1046 4999 1299 5052 nimirum
1333 5010 1449 5064 est,
1489 5003 1632 5070 quod
1663 5005 1848 5056 dicunt
1897 5004 2016 5071 plti-

439 5089 690 5157 losopbi,
737 5090 1053 5145 Substantia
1105 5107 1209 5145 non
1257 5094 1484 5162 Suscipit
1517 5095 1688 5164 magis
1719 5106 1771 5147 et
1817 5097 2015 5158 minus,

437 5183 534 5234 sed
581 5183 854 5252 qualitas:
887 5184 1028 5238 unde
1076 5184 1390 5239 Aristoteles
1439 5187 1490 5239 in
1532 5184 1710 5254 Categ.
1740 5203 1758 5240 :
1789 5188 1902 5241 Οὐκ
1952 5187 2018 5241 ἂν

439 5273 734 5344 ἑπιδέχοιτο
760 5277 794 5346 ἡ
827 5275 982 5328 οὐσία
1011 5275 1071 5329 τὸ
1103 5275 1301 5347 μᾶλλον
1327 5277 1424 5331 καὶ
1448 5278 1509 5330 τὸ
1531 5275 1709 5350 ἦττον.
1739 5279 2020 5333 Postremo

438 5381 491 5420 c.
521 5382 598 5431 Ix,
631 5383 694 5421 ex
738 5384 839 5422 ms.
869 5367 1202 5436 etStepban.
1230 5369 1539 5442 ἀρξάμενον
1570 5371 1886 5438 scripsimus
1920 5386 2018 5443 pro

436 5453 754 5528 ἀρξάμενον,
794 5477 813 5508 ‹
843 5458 984 5526 quod
1014 5459 1084 5512 int
1103 5460 1234 5527 repit
1263 5474 1404 5523 esse,
1439 5475 1541 5514 non
1577 5474 1810 5514 cessare.
1834 5478 1854 5512 ι

511 5545 643 5601 Ibid.
673 5548 714 5604 C
764 5550 846 5604 l5.
901 5547 1032 5615 Ipsi.
1067 5549 1340 5606 Trnncata
1383 5561 1502 5606 erat
1558 5552 1672 5606 haec
1721 5553 2017 5616 sententia,

439 5650 563 5689 cum
625 5639 894 5708 legeretur
932 5654 1114 5703 antea,
1156 5660 1175 5692 ι
1221 5643 1475 5711 quoniam
1509 5651 1564 5695 et
1607 5643 1704 5710 ipsi
1751 5639 2016 5710 jubetur:

441 5737 665 5790 coactus
686 5742 736 5789 ut
763 5733 950 5790 nolens
980 5734 1254 5791 ministrat
1284 5755 1294 5765 ·
1334 5757 1351 5790 ι
1387 5738 1478 5793 ευιΙ
1515 5736 1711 5794 etillud
1765 5737 1889 5790 sive
1925 5735 2016 5790 xei

2111 4552 2225 4606 est;
2255 4560 2273 4592 ι
2314 4538 2406 4592 sed
2435 4552 2555 4592 cum
2590 4536 2642 4588 in
2679 4533 2984 4598 Basiliensi,
3014 4535 3208 4602 Steph.
3236 4545 3291 4587 et
3323 4550 3421 4588 ms.
3454 4532 3521 4587 ll.
3558 4536 3694 4588 scri-

2113 4646 2262 4702 ptum
2308 4631 2401 4694 sit,
2449 4627 2744 4698 ἀγέννητος
2800 4628 2893 4680 καὶ
2931 4628 2959 4679 ὁ
2999 4626 3143 4691 Υἱός,
3191 4625 3384 4678 merito
3435 4625 3696 4678 immuta-

2112 4725 2311 4784 vimus,
2350 4739 2367 4770 ι
2402 4721 2672 4790 ingenitus
2701 4720 2863 4773 etiam
2901 4721 3004 4772 erit
3029 4719 3218 4772 Filius.
3250 4736 3272 4768 ι

2183 4813 2432 4869 Col.68't'
2461 4811 2501 4864 (1
2537 4811 2590 4865 3.
2637 4811 2695 4866 Si
2739 4811 2864 4881 quid
2909 4812 3066 4864 enim.
3115 4809 3172 4863 ln
3225 4823 3327 4861 ms.
3370 4805 3504 4876 Reg.
3559 4807 3698 4860 scri-

2117 4917 2265 4975 ptum
2327 4904 2655 4958 olfetulitnus
2714 4903 2963 4956 δεκτικὸν
3003 4901 3105 4954 ,καὶ
3158 4900 3442 4970 ἄνθρωπος
3500 4896 3697 4952 τοῦτο’

2117 5001 2246 5052 ἴδιον
2282 4997 2338 5050 δὲ
2368 4996 2680 5069 ἀνθρώπου,
2715 4999 3065 5065 quamobrem
3101 4995 3283 5047 addita
3313 5004 3394 5047 est
3429 4991 3697 5062 particula

2115 5091 2207 5143 καί
2242 5088 2404 5160 priori
2439 5089 2580 5152 loco,
2625 5103 2748 5142 cum
2803 5087 3018 5140 abesset
3064 5101 3093 5137 a
3127 5083 3408 5138 Basiliensi
3452 5102 3466 5136 :
3506 5098 3696 5136 verum

2117 5199 2180 5236 ex
2236 5182 2562 5249 Stepliantea
2610 5179 2790 5247 potius
2829 5177 2902 5230 ita
2954 5177 3326 5230 restituendus
3380 5184 3464 5228 est
3516 5185 3695 5229 textus

2117 5273 2340 5329 Graec-ns
2367 5289 2380 5325 :
2413 5271 2482 5325 El.’
2508 5287 2560 5323 τι
2590 5268 2699 5340 γὰρ
2732 5266 2869 5334 ζῶον
2917 5267 3158 5336 λογικὸν,
3201 5265 3414 5336 θνητὸν.
3457 5266 3553 5319 νοῦ
3603 5265 3694 5320 καὶ

2116 5367 2432 5436 ἐπιστήμης
2485 5364 2761 5429 δεκτικὸν,
2817 5362 3104 5434 ἄνθρωπος
3160 5360 3352 5424 τοῦτο,
3394 5358 3490 5413 καὶ
3541 5359 3692 5414 τοῦτο

2117 5459 2404 5530 ἄνθρωπος
2429 5472 2443 5487 ο
2483 5475 2503 5508 t
2532 5455 2664 5510 Nam
2701 5457 2746 5510 si
2781 5455 2920 5524 quod
2949 5463 3033 5508 est
3071 5452 3270 5507 animal
3313 5451 3541 5506 rationis
3573 5467 3691 5521 par-

2115 5553 2310 5619 ticeps,
2361 5549 2625 5612 mortale,
2683 5545 3055 5615 intelligentia
3087 5553 3143 5599 et
3196 5544 3439 5598 scientiae
3489 5558 3688 5612 capax,

2115 5645 2278 5697 homo
2330 5641 2458 5694 illud
2501 5649 2615 5704 est,
2666 5649 2721 5694 et
2778 5638 2906 5693 illud
2954 5647 3040 5693 est
3083 5637 3314 5692 homo.»
3360 5633 3691 5706 Porphyrius

2112 5753 2232 5806 cap.
2291 5735 2325 5790 5
2374 5733 2472 5805 τῆς
2517 5729 2869 5804 Εισαγωγῆς
2925 5730 3026 5786 bac
3089 5728 3402 5787 deﬁnitione
3461 5726 3690 5783 homini!
