3816 6210
116 341 274 401 1057

1198 340 1267 396 IN
1302 338 1551 399 LIBROS
1587 335 1869 397 CONTRA
1906 336 2297 396 EUNOMlUM.

3259 338 3392 399 1038

116 475 426 519 contentus
457 461 588 528 fuit,
627 461 765 528 ζῶον
817 461 1033 529 λογικὸν
1075 458 1267 531 θνητὸν
1316 462 1345 513 ό
1385 459 1675 533 ἄνθρωπος

1819 476 1932 514 ram
1962 461 2311 514 mutationem
2344 473 2557 531 passam
2584 472 2726 525 esse,
2765 457 2995 530 primum
3032 458 3183 512 illum
3212 471 3392 515 ortum

119 574 144 606 α
176 556 392 610 animal
441 555 672 609 rationis
726 553 997 623 particeps
1040 554 1289 619 mortale,
1344 553 1568 607 homo.»
1601 552 1713 607 Ra-

116 644 299 697 tionis
336 646 608 711 particeps
655 659 780 697 cum
833 643 1055 707 dicitur,
1098 645 1167 697 ab
1207 645 1534 699 animalibus
1591 647 1717 699 bru-

119 735 224 801 tis,
278 750 405 788 cum
444 750 571 790 vero
628 733 874 798 tuortale,
923 736 991 789 ab
1025 736 1237 806 angelis
1271 751 1397 791 eum
1452 735 1711 808 distingui

113 827 312 883 docet.

194 916 321 973 Col.
348 915 454 972 689
479 918 523 972 Α
560 917 647 972 12.
678 912 798 973 Ἦν
817 915 931 986 ἄρα
959 933 1100 975 wn.
1132 918 1394 973 Vitiosam
1431 917 1711 975 lectionem

114 1009 204 1063 sic
227 1010 503 1078 expressit
525 1008 845 1071 Carnarius,
873 1027 893 1060 ι
921 1010 1049 1065 Erat
1073 1025 1204 1081 ergo
1236 1011 1517 1076 humilius,
1547 1028 1709 1080 quam

116 1110 182 1150 ut
218 1097 373 1152 Patri
406 1099 753 1162 conveniret,
799 1112 991 1154 creare
1036 1113 1122 1164 ea,
1157 1116 1276 1169 qua:
1316 1117 1346 1153 a
1391 1099 1529 1155 Filio
1570 1102 1711 1156 facta

113 1198 277 1252 sunt,
305 1207 325 1241 ι
363 1189 459 1243 sed
488 1189 828 1243 emendanda
865 1199 949 1243 est
1014 1203 1077 1243 ex
1119 1189 1284 1261 Regio
1319 1190 1408 1251 H.,
1461 1192 1561 1244 οὐκ
1600 1191 1709 1261 ἄρα

112 1275 216 1334 οὖν
256 1278 664 1350 ταπεινότερον,
707 1278 788 1334 vel
816 1295 883 1334 ex
915 1281 1178 1349 Stephau.
1215 1297 1268 1351 p.
1295 1281 1421 1347 399,
1453 1282 1554 1337 οὐκ
1603 1283 1711 1355 ἄρα

110 1372 444 1437 ταπεινότ.,
501 1388 521 1421 ι
563 1370 677 1424 Νοιι
751 1381 829 1426 est
908 1371 1072 1441 igitur
1137 1372 1393 1426 humilius
1465 1372 1708 1443 aliquid,

113 1476 289 1526 qnam
318 1469 378 1514 ut
405 1459 554 1515 Patri
589 1462 899 1526 conveniat,
932 1476 1125 1516 creare
1151 1477 1271 1531 quae
1301 1461 1439 1516 liunt
1463 1480 1488 1514 a
1515 1462 1704 1516 Filio.»

112 1553 283 1620 Quod
332 1553 602 1622 sequitur,
639 1551 700 1606 οὐ
748 1552 857 1625 γὰρ
903 1549 973 1625 ἦν
1014 1571 1144 1608 ποτε
1190 1555 1416 1625 ἄσοφος,
1449 1555 1707 1609 immuta-

112 1647 306 1701 vimus
351 1647 422 1699 ita
456 1660 669 1700 versum
703 1645 749 1717 (ι
784 1661 890 1701 non
941 1648 1086 1703 enim
1130 1657 1271 1716 erat,
1329 1648 1549 1718 quando
1589 1656 1710 1704 erat

111 1738 473 1808 insipiens»)

1816 566 1937 605 esse
1973 559 2210 621 negant:
2240 552 2414 605 eidem
2453 561 2630 604 tamen
2683 550 2995 617 angelorum
3031 551 3393 622 principatum

1815 644 2050 696 delatum
2082 657 2203 697 esse
2249 643 2578 709 concedunt,
2614 644 2705 708 qui
2746 657 2887 697 unus
2933 660 2963 695 e
3001 643 3190 711 primis
3235 647 3393 713 prin-

1814 734 2025 803 cipibus
2058 745 2224 800 esset,
2278 750 2309 788 a
2343 749 2450 802 quo
2481 749 2579 788 nec
2620 735 2746 787 illud
2805 733 3033 789 dissidet
3091 750 3104 788 :
3154 732 3221 787 Et
3256 735 3392 790 sicut

1814 841 1951 880 unus
2002 827 2066 878 de
2115 827 2439 894 principibus
2499 823 2879 896 caditis(Psal.
2927 823 3144 895 LXXXI).
3190 843 3210 877 ι
3246 826 3390 880 Idem

1815 916 2179 987 Hieronymus
2226 919 2478 970 adversus
2508 917 2844 972 Iovinianum
2892 918 2958 972 de
2990 916 3239 972 Lucifero
3274 928 3390 972 tra-

1814 1009 1893 1063 dit
1933 1020 1987 1061 et
2023 1009 2139 1076 ejus
2192 1024 2344 1064 casu.
2388 1008 2447 1063 S.
2489 1007 2825 1076 Augustinus
2860 1006 2956 1061 lib.
2987 1024 3046 1062 ιιι
3090 1008 3165 1063 De
3198 1007 3390 1064 Genesi

1814 1101 1884 1152 ad
1928 1098 2196 1163 litteram,
2251 1114 2373 1168 cap.
2405 1098 2493 1161 10,
2536 1099 2782 1153 meminit
2840 1099 3230 1168 quorumdam,
3292 1098 3390 1168 qui

1814 1190 1886 1244 ita
1911 1191 2235 1254 sentiebant,
2270 1206 2368 1246 nec
2406 1191 2524 1244 illos
2558 1198 2710 1245 notat
2742 1199 2835 1243 aut
2865 1190 3060 1259 carpit.
3093 1189 3391 1261 Gregorius

1813 1282 2056 1353 Magnus,
2109 1283 2295 1337 ltomil.
2345 1282 2414 1337 54
2461 1281 2540 1336 De
2589 1293 2795 1337 centum
2845 1283 3044 1348 oribus,
3091 1299 3251 1353 quem
3303 1297 3391 1340 se-

1812 1374 1996 1443 quitur
2025 1374 2083 1427 S.
2111 1373 2369 1439 Thomas,
2404 1389 2420 1428 1
2451 1390 2528 1444 ρ.,
2557 1386 2747 1443 quaest.
2770 1374 2859 1441 63,
2892 1374 3132 1441 artic..7,
3169 1390 3269 1430 nec
3306 1383 3392 1429 ta-

1813 1481 1935 1519 men
1987 1466 2213 1520 alteram
2273 1467 2582 1534 opinionem
2638 1468 2886 1521 damnari
2937 1467 3084 1535 vult,
3131 1482 3252 1538 quae
3302 1476 3389 1522 est

1812 1555 2131 1611 Datnasccni
2170 1557 2264 1610 lih.
2296 1572 2334 1610 ιι
2366 1555 2440 1610 De
2473 1556 2578 1626 ﬁde
2607 1556 2920 1623 orthodoxa,
2959 1573 3078 1626 cap.
3109 1560 3164 1625 4,
3202 1573 3267 1613 ex
3300 1558 3388 1613 iit-

1810 1647 2103 1702 ferioribus
2157 1648 2413 1702 nimirum
2469 1648 2752 1703 ordinibus
2803 1649 2974 1705 fuisse
3023 1649 3243 1721 angelos
3295 1649 3389 1720 qui

1813 1739 1947 1807 lapsi
1986 1748 2131 1794 sunt.
2161 1740 2304 1792 Sane
2334 1739 2548 1808 quidem
2577 1739 2749 1793 locum
2794 1741 2944 1795 illum
2976 1740 3095 1797 lobi
3129 1742 3391 1797 historico

183 1827 310 1883 Col.
335 1827 435 1883 691
473 1827 519 1881 Α
546 1827 600 1884 5.
638 1824 814 1895 Quare
867 1828 1096 1886 videtur.
1145 1827 1423 1897 luterpres
1483 1830 1698 1888 edidit:
1737 1812 1777 1867 Β
1805 1846 1964 1886 sensu
2001 1833 2204 1885 malunt
2238 1831 2326 1885 alii
2371 1832 2438 1885 de
2467 1831 2690 1885 animali
2728 1833 2961 1901 quodam
2999 1835 3269 1899 terrestri,
3301 1834 3388 1891 vel

112 1939 136 1972 ι
169 1918 366 1988 Quare
397 1919 614 1976 videtur
643 1922 710 1975 de
739 1920 1097 1976 similitudine
1126 1934 1192 1975 ac
1231 1920 1516 1976 identitate
1562 1923 1704 1993 ipso-

107 2027 238 2066 rum
273 2012 328 2066 in
365 2012 619 2068 omnibus
653 2011 929 2082 similique
959 2012 1286 2076 substantia,
1320 2028 1424 2065 non
1460 2011 1528 2065 de
1551 2027 1703 2067 crea-

108 2113 237 2158 tura
291 2116 357 2158 ea
417 2103 577 2159 verba
638 2102 863 2159 dixisse.
893 2120 912 2155 ι
972 2101 1115 2170 Quid
1160 2103 1227 2156 sit
1281 2102 1701 2173 ἀπαράλλακτος

106 2195 301 2264 οὐσία,
328 2207 385 2252 et
416 2196 690 2268 quomodo
724 2196 920 2252 Latine
966 2210 996 2250 a
1035 2195 1288 2251 Patribus
1339 2197 1700 2266 exprimatur,

108 2292 279 2345 docet
314 2291 372 2343 in
407 2290 519 2344 suis
562 2289 620 2345 in
669 2286 978 2359 Gregorium
1026 2284 1432 2341 Nazianzenum
1484 2286 1703 2344 scholiis

108 2382 471 2438 doctissimus
517 2382 725 2448 Billins,
773 2381 864 2451 qui
934 2391 989 2436 et
1030 2379 1172 2446 apud
1224 2379 1412 2444 illum,
1463 2396 1517 2449 p.
1561 2380 1697 2446 682,

108 2476 302 2541 vertit,
333 2485 479 2543 orat.
503 2473 595 2536 42,
635 2475 671 2546 ἡ
711 2472 1133 2544 ἀπαράλλακτος
1174 2469 1360 2537 εἰκὼν,
1393 2471 1422 2522 ὁ
1457 2470 1551 2525 τοῦ
1593 2472 1702 2525 Πα-

105 2565 241 2637 τρδς
268 2567 399 2638 ὄρος
422 2566 518 2618 καὶ
548 2564 729 2633 λόγος,
771 2583 789 2616 ι
820 2565 908 2618 illa
940 2579 1036 2633 per
1063 2564 1245 2617 omnia
1273 2563 1471 2618 similis
1499 2563 1698 2633 imago,

109 2657 203 2711 ille
236 2655 419 2711 Patris
463 2657 729 2711 terminus
767 2664 824 2710 et
857 2656 999 2710 ratio
1028 2672 1042 2709 :
1074 2673 1095 2709 ι
1135 2656 1320 2724 itaque
1355 2654 1481 2708 illud
1523 2655 1696 2711 Atha-

108 2749 277 2811 nasii,
313 2748 575 2818 disputat.
599 2746 635 2800 2
668 2758 851 2800 contra
881 2747 1128 2810 Arianos,
1166 2763 1218 2816 p.
1246 2745 1370 2808 155,
1400 2746 1492 2800 καὶ
1514 2746 1699 2817 ἀπαρ-

107 2840 384 2896 άλλακτον
446 2839 606 2911 ἔσχεν
663 2838 893 2902 εἰκόνα,
945 2839 1025 2894 sic
1096 2839 1440 2910 interpretari
1514 2850 1698 2908 potes,

114 2951 135 2984 ι
167 2932 481 3002 habuitque
515 2947 614 3002 per
669 2932 853 2985 onmia
893 2930 1125 2984 similem
1167 2930 1248 2983 sui
1303 2928 1590 3000 imaginem
1632 2948 1694 2984 ει

109 3035 172 3078 ut
200 3025 259 3079 in
286 3025 477 3078 eodem
506 3025 644 3078 libro
673 3023 808 3077 dixit
841 3036 894 3093 p.
925 3023 1050 3086 151,
1080 3021 1174 3077 καὶ
1200 3021 1382 3093 ὅμοιός
1411 3023 1527 3074 ἐστι
1560 3022 1700 3076 κατὰ

106 3118 295 3171 πάντα
328 3115 424 3169 τοῦ
462 3114 695 3187 Πατρός,
736 3131 756 3166 ι
784 3115 1086 3183 similisque
1129 3129 1225 3183 per
1254 3114 1436 3167 omnia
1476 3111 1649 3170 Patri.
1673 3134 1692 3166 ι

106 3206 226 3262 Nec
265 3207 400 3261 satis
427 3207 738 3275 ettpriitntttt
768 3205 876 3258 vim
915 3205 1190 3271 dictionis,
1219 3206 1310 3275 qui
1347 3223 1366 3255 ι
1401 3219 1503 3257 non
1531 3204 1696 3259 dissi-

107 3298 324 3362 milem,
350 3316 368 3348 ι
405 3297 489 3350 vel
523 3315 542 3350 ι
570 3295 1063 3358 incommutabilem
1101 3313 1120 3348 ι
1148 3305 1399 3362 vertunt;
1429 3296 1700 3349 excedunt

103 3398 318 3452 autem,
349 3387 440 3458 qui
484 3405 502 3437 t
542 3386 878 3441 identitatem
918 3404 937 3438 ι
982 3386 1071 3441 hic
1101 3385 1327 3440 addunt.

177 3480 319 3534 Ibid.
352 3476 394 3531 Β
417 3478 469 3533 7.
503 3475 562 3533 Si
591 3481 790 3549 imago.
839 3477 1236 3547 Corrigendum
1286 3477 1338 3531 in
1393 3470 1586 3532 GraeCo
1629 3492 1697 3532 ex

106 3590 218 3631 ms.
267 3572 336 3629 ll.
368 3570 654 3628 καθοτιοῦν
678 3588 692 3601 ·
728 3572 824 3628 sed
878 3572 1038 3626 aliter
1093 3570 1498 3626 distinctionem
1537 3568 1695 3622 adhi-

105 3668 310 3724 buerat
363 3663 710 3736 Trapezuntii
768 3665 962 3732 codex,
1004 3679 1127 3718 cum
1193 3679 1302 3732 quo
1355 3663 1518 3716 etiam
1571 3660 1696 3715 Ste-

105 3761 278 3832 phani
318 3761 484 3815 editio
516 3758 806 3824 consentit,
836 3758 886 3810 si
914 3754 1079 3810 εἰκὼν
1113 3754 1330 3817 πάντως
1370 3752 1532 3824 ὁμοία
1559 3751 1697 3806 καθ-

104 3852 329 3917 trrtoiw,
362 3851 457 3905 καὶ
491 3849 521 3900 ὁ
557 3849 684 3914 Υἱός
711 3851 860 3906 ἐστιν
886 3846 1073 3912 εἰκών,
1112 3866 1130 3899 ι
1161 3846 1219 3900 Si
1259 3846 1482 3899 omnino
1516 3844 1695 3915 imago

104 3957 195 4003 est
238 3947 292 4000 in
323 3945 516 4015 quovis
557 3942 773 4004 similis,
802 3952 857 3995 et
890 3940 1058 3994 Filius
1095 3947 1180 3991 est
1224 3937 1420 4004 imago.
1452 3953 1470 3986 ι
1499 3935 1696 3989 Emen-

104 4041 363 4094 davnnus
402 4052 466 4090 ex
508 4027 694 4090 eadem
738 4040 792 4087 et
832 4047 899 4086 ex
955 4044 1056 4085 ms.
1087 4028 1208 4082 κατ’
1234 4026 1387 4080 οὐδὲν
1422 4024 1606 4097 ὁμοία,
1640 4034 1697 4079 et

104 4126 255 4181 κατὰ
302 4125 483 4178 πάντα
536 4119 817 4191 ἀνόμοιος·
869 4118 962 4172 sed
1021 4118 1073 4170 in
1135 4115 1372 4185 capitulo
1445 4114 1692 4183 sequenti

105 4218 373 4272 mendose
433 4214 486 4268 in
520 4211 782 4280 Stepltan.
819 4217 876 4264 et
918 4206 1198 4261 Basiliensi
1248 4205 1349 4257 luit
1374 4201 1589 4274 βλέπων
1638 4210 1693 4255 et

103 4306 366 4371 ἁκούων,
424 4321 521 4376 pro
579 4301 775 4374 βλέπον
826 4309 882 4355 et
931 4296 1169 4365 ἀκοῦον·
1221 4307 1280 4349 ut
1327 4294 1568 4365 suggerit
1623 4290 1689 4348 Η.

107 4416 218 4456 nis.
280 4399 376 4467 qui
444 4409 631 4450 rursus
698 4405 983 4462 perperam
1056 4389 1246 4442 habuit
1307 4384 1540 4456 βλέπει,
1593 4397 1690 4453 pro

1806 1924 1874 1979 de
1923 1934 2172 1992 serpente
2221 1923 2274 1978 in
2324 1923 2675 1993 iungentibus
2728 1924 2859 1979 locis
2908 1926 3137 1993 degente
3177 1918 3383 1980 intelli-

1803 2030 1952 2085 gere,
2003 2014 2243 2085 nihilque
2287 2014 2399 2070 de”
2389 2016 2631 2084 principe
2693 2017 2995 2071 datmomnn
3039 2018 3129 2086 qui
3164 2017 3380 2071 cecide-

1802 2116 1947 2173 runt,
1977 2123 2041 2162 ex
2073 2107 2353 2175 Scriptura
2384 2117 2533 2161 certo
2584 2106 2762 2176 colligi
2809 2123 2989 2177 posse,
3034 2116 3093 2162 ut
3127 2109 3376 2178 plnrlbus

1801 2198 1992 2268 probat
2035 2208 2218 2253 noster
2247 2196 2465 2252 Gabriel
2503 2196 2743 2266 Vasques
2789 2197 2842 2250 in
2884 2196 3032 2251 illam
3074 2197 3132 2252 S.
3159 2195 3386 2254 Thom:

1801 2290 1871 2347 63
1897 2291 2266 2361 quaestionem.

1871 2356 1987 2435 ein.
2017 2378 2122 2435 695
2149 2377 2189 2432 c
2220 2378 2273 2432 ε.
2310 2376 2442 2432 Cum
2487 2388 2801 2447 sperassent.
2856 2376 3015 2431 Aliud
3071 2385 3159 2432 est
3201 2356 3406 2447 ικιιειιι.ζ

1803 2473 2022 2528 tentiam
2049 2488 2235 2541 agere,
2268 2471 2411 2525 aliud
2442 2470 2786 2539 resipiscere,
2824 2480 2918 2524 aut
2946 2470 3111 2524 vitam
3141 2481 3379 2534 mutare,

1800 2563 2152 2632 quamobrem
2179 2560 2476 2614 ilelevimus
2510 2559 2636 2612 illud
2671 2556 3030 2625 Trapezunt.,
3068 2576 3087 2609 ι
3117 2571 3239 2612 cum
3262 2571 3387 2626 spe-

1800 2668 1985 2708 ramus
2030 2652 2347 2721 ptnuitentia
2385 2665 2548 2719 posse
2585 2649 2846 2703 salvari.)

1869 2746 1986 2804 Col.
2014 2745 2116 2801 699
2145 2746 2182 2797 Β
2207 2744 2261 2800 8.
2294 2742 2359 2798 Et
2391 2747 2640 2799 creatrix.
2682 2742 2779 2796 Ms.
2815 2739 2909 2805 IL,
2938 2739 3033 2794 καὶ
3058 2741 3091 2811 ή
3127 2738 3386 2803 ἄκτιστος

1800 2840 2009 2911 οεότης,
2057 2850 2156 2893 tet
2205 2839 2442 2890 iucreata
2502 2836 2845 2889 divinitaszt
2897 2844 2951 2887 at
3008 2833 3271 2902 Stepltan.
3322 2842 3381 2887 et

1799 2932 1935 2985 Beata
1985 2929 2239 3000 κτίστης,
2281 2945 2299 2975 ι
2329 2935 2385 2979 el.
2425 2925 2661 2979 creatrix
2709 2923 2902 2986 iteitas,
2932 2940 2951 2973 ι
3007 2921 3222 2974 tametsi
3270 2918 3385 2973 for-

1788 3031 1946 3073 etasse
1985 3018 2112 3087 legit
2138 3014 2541 3082 Trapeznntins
2565 3012 2774 3073 κτῖστις
2804 3006 3018 3080 θεότης.
3059 3006 3223 3061 Paulo
3255 3015 3383 3077 post

1802 3128 1866 3168 ex
1906 3112 2092 3163 eadem
2123 3109 2251 3163 edit.
2277 3106 2537 3175 Stephan.
2568 3112 2871 3158 correctum
2907 3109 2993 3155 est
3040 3098 3138 3153 ἐπὶ
3182 3097 3243 3153 τὸ
3288 3115 3382 3152 πι-

1803 3203 2012 3258 στεύειν
2036 3218 2050 3233 ·
2096 3220 2115 3253 ι
2144 3198 2578 3271 ᾳυιιηόοίιυίιίινιη
2621 3194 2843 3249 credere
2886 3207 2983 3247 nos
3022 3193 3074 3248 in
3111 3207 3258 3255 cum,
3291 3191 3381 3247 vel

1798 3294 1959 3351 simul
2002 3307 2122 3347 cum
2165 3306 2249 3352 eo,
2283 3289 2364 3343 vel
2396 3297 2520 3341 ante
2568 3286 2741 3355 ipsunt
2788 3283 3186 3337 inveniretura
3228 3280 3375 3337 Ben

1797 3400 2079 3457 perperam
2115 3381 2221 3455 πρό
2248 3381 2408 3434 vertit
2439 3397 2459 3431 ι
2490 3389 2628 3447 post,
2654 3396 2673 3429 ι
2711 3387 2768 3431 et
2797 3375 2944 3447 ἡμᾶς
2971 3374 3175 3430 omisit.

1868 3475 1987 3531 Col.
2024 3474 2130 3529 702
2180 3476 2223 3527 Δ
2271 3470 2358 3527 15.
2420 3468 2603 3539 Ipsum
2662 3468 2886 3535 petebat.
2935 3464 3206 3521 Truncala
3264 3464 3379 3520 haec

1798 3564 2014 3618 fuerant
2046 3562 2232 3615 Latine
2264 3573 2525 3613 conversa
2556 3558 2624 3612 ab
2654 3558 2971 3625 interprete,
3018 3555 3170 3624 quasi
3220 3553 3379 3608 dees-

1796 3667 1918 3712 sent
1957 3655 2079 3719 ista,
2107 3651 2277 3722 αὐτὴν
2307 3650 2447 3721 ᾔτει.
2482 3649 2557 3702 Οὐ
2585 3648 2694 3717 γὰρ
2736 3644 2802 3700 ἂν
2827 3644 2856 3698 ὃ
2888 3642 3002 3716 εἶχε
3030 3644 3215 3698 λαὸεῖν
3247 3646 3379 3698 ἐπε-

1797 3748 1971 3822 ζήτει,
2003 3762 2123 3816 qtne
2168 3758 2356 3799 omnes
2395 3742 2658 3795 editiones
2684 3748 2737 3792 et
2773 3751 2904 3793 mss.
2929 3735 3207 3791 exhibent.
3237 3734 3378 3789 [iur-

1796 3856 1889 3895 sus
1915 3841 1965 3892 in
1988 3836 2092 3891 [ine
2116 3834 2333 3904 capituli
2360 3832 2518 3902 hujus
2545 3846 2725 3885 vocem
2751 3826 3064 3899 οἰκονομίας
3088 3827 3373 3881 omiserat.

1798 3930 1873 3986 De
1899 3908 2132 3984 Photino
2170 3925 2523 3995 Epiphanius,
2547 3923 2742 3978 hatresi
2785 3920 2879 3986 7l,
2905 3919 2999 3991 qui
3045 3921 3099 3974 itt
3142 3918 3376 3975 concilio

1797 4021 2105 4081 Sardiceusi
2150 4036 2271 4074 eum
2320 4021 2632 4072 damnatum
2679 4015 2896 4077 asserit,
2951 4015 3054 4067 hoc
3084 4019 3170 4066 est
3217 4012 3370 4066 circa

1793 4129 1995 4170 annum
2021 4111 2220 4168 Christi
2252 4108 2387 4162 5H:
2411 4107 2611 4161 Φάσκει
2638 4104 2894 4177 ἀπαρχῆς
2913 4102 3004 4157 τὸν
3027 4101 3261 4174 Χριστὸν
3296 4100 3377 4174 μὴ

1793 4202 1951 4272 εἶναι,
1968 4202 2075 4258 ἀπὸ
2087 4201 2144 4255 δὲ
2160 4198 2401 4272 Μαρίας,
2418 4199 2511 4252 καὶ
2526 4196 2684 4268 δεῦρο
2704 4195 2866 4249 αὑτὸν
2890 4194 3176 4265 ὑπάρχειν,
3199 4191 3373 4258 ἐξότε,

1794 4298 1947 4369 φησὶ,
1981 4294 2042 4349 τὸ
2082 4291 2307 4363 Πνεῦμα
2344 4290 2405 4343 τὸ
2449 4291 2603 4358 ἅγιον
2636 4286 2868 4360 ἐπῆλθεν
2908 4286 2996 4339 ἐπ’
3040 4283 3245 4357 αὐτὴν,
3277 4284 3376 4338 καὶ

1793 4385 2056 4459 ἐγεννήθη
2105 4388 2170 4439 ἐκ
2214 4382 2533 4454 Πνεύματος
2578 4379 2768 4450 ἁγίουο
2805 4397 2824 4430 ι
2854 4376 3066 4432 Asserit
3114 4378 3184 4430 ab
3218 4376 3373 4431 initio

111 4488 305 4562 βλέψει
329 4504 344 4519 ·
382 4487 525 4542 unde
555 4482 971 4556 Trapezuntius,
1009 4497 1029 4532 ι
1062 4489 1120 4534 ιιι
1157 4495 1355 4549 corpus
1395 4485 1604 4542 cernet,
1633 4482 1690 4529 et

1805 4482 2067 4537 Christum
2131 4494 2235 4532 non
2280 4466 2425 4540 esse,
2472 4489 2657 4529 verum
2696 4489 2725 4526 a
2759 4470 2948 4536 Maria,
2991 4477 3046 4524 et
3093 4469 3374 4538 hucusque

108 4591 169 4635 ut
198 4593 397 4649 corpus
423 4577 627 4641 audiet,
658 4574 738 4646 (ut
768 4572 1107 4643 ἐνεργήσειή
1133 4569 1469 4638 operahitur.
1495 4585 1515 4618 ι

180 4671 302 4728 Col.
326 4668 432 4724 694
462 4667 580 4723 C8.
632 4663 700 4721 Se
741 4664 1032 4719 diabolum.
1078 4660 1453 4730 Expunximus
1498 4657 1692 4713 obscu-

108 4782 230 4822 ram
284 4763 619 4825 versionem,
659 4776 678 4810 ι
712 4758 882 4835 latent
925 4753 1195 4810 diabolum
1228 4751 1469 4806 colentes
1497 4756 1551 4803 et
1584 4763 1687 4802 non

109 4859 311 4916 Filium
347 4856 510 4910 Dei.)
567 4851 740 4906 Porro
788 4851 932 4904 hunc
982 4845 1163 4901 locum
1208 4841 1329 4898 Jobi
1373 4857 1464 4908 XL,
1499 4840 1585 4906 14,
1623 4840 1690 4894 de

110 4950 360 5023 principe
406 4948 710 5002 damonum
771 4939 1034 5013 quosdam
1095 4934 1426 4991 intellexisse
1476 4938 1690 4987 constat

107 5061 177 5100 ex
210 5040 604 5114 Olympiodoro
632 5038 688 5092 in
732 5032 938 5091 Catena
979 5028 1221 5086 Nicetze:
1255 5028 1319 5080 Ui
1351 5024 1451 5096 μέν
1499 5038 1687 5094 φασιν,

107 5138 192 5190 ὃτι
229 5131 454 5206 πρῶτον
490 5126 680 5183 τοῦτον
711 5125 924 5180 ἔκτισεν
951 5123 980 5177 ό
1016 5120 1178 5184 Θεός·
1213 5119 1265 5172 οἱ
1298 5118 1354 5171 δὲ
1397 5115 1690 5186 φεύγοντες

108 5205 327 5290 dub),
364 5224 448 5278 ὅτι
488 5220 706 5295 πρῶτον
758 5216 972 5291 ποίημα
1019 5212 1115 5267 τοῦ
1156 5209 1292 5266 Θεοῦ
1336 5208 1435 5282 τὴν
1481 5205 1691 5281 τροπὴν

108 5321 405 5392 ὑπέμεινε,
451 5313 636 5386 φασὶν,
679 5312 761 5367 ὅτι
804 5311 867 5365 οὐ
920 5306 1132 5381 πρῶτος
1182 5304 1256 5380 μὴ
1310 5302 1537 5392 γέγονε,
1588 5301 1692 5392 τῂν

108 5388 337 5486 πριὶιτην
386 5408 443 5467 δὲ
486 5406 662 5480 ἀρχὴν
716 5402 870 5477 παρὰ
930 5399 1184 5470 ἀγγέλοις
1234 5392 1404 5468 εἶχεν,
1451 5388 1535 5457 εἷς
1580 5391 1689 5486 eti-tv

108 5478 348 5579 πρώτῷν
376 5478 651 5573 ἀρχόντων
692 5494 991 5568 τυγχάνων,
1036 5490 1178 5546 κατὰ
1209 5488 1291 5553 τὸ,
1335 5485 1447 5542 Καὶ
1599 5478 1689 5549 εἷς

106 5575 230 5652 τῶν
290 5593 597 5664 ἀρχόντων
644 5589 918 5643 πίπτετε·
972 5583 1253 5651 «Quidam
1316 5580 1472 5633 aiunt
1542 5575 1687 5629 hunc

110 5689 345 5759 primum
378 5701 411 5739 ιι
453 5681 564 5738 Deo
595 5689 836 5737 creatum
890 5691 1039 5740 esse;
1078 5674 1169 5729 alii
1221 5685 1374 5735 vero,
1423 5682 1549 5725 cum
1603 5664 1688 5721 di-

110 5795 239 5839 cere
271 5776 627 5836 reformident
658 5772 889 5845 primam
928 5784 962 5824 ιι
994 5769 1103 5825 Deo
1150 5764 1422 5823 conditam
1468 5763 1684 5817 creatu-

1792 4573 1967 4643 ipsum
2015 4570 2300 4636 exsistere,
2330 4582 2394 4622 ex
2423 4582 2530 4637 quo
2570 4564 2806 4631 Spiritus
2854 4569 3099 4623 sanctus,
3148 4559 3369 4628 inquit,

1788 4663 2100 4734 supervenit
2146 4662 2199 4715 in
2257 4660 2458 4730 ipsam,
2506 4665 2563 4710 et
2619 4654 2837 4727 genitus
2899 4660 2984 4706 est
3033 4665 3102 4706 ex
3161 4648 3371 4719 Spiritu

1788 4762 2104 4895 “23?.735
2146 4837 2190 4890 A
2234 4836 2319 4889 l5.
2357 4832 2565 4889 Creavi.
2623 4832 2701 4887 lta
2754 4830 3048 4887 Cornarius
3097 4838 3152 4883 et
3201 4826 3367 4894 Beza,

1785 4933 1988 4989 rectius
2025 4946 2186 5001 quam
2231 4925 2659 4996 Trapezuntius,
2702 4923 2917 4978 Possedi
2962 4922 3259 4987 hominem,
3309 4929 3372 4977 ut

1789 5035 1873 5079 est
1912 5024 1965 5077 in
2003 5021 2228 5091 Vulgata
2265 5033 2330 5072 ex
2380 5014 2628 5081 llebrazo,
2673 5014 2831 5085 quasi
2865 5012 3084 5085 legisset
3137 5012 3371 5084 ἐκτησά-

1792 5129 1924 5186 μην,
1957 5120 2119 5180 prout
2144 5108 2428 5163 etliderunt
2473 5105 2637 5160 etiam
2666 5101 2833 5167 LXX,
2869 5101 3100 5158 Genesis
3131 5116 3242 5156 xu.
3271 5099 3371 5156 lle-

1788 5204 1877 5275 giu
1900 5240 1907 5250 .
1934 5200 2000 5254 ll.
2032 5198 2196 5254 habet
2236 5195 2562 5267 ὲκτισάμην,
2594 5205 2648 5247 et
2678 5194 2752 5247 ita
2784 5202 2993 5247 certum
3017 5201 3104 5246 est
3142 5192 3228 5246 edi
3273 5205 3369 5245 vo-

1789 5295 1956 5348 luisse
1993 5292 2286 5356 Basiltum,
2337 5292 2479 5358 quod
2513 5288 2856 5342 existimaret
2900 5286 2975 5341 ita
3020 5283 3284 5353 scriptum
3333 5295 3366 5339 ι

1788 5383 1952 5442 LXX.
1985 5383 2120 5440 Nam
2161 5384 2506 5456 ἐκτησάμην,
2539 5398 2568 5435 a
2602 5378 2854 5451 praesenti
2894 5377 3152 5448 κτάομαι,
3196 5375 3366 5443 paui-

1787 5481 1886 5532 deo
1915 5486 2099 5542 sonat,
2131 5490 2238 5530 nou
2269 5492 2387 5529 creo
2411 5489 2430 5527 :
2465 5488 2640 5543 neque
2677 5473 2846 5529 estin
2903 5484 3003 5524 usu
3050 5467 3189 5537 apud
3239 5480 3365 5536 pro.

1785 5572 1943 5627 lanos
1978 5570 2195 5627 Graecos
2226 5578 2476 5622 auctores
2516 5564 2804 5636 κτίζομαι,
2833 5568 2895 5616 nt
2923 5556 3195 5631 signiﬁcet
3220 5572 3366 5624 creo,

1784 5663 1867 5719 vel
1909 5660 2098 5717 condo.
2147 5659 2426 5730 Scriptura
2460 5671 2679 5728 quoque
2724 5654 2893 5711 verbo
2938 5651 3148 5725 ποτίζειν
3189 5650 3366 5704 activo

1785 5753 1952 5811 utitur
2000 5761 2231 5821 tantum,
2273 5760 2334 5809 ut
2377 5748 2503 5824 Sap.
2550 5765 2625 5819 ιι,
2655 5748 2727 5806 23
2757 5767 2773 5804 :
2805 5744 2951 5814 Θεὸς
3007 5744 3208 5800 ἔκτισε
3262 5738 3364 5795 τὸν
