3816 6210
444 333 582 389 1059

1573 330 1781 387 NOTAE
1820 327 2006 385 FRON
2026 327 2218 384 ['0le
2256 327 2492 385 DUCIEI

3560 335 3705 390 1060

441 447 756 513 ἄνθρωπον
776 444 876 498 ἐπ’
898 445 1227 514 ἀφθαρσίᾳ,
1266 443 1402 497 Deus
1438 445 1631 498 creavit
1665 443 1928 497 hominem
1961 443 2013 493 in

2120 439 2320 504 ritatis,
2347 441 2451 495 nisi
2477 452 2637 508 opera
2681 448 2873 494 cuncta
2909 451 3216 496 sanctorum
3251 441 3478 499 Patrum
3507 449 3704 502 eadem

442 538 868 605 incorruptione;
921 547 977 590 et
1031 535 1194 590 Eccli.
1223 549 1381 598 xvm,
1411 535 1481 588 l:
1525 535 1579 584 Ὁ
1635 532 1746 594 ζῶν
1775 536 1862 598 εις
1908 531 2016 584 τὸν

441 625 630 679 αἰῶνα
670 625 874 678 ἔκτισε
904 626 978 679 τὰ
1012 624 1208 678 πάντα
1250 624 1444 693 κοινῆ,
1483 623 1586 690 Qui
1621 625 1741 678 vivit
1771 625 1825 678 in
1857 633 2015 676 trter-

443 733 568 768 num
609 718 805 770 creavit
837 717 1012 771 omnia
1059 717 1235 770 simul.
1285 716 1593 785 Suspicioni
1645 723 1820 768 tamen
1867 713 2016 768 locus

447 807 770 876 relinquitur
804 809 858 862 in
895 808 1215 876 quibusdam
1249 807 1403 861 libris
1441 805 1718 861 Geneseos
1751 804 2013 873 scriptum

443 894 730 948 offendisse
787 894 1046 948 Basiliam
1099 894 1376 956 ὲκτίσατο,
1433 892 1873 962 quandoquidem
1941 891 2012 945 ita

445 1000 658 1053 quoque
695 986 919 1054 legimus
955 989 1094 1056 apud
1125 987 1243 1052 ejus
1274 987 1496 1040 fratrem
1525 984 1844 1053 Gregorium
1877 982 2015 1053 Nys-

445 1091 658 1138 senum,
714 1078 808 1130 lib.
843 1092 881 1130 ιι
933 1087 1118 1131 contra
1156 1077 1512 1139 Eunomium,
1549 1091 1602 1145 p.
1633 1075 1719 1129 ’54
1763 1075 2017 1129 editionis

446 1165 688 1233 Morelli,
732 1169 824 1222 ubi
872 1170 938 1222 de
972 1168 1310 1222 humanitate
1342 1169 1544 1222 Christi
1581 1183 1795 1235 quoque
1844 1181 2002 1236 expo-

445 1257 593 1310 nitur
633 1257 780 1311 locus
815 1259 1228 1312 Proverbiornm
1279 1274 1410 1324 vtu,
1454 1259 1563 1311 22:
1613 1256 1869 1328 Ἐκτίσθη
1902 1256 2014 1328 γὰρ

444 1348 659 1418 ἀληθῶς
707 1349 792 1402 ἐπ’
821 1350 1049 1420 ἐσχάτου
1081 1350 1190 1404 τῶν
1235 1349 1456 1421 ἡμερῶν
1501 1350 1530 1401 ὁ
1572 1348 1639 1401 δι’
1689 1351 1839 1419 ἡμᾶς
1891 1347 2013 1401 καθ’

444 1441 594 1510 ἡμᾶς
639 1442 960 1512 γενόμενος·
1001 1461 1020 1494 ‹
1050 1443 1277 1498 Creatus
1319 1445 1462 1496 enim
1508 1452 1592 1496 est
1638 1457 1768 1495 vere
1813 1443 1870 1495 in
1919 1457 2017 1495 no-

445 1532 685 1587 vissimis
709 1534 920 1603 diebus,
955 1533 1043 1588 ille
1067 1535 1158 1603 qui
1191 1544 1410 1602 propter
1453 1548 1552 1588 nos
1592 1533 1887 1588 secundum
1918 1548 2016 1586 nos

446 1634 606 1677 natus
631 1635 732 1678 εει.
754 1643 772 1676 ι

517 1715 630 1769 Col.
663 1715 766 1769 706
793 1718 835 1770 Α
859 1716 912 1771 8.
955 1715 1097 1768 Nam
1145 1717 1260 1784 ipsa
1305 1733 1397 1783 per
1427 1733 1497 1771 se.
1539 1717 1846 1786 Αὐτοσοφία
1876 1718 2014 1770 scri—

2116 545 2245 583 cura
2295 530 2678 593 extertninent,
2708 545 2829 582 cum
2868 544 2990 584 eam
3043 531 3129 585 illa
3164 532 3362 602 ubique
3405 543 3702 590 testentur.

2117 619 2252 672 Nam
2284 627 2338 672 et
2369 619 2454 672 hic
2485 619 2599 687 ipse
2627 619 2854 672 Basilius
2886 618 3116 688 idipsum
3155 621 3309 674 docet
3344 622 3396 674 in
3443 620 3702 677 Sermone

2115 710 2180 764 de
2233 707 2460 763 ascetica
2512 725 2606 762 seu
2661 709 2955 762 monastica
3009 712 3114 762 vita
3147 726 3165 765 :
3198 730 3215 761 ι
3254 711 3700 768 Custodientibus

2118 803 2368 854 mandata
2409 801 2527 870 ejus
2576 800 2858 855 retributio
2904 801 3109 866 multa;
3169 816 3380 857 merces
3433 805 3699 858 nimirum

2116 891 2206 944 illa
2238 891 2451 961 copiosa
2478 901 2560 944 est
2587 901 2640 944 et
2668 906 2870 946 corona
2918 893 3163 960 iustitiae,
3207 905 3408 948 :eterna
3447 896 3699 948 taberna-

2114 983 2255 1046 cula,
2289 984 2396 1035 vita
2428 982 2587 1035 linem
2649 998 2921 1052 nunquam
2959 985 3230 1038 habitura.
3258 1004 3276 1036 ι
3336 985 3400 1038 Ει
3467 985 3700 1038 Homilis

2118 1076 2168 1126 in
2198 1073 2517 1141 principium
2568 1073 2848 1138 Proverb.,
2894 1089 2948 1143 p.
2983 1075 3088 1130 475
3133 1094 3147 1128 :
3184 1075 3396 1140 Omnes,
3446 1078 3540 1144 qui
3564 1078 3699 1129 rian'

2114 1165 2465 1234 evangelicum
2494 1166 2810 1229 incedimus,
2843 1176 3158 1229 mercatores
3188 1171 3389 1234 sumus,
3421 1185 3516 1236 per
3541 1184 3700 1236 apere

2116 1258 2490 1309 mandatorum
2542 1259 2690 1311 nobis
2733 1262 3111 1327 possessionem
3159 1264 3445 1315 caelestium
3481 1279 3699 1328 compa-

2116 1357 2310 1398 rantes.
2370 1344 2616 1401 Justinus
2650 1348 2906 1418 Apologia
2932 1350 2968 1402 2
2994 1368 3088 1418 pro
3134 1351 3421 1406 Christian.
3457 1370 3476 1405 :
3513 1353 3580 1406 Οἳ
3606 1353 3702 1408 ἐὰν

2115 1434 2299 1499 ἀξίους
2334 1435 2412 1505 τῷ
2455 1437 2661 1490 ἐκείνου
2686 1438 2982 1510 βουλήματι
3005 1442 3251 1504 ,ἑαυτοὺς
3288 1441 3358 1494 δι’
3385 1442 3565 1512 ἔργων
3593 1441 3702 1494 δεί-

2117 1524 2267 1588 ξωσι,
2295 1529 2394 1596 τῆς
2421 1529 2539 1597 μετ’
2567 1529 2729 1582 αὐτοῦ
2754 1532 3101 1601 ἀναστροφῆς
3127 1531 3530 1603 καταξιωθῆναι
3567 1551 3702 1604 προ-

2115 1617 2435 1688 ειλήφαμεν,
2474 1621 2969 1690 συμϐασιλεύοντας
3006 1623 3310 1694 ἀφθάρτους
3344 1624 3438 1676 καὶ
3462 1624 3706 1687 ἀπαθεῖς

2115 1710 2436 1778 γενομένους
2460 1727 2473 1740 ·
2517 1729 2535 1761 ι
2560 1711 2656 1775 Qui
2692 1713 2736 1766 si
2780 1713 2970 1782 dignos
3009 1727 3069 1766 se
3106 1715 3359 1782 Operibtm
3395 1715 3509 1767 suis
3546 1715 3701 1766 illius

447 1805 652 1874 psimus
676 1822 740 1860 ex
775 1808 838 1860 Η..
870 1823 1000 1870 ms.,
1037 1817 1098 1860 ut
1125 1816 1280 1861 antea
1315 1807 1562 1878 αὑτοζωὴ
1592 1805 1728 1859 εἶναι
1767 1809 1828 1860 οὐ
1861 1806 2013 1859 δύνα-

2121 1800 2344 1854 consilio
2391 1809 2445 1854 et
2503 1802 2763 1856 voluntati
2839 1805 3212 1872 praestiterint,
3278 1805 3705 1859 conversatione

446 1913 557 1948 ται.
598 1897 772 1965 Atque
803 1897 854 1949 in
885 1896 1113 1966 vulgatis
1146 1897 1361 1952 Lexicis
1393 1906 1703 1951 annotatum
1729 1905 1810 1950 est
1849 1896 2017 1952 Deum

445 1984 728 2056 αὑτοζωήν
757 2003 785 2040 a
832 1987 1086 2057 Dionysio
1126 2002 1268 2057 srepe
1307 1988 1597 2052 nominari,
1650 1988 1792 2056 quod
1823 2003 1918 2056 per
1962 2003 2020 2042 se

445 2081 611 2144 vivat,
637 2091 692 2133 et
745 2080 864 2134 aliis
891 2081 1104 2135 vivendi
1160 2089 1352 2134 auctor
1381 2080 1472 2145 sit,
1505 2090 1560 2134 et
1611 2095 1641 2134 a
1681 2078 2022 2134 Nazianzeno

447 2167 706 2238 Spiritum
763 2178 1007 2222 sanctum
1073 2168 1324 2237 αὐτοφῶς
1369 2167 1650 2238 appellari,
1713 2167 1855 2236 quod
1909 2167 2021 2236 ipse

444 2276 576 2315 vero
634 2260 725 2314 lux
774 2262 866 2324 sit,
921 2268 976 2315 et
1019 2263 1138 2314 sine
1194 2274 1258 2315 eo
1327 2275 1487 2314 nemo
1541 2259 1893 2313 illuminetur.
1953 2255 2021 2311 Ut

443 2362 586 2406 orat.
618 2353 704 2415 57,
754 2367 878 2421 pag.
905 2351 1044 2405 01οε
1078 2351 1424 2420 φωτιστικὸν,
1456 2350 1702 2414 ζωτικὸν,
1741 2349 1938 2420 μᾶλλον
1962 2348 2018 2401 δὲ

443 2442 692 2512 αὑτοφῶς
721 2443 814 2496 καὶ
835 2441 947 2514 ζωή
975 2457 990 2471 ·
1024 2459 1045 2494 s
1075 2444 1164 2512 qui
1199 2444 1370 2496 lucem
1393 2458 1456 2496 ac
1487 2443 1649 2494 vitam
1682 2440 1858 2505 affert,
1889 2442 2017 2502 imo,

443 2531 536 2599 qui
589 2532 816 2600 ipsemet
861 2531 952 2584 lux
1018 2541 1074 2586 et
1127 2532 1236 2585 vita
1295 2540 1450 2586 est.»
1507 2531 1572 2584 Et
1620 2547 1650 2584 a
1699 2529 1912 2586 Justino
1965 2532 2019 2584 in

447 2621 840 2684 Quaestionibus
862 2622 930 2674 ad
959 2620 1171 2676 Grarcos
1209 2621 1350 2676 Deus
1377 2623 1572 2677 dicitur
1604 2623 2020 2695 αὐτοπάρακτος

443 2710 539 2764 καὶ
583 2710 902 2782 αὑτογενής,
939 2728 958 2760 ι
988 2725 1084 2780 per
1145 2725 1204 2766 se
1246 2714 1540 2781 productus
1576 2722 1630 2765 et
1691 2727 1787 2781 per
1838 2729 1896 2768 se
1928 2729 2020 2784 ge-

448 2805 612 2856 nitus.
636 2820 656 2854 ι
694 2803 752 2856 lu
785 2801 1068 2858 Basiliensi
1107 2813 1284 2858 tamen
1317 2813 1438 2858 erat
1457 2812 1512 2858 et
1542 2805 1596 2859 in
1633 2805 1821 2876 Steph.
1855 2808 1890 2878 ἡ
1911 2808 2020 2878 γὰρ

444 2891 609 2946 αὑτοῦ
655 2893 818 2961 σοφία
845 2893 947 2946 οὐκ
991 2893 1229 2962 ἐγένετο.
1265 2893 1677 2964 Trapezuntius,
1736 2915 1756 2948 ι
1779 2896 1912 2952 Nam
1940 2915 2023 2952 sa-

445 2982 643 3048 pientia
673 2981 790 3051 ejus
820 2982 963 3039 facta
1013 2999 1122 3040 non
1173 2993 1297 3040 est:
1333 3003 1353 3037 ι
1387 2995 1617 3056 utraque
1679 2987 1839 3044 lectio
1889 2989 2019 3044 ferri

443 3081 641 3142 potest.

514 3126 764 3220 lbidC5.
810 3163 894 3219 Ea:
934 3166 1188 3234 opposito.
1221 3166 1448 3232 Ψευδῶς
1489 3183 1704 3239 quoque
1757 3171 2015 3241 scripturn
2042 3126 2088 3186 ϐ

445 3257 670 3313 exhibet
691 3256 894 3328 Regius
921 3259 1091 3314 codex
1122 3257 1210 3326 ll.,
1238 3259 1418 3328 itaque
1439 3259 1829 3330 Trapezuntius
1851 3279 1916 3317 ex
1945 3263 2020 3317 si-

444 3350 555 3404 mili
585 3359 731 3404 textu
763 3359 1122 3418 expresserat,
1181 3367 1200 3400 ι
1220 3349 1322 3417 Qui
1356 3365 1516 3406 verus
1545 3361 1648 3418 est,
1680 3355 1747 3407 ad
1771 3369 1887 3420 eos,
1922 3357 2015 3424 qui

443 3449 509 3486 ex
530 3432 778 3501 opposito
804 3432 942 3488 falso
971 3433 1393 3504 distinguuntur,
1421 3435 1638 3488 dicitur.
1661 3454 1681 3488 ι
1714 3436 1786 3489 At
1808 3438 1861 3490 in
1885 3440 2013 3492 edit.

441 3519 700 3592 Stephan.
731 3520 852 3590 lego
880 3519 1018 3592 πρὸς
1060 3520 1190 3584 τοὺς
1215 3519 1432 3591 ψευδεῖς
1457 3521 2016 3595 ἀντιδιαστελλόμενος

441 3611 682 3682 λέγεται.
728 3611 899 3668 Nimis
955 3613 1338 3682 compendiose
1376 3611 1540 3679 Beza,
1605 3633 1624 3666 ι
1658 3613 1829 3671 Verus
1861 3616 2015 3672 falsis

441 3706 749 3774 opponitur.
776 3721 796 3756 ι

511 3794 628 3850 Col.
663 3794 766 3849 707
799 3795 844 3849 A
884 3793 937 3849 7.
974 3793 1036 3849 Si
1060 3794 1225 3850 solus.
1261 3795 1406 3851 Duas
1446 3794 1618 3852 lineas
1648 3797 1777 3854 istas
1815 3801 2011 3871 adjeci-

443 3899 566 3940 mus
617 3886 1074 3954 interpretationi,
1106 3901 1241 3956 quas
1269 3889 1528 3943 omiserat
1570 3888 1962 3958 Trapezuntius
1996 3912 2009 3948 :

445 3985 651 4030 tantum
687 3978 831 4032 enim
862 3977 1127 4042 ediderat,
1163 3995 1183 4028 ι
1207 3977 1265 4032 Si
1299 3993 1462 4047 super
1491 3981 1670 4033 omnia
1695 3990 1777 4035 est
1799 3981 1961 4048 Deus,
1987 4003 2006 4035 ι

441 4079 550 4124 etc.
610 4068 676 4122 Ει
710 4068 763 4121 itt
793 4069 980 4123 eadem
1009 4069 1224 4137 pagina,
1275 4085 1390 4139 cap.
1425 4069 1511 4134 12,
1545 4081 1708 4124 totam
1757 4073 1898 4126 illam
1933 4076 2012 4128 itt-

441 4159 788 4228 scriptionem
827 4160 1044 4227 capituli
1085 4161 1353 4217 edidimus
1395 4163 1446 4215 in
1484 4161 1676 4216 Graeca
1723 4166 1886 4219 etiam
1910 4166 2012 4219 Ba-

442 4247 648 4302 siliensi
679 4249 912 4302 secunda
961 4258 1016 4301 et
1057 4250 1378 4319 Stephatnea
1440 4253 1796 4307 desideratam
1841 4271 1856 4308 :
1899 4275 1917 4306 ι
1953 4255 2008 4310 In

443 4336 595 4402 illud,
644 4335 768 4390 Non
795 4345 872 4390 est
902 4352 1069 4390 meum
1096 4340 1224 4393 dare
1259 4340 1404 4393 vobis
1459 4339 1672 4410 (Matth.
1712 4359 1803 4411 xx,
1837 4345 1954 4415 25),
1985 4366 2003 4398 ι

2122 1905 2244 1943 cum
2293 1890 2382 1944 illo
2438 1892 2713 1961 dignatum
2750 1893 2816 1946 iri
2871 1895 3094 1957 scimus.
3151 1905 3204 1948 et
3228 1905 3551 1964 regnaturos
3572 1911 3704 1950 eum

2123 1979 2214 2032 illo
2247 1983 2614 2049 corruptionis
2645 1999 2708 2036 ac
2739 1985 3100 2054 perpessionis
3126 1997 3376 2054 expertes
3407 1987 3652 2041 futuros.
3679 2005 3702 2037 ι

2121 2067 2498 2140 Hieronymus,
2533 2073 2628 2128 lib.
2650 2089 2688 2128 ιι
2722 2089 2905 2129 contra
2941 2075 3300 2142 Jovinianum,
3332 2079 3400 2130 ita
3433 2079 3601 2145 plane
3622 2077 3707 2132 lo-

2120 2175 2242 2215 cutu
2288 2164 2428 2218 hunc
2468 2164 2704 2220 Mattbazi
2763 2169 2830 2221 de
2861 2169 3119 2235 petitione
3163 2167 3390 2221 filiorum
3446 2167 3702 2222 Zebeda-i

2119 2254 2337 2322 exponit
2367 2273 2380 2309 :
2416 2254 2539 2310 Non
2565 2267 2640 2311 est
2672 2256 2802 2311 Filii
2823 2260 2973 2322 dare,
3009 2270 3058 2312 et
3089 2260 3347 2328 quomodo
3377 2258 3567 2313 Patris
3623 2272 3704 2313 est

2118 2357 2420 2413 pra-parare
2443 2347 2469 2400 1’
2493 2345 2727 2414 Paratae,
2778 2351 2967 2418 inquit,
3027 2361 3147 2404 sunt
3173 2351 3229 2404 in
3251 2351 3378 2403 mlo
3399 2352 3630 2405 diversa:
3655 2362 3704 2404 et

2118 2433 2358 2501 plurima:
2401 2437 2698 2490 mansiones
2745 2440 2988 2505 plurimis
3023 2441 3342 2509 diversisque
3386 2441 3702 2500 virtutibus,

2118 2542 2245 2595 quas
2271 2543 2373 2580 non
2399 2544 2632 2594 personae
2669 2531 2956 2598 accipiunt,
2986 2532 3075 2583 sed
3100 2547 3292 2597 opera;
3336 2531 3540 2601 [rustra
3576 2549 3703 2603 ergo

2118 2632 2149 2669 α
2177 2633 2256 2669 me
2287 2619 2489 2684 petitis,
2542 2620 2683 2688 quod
2729 2620 2784 2673 in
2811 2622 2954 2674 vobis
3007 2622 3165 2675 situm
3209 2632 3304 2688 est,
3359 2626 3499 2692 quod
3537 2621 3705 2676 Pater

2119 2723 2260 2760 meus
2287 2707 2391 2761 illis
2448 2711 2675 2776 paravit,
2710 2713 2800 2782 qui
2855 2713 3029 2782 dignis
3063 2715 3337 2767 virtutibus
3368 2716 3439 2766 ad
3489 2726 3704 2769 tantum

2118 2800 2386 2852 escensuri
2420 2810 2540 2853 sunt
2581 2802 2913 2871 dignitatem.
2973 2804 3038 2857 Et
3073 2803 3132 2859 S.
3170 2803 3331 2859 Joan.
3365 2805 3703 2876 Chrysosto-

2119 2904 2239 2944 mus
2268 2890 2320 2943 in
2342 2893 2586 2946 eumdem
2635 2893 2834 2959 locum,
2862 2892 2905 2948 ll
2930 2896 2996 2948 ad
3022 2894 3273 2950 Corinth.
3320 2910 3374 2960 v,
3408 2896 3498 2962 10,
3534 2912 3606 2952 ex
3638 2913 3702 2952 eo

2119 2981 2321 3050 colligit
2348 2997 2448 3037 nos
2483 2985 2727 3053 corporis
2761 2988 2931 3040 nostri
2975 2987 3200 3057 gloriam
3249 2988 3405 3042 bonis
3439 2989 3703 3058 Operibus

2121 3073 2440 3140 meriturus,
2472 3073 2656 3130 homil.
2691 3075 2798 3130 1οε
2830 3077 2906 3130 Οὐ
2935 3076 3042 3148 γὰρ
3072 3077 3240 3148 δήπου
3280 3077 3341 3130 τὸ
3369 3078 3702 3146 διακονησά-

2121 3181 2279 3236 μενον
2304 3167 2384 3228 εἰς
2410 3164 2589 3232 τοῦτο,
2620 3169 2840 3221 κάκεῖνο
2867 3168 2976 3222 τῶν
3006 3169 3248 3239 ἀμοιϐὦν
3281 3168 3384 3233 ἔξω
3409 3171 3697 3240 στήσεται,

2117 3255 2251 3309 ἀλλὰ
2291 3256 2430 3327 μετὰ
2456 3257 2559 3329 τῆς
2591 3259 2770 3331 ψυχῆς
2800 3259 2871 3312 τὰ
2912 3261 3011 3332 μὲν
3051 3259 3356 3325 κολάζεται,
3383 3259 3456 3313 τὰ
3482 3261 3542 3314 δὲ
3577 3278 3700 3314 στε-

2117 3347 2400 3416 φανοῦται·
2436 3366 2457 3400 ί
2503 3349 2619 3405 Νοη
2644 3351 2788 3406 enim
2827 3352 3073 3406 videlicet
3098 3353 3150 3406 id
3179 3351 3319 3422 quod
3343 3352 3410 3407 ad
3433 3353 3697 3406 virtutem

2115 3439 2200 3492 vel
2226 3441 2412 3494 vitium
2442 3456 2663 3512 operam
2714 3458 2864 3497 suam
2899 3444 3351 3510 subministravit,
3395 3460 3426 3498 a
3460 3446 3696 3515 prmmio

2115 3526 2198 3578 vel
2233 3542 2392 3596 paena
2421 3529 2737 3584 excludetur
2779 3544 2796 3584 :
2852 3532 2946 3584 sed
2996 3546 3100 3585 una
3136 3547 3259 3586 cum
3282 3533 3461 3586 anima
3490 3547 3698 3604 corpus

2115 3617 2312 3684 partim
2395 3620 2745 3686 cruciabitur,
2811 3622 3007 3689 partim
3061 3637 3316 3677 coronam
3376 3638 3694 3694 conseque-

2117 3718 2222 3762 tur.
2252 3727 2272 3760 ι

2184 3800 2298 3855 Col.
2328 3799 2432 3855 7l0
2456 3801 2509 3855 in
2556 3802 2709 3858 titulo
2750 3823 2764 3860 :
2794 3807 2905 3860 Kal
2955 3805 3043 3858 ὅτι
3097 3808 3169 3862 οὐ
3197 3807 3440 3877 κτίσμα.
3473 3807 3608 3865 Haec
3643 3811 3694 3864 in

2115 3890 2265 3944 titulo
2299 3893 2508 3962 adjecta
2543 3902 2716 3947 sunta
2751 3897 2906 3950 nobis
2941 3911 3008 3950 ex
3049 3911 3151 3953 ms.
3182 3898 3353 3963 Regio
3390 3898 3480 3962 H.,
3509 3899 3694 3954 inter-

2113 3983 2402 4049 pretationi
2430 3999 2560 4039 vero
2615 3986 2742 4040 illud
2774 4002 2839 4041 ex
2893 3986 3156 4065 Coi-nario
3214 3990 3504 4057 adjectum,
3548 4011 3570 4043 ‹
3603 4001 3694 4046 aut

2111 4087 2172 4125 ea
2198 4087 2318 4141 qua:
2358 4074 2591 4128 nondum
2616 4087 2864 4144 corrupta
2897 4059 3061 4146 sunt;
3087 4093 3522 4150 corrumpantur,
3549 4100 3570 4134 ι
3611 4084 3693 4138 vel

2117 4179 2136 4211 ι
2157 4164 2338 4230 potius
2363 4166 2638 4234 corrumpi
2668 4167 2919 4224 debeant.
2946 4186 2966 4220 ι

2181 4254 2295 4309 Col.
2331 4255 2425 4310 711
2459 4261 2500 4311 Α
2536 4257 2624 4315 14.
2667 4257 2967 4313 Secundum
3014 4260 3336 4329 prOphetam.
3381 4261 3559 4317 Locus
3605 4275 3689 4318 est

2111 4346 2274 4401 Amos
2304 4363 2354 4413 ν,
2383 4348 2438 4414 8,
2474 4349 2561 4403 ubi
2602 4359 2780 4404 tamen
2831 4367 2936 4404 non
2961 4353 3181 4405 additur
3207 4352 3348 4405 αὐτά
3379 4363 3498 4420 post
3522 4371 3689 4424 μετα·

442 4443 602 4496 quam
633 4426 832 4496 Regius
857 4428 1028 4482 codex
1076 4432 1516 4497 repraesentavit;
1549 4442 1606 4486 et
1641 4435 1774 4489 satis
1797 4449 2004 4492 constat
2039 4461 2081 4516 ι)
2113 4440 2412 4502 σκευάζων.
2451 4441 2745 4496 Cornarius
2800 4441 2879 4512 τῷ
2912 4442 3031 4514 Θεῷ
3063 4444 3222 4496 vertit
3254 4444 3322 4495 ad
3347 4443 3535 4500 Deum.
3579 4446 3686 4512 Qui

443 4515 666 4572 alterius
719 4515 1016 4584 Scripturte
1077 4517 1469 4586 expositionem
1509 4519 1651 4575 hanc
1701 4527 2005 4596 περικοπὴν

439 4609 718 4664 exhibere.

509 4699 626 4754 Col.
659 4697 761 4754 7l0
781 4699 828 4751 A
855 4699 908 4754 9.
949 4697 1150 4753 Eorum
1173 4699 1360 4768 igitur.
1391 4699 1663 4773 lnterpres
1684 4705 2004 4775 scripserat:

443 4791 690 4845 «Eorum
744 4791 908 4861 igitur
959 4792 1050 4861 qui
1109 4793 1400 4861 accipiunt,
1464 4805 1570 4861 est,
1606 4797 1797 4868 dignos
1830 4815 1890 4854 se
1938 4801 2005 4853 ad

439 4884 715 4937 dexteram
744 4882 826 4936 vel
883 4883 949 4936 ad
993 4883 1268 4937 sinistram
1336 4887 1527 4942 sedere
1555 4887 1737 4943 facere
1770 4905 1784 4943 :
1816 4909 1835 4942 ι
1886 4908 2007 4961 quae

438 4971 600 5024 verba
631 4985 750 5024 cum
780 4981 966 5040 aperte
1003 4973 1269 5028 catholico
1299 4975 1531 5044 dogmati
1560 4978 1916 5048 sum-agentur
1937 4984 2003 5036 de

440 5061 928 5116 libertatehumani
956 5064 1190 5129 arbitrii,
1243 5069 1415 5137 deque
1447 5083 1667 5136 operum
1736 5072 2001 5127 bonorum

441 5153 669 5219 meritis,
702 5155 919 5226 insigni,
946 5157 1119 5227 plagio
1138 5159 1336 5225 dicam,
1357 5177 1424 5213 an
1453 5163 1754 5232 sacrilegio,
1778 5181 1807 5217 a
1832 5166 2003 5220 Theo-

438 5241 570 5296 doro
603 5241 744 5298 Beza
775 5261 1063 5314 suppressa
1097 5257 1242 5312 sunt,
1301 5265 1476 5318 neque
1504 5267 1652 5305 suam
1683 5255 1999 5322 interpreta-

438 5331 636 5386 tionem
672 5333 965 5402 adjungere
993 5333 1196 5391 Graecis
1225 5335 1392 5391 voluit
1419 5339 1470 5391 in
1506 5342 1744 5396 editione
1775 5341 2008 5411 Stepha-

435 5439 572 5490 nzea,
601 5439 721 5492 pag.
744 5425 870 5491 421,
895 5427 987 5480 sed
1010 5428 1123 5480 luec
1149 5427 1312 5481 verba
1345 5436 1552 5482 tantum
1581 5431 1821 5501 appinxit
1840 5433 2005 5490 :tCur

433 5512 550 5568 haec
577 5515 777 5567 omissa
807 5519 935 5579 sint,
968 5517 1019 5569 in
1066 5517 1288 5573 scltoliis
1322 5519 1532 5574 dicetur
1561 5541 1574 5577 :
1602 5539 1622 5572 ι
1649 5537 1769 5591 qua:
1798 5527 2001 5580 scholia

431 5607 498 5658 ad
522 5605 793 5659 Kalendas
813 5604 1028 5662 Graecas
1053 5607 1250 5676 rejects
1289 5618 1434 5676 sunt,
1465 5626 1565 5666 nec
1589 5628 1837 5684 usquam,
1858 5621 2000 5687 quod

428 5696 622 5761 sciam,
658 5707 1072 5767 comparuerant
1123 5715 1136 5752 :
1169 5700 1262 5755 sed
1315 5701 1446 5756 nihil
1487 5712 1652 5774 agunt
1693 5706 1875 5765 hostes
1906 5725 1998 5767 ve-

2107 4530 2242 4596 [πίε
2266 4530 2465 4593 omnia,
2494 4539 2541 4584 et
2566 4540 2884 4586 transmutas
2920 4533 3057 4599 ipsa.
3087 4534 3240 4600 Quod
3268 4537 3312 4588 si
3343 4535 3519 4589 oratio
3552 4553 3683 4606 pro-

2106 4617 2280 4684 phetae
2311 4620 2376 4672 ad
2415 4619 2580 4675 Deum
2607 4623 2811 4677 directa
2843 4625 3194 4692 intelligatur,
3228 4634 3374 4680 recte
3408 4627 3680 4696 interpre-

2107 4718 2270 4774 tatur,
2301 4711 2330 4762 ὁ
2364 4711 2558 4780 ποιῶν,
2590 4715 2679 4782 qui
2709 4714 2859 4782 facis.
2890 4715 2948 4768 In
2990 4715 3210 4786 Vulgata
3239 4727 3342 4782 est,
3373 4715 3679 4771 Facieutem

2104 4801 2386 4856 Arcturum
2419 4817 2467 4858 et
2506 4805 2774 4862 Orionem.
2821 4807 2929 4862 Sed
2975 4809 3255 4876 praecessit
3278 4810 3328 4862 in
3361 4810 3552 4863 eodem
3583 4827 3677 4864 ca-

2105 4895 2212 4962 pite
2231 4911 2386 4949 versu
2417 4897 2452 4950 4
2499 4913 2513 4951 :
2565 4896 2704 4961 Quia
2737 4901 2848 4952 lucc
2899 4899 3025 4953 dicit
3073 4899 3330 4954 Dominus
3376 4901 3559 4954 domui
3592 4901 3677 4955 Is-

2105 4987 2235 5052 rael,
2262 4986 2494 5052 Quaerite
2516 4987 2819 5042 Dominum.
2839 4990 3208 5046 Theodoretus
3238 4992 3289 5044 in
3310 4990 3503 5045 Amos:
3529 4992 3678 5066 Θαρ-

2103 5078 2323 5147 ρήσατε,
2353 5081 2508 5149 φησὶ,
2533 5084 2598 5152 τῇ
2629 5080 2724 5134 τοῦ
2753 5081 2886 5135 Θεοῦ
2919 5083 3168 5154 δυνάμει,
3203 5082 3296 5137 καὶ
3319 5082 3521 5153 ταύτης
3552 5084 3673 5154 ἔχε-

2102 5168 2192 5220 σθε
2223 5169 2320 5238 τῆς
2365 5170 2599 5235 ἐλπίδος.
2638 5173 2894 5236 Εὑπετῶς
2932 5173 3041 5243 γὰρ
3081 5178 3223 5228 ποιεῖ
3271 5177 3364 5230 καὶ
3397 5175 3670 5240 σκευάζει,

2096 5256 2132 5310 ἃ
2165 5257 2433 5327 βούλεται,
2490 5263 2584 5315 καὶ
2636 5263 2817 5334 ῥᾴδιον
2857 5266 3006 5336 αὐτῷ
3049 5267 3143 5320 καὶ⁸
3199 5267 3325 5330 τοὺς
3385 5268 3670 5338 μεγίστους

2101 5349 2372 5414 κινδύνους
2400 5353 2479 5415 εἰς
2505 5352 2770 5424 εὐθυμίαν
2801 5356 3123 5426 μεταϐαλεῖν
3157 5376 3170 5412 :
3229 5376 3248 5408 ι
3277 5359 3546 5413 Conlidite
3576 5358 3669 5414 Dei

2103 5442 2377 5504 potestati,
2408 5443 2655 5512 hancque
2686 5461 2835 5514 spem
2864 5447 3275 5516 amplectimini.
3313 5447 3495 5502 Facile
3524 5451 3666 5503 enim

2101 5525 2234 5583 facit
2285 5540 2340 5584 et
2373 5536 2747 5602 transformat,
2790 5553 2910 5606 qua:
2937 5538 3071 5602 vult,
3115 5550 3276 5608 atque
3311 5541 3360 5593 ei
3403 5540 3564 5595 facile
3585 5549 3666 5595 est

2099 5620 2336 5676 maxima
2385 5625 2626 5693 pericula
2684 5627 2736 5680 in
2797 5629 3238 5697 tranquillitatem
3297 5630 3661 5685 translerre.s

2099 5711 2153 5767 In
2210 5713 2395 5771 eodem
2443 5718 2638 5783 capite,
2694 5733 2815 5789 pag.
2848 5718 2972 5785 ι297,
3027 5737 3124 5792 pro
3180 5720 3350 5793 ἑτέρῳ
3409 5721 3667 5793 παρέχειν
