3816 6210
99 319 230 372 106(

1164 309 1230 365 IN
1271 307 1520 366 LIBROS
1554 305 1842 364 CONTRA
1882 304 2276 363 EUNOMIUM.

3233 306 3374 364 {062

93 431 421 504 suggerebat
437 430 589 484 idem
639 444 768 483 mss.
801 428 866 483 Il.
899 427 1034 498 Reg.
1073 429 1244 500 ἑτέρῳ
1282 427 1521 501 ὀρέγειν.
1553 427 1686 480 Illud

1806 425 1869 478 δίο
1897 423 2120 479 effertur
2164 424 2317 478 Isaiae
2343 423 2490 478 locus
2521 443 2534 479 :
2577 423 2961 492 Τετύφλωκεν
3001 421 3204 478 αὐτῶν
3230 425 3374 492 τοὺς

96 535 308 588 autem,
339 519 924 591 ἀπαθανατιζομένων,
954 521 1362 574 emendaviuius
1383 535 1449 573 ex
1477 519 1688 582 eodem,

95 623 408 671 cum-antea
437 620 582 666 esset
635 609 1143 682 ἀπαθανιξομένων.
1191 611 1308 678 Quo
1362 611 1531 665 verbo
1559 625 1692 664 usus

100 714 178 760 est
205 705 376 758 etiam
411 701 733 766 Herodotus,
767 702 859 754 lib.
895 717 970 767 IV,
997 711 1052 755 et
1084 717 1220 770 quos
1251 701 1416 756 Getas
1444 702 1534 756 ille
1557 701 1690 755 dicit

100 793 548 856 ἀθανατίζοντας,
578 777 845 847 Arrianus
875 791 1385 856 ἀπαθανατίζοντας
1431 801 1612 856 vocat,
1640 791 1688 845 id

99 900 197 949 est,
228 889 323 957 qui
343 885 702 942 immortalite
726 885 947 950 donant,
981 891 1036 937 et
1068 884 1120 936 in
1148 883 1371 936 deorum
1403 897 1689 935 numerum

100 978 361 1032 referunt.
401 975 541 1032 Usus
563 984 726 1030 estet
771 974 928 1028 Philo
971 973 1048 1027 De
1070 974 1178 1028 vita
1205 971 1393 1034 Hosis,
1435 971 1664 1026 ἀθανατί

101 1067 253 1130 ζεται
312 1064 472 1137 παρὰ
502 1064 643 1135 Θεῷ,
705 1063 1156 1119 «immortalitate
1200 1063 1497 1132 perfruitur
1551 1063 1690 1131 apud

101 1161 296 1212 Deum.
325 1178 346 1210 ι
383 1159 526 1212 idem
568 1156 796 1212 verbum
841 1154 1005 1209 etiam
1058 1154 1454 1209 restituendum
1491 1169 1690 1208 censeo

103 1247 158 1301 S.
187 1243 462 1316 Gregorio
498 1245 766 1316 Nysseno,
821 1243 1006 1298 Basilii
1057 1243 1235 1310 fratri,
1282 1245 1336 1297 in
1361 1243 1505 1298 libro
1535 1244 1691 1298 Cate-

101 1341 340 1397 chetieo.
371 1355 491 1407 cap.
522 1339 612 1403 '57,
670 1353 792 1407 pag.
826 1337 952 1401 554,
979 1345 1034 1390 et
1072 1337 1250 1391 locum
1312 1337 1384 1391 ita
1419 1338 1692 1407 corrigen-

103 1433 229 1482 dum
272 1429 586 1499 ;Καθάπερ
617 1427 725 1498 γὰρ
787 1426 957 1498 μικρὰ
1009 1425 1155 1497 ζύμη
1209 1426 1327 1479 ὅλον
1359 1426 1420 1479 τὸ
1459 1426 1688 1497 φύραμα

99 1521 240 1592 πρὸς
267 1519 474 1590 ἓαυτὴν
507 1517 862 1588 συνεξομοιΟἴ,
893 1517 1036 1572 οὕτω
1075 1518 1137 1570 τὸ
1177 1517 1536 1572 ἀθανατισθὲν
1584 1517 1690 1571 ὑπὸ

100 1609 192 1662 τοῦ
224 1608 368 1662 Θεοῦ
395 1608 555 1679 σῶμα
585 1610 644 1660 ἐν
678 1606 754 1677 τῷ
780 1607 1033 1678 ἡμετέρῳ
1055 1607 1366 1678 γενόμενον,
1398 1607 1517 1660 ὅλον
1552 1607 1689 1678 πρὸς

103 1700 268 1755 ἑαυτὸ
305 1700 604 1771 μεταποιεῖ
631 1698 726 1752 καὶ¹
755 1697 1108 1770 μετατίθησιν
1129 1714 1144 1730 ·
1197 1717 1216 1751 ι
1249 1699 1380 1752 Nam
1431 1700 1688 1768 quemad-

105 1793 332 1846 modum
366 1807 567 1860 parum
615 1789 865 1845 lermenti
907 1789 1010 1844 sibi
1041 1798 1208 1845 totam
1254 1791 1694 1859 conspersionem

104 1883 379 1937 assimilat
406 1900 426 1936 ε
458 1884 530 1936 ita
561 1897 759 1951 corpus
802 1890 1046 1936 nostrum
1080 1896 1108 1934 a
1138 1881 1247 1935 Deo
1291 1880 1557 1935 redditum
1591 1880 1695 1934 im-

107 1974 338 2027 mortale
385 1989 507 2026 cuiu
569 1973 733 2026 fuerit
791 1972 930 2026 intra
996 1981 1260 2036 nostrum,
1318 1981 1486 2026 totum
1530 1971 1584 2025 in
1635 1987 1696 2026 se

107 2074 445 2119 transmutat
493 2074 548 2118 et
582 2062 906 2118 transfert...
964 2063 1176 2132 Alioqui
1236 2078 1341 2118 non
1400 2063 1696 2131 quadraret

103 2155 466 2225 rounparatio,
501 2155 546 2208 si
569 2153 908 2218 θανατισθέν,
931 2171 957 2204 ι
986 2165 1158 2206 morte
1177 2151 1422 2207 ali'ectum
1449 2173 1468 2204 ι
1493 2153 1695 2207 dicere.

106 2261 192 2303 tur
246 2248 382 2302 illud
416 2261 636 2314 corpus,
673 2247 816 2315 quod
870 2255 1054 2314 postea
1102 2244 1164 2297 τὸ
1205 2244 1475 2299 ἀθάνατον
1534 2242 1695 2314 σῶμα

107 2358 127 2390 ι
154 2337 467 2393 immortale
517 2351 713 2408 corpus
736 2355 756 2388 ι
781 2337 1100 2406 appellatur.
1145 2346 1205 2389 ut
1233 2335 1692 2390 immortalitatem

104 2427 326 2496 (λη-ροιιί
371 2429 611 2480 humano
664 2426 963 2494 impertiat.
1027 2426 1090 2479 Et
1120 2427 1171 2479 in
1207 2425 1313 2480 line
1356 2428 1550 2495 capitis
1575 2437 1695 2495 post

105 2518 193 2572 illa
229 2517 418 2582 verba,
449 2518 548 2570 οὐκ
588 2516 702 2588 ἄρα
735 2517 941 2586 κτίσμα
979 2516 1040 2568 τὸ
1082 2517 1328 2588 Πνεῦμα,
1380 2517 1697 2586 subjiciebat

107 2629 210 2666 ms.
252 2611 345 2675 IL,
370 2610 463 2664 καὶ
509 2611 610 2665 ὅσα
638 2611 768 2680 μίαν
797 2610 891 2676 καὶ
918 2609 1018 2680 τὴν
1069 2609 1238 2680 αὐτὴν
1283 2611 1563 2682 ἐνέργειαν
1588 2609 1696 2664 δεί-

102 2719 266 2758 κνυσι
290 2701 391 2772 τῆς
421 2701 580 2768 ἁγίας
601 2703 701 2754 καὶ
733 2702 1008 2773 μακαρίας
1039 2701 1289 2772 Τριάδος,
1320 2717 1340 2752 ‹
1361 2700 1695 2770 [ﬁtque-cun-

103 2811 212 2863 que
245 2810 408 2846 unam
437 2803 492 2847 et
539 2795 783 2848 eamdem
817 2810 942 2850 esse
995 2795 1366 2864 operationem
1415 2803 1618 2848 sanctae
1639 2799 1695 2847 et

104 2891 283 2941 beata:
315 2882 604 2938 Trinitatis
631 2887 925 2940 ostendunt
953 2904 968 2940 :
1000 2904 1020 2937 ι
1059 2886 1152 2940 sed
1187 2885 1302 2940 haec
1344 2899 1465 2940 meo
1487 2883 1694 2954 judicio

105 2994 214 3033 non
247 2990 377 3034 sunt
399 2979 557 3046 hujus
587 2978 687 3032 loci
719 2979 802 3032 vel
836 2977 1242 3048 disputationis.

173 3069 297 3126 Col.
341 3069 445 3124 7M
477 3069 518 3124 C
553 3069 640 3124 I0.
678 3069 744 3122 Et
779 3070 1040 3138 deﬁcient.
1097 3069 1210 3124 Hoc
1265 3082 1296 3122 a
1347 3067 1503 3122 nobis
1547 3065 1694 3136 adje-

102 3172 258 3216 ctum
289 3171 374 3216 est
411 3177 479 3216 ex
521 3177 623 3216 ms.
667 3161 732 3215 II.
767 3161 862 3215 καὶ
903 3161 1240 3230 ἐκλείψουσι,
1270 3170 1323 3214 ct
1355 3161 1688 3228 psalm.cni,

101 3252 196 3314 50,
236 3261 294 3306 et
325 3252 582 3321 scriptum
610 3249 852 3313 Emittes,
904 3267 1009 3305 non
1066 3249 1282 3313 Emitte,
1321 3249 1445 3303 licet
1493 3250 1544 3302 in
1571 3250 1686 3317 qui-

103 3343 340 3397 busdam
368 3342 517 3396 libris
548 3341 786 3411 Vulgata:
840 3340 1045 3396 Latina:
1104 3341 1179 3394 ita
1235 3340 1505 3408 legeretur
1539 3338 1691 3406 olim,

102 3435 218 3488 sed-
247 3430 388 3485 LXX
429 3430 806 3496 ἐξαποπελεῖς
828 3434 1133 3498 ediderunt,
1169 3440 1222 3486 et
1248 3429 1305 3484 S.
1330 3429 1694 3500 Hieronymus

103 3538 172 3580 ex
212 3521 458 3586 Hebraeo,
503 3519 741 3575 Emittes.

173 3612 299 3666 Col.
333 3610 434 3665 7l6
465 3610 506 3662 D
532 3610 588 3666 2.
628 3610 919 3680 Σημείων.
962 3609 1086 3664 Haec
1109 3609 1272 3664 verba
1301 3605 1547 3678 σημείων
1601 3607 1696 3660 καὶ⁹

108 3703 364 3773 ἰαμάτων
412 3701 473 3754 τὸ
531 3702 590 3754 ἓν
633 3718 688 3754 τι
738 3703 920 3756 addita
952 3709 1076 3755 sunt
1107 3713 1202 3770 per
1236 3712 1478 3752 errorem
1525 3698 1692 3751 textui

107 3793 431 3848 Basiliensis
461 3791 715 3848 editionis
742 3807 809 3847 ex
844 3791 1009 3846 variis
1060 3791 1385 3846 lectionibus
1415 3788 1569 3859 Regii
1600 3805 1696 3842 co-

106 3886 249 3939 dicis
279 3902 295 3939 :
332 3883 537 3939 idcirco
571 3883 794 3938 delenda
822 3897 856 3951 ,ε
892 3883 994 3937 nisi
1029 3881 1184 3936 malis
1235 3882 1473 3936 retinere
1510 3879 1572 3932 τὸ
1600 3896 1697 3949 στι-ο

107 3975 310 4047 μείων,
336 3975 409 4029 ita
434 3975 676 4045 legendo,
707 3976 1084 4046 χαρισμάτων,
1116 3975 1178 4027 τὸ
1201 3973 1445 4046 σημείων
1466 3974 1583 4028 ἐστὶ
1600 3974 1696 4026 καὶ

105 4067 222 4120 τῶν
259 4065 526 4136 ἰαμάτων,
554 4063 615 4118 τὸ
647 4063 706 4117 ἓν
733 4081 808 4126 τι,
840 4064 936 4116 καὶ
991 4063 1111 4134 οὐχὶ
1155 4063 1226 4116 τὰ
1275 4062 1393 4117 ὅλα.
1437 4063 1544 4118 Sed
1571 4079 1696 4132 quta

106 4175 278 4213 unum
300 4158 566 4226 quoddam
595 4173 662 4210 ea!
685 4157 939 4211 divisione
965 4157 1222 4209 donorum
1256 4166 1328 4209 est
1379 4158 1575 4209 donum
1596 4157 1697 4208 uii-

108 4249 444 4311 raculorum,
481 4258 530 4301 et
568 4258 644 4302 est
687 4249 884 4302 donum
917 4249 1278 4314 sanationum,
1335 4263 1498 4300 unum
1531 4247 1698 4316 quod-

108 4343 258 4404 dum,
283 4349 334 4392 et
355 4355 459 4392 non
481 4339 746 4396 universa.

182 4430 302 4484 Col.
338 4429 442 4481 722
469 4428 510 4484 C
536 4429 623 4484 IO.
664 4428 804 4482 Dicit
824 4429 960 4483 enim
992 4427 1046 4481 in
1070 4429 1296 4498 praprio.
1335 4428 1463 4484 Haec
1495 4431 1691 4483 omissa

112 4521 339 4575 fuerant
391 4521 461 4573 ab
514 4521 812 4588 interprete
870 4533 886 4573 :
933 4529 1143 4574 tantum
1195 4521 1340 4573 enim
1408 4521 1690 4575 ediderat:

117 4629 137 4661 ι
169 4610 473 4680 pra:buisse
528 4611 846 4678 pr0phetaa,
908 4609 1162 4677 quoniam
1227 4610 1359 4664 dicit
1418 4608 1587 4664 Isaias
1637 4611 1702 4664 de

113 4700 269 4768 ipsis,
316 4697 611 4751 Excazcavit
665 4701 842 4752 oculos
906 4713 1108 4763 eorum,
1175 4707 1225 4753 et
1291 4699 1557 4752 induravit
1603 4714 1694 4751 cor

111 4809 323 4847 eorum.
359 4810 378 4842 ι
406 4793 581 4859 Atque
614 4789 686 4843 ita
716 4789 930 4858 quidem
961 4789 1076 4844 haec
1125 4791 1324 4860 scripta
1361 4790 1705 4860 reperiuntur

113 4884 345 4940 Joannis
375 4897 476 4946 xu,
525 4881 616 4945 40,
676 4881 818 4950 apud
869 4889 1146 4936 auctorem
1187 4880 1428 4952 Vulgata!
1475 4880 1700 4949 Latinae,

116 4979 274 5044 cujus
315 4983 460 5026 amat
499 4988 762 5042 usurpare
810 4973 971 5026 verba
1009 4971 1424 5042 Trapezuutius,
1467 4983 1525 5027 ut
1567 4989 1702 5044 prae-

117 5067 330 5121 cedenti
363 5081 486 5133 pag.
533 5063 660 5128 299,
700 5065 851 5132 quasi
883 5065 974 5117 nia:
1009 5064 1430 5130 dealbabuntur,
1465 5075 1512 5117 et
1546 5074 1600 5116 ut
1622 5064 1704 5117 la-

118 5177 186 5213 na
227 5159 354 5212 alba
399 5165 579 5219 erunt,
619 5155 863 5210 ediderat
895 5155 1050 5212 Isaiae
1083 5171 1125 5222 1,
1171 5157 1192 5209 1
1244 5174 1258 5211 :
1294 5158 1388 5211 sed
1445 5157 1700 5226 quoniam

116 5268 180 5303 ex
213 5250 442 5304 Hebraeo
472 5263 577 5302 non
606 5262 636 5301 e
677 5247 866 5302 Graeco
905 5249 1067 5302 vertit
1096 5256 1286 5302 auctor
1311 5249 1575 5317 Vulgataa,
1615 5250 1702 5303 in-

119 5342 446 5411 terpretatio
477 5341 653 5410 potius
712 5338 858 5394 LXX
913 5340 1217 5396 exhibenda
1251 5351 1337 5396 est
1395 5342 1480 5394 vel
1523 5339 1700 5396 (ἓνωοί

121 5444 306 5488 textus
343 5432 474 5486 Novi
519 5433 872 5496 Testamenti,
903 5431 984 5486 vel
1026 5434 1188 5487 etiam
1239 5440 1419 5487 textus
1443 5433 1703 5496 auctoris,

118 5525 214 5595 qui
265 5524 619 5594 Evangelium
662 5525 887 5580 mutatis
917 5526 1097 5581 verbis
1157 5524 1310 5590 citat,
1347 5534 1404 5578 ut
1450 5524 1552 5579 hoc
1584 5523 1705 5578 loco

117 5616 381 5681 Basilius,
437 5631 506 5670 ne
532 5632 788 5672 censores
832 5617 1010 5687 potius
1062 5626 1115 5672 et
1147 5624 1507 5680 correctores,
1541 5631 1704 5684 quam

121 5709 453 5776 interpretes
469 5724 625 5778 agere
653 5709 950 5766 videamur.
981 5710 1056 5764 Ac
1083 5707 1308 5766 Joannis
1343 5709 1558 5779 quidem
1594 5722 1696 5772 xu,

1794 515 2161 585 ὀφθαλμοὺς,
2203 515 2303 569 καὶ
2340 514 2705 582 πεποὶιρωκεν
2735 512 2935 568 αὐτῶν
2957 513 3071 583 τὴν
3097 515 3374 584 καρδίαν,

1794 606 1894 660 ἵνα
1912 605 1998 676 μὴ
2024 606 2236 662 ἴδωσιν
2269 622 2285 637 ο
2313 605 2611 660 Επσιεοαυὶι
2637 606 2814 660 oculos
2840 623 3044 672 eorum,
3071 617 3122 661 et
3146 609 3384 686 indura-_

1793 697 1863 750 uit
1884 713 1974 750 cor
1997 714 2201 762 eorum,
2233 708 2290 751 ut
2330 713 2433 750 non
2487 695 2742 763 videant;
2797 697 3029 751 Matthxi
3083 713 3210 752 vero
3245 714 3371 760 xm.

1794 781 1886 844 M,
1913 793 1969 836 et
2002 784 2260 838 Actorum
2294 798 2487 846 xxvm,
2511 782 2601 846 27,
2631 785 2818 837 eadem
2860 783 3115 846 citantur,
3145 793 3203 837 ut
3231 785 3370 851 apud

1793 876 2106 943 prophetam
2154 875 2343 930 Isaiam
2390 890 2466 935 χι,
2523 874 2576 938 9,
2623 873 2922 928 efferuntur
2966 893 2979 929 :
3026 875 3374 943 Ἐπαχύνθη

1791 966 1902 1036 τὰρ
1929 968 1967 1034 ἡ
1991 967 2209 1034 καρδία
2261 967 2366 1034 τοῦ
2403 968 2556 1021 λαοῦ
2589 969 2826 1031 τούτου,
2857 966 3126 1034 καὶτοὺς
3150 968 3376 1036 ὀφθαλ-

1785 1059 1940 1128 μοὺς
1961 1058 2158 1113 αὐτῶν
2174 1058 2569 1128 ἐκάμμυσαν·
2619 1059 2986 1114 Inerassatum
3031 1070 3104 1113 est
3146 1075 3236 1112 cor
3277 1073 3378 1127 po-

1790 1149 1904 1220 puli
1962 1151 2145 1218 liujus,
2206 1160 2256 1203 et
2308 1150 2490 1203 oculos
2518 1167 2640 1203 suos
2671 1149 3095 1204 clauserunt:at
3142 1147 3376 1204 Bas-llius

1790 1242 1944 1305 dixit,
1959 1241 2326 1310 τετύφλωνται
2345 1244 2394 1318 οἱ
2417 1241 2704 1313 ὀφθαλμοὶ,
2716 1242 2810 1295 καὶ
2832 1240 3163 1312 πεπώρωται
3184 1243 3216 1312 ἡ
3240 1257 3378 1312 καρ-

1791 1329 1898 1395 δία,
1936 1339 1990 1384 et
2023 1334 2206 1396 verba,
2246 1332 2441 1397 quibus
2477 1343 2562 1386 est
2612 1347 2742 1386 usus
2773 1332 3128 1400 evangelista,
3161 1333 3377 1400 passivo

1792 1434 1990 1488 genere
2020 1420 2234 1482 extulit,
2267 1431 2327 1474 ut
2369 1419 2510 1474 LXX
2543 1421 2680 1490 apud
2714 1423 3026 1490 prophetam
3067 1422 3379 1477 extulerant

1791 1509 2072 1580 ἐπαχύνθη
2107 1530 2122 1566 ε
2150 1511 2290 1581 quod
2319 1511 2436 1565 sine
2478 1512 2640 1566 dubio
2667 1512 2886 1580 impune
2940 1528 3043 1564 non
3071 1511 3298 1575 tulisset,
3330 1513 3374 1565 si

1790 1599 1956 1655 Notas
2009 1603 2061 1656 in
2119 1617 2240 1656 eum
2294 1603 2604 1670 scripsisset
2637 1603 2802 1666 Bcza,
2853 1603 2944 1672 qui
2994 1603 3192 1657 librum
3228 1603 3377 1658 hunc

1791 1693 2040 1761 quintum
2107 1695 2556 1764 interpretatione
2607 1710 2702 1749 sua
2736 1695 2988 1764 dignatus
3019 1710 3121 1748 non
3177 1704 3282 1757 est,
3318 1703 3378 1749 et

1726 1769 1770 1824 Β
1799 1785 2074 1841 immerito
2100 1795 2280 1841 tamen
2320 1785 2540 1840 vellicat
2574 1796 2850 1841 auctorem
2878 1766 3120 1856 Vulgata:
3147 1785 3378 1848 Latinae,

1800 1891 1949 1931 more
1972 1891 2089 1940 suo,
2117 1879 2260 1946 quod
2299 1877 2444 1942 apud
2471 1875 2734 1932 Joannem
2778 1877 3086 1948 πεπώρωκε
3119 1877 3220 1948 τὴν
3248 1894 3382 1951 καρ-

1794 1967 1911 2020 δίαν
1962 1965 2155 2022 Latine
2205 1967 2498 2021 reddiderit
2529 1968 2808 2020 exctccavit
2837 2007 2852 2030 ,
2883 1966 3142 2038 πώρωσιν
3180 1981 3236 2021 et
3261 1969 3372 2039 πή-

1799 2075 1964 2130 ρωσιν
1991 2073 2090 2114 suo
2124 2073 2273 2112 more
2297 2059 2660 2122 confundens,
2690 2061 2831 2128 quod
2854 2059 3012 2127 plane
3037 2059 3229 2113 falsum
3257 2067 3376 2122 est;

1795 2150 1956 2205 vertit
1982 2150 2152 2213 enim,
2190 2149 2456 2202 induravit
2490 2167 2582 2202 cor
2621 2167 2799 2203 eorum
2831 2169 2851 2205 :
2880 2167 3054 2220 neque
3087 2163 3264 2208 tamen
3287 2169 3378 2208 er-

1796 2249 1990 2304 rasset,
2029 2239 2071 2292 si
2105 2239 2177 2292 ita
2220 2240 2492 2302 vertisset,
2532 2250 2590 2292 ut
2638 2239 2802 2294 Marci
2842 2256 2924 2302 Ill,
2963 2241 3020 2306 5,
3053 2243 3146 2296 ἐπὶ
3180 2242 3380 2314 πωρὼο

1795 2347 1899 2392 σει,
1930 2347 2084 2396 super
2118 2332 2372 2396 cwcitate,
2407 2347 2554 2394 cum,
2582 2341 2637 2385 ut
2657 2347 2780 2385 eum
2811 2333 3005 2388 docere
3029 2335 3202 2404 potuit
3239 2335 3374 2390 Tlte-

1792 2423 1941 2475 sauri
1973 2420 2148 2476 Graeci
2173 2432 2396 2488 auctor;
2426 2422 2610 2493 mp6;
2637 2423 2816 2478 Suida:
2845 2424 3151 2494 εἰιτυςρλός,
3182 2439 3379 2492 cacus,

1794 2523 1848 2566 et
1877 2515 2095 2586 πωρόω,
2144 2529 2378 2581 excazco,
2414 2515 2695 2587 πώρωσις,
2726 2515 3020 2585 τύφλωσις,
3055 2520 3379 2588 excaecatio;

1793 2617 1958 2672 quam
1989 2603 2059 2657 ob
2087 2617 2306 2656 causam
2354 2602 2616 2658 Erasinus
2657 2621 2873 2674 quoque
2923 2611 3062 2676 apud
3110 2609 3384 2680 evangeli-

1794 2703 1908 2748 slas
1942 2704 1997 2748 et
2028 2693 2255 2748 Paulum
2315 2696 2482 2750 edidit
2535 2695 2858 2767 ἐπώρωσεν,
2907 2702 3205 2764 excmcart’t,
3258 2701 3384 2756 licet

1795 2786 1887 2838 alii
1925 2787 2206 2841 obduravit
2231 2787 2426 2842 malint
2451 2801 2688 2852 vertere,
2713 2791 2854 2857 quod
2884 2790 3068 2862 πῶρος
3099 2792 3296 2845 callum
3326 2800 3383 2846 et

1795 2879 2048 2932 duritiem
2081 2888 2258 2941 sonet,
2309 2881 2451 2933 unde
2503 2890 2557 2932 et
2582 2879 2804 2951 πωροῦν
2830 2880 3082 2936 indurare
3113 2901 3128 2936 :
3154 2893 3382 2953 utraque

1793 2984 1931 3024 voce
1965 2968 2132 3023 animi
2165 2970 2427 3025 obstinati
2488 2973 2788 3040 pertinacia
2832 2980 2888 3028 et
2919 2973 3130 3028 hebetis
3158 2974 3380 3030 inscitia

1797 3061 2136 3129 designatur.

1865 3153 1980 3208 Col.
2016 3153 2121 3206 724
2154 3153 2196 3207 Α
2231 3151 2284 3208 8.
2321 3153 2559 3207 Εἰκόνα.
2604 3153 3023 3209 Emendavimus
3062 3155 3275 3211 titulum
3311 3172 3381 3212 ex

1798 3261 1904 3300 ms.
1938 3243 2029 3310 H.,
2068 3261 2190 3300 cum
2221 3255 2382 3300 antea
2438 3245 2489 3298 in
2528 3244 2812 3300 Basilieus.
2866 3246 3135 3316 legeretur
3160 3247 3229 3300 τὰ
3257 3248 3382 3302 κατ’

1795 3339 2000 3402 εἰκόνα,
2034 3336 2196 3391 τοῦτο
2231 3336 2288 3390 δὲ
2313 3336 2401 3390 διὰ
2436 3335 2532 3390 τοῦ
2561 3333 2874 3406 πνεύματος
2906 3339 3169 3408 γινόμενα
3205 3347 3296 3392 :et
3326 3339 3381 3392 in

1797 3439 1944 3484 textu
1971 3431 2165 3498 capitis
2192 3429 2556 3498 expunximus
2590 3429 2804 3483 Παύλου
2837 3429 2894 3481 δὲ
2928 3428 3112 3496 εἰκών,
3157 3431 3382 3499 scripsi-

1795 3538 2024 3592 musque
2076 3522 2295 3586 πάντως
2327 3521 2386 3574 δὲ
2433 3523 2466 3593 ή
2523 3522 2707 3588 εἰκών,
2737 3531 2794 3576 et
2827 3523 2967 3591 apud
3003 3523 3378 3592 interpretem,

1803 3631 1822 3664 ι
1850 3612 2083 3668 Omnino
2111 3622 2318 3677 autem,
2351 3630 2369 3663 ι
2409 3629 2506 3681 pro
2541 3631 2560 3664 ι
2585 3612 2838 3667 Omnium
2866 3623 3068 3667 autem.
3099 3631 3118 3664 ι

1867 3703 1985 3758 Col.
2010 3703 2114 3757 726
2148 3704 2265 3757 BS.
2311 3701 2442 3756 Cum
2467 3702 2923 3757 inhabitationem.
2972 3700 3248 3774 lnterpres
3286 3717 3383 3757 no-

1795 3809 1915 3848 vam
1973 3794 2250 3864 periodum
2293 3794 2600 3857 inchoarat,
2650 3809 2772 3847 cum
2809 3793 3045 3847 nondum
3095 3793 3374 3849 Conclusio

1796 3885 2101 3951 argumenti
2153 3892 2299 3939 esset
2338 3883 2508 3949 illata,
2565 3885 2667 3938 hoc
2708 3895 2867 3953 pacto
2907 3901 2924 3936 :
2970 3902 2990 3935 ι
3021 3884 3272 3940 Christus
3323 3887 3382 3942 in

1798 3975 2072 4030 nobis.....
2105 3974 2228 4028 Iltec
2259 3976 2422 4045 igitur
2472 3990 2594 4030 cum
2628 3977 2790 4040 dicat,
2829 3975 3060 4043 Spiritus
3117 3978 3385 4034 inhabita-

1800 4069 1999 4122 tiouem
2032 4067 2240 4122 Christi
2282 4069 2672 4124 habitationem
2714 4085 2836 4125 esse
2863 4071 3116 4126 allirmet.
3141 4089 3160 4123 ι
3198 4073 3274 4128 Ac
3317 4072 3386 4128 li-

1796 4166 1886 4211 cet
1915 4159 1965 4212 in
1998 4157 2188 4213 ϐιωοο
2218 4159 2466 4214 videatur
2491 4160 2694 4228 aliquid
2751 4161 2942 4217 deesse
2985 4161 3148 4215 etiam
3190 4162 3242 4215 in
3276 4178 3380 4216 ms.

1798 4244 1890 4307 Η..
1922 4255 2108 4316 utpote
2135 4248 2384 4317 repetitio
2423 4249 2574 4303 vocis
2601 4248 2896 4319 ἐνοίκησιν,
2960 4266 3066 4306 non
3115 4251 3384 4306 dubitavit

1799 4349 1978 4392 tamen
2020 4339 2091 4392 ita
2124 4349 2337 4393 vertere
2365 4338 2666 4394 Cornarius
2696 4357 2712 4393 :
2744 4343 2932 4410 quibus
2952 4344 3119 4395 verbis
3144 4343 3382 4411 Spiritus

1799 4430 2232 4494 inhabitationcm
2257 4430 2455 4484 Christi
2489 4432 2926 4512 inliabitatipnem
2947 4435 3272 4500 pronuntiat.

1871 4520 2006 4576 Ibid.
2039 4519 2080 4573 Β
2109 4521 2198 4576 10.
2241 4520 2349 4576 Sed
2402 4529 2452 4575 et
2495 4522 2694 4592 imago.
2755 4521 2924 4592 Ilujus
2982 4524 3148 4576 etiam
3187 4521 3384 4592 capitis

1800 4612 2014 4668 initium
2049 4613 2354 4667 mutilatum
2379 4623 2724 4684 expresserat
2760 4615 3045 4680 interpres,
3080 4615 3222 4683 quod
3254 4614 3385 4670 sub-

1796 4707 2072 4774 jiciemus,
2098 4720 2166 4760 ne
2193 4705 2314 4774 quis
2343 4705 2396 4759 in
2442 4706 2684 4760 deterius
2732 4704 3068 4758 immutatam
3120 4705 3383 4774 interpre-

1803 4797 2061 4851 tationem
2109 4804 2368 4863 queratnr
2410 4811 2423 4848 :
2460 4813 2478 4844 ι
2506 4794 2569 4847 Et
2605 4795 2779 4863 imago
2814 4808 2938 4847 vera
2991 4807 3094 4846 non
3140 4809 3206 4848 ex
3245 4794 3374 4847 ima-

1802 4888 1927 4958 gine
1950 4901 2075 4940 vera
2105 4885 2244 4940 sicut
2283 4900 2381 4940 nos
2427 4901 2441 4939 :
2473 4895 2755 4954 propterea
2783 4885 3049 4945 assimilat
3081 4886 3146 4941 ad
3192 4887 3385 4954 imagi-

1805 4994 1948 5042 nem,
1983 4986 2038 5032 et
2092 4975 2278 5042 eﬂicit,
2334 4990 2441 5030 non
2472 4974 2726 5041 edicitur,
2755 4985 2812 5030 et
2847 4976 3028 5030 unctio
3055 4984 3160 5038 est,
3190 4987 3245 5030 et
3275 4991 3389 5031 non.

1804 5069 2102 5140 inungitur.
2125 5087 2144 5121 ι
2184 5067 2396 5123 Rursus
2428 5065 2840 5122 euiendavimus
2871 5065 3032 5130 infra,
3073 5085 3092 5117 ι
3117 5082 3211 5135 per
3249 5067 3384 5121 alie-

1803 5177 1933 5215 num
1981 5174 2012 5214 a
2047 5159 2316 5219 deitate.»
2369 5174 2492 5213 cum
2533 5167 2679 5213 esset
2723 5168 2882 5211 antea
2948 5177 2968 5210 ι
3001 5174 3098 5226 per
3146 5159 3383 5214 alienam

1804 5252 2083 5307 deitatem.
2112 5268 2132 5302 ι
2189 5249 2361 5304 Porro
2409 5250 2610 5303 citatur
2656 5248 2818 5316 huius
2852 5250 3048 5320 capitis
3099 5249 3285 5304 titulus
3314 5253 3386 5305 ab

1803 5341 2075 5397 illustriss.
2103 5341 2364 5396 cardinali
2412 5341 2762 5406 Bellarmiuo,
2805 5341 2900 5396 lib.
2935 5357 3140 5413 ti,cap.
3178 5342 3270 5405 23,
3308 5341 3388 5397 De

1803 5431 2066 5499 Christo,
2129 5442 2188 5486 ut
2234 5433 2496 5501 probetur
2559 5433 2817 5487 divinitas
2882 5432 3117 5503 Spiritus
3168 5433 3388 5499 sancti,

1804 5529 2028 5595 ejusque
2071 5541 2104 5580 a
2157 5525 2318 5580 Patre
2369 5525 2614 5594 Filioque
2671 5527 2946 5595 processio
2999 5544 3012 5579 :
3077 5540 3198 5579 cum
3241 5526 3388 5580 enim

1805 5618 1952 5671 dicat
2019 5617 2106 5671 hic
2161 5616 2372 5677 titulus,
2434 5616 2517 5668 ὅτι
2573 5615 2738 5670 εἰκὼν
2775 5616 2982 5689 ἀληθὴς
3039 5615 3134 5669 κα)⁵
3184 5615 3387 5686 φυσικὴ

1805 5708 1940 5764 Θεοῦ
2011 5706 2103 5761 καὶ
2160 5705 2400 5778 Χριστοῦ
2468 5706 2529 5760 τὸ
2597 5708 2819 5780 Πνεῦμα
2885 5729 2897 5764 :
2957 5728 2974 5760 ι
3029 5723 3210 5763 veram
3267 5721 3392 5762 esse
