3816 6210
422 325 561 381 ίθϐὅ

1491 305 1496 311 ’
1560 315 1766 373 NOTAE
1811 312 2206 370 FRON‘TONIS
2247 311 2480 368 DUCzEl

3553 309 3696 365 ιοει

418 457 485 498 ac
512 440 810 496 naturalem
851 439 1148 506 imaginem
1198 436 1291 490 Dei
1318 446 1368 489 et
1419 433 1623 491 Christi
1657 434 1938 502 Spiritum,
1971 454 1988 486 ι

2133 430 2350 498 έγοντες
2401 428 2463 481 τὸ
2519 427 2748 486 Πνεῦμα
2784 425 2992 495 κτίσμα
3017 440 3030 452 ·
3073 442 3094 475 ι
3129 423 3187 477 In
3221 423 3327 477 hoc
3357 423 3541 492 capite
3581 423 3697 476 lla-

419 534 553 587 satis
612 533 814 584 indicat
853 531 1113 598 Spiritum
1157 528 1358 582 habere
1388 541 1510 579 esse
1562 542 1590 577 a
1629 526 1789 578 l’atrc
1820 536 1873 578 et
1913 525 2000 577 Fi-

421 622 537 674 lio:
577 637 680 673 non
731 620 875 673 enim
931 628 1016 672 cst
1059 633 1184 670 vera
1240 629 1296 670 et
1337 616 1605 670 naturalis
1651 615 1850 682 imago,
1884 630 2003 682 qua:

420 731 524 767 non
562 711 874 780 producitur
904 713 970 762 ab
991 710 1312 777 exemplari.

492 805 602 858 Col.
633 803 736 858 7'38
766 805 808 856 Α
847 803 896 858 ὁ.
923 801 1036 870 Τῆς
1054 802 1400 870 ὁμοιότητος
1416 798 1722 868 τῆςθείας.
1754 798 1862 852 Has
1895 809 2006 852 tres

419 895 611 958 lineas,
643 911 763 965 quze
800 895 850 947 iu
889 893 1171 946 Basiliensi
1206 893 1676 956 desiderabantur,
1714 906 1782 944 ex
1822 891 1886 945 ll.
1912 892 2008 943 ad-

421 987 681 1046 didimus,
717 1001 852 1054 quas
885 996 937 1038 ct
971 987 1238 1052 interpres
1274 985 1542 1052 agnoscit.

491 1078 622 1131 lbiil.
657 1077 696 1130 Β
717 1077 767 1131 2.
803 1075 1213 1146 Διαμένουσαν
1252 1074 1306 1128 In
1336 1075 1503 1142 Regio
1534 1073 1858 1137 cratll.,6i&
1880 1074 2009 1127 Θεό-

419 1184 582 1240 τητος
616 1169 696 1230 εἰς
743 1167 914 1222 αἰῶνα
942 1167 1219 1237 μένουσαν
1244 1183 1258 1197 ·
1290 1185 1308 1216 ι
1339 1181 1434 1234 per
1456 1165 1796 1218 Divinitateni
1835 1167 1884 1217 in
1909 1179 2008 1218 sm-

419 1259 598 1312 culum
634 1271 1077 1330 permanentem:
1115 1278 1134 1310 ι
1202 1267 1256 1311 et
1306 1255 1696 1319 ἐπαναλαϐεῖν,
1733 1271 1829 1324 pro
1873 1258 2004 1309 ἁνα-

421 1350 628 1405 λαϐεῖν.

491 1443 604 1497 Col.
657 1442 762 1496 7'52
820 1441 862 1494 Α
915 1441 967 1494 6.
1004 1440 1107 1494 Διὰ
1138 1440 1316 1494 τοῦτο
1345 1439 1443 1493 καὶ
1475 1438 1645 1492 Θεοῦ.
1697 1439 1880 1495 Utitur
1926 1439 2009 1494 his

421 1536 626 1601 verbis,
659 1545 714 1589 et
746 1536 810 1588 iis
851 1551 969 1602 qua:
1004 1537 1054 1587 in
1101 1535 1255 1586 titulo
1285 1542 1410 1586 sunt
1442 1532 1598 1600 huius
1626 1535 1840 1601 rapitis,
1866 1534 2007 1585 idem

421 1625 719 1681 cardinalis
773 1623 1132 1678 Bellarminus
1191 1624 1311 1676 loco
1354 1625 1464 1692 jam
1507 1625 1692 1686 citato,
1730 1634 1787 1676 ut
1825 1637 2010 1690 procc-

422 1719 551 1771 «lere
587 1732 614 1769 a
655 1715 790 1770 Filio
827 1717 1086 1784 Spiritum
1131 1715 1340 1784 probet.
1385 1715 1664 1780 Quomodo
1710 1715 1854 1769 enim
1901 1715 2006 1768 dici

2105 536 2244 591 gnus
2284 518 2517 573 Basilius
2546 528 2776 572 conatur
2812 519 3104 572 Osteudere
3137 513 3404 584 Spiritum
3445 525 3692 566 sanctum

2104 629 2169 666 ex
2205 611 2369 665 Patre
2395 625 2515 664 esse
2546 619 2602 662 et
2637 624 2742 662 non
2774 608 3012 672 aliunde,
3049 608 3150 661 hoc
3188 615 3269 660 est
3305 620 3371 658 ex
3420 605 3526 657 alia
3563 605 3698 658 sub-

2105 706 2304 758 stantia
2333 725 2343 758 :
2371 705 2493 757 ideo
2516 703 2656 771 quod
2683 701 2989 756 inferebant
3016 700 3256 753 haeretici
3285 697 3544 766 Spiritum
3574 711 3699 750 esse

2105 804 2430 848 creaturam.
2469 812 2488 845 ι
2521 795 2654 847 Cum
2677 793 2842 862 igitur
2874 806 3027 844 utens
3058 790 3236 844 Basilii
3270 789 3433 842 fuerit
3467 791 3607 851 hinc,
3636 796 3704 839 ut

2109 886 2347 954 Spiritus
2404 895 2628 941 sanctus
2665 901 2768 940 non
2809 885 2881 938 sit
2927 882 3115 936 aliena:
3153 893 3380 945 naturze,
3432 881 3528 934 sed
3581 881 3703 948 ejus

2108 995 2268 1041 quam
2299 977 2461 1032 habet
2489 977 2671 1041 Pater,
2691 986 2743 1030 et
2769 976 3029 1043 Spiritum
3059 984 3306 1027 sanctum
3337 990 3442 1026 non
3469 972 3702 1041 intelligi

2108 1087 2137 1122 a
2178 1068 2334 1122 Patre
2365 1084 2488 1122 esse
2518 1068 2619 1121 nisi
2655 1084 2684 1120 a
2719 1067 3020 1120 substantia
3057 1065 3238 1118 l’all‘is
3264 1075 3311 1118 et
3336 1063 3460 1116 Filii
3496 1081 3510 1116 :
3541 1079 3608 1116 ex
3634 1079 3706 1116 eo

2110 1162 2456 1216 concluditur
2495 1160 2854 1213 substantiam
2891 1173 3036 1221 esse,
3070 1173 3190 1223 mne
3237 1156 3486 1225 producit
3525 1155 3709 1224 Spiri-

2115 1263 2225 1305 tum
2253 1263 2501 1306 sanctum
2537 1269 2552 1304 :
2598 1265 2661 1304 ac
2717 1250 2947 1318 proinde
3004 1265 3031 1302 a
3068 1247 3210 1302 Filio
3253 1262 3466 1315 quoque
3510 1261 3709 1315 proce-

2110 1342 2263 1406 dere,
2290 1356 2412 1393 cum
2455 1339 2635 1393 Patris
2658 1347 2715 1392 ct
2749 1339 2869 1392 Filii
2911 1338 2976 1391 sit
3035 1353 3138 1390 una
3175 1337 3501 1390 substantia.
3537 1336 3707 1389 Plura

2113 1435 2178 1484 azl
2215 1431 2374 1500 hujus
2408 1432 2509 1486 loci
2543 1431 2962 1484 illustrationem
2991 1429 3140 1482 illinc
3162 1430 3270 1498 peti
3301 1439 3580 1495 poterunt;
3603 1444 3710 1483 nos

2113 1526 2252 1578 solas
2272 1524 2540 1577 variantes
2561 1524 2822 1576 lectiOnes
2847 1535 3254 1590 persequemur.
3274 1519 3405 1573 Nam
3431 1521 3587 1583 illud,
3609 1520 3710 1574 καὶ

2111 1619 2192 1671 ὅτι
2222 1618 2296 1689 μὴ
2329 1617 2580 1686 γέννησις
2607 1617 2640 1687 ἠ
2670 1613 2763 1667 τοῦ
2805 1612 3146 1682 Πνεῦματος.
3177 1613 3255 1666 sic
3288 1611 3523 1665 refertur
3547 1613 3661 1664 iilic
3689 1629 3708 1666 :

2124 1707 2340 1778 Ἐπειδὴ
2370 1710 2402 1778 ἡ
2430 1707 2757 1776 ἐκπόρευσις
2784 1703 2876 1757 τοῦ
2914 1701 3230 1773 Πνεῦματος
3267 1702 3361 1754 τοῦ
3401 1702 3539 1755 Θεοῦ
3583 1703 3714 1770 γέν-

423 1817 599 1878 potest
633 1808 710 1860 sic
745 1822 804 1860 se
837 1807 1034 1860 habere
1069 1806 1331 1874 Spiritum
1380 1805 1445 1856 ad
1504 1802 1720 1866 Filium,
1780 1805 1918 1857 sicut
1950 1821 2009 1858 se

2130 1817 2264 1870 irai;
2307 1800 2408 1852 οὐκ
2460 1797 2700 1868 ἐκλήθηο
2732 1806 2785 1851 et
2837 1797 2998 1860 illud,
3043 1796 3152 1848 Καὶ
3201 1795 3545 1866 περιφρονῶν
3593 1795 3713 1849 τῶν

423 1901 584 1954 habet
615 1898 784 1953 Filius
817 1899 881 1950 ad
931 1897 1169 1958 Patrem,
1218 1896 1263 1948 si
1315 1894 1487 1948 Filius
1529 1896 1749 1964 quidem
1786 1911 1814 1947 a
1848 1895 2011 1949 Patre

423 1991 687 2060 procedit,
735 1989 969 2057 Spiritus
1012 1997 1191 2042 autem
1238 1998 1460 2042 sanctus
1496 2003 1524 2040 a
1578 1988 1713 2042 Filio
1753 2004 1856 2042 non
1889 2003 2012 2056 pro-

423 2081 603 2134 cedit?
635 2088 724 2134 aut
759 2080 1030 2147 quomodo
1061 2079 1300 2148 Spiritus
1331 2088 1414 2132 est
1446 2077 1667 2132 verbum
1700 2078 1846 2144 Filii,
1867 2079 1910 2132 si
1943 2079 2012 2132 ab

424 2177 542 2244 ipso
575 2188 678 2227 non
709 2171 989 2241 procedit?

495 2267 631 2320 Ibid.
664 2265 722 2318 B.
753 2265 855 2318 Διὰ
871 2266 926 2318 τί
947 2265 1033 2334 μὴ
1059 2263 1120 2317 τὸ
1149 2262 1412 2332 Πνεῦμα.
1450 2261 1646 2316 Eodem
1677 2261 1834 2316 modo
1857 2262 2013 2331 quin-

426 2367 540 2410 tum
572 2357 714 2411 hunc
742 2355 920 2410 locum
954 2357 1156 2424 profert
1197 2354 1250 2407 in
1299 2355 1489 2406 eodem
1526 2352 1704 2420 capite
1732 2351 1826 2405 lib.
1854 2367 1890 2404 ιι
1940 2351 2012 2404 De

426 2449 674 2515 Christo,
719 2450 772 2503 in
821 2463 928 2517 quo
969 2450 1125 2501 docet
1183 2445 1411 2498 Basilius
1469 2443 1732 2513 Spiritum
1785 2459 1852 2498 ex
1905 2444 2012 2498 Deo

426 2555 548 2595 esse
577 2556 674 2609 per
713 2538 930 2602 Filium,
983 2539 1076 2591 sed
1120 2553 1224 2589 non
1269 2538 1370 2589 diri
1408 2535 1602 2589 Filium
1647 2534 1792 2600 Filii,
1826 2551 1890 2588 ne
1919 2551 2011 2588 su-

428 2631 704 2700 spicemur
737 2629 1056 2681 Trinitatem
1086 2628 1136 2679 in
1183 2628 1450 2679 infinitum
1482 2626 1846 2695 multiplicari.
1878 2627 2010 2680 Nam

429 2719 473 2771 si
525 2717 758 2786 Spiritus
802 2716 1079 2770 diceretur
1120 2716 1261 2768 lilius
1294 2713 1440 2778 Filii,
1486 2729 1828 2784 Consequens
1866 2718 2016 2771 vide-

430 2817 604 2869 retur,
647 2818 706 2859 ut
749 2805 912 2860 etiam
948 2807 1110 2858 alium
1162 2804 1334 2858 ﬁlium
1381 2805 1607 2858 haberet
1663 2808 1796 2874 ipse,
1841 2818 1894 2861 et
1935 2809 2015 2862 sic

428 2897 703 2966 deinceps.

499 2988 613 3044 Col.
650 2989 749 3045 751
795 2986 837 3042 C
895 2987 981 3042 13.
1037 2986 1277 3044 Curiose.
1333 2988 1803 3060 Περιεργάζεσθαι
1852 2991 2015 3045 vertit

428 3079 755 3149 Trapezunt.
794 3098 814 3130 ι
852 3080 1016 3134 variis
1061 3081 1206 3134 curis
1261 3095 1499 3146 versare,
1540 3097 1559 3131 ι
1607 3079 1752 3148 quod
1799 3083 2014 3150 proprie

428 3181 606 3238 sonat,
635 3173 836 3226 curiose
863 3171 1112 3237 scrutari,
1137 3182 1190 3224 et
1211 3169 1358 3223 θέσει
1379 3170 1651 3240 γενέσθαι,
1694 3191 1712 3222 ι
1749 3175 2016 3240 positione

429 3265 626 3328 factos,
662 3281 682 3315 ι
717 3277 839 3317 cum
874 3271 1058 3332 postea
1088 3263 1398 3316 meminerit
1427 3261 1536 3314 τῶν
1567 3262 2013 3335 υἱοθετουμένων,

436 3375 456 3407 s
492 3357 899 3425 adeptivorunt;
933 3372 952 3406 ι
997 3355 1228 3425 ideoque
1265 3371 1285 3405 ι
1315 3355 1606 3425 adoptione
1643 3355 1815 3412 factos
1847 3377 1866 3410 ι
1911 3358 2016 3413 dici

432 3448 744 3503 maluimus.

500 3539 619 3594 Col.
652 3539 756 3595 735
793 3538 836 3592 A
867 3538 920 3593 5.
953 3537 1032 3592 Tu
1066 3555 1184 3592 vero
1209 3539 1472 3592 similiter.
1517 3538 1574 3592 In
1625 3541 1855 3594 concilio
1890 3540 2016 3595 Flo-

434 3633 666 3696 rentino,
685 3633 926 3686 sessione
950 3630 1035 3694 l8,
1061 3646 1112 3698 p.
1142 3629 1246 3684 440
1275 3630 1528 3686 editionis
1559 3632 1841 3698 Romanae,
1883 3643 2014 3687 tom.

433 3723 500 3780 1V
532 3721 840 3786 Concilior.,
888 3722 1161 3792 profertur
1199 3734 1254 3776 et
1297 3722 1586 3792 diligenter
1630 3726 1906 3779 eitcutitnr
1933 3727 2020 3779 hic

433 3818 604 3880 locus,
646 3817 712 3870 ab
760 3816 844 3871 his
883 3815 1061 3869 verbis
1118 3829 1290 3882 usque
1341 3817 1407 3869 ad
1451 3815 1537 3868 illa
1585 3816 1864 3888 μόρφωσιν
1898 3817 2016 3870 κτί-

437 3927 596 3974 σεως,
635 3929 653 3960 ι
694 3905 1072 3962 formationem
1107 3919 1391 3964 creaturae.
1429 3928 1444 3958 ι
1477 3910 1608 3963 Cum
1638 3913 1779 3962 enim
1809 3912 2018 3964 i'tlarcus

435 4002 698 4068 Ephesius
721 4015 816 4069 pro
837 4000 1334 4068 Graecisdisputans
1359 4000 1582 4053 dixisset
1605 4017 1618 4052 :
1638 4001 1694 4054 Ὀ
1719 4001 1892 4071 μέγας
1920 4004 2022 4055 Βα-

435 4095 634 4158 σίλειος
669 4097 726 4147 ἐν
750 4097 861 4157 τοῖς
885 4095 1020 4164 πρὸς
1047 4093 1310 4164 Εὐνόμιον
1333 4093 1736 4164 ἁντιρῤητικοῐς
1763 4112 1828 4147 πε
1838 4099 1891 4167 pi.
1919 4097 2018 4168 τῆς

435 4190 501 4242 ὲκ
531 4186 624 4240 τοῦ
662 4185 874 4256 Πατρὸς
903 4183 1126 4256 προόδου
1161 4182 1254 4236 τοῦ
1292 4185 1445 4252 ἁγίου
1472 4185 1787 4256 Πνεύματος
1815 4187 1906 4239 τὸν
1929 4187 2016 4240 λόο

434 4296 530 4348 γον
561 4276 882 4348 ποιούμενος
924 4275 1104 4328 τοιάδε
1140 4276 1307 4346 φησί·
1352 4277 1520 4347 Γεννᾷ
1562 4277 1590 4329 ὁ
1637 4279 1771 4342 Θεὸς
1811 4280 1910 4349 οὐχ
1943 4279 2018 4344 ὡς

434 4370 739 4443 ἄνθρωπος.
776 4369 838 4420 Et
866 4366 1044 4420 τοίνυν
1076 4367 1137 4418 τὸ
1168 4366 1390 4437 Πνεῦμα
1429 4368 1488 4432 ἐξ
1518 4369 1682 4422 αὐτοῦ
1709 4371 2016 4437 ἀκούοντες,

433 4462 664 4534 νοοῦμεν
690 4463 754 4514 ἐκ
778 4459 877 4530 τῆς
911 4459 1258 4521 ὐποστὰσεως
1280 4458 1464 4521 αὐτοῦ,
1493 4460 1592 4530 ἤδη
1617 4460 1870 4532 καθαρῶς
1891 4462 2018 4514 ἀπε·
2051 4464 2091 4518 D

437 4557 642 4626 ,ρήνατο
673 4555 735 4606 ἐκ
766 4552 930 4622 μόνης
971 4551 1070 4620 τῆς
1117 4550 1466 4612 ὑποστάσεως
1508 4550 1600 4602 τοῦ
1647 4551 1881 4623 Πατρὸς,
1925 4555 2018 4606 καὶ

434 4649 538 4702 οὐκ
568 4648 627 4714 ἐξ
657 4645 821 4717 ἄλλης
857 4643 1000 4707 τινὸς
1030 4642 1381 4704 ὑποστάσεως
1425 4637 1561 4694 εἶναι
1604 4642 1665 4694 τὸ
1703 4643 1927 4712 Πνεῦμα
1959 4644 2018 4697 τὸ

436 4739 614 4808 ἅγιον·
674 4760 690 4788 σ
719 4735 948 4791 Basilius
974 4733 1200 4803 Magnus
1233 4735 1285 4785 in
1315 4735 1674 4791 sermonibus.
1699 4736 1892 4802 quibus
1915 4735 2016 4788 En-

440 4831 680 4883 nomium
721 4826 1039 4890 confutavit,
1083 4826 1310 4895 loquens
1360 4824 1426 4879 de
1467 4826 1818 4894 productione
1848 4827 2019 4879 sancti

439 4915 675 4984 Spiritus
711 4928 777 4968 ex
825 4910 1008 4977 Patre,
1057 4912 1140 4966 his
1172 4911 1340 4964 utitur
1367 4912 1580 4964 verbis:
1612 4908 1844 4966 General
1883 4910 2022 4966 Deus

439 5024 546 5062 non
579 5017 634 5061 ut
663 5007 844 5068 homo,
880 5017 1006 5057 vere
1035 5012 1214 5056 tamen
1244 5011 1489 5072 generat.
1523 5001 1580 5056 Si
1605 5017 1736 5071 ergo
1761 5003 2020 5072 Spiritum

437 5115 507 5156 cx
540 5102 658 5171 ipso
687 5099 988 5163 audientes,
1020 5097 1372 5168 intelligimus
1406 5112 1471 5150 ex
1503 5095 1618 5164 cjus
1649 5097 2016 5160 subsistentia,

438 5193 724 5263 perspicue
759 5188 872 5257 jam
917 5186 1148 5242 Basilius
1181 5187 1550 5256 pronuntiavit
1584 5201 1650 5239 ex
1699 5186 1811 5241 sola
1843 5186 2020 5242 Patris

439 5281 741 5356 hypostasi,
780 5290 836 5334 et
876 5294 983 5333 non
1014 5293 1079 5332 ex
1126 5278 1232 5332 alia
1283 5279 1516 5347 quadam
1569 5277 1844 5348 bypostasi
1899 5294 2019 5334 esse

440 5376 700 5445 Spiritum
740 5380 984 5426 sanctum
1014 5385 1029 5422 :
1070 5388 1088 5423 ι
1128 5368 1405 5436 respondit
1437 5366 1673 5422 Joannes
1705 5366 2018 5422 Provincia-

440 5471 531 5531 lis,
570 5467 662 5539 qui
703 5465 1018 5518 Latinorum
1059 5473 1241 5532 partes
1278 5461 1564 5515 tuebatur:
1607 5459 1696 5512 Ἐν
1741 5459 1914 5530 τούτῳ
1941 5459 2018 5531 τῷ

439 5555 718 5629 κεφαλαίῳ
734 5554 1012 5623 ἐπείγεται
1027 5555 1055 5606 ὁ
1080 5552 1254 5624 μέγας
1275 5550 1554 5615 Βασίλειος
1577 5548 1747 5615 δεῖξαι
1768 5550 1828 5604 τὸ
1857 5551 2022 5605 Πνεῦ-

443 5669 519 5722 μα
547 5650 606 5702 τι)
641 5649 794 5716 ἅγιον
825 5641 964 5699 εἶναι
995 5644 1060 5697 ἐκ
1088 5642 1181 5696 τοῦ
1227 5642 1435 5715 Harpe;
1465 5643 1558 5696 καὶ
1589 5642 1688 5714 οὐχ
1731 5641 2018 5715 ἑτέρωθεν,

438 5747 606 5814 ἦγουν
643 5743 703 5805 ἒξ
737 5739 928 5810 ἑτέρας
973 5738 1162 5801 οὐσίας
1186 5755 1199 5767 ·
1231 5737 1526 5808 ἐπειδήπερ
1575 5737 1772 5791 ἐκεῖνοι
1817 5737 2018 5808 ἐπῆγον

2111 1892 2464 1963 ἀνθρωπίνων
2518 1890 2878 1961 παραδειγμ.,
2930 1890 3000 1942 ita
3052 1890 3327 1948 scribitur,
3368 1890 3463 1941 καὶ
3521 1906 3712 1960 παρα-

2109 1985 2397 2053 δείγμασιν
2430 1982 2792 2053 ἀνθρωπίνοις
2815 1982 3036 2053 ἀῳορῶν
3065 1981 3391 2051 ἀνατρέπεις
3418 1981 3488 2033 τὰ
3515 1981 3576 2045 ἐξ
3603 1982 3711 2036 αὐ-

2111 2073 2219 2126 τῶν
2255 2073 2618 2142 συνιστάμενα
2661 2070 2782 2124 θεῖα
2819 2071 3085 2141 δόγματα.
3148 2069 3300 2124 Unde
3353 2081 3570 2124 censtat
3608 2075 3712 2124 ad-

2113 2168 2345 2218 dendum
2372 2165 2711 2232 participium
2737 2163 3104 2232 συνιστάμενα
3131 2164 3294 2216 textui
3323 2162 3528 2228 Basilii,
3553 2166 3708 2232 quod

2114 2261 2397 2326 agnovisse
2429 2257 2644 2310 videtur
2676 2255 2945 2324 interpres
2978 2272 3100 2310 cum
3129 2257 3224 2322 ait,
3256 2275 3274 2307 ι
3315 2273 3432 2324 qum
3463 2274 3530 2310 ex
3569 2259 3712 2326 ipsis

2117 2349 2486 2417 intelliguntur
2539 2348 2719 2402 divina
2774 2350 3059 2416 dogmata;
3098 2365 3119 2399 ι
3181 2350 3446 2418 interpres
3482 2350 3708 2403 concilii

2115 2441 2270 2504 dixit,
2317 2457 2336 2490 ι
2374 2456 2494 2508 quae
2520 2454 2616 2508 per
2657 2438 2748 2492 illa
2783 2451 3228 2508 cognoscuntur:
3265 2460 3284 2490 ι
3322 2451 3375 2494 et
3419 2441 3572 2505 illud,
3609 2443 3713 2496 καὶ

2113 2532 2360 2602 δέχεσθαι
2396 2533 2491 2586 σῦν
2520 2532 2795 2602 εὐσεϐείᾳ,
2837 2532 3050 2586 concilii
3096 2544 3295 2595 tenus,
3337 2533 3432 2585 καὶ
3482 2534 3595 2586 πᾶν
3645 2533 3711 2588 τὸ

2115 2624 2405 2693 λεγόμενον
2438 2622 2824 2695 προσδέχεσθαι
2852 2622 2968 2692 μετ’
2991 2622 3271 2686 εὐσεϐείας
3294 2625 3388 2676 καὶ
3413 2625 3513 2676 οὐκ
3538 2626 3713 2696 ἀνοη-

2113 2715 2314 2768 τότατα
2343 2714 2485 2768 κατὰ
2517 2715 2615 2784 τῆς
2655 2713 2938 2777 εὐσεϐείας
2975 2715 3276 2784 ἐπιχειρεῖν
3301 2733 3314 2745 ·
3347 2727 3400 2769 et
3433 2719 3712 2786 interpres

2113 2807 2252 2872 ejus,
2290 2824 2308 2856 ι
2347 2818 2401 2859 et
2435 2822 2540 2858 non
2571 2817 2760 2860 contra
2790 2808 3048 2874 pietatem
3080 2807 3457 2861 insulsissiinis
3489 2813 3565 2860 uti
3611 2826 3711 2862 ar-

2115 2898 2418 2966 gumentis:
2454 2914 2472 2949 s
2515 2899 2710 2965 quibus
2742 2897 2922 2951 verbis
2961 2898 3315 2950 continuatur
3350 2899 3512 2954 lectio
3551 2898 3709 2970 Regii

2115 2988 2316 3041 codicis
2348 2989 2409 3040 Il.
2441 2988 2534 3040 καὶ
2572 2986 2648 3058 μὴ
2677 2987 2968 3057 μωρότατα
3006 2987 3074 3040 τὰ
3104 2987 3203 3058 τῆς
3235 2989 3515 3053 εὐσεϐείας
3551 2992 3714 3059 σοφία-

2118 3079 2327 3144 ζεσθαι.
2362 3081 2589 3145 Rursus,
2621 3081 2715 3132 καὶ
2759 3081 2818 3133 τὸ
2857 3079 3102 3150 γέννημα
3137 3080 3196 3144 ἐξ
3227 3080 3391 3134 αὐτοῦ
3430 3083 3707 3151 ἐκφαίνει,

2119 3173 2328 3227 concilii
2357 3183 2556 3235 textus,
2591 3173 2682 3225 καὶ
2717 3172 2778 3224 τὸ
2807 3172 3207 3244 γεγεννημένον
3243 3171 3303 3238 ἐξ
3336 3173 3502 3226 αὐτοῦ
3534 3176 3711 3244 ἀναγ-

2117 3266 2296 3336 γέλλει
2329 3267 2481 3337 ῥῆμα
2511 3267 2543 3338 ἢ
2577 3266 2753 3335 λόγον.

2190 3402 2308 3456 Col.
2353 3402 2460 3456 758
2490 3403 2532 3456 A
2563 3403 2615 3456 4.
2653 3402 2824 3468 Quasi
2861 3404 3114 3460 humano.
3149 3403 3300 3458 lianc
3329 3405 3617 3472 periodum
3657 3409 3710 3461 in

2118 3492 2256 3548 duas
2283 3493 2544 3547 diviserat
2580 3496 2867 3561 interpres,
2900 3504 2955 3546 et
2984 3508 3202 3548 sensum
3237 3497 3479 3550 auctoris
3502 3499 3710 3553 obscu-

2128 3593 2278 3637 rarat
2302 3597 2317 3635 :
2355 3602 2373 3634 ι
2402 3583 2565 3649 Quasi
2594 3583 2738 3636 enim
2763 3581 3140 3650 proferebatur
3165 3583 3399 3638 humana
3429 3587 3714 3642 locutione

2120 3686 2177 3729 ut
2207 3692 2301 3743 per
2337 3677 2564 3739 figuram
2602 3673 2895 3726 humanam
2929 3686 3230 3741 exponatur
3268 3690 3365 3742 per
3404 3676 3587 3744 ipsum
3627 3680 3712 3731 fa-

2118 3779 2263 3823 ctam
2313 3782 2431 3822 esse
2489 3777 2820 3820 creaturam.
2850 3783 2868 3816 ι
2909 3764 3040 3830 Qua:
3092 3777 3394 3835 sequuntur
3423 3784 3600 3836 usque
3640 3773 3708 3826 ad

2121 3860 2280 3912 finem
2315 3857 2532 3926 capitis,
2563 3860 2840 3909 decurtata
2871 3864 3029 3910 erant
3066 3856 3118 3910 in
3151 3857 3388 3912 editione
3414 3857 3708 3915 Basiliensi

2121 3953 2223 4006 hoc
2251 3953 2429 4004 modo:
2463 3949 2613 4002 Ἔστι
2646 3949 2708 4000 τὸ
2734 3947 2957 4018 Πνεῦμα
2990 3949 3096 4011 ἀεὶ,
3141 3949 3232 4003 καὶ
3256 3949 3384 4020 πρὶν
3422 3953 3711 4023 γραφῆναι

2121 4042 2225 4096 ὐπὸ
2250 4041 2491 4104 Μωσέως
2519 4039 2871 4110 ἐπιφέρεσθαι
2895 4039 3025 4092 αὐτὸ
3045 4041 3229 4092 ἐπάνω
3255 4041 3347 4094 τοῦ
3372 4041 3585 4105 ὓδατος,
3615 4046 3712 4098 καὶ

2119 4134 2491 4206 ἐκφυσηθῆναι
2519 4133 2650 4187 αὐτὸ
2676 4134 2755 4194 εἰς
2776 4133 3121 4203 ζωοποίησιν.
3145 4133 3446 4187 Cornarlus
3467 4138 3536 4186 ad
3566 4136 3711 4189 hanc

2122 4230 2405 4282 lectionem
2445 4241 2599 4279 suam
2650 4226 2956 4279 versionem
3011 4225 3426 4279 conformaret:
3461 4244 3482 4277 ι
3525 4228 3625 4280 Est
3655 4238 3710 4281 et

2122 4322 2356 4390 Spiritus
2397 4333 2614 4386 semper
2644 4357 2661 4384 ,
2712 4317 2876 4371 etiam
2927 4325 3213 4386 antequam
3282 4319 3624 4373 scriberetur
3676 4337 3705 4374 a

2122 4412 2267 4466 Mose
2298 4411 2424 4464 ferri
2457 4413 2632 4480 ipsum
2664 4424 2827 4479 super
2849 4425 3041 4480 aquas,
3073 4421 3129 4462 et
3151 4409 3492 4464 exsumatum
3529 4413 3705 4480 ipsum

2119 4519 2241 4559 esse
2277 4505 2344 4557 ad
2386 4505 2805 4556 viviticationem
2837 4520 2849 4556 :
2891 4521 2912 4555 ι
2950 4503 3042 4557 sed
3083 4501 3234 4572 Regii
3268 4505 3472 4558 codicis
3509 4505 3704 4559 lectio-

2118 4613 2239 4650 nem
2270 4597 2543 4665 antiquior
2572 4595 2923 4664 Trapezuntii
2957 4597 3130 4650 versio
3156 4596 3467 4672 confirmat.

2189 4732 2302 4787 Col.
2339 4731 2439 4787 739
2467 4729 2508 4788 C
2538 4731 2593 4786 2.
2623 4730 2952 4786 Discentibus
2986 4733 3211 4800 apostol.
3258 4732 3381 4788 llmc
3413 4749 3702 4802 perperam

2117 4838 2274 4877 versa
2314 4839 2532 4879 sensum
2594 4826 2835 4879 auctoris
2868 4825 3289 4879 interverterant
3327 4843 3340 4878 :
3369 4843 3388 4875 ι
3421 4829 3705 4894 Apostolis

2121 4916 2253 4984 ipsis
2298 4916 2526 4986 gloriam
2572 4918 2956 4982 tribuentibus,
2995 4917 3109 4970 haec
3146 4918 3277 4970 dicit
3311 4916 3550 4986 Spiritus
3575 4936 3703 4972 san-

2116 5019 2258 5062 ctus.
2292 5025 2311 5058 ι
2356 5005 2674 5076 Quanquam
2705 5009 2820 5062 haec
2847 5007 3016 5077 Agabi
3061 5008 3333 5076 prophetae
3373 5018 3500 5059 sunt
3536 5009 3700 5061 verba

2115 5101 2376 5152 AcIorum
2401 5115 2514 5160 ut,
2537 5099 2625 5153 il.
2662 5100 2768 5154 Sed
2802 5101 2916 5153 haec
2949 5101 3276 5154 confirmant
3305 5101 3700 5153 correctionem

2117 5201 2392 5258 nostrain,
2445 5207 2549 5261 qua
2597 5193 2941 5246 temerariam
3004 5191 3504 5258 interpretationem
3547 5190 3702 5244 Bezze

2115 5281 2500 5351 castigavimns
2529 5297 2712 5351 supra,
2747 5281 2884 5336 libro
2917 5299 2977 5338 ll.
3009 5279 3178 5336 Paith
3209 5293 3347 5350 post,
3377 5282 3439 5335 οὐ
3460 5283 3698 5335 συντασ-

2117 5392 2300 5438 σοντες
2329 5371 2726 5444 Trapezuntius
2756 5392 2777 5426 ι
2815 5388 2920 5427 non
2956 5375 3342 5427 coordinantes
3369 5389 3389 5424 ι
3435 5383 3696 5436 verterat,

2115 5483 2213 5536 pro
2250 5485 2269 5516 ι
2305 5477 2707 5534 componentes,
2747 5477 3178 5536 comparantes,»
3207 5475 3264 5519 ιιι
3293 5465 3334 5519 ll
3367 5465 3616 5520 Corinth.
3641 5480 3696 5528 x,

2116 5557 2184 5612 12
2210 5575 2226 5613 :
2259 5557 2333 5612 Οὐ
2355 5557 2464 5628 γὰρ
2490 5554 2779 5629 τολμῶμεν
2808 5559 3096 5628 συγκρῖναι
3122 5557 3348 5621 ὲαυτούς
3369 5574 3482 5612 τισι
3501 5573 3515 5587 ·
3572 5555 3696 5612 Non

2115 5646 2253 5701 enim
2319 5648 2572 5698 audemus
2653 5646 2962 5713 comparare
3047 5662 3140 5700 nos
3204 5646 3522 5715 quibusdam
3589 5646 3693 5699 lbi-

2117 5739 2238 5793 dein
2269 5735 2769 5806 χειραγωγούμενοι
2797 5752 2859 5794 ex
2895 5751 2997 5794 ms.
3027 5739 3382 5807 correximus,
3421 5756 3440 5791 ι
3470 5737 3642 5807 ducti,
3673 5756 3692 5790 ι
