3816 6210
178 254 327 312 £065

1264 254 1328 309 IN
1372 253 1620 310 LIBROS
1654 253 1937 309 CONTRA
1978 252 2369 311 EUNOMIUM.

3313 258 3453 315 1066

174 387 302 429 etim
352 380 519 427 antea
563 371 822 427 mendose
869 370 1141 441 legeretur
1186 371 1240 424 in
1280 369 1445 426 Basil.
1490 369 1775 442 χωρηγού-
1806 373 1852 430 Α
1950 368 2066 424 Col.
2103 368 2207 424 747
2232 370 2276 422 Α
2306 370 2362 423 7.
2418 367 2606 422 Verum
2646 369 2875 425 divinus.
2908 368 3301 440 Trapezuntius
3325 374 3451 428 scri-

177 481 371 607 μεέἒὶ
405 550 512 607 746
544 552 607 607 Β.
652 551 796 606 Heus
826 568 932 607 vos.
956 550 1071 605 Has
1105 552 1239 606 duas
1266 552 1527 607 dictiones
1566 550 1771 619 adjeci-

176 659 304 700 mus
339 642 798 713 interpretationi,
827 652 882 696 et
925 642 980 695 in
1008 641 1213 696 Graecis
1240 642 1580 696 correximus
1605 633 1650 692 ὦ
1674 632 1769 691 οὗ·

175 753 280 801 τοι,
325 749 453 789 cutn
504 744 661 789 antea
698 733 969 801 legeretur
1015 732 1069 786 in
1109 731 1271 787 Basil.
1300 732 1377 797 ὼς
1412 726 1582 795 οὗτοι,
1630 736 1773 789 unde

175 828 483 883 Carnarius
503 834 872 889 expresserat,
901 843 920 875 ι
950 822 1067 879 Νοη
1096 832 1355 894 separant
1384 823 1559 879 solum
1586 840 1617 878 a
1643 826 1774 878 dita-

175 916 510 973 litatevelut
535 917 647 970 isti.
684 934 703 966 ι
737 915 940 970 Doccnt
978 915 1320 985 grammatici
1351 929 1649 983 pronomen
1680 911 1772 969 οὗ·

176 1027 272 1074 τος
306 1025 436 1064 cnm
463 1009 700 1063 secunda
722 1023 954 1078 persona
977 1007 1310 1075 copulatum,
1346 1018 1400 1061 et
1426 1008 1773 1077 conjunctam

179 1104 400 1158 habens
427 1100 745 1172 particulam
767 1093 834 1165 ὧ,
855 1100 1260 1169 significarem.
1291 1098 1585 1163 Lucianus,
1611 1098 1774 1169 μέχρι

180 1194 355 1259 τίνος,
391 1186 437 1246 ὧ
479 1189 669 1257 οὗτος,
720 1193 1060 1267 ὀδυρόμεοα;
1098 1212 1116 1244 ι
1156 1192 1480 1263 Quousque,
1523 1192 1656 1247 heus
1697 1203 1772 1255 tu,

183 1284 422 1340 ﬂemus?
458 1304 479 1336 δ
522 1278 568 1337 ὦ
594 1279 774 1350 αὗται,
810 1303 830 1335 ι
874 1286 1007 1339 heus
1044 1299 1140 1340 vos
1168 1284 1413 1338 feminae!
1450 1303 1469 1336 ι
1510 1285 1775 1339 Eusebius

185 1377 287 1430 lib.
329 1392 391 1429 ιιι
439 1374 801 1429 Historiarum
840 1377 1128 1430 ecclesiast.
1164 1391 1282 1444 cap.
1327 1376 1441 1430 ‘25:
1481 1377 1614 1429 Φασὶ
1645 1376 1774 1445 γοῦν

185 1469 279 1540 ῖέν
311 1468 588 1539 μακάριον
622 1468 825 1538 Πέτρον
854 1467 1187 1538 Θεασάμενον
1208 1468 1303 1538 τὴν
1327 1468 1519 1521 ἑαυτοῦ
1543 1471 1775 1535 γυναῖκα

186 1561 551 1630 ἀπαγομένην
601 1560 694 1612 ἐπὶ
745 1558 980 1628 θανάτῳ,
1030 1559 1373 1628 ὲπιςρωνῆσαι
1410 1558 1470 1623 ἐξ
1513 1560 1777 1629 ὀνόματος

188 1652 586 1723 προσειπόντα,
616 1645 962 1722 Μέμνησο,ὦ
989 1650 1148 1722 αὕτη,
1182 1650 1277 1704 τοῦ
1306 1651 1532 1721 Κυρίου·
1570 1669 1589 1701 ι
1613 1652 1776 1705 Aiunt

1885 469 2070 531 pserat
2108 475 2124 513 :
2175 479 2193 512 ι
2244 461 2440 515 Verum
2487 460 2741 530 quoniam
2785 461 3022 531 Spiritus
3069 460 3214 518 Deus
3260 475 3454 519 cuncta

1881 566 2001 620 qua:
2034 566 2064 604 a
2101 550 2211 605 Deo
2255 565 2354 621 per
2409 550 2605 604 Filium
2643 559 2771 605 sunt
2812 550 2865 605 in
2904 565 3025 606 esse
3072 552 3454 618 corroborans,

1881 644 2085 698 idcirco
2122 651 2177 698 et
2214 643 2429 698 essendi
2461 642 2800 697 durationem
2832 643 3033 712 praebet
3061 644 3450 713 principatus.»

1951 737 2071 792 Col.
2104 736 2207 791 752
2228 736 2271 788 A
2304 737 2388 790 11.
2424 734 2528 799 Qui
2562 736 2862 791 dissimiles.
2893 735 3242 792 Correximus
3274 741 3324 790 in
3357 739 3460 791 Ba-

1880 829 2107 895 siliensi,
2149 828 2289 899 quod
2328 842 2612 897 perperam
2643 828 2908 898 scriptum
2940 836 3061 881 erat
3097 827 3457 898 ἀνομοουσια-

1882 919 2044 984 στῶν,
2092 934 2160 975 ex
2207 919 2373 989 [legio
2420 919 2515 989 qui
2560 918 2884 988 praeferebat
2932 919 3455 989 ἀνομοιουσιαστῶν.

1882 1009 2176 1066 Hzereticos
2202 1012 2347 1066 enim
2383 1010 2605 1075 indicat,
2633 1012 2725 1081 qui
2764 1010 3021 1082 ἀνόμοιον
3049 1010 3258 1078 οὐσίαν,
3297 1011 3459 1065 dissi-

1883 1102 2062 1156 milem
2094 1102 2449 1158 substantiam
2479 1102 2657 1158 Patris
2682 1112 2737 1156 et
2771 1102 2894 1158 Filii
2926 1102 3211 1157 dicebant:
3242 1099 3459 1171 ὁμοιού-

1884 1210 1996 1258 σιος
2017 1209 2145 1265 ergo
2165 1205 2270 1259 est,
2291 1196 2381 1264 qui
2406 1194 2638 1248 similem
2668 1194 2833 1249 habet
2862 1193 3239 1258 substantiam,
3261 1193 3458 1264 ὁμοούο

1885 1302 2018 1350 σιος,
2046 1286 2136 1354 qui
2173 1286 2418 1340 eamdem
2444 1286 2625 1352 habet,
2667 1284 2760 1340 sed
2791 1285 3134 1356 ἀνομοούσιοι
3163 1301 3265 1339 non
3301 1300 3456 1354 repe-

1884 1377 2128 1440 riuntur,
2181 1387 2276 1430 aut
2331 1376 2787 1446 ἀνομοουσιασται
2831 1377 2984 1432 dicti.
3044 1376 3457 1447 Chrysostamus

1883 1475 2022 1520 orat.
2058 1465 2093 1520 3
2127 1465 2204 1519 De
2245 1465 2753 1533 incomprehensibili
2804 1466 2900 1520 Dei
2947 1475 3160 1526 natura,
3207 1467 3328 1519 ἐπεὶ
3364 1462 3459 1520 οὖν
3544 1510 3547 1513 λ

1884 1558 2046 1627 ἡμεῖς
2075 1557 2409 1629 ἐκτέμνομεν
2436 1557 2625 1630 ἄγριον
2670 1558 2762 1611 καὶ
2800 1558 3073 1628 ἀνήμερον
3104 1557 3316 1630 δένδρον
3350 1558 3459 1615 τῶν
3526 1552 3529 1553 ν

1898 1648 2190 1719 Ἀνομοίων
2228 1646 2330 1721 τῆν
2370 1650 2580 1720 αἵρεσιν
2603 1667 2617 1680 ⁸
2654 1668 2672 1701 ι
2703 1649 2837 1705 Cum
2885 1651 3066 1721 itaque
3105 1666 3202 1706 nos
3245 1666 3461 1721 quamne

187 1745 418 1799 beatum
456 1743 694 1808 Petrum,
725 1760 849 1798 cum
895 1759 1119 1799 uxorem
1170 1760 1323 1799 suam
1360 1745 1427 1799 ad
1465 1760 1650 1799 necem
1686 1745 1779 1798 ab-
1810 1731 1852 1785 Β
1882 1743 2133 1797 arborem
2187 1743 2545 1812 praecidamus
2595 1742 2895 1798 silvestrem
2965 1752 3129 1812 atque
3191 1754 3459 1813 agrestem

189 1835 417 1889 ductam
460 1835 893 1906 conspicaretur,
920 1836 1000 1891 sic
1033 1851 1154 1890 eam
1191 1836 1409 1890 nomine
1454 1835 1782 1905 compellan-

191 1936 306 1982 tem
337 1927 566 1992 dixisse,
599 1926 746 1983 Heus
781 1939 857 1993 tu,
887 1943 1097 1982 memor
1126 1937 1246 1983 esto
1275 1927 1510 1985 Domini.
1541 1946 1560 1979 ι
1595 1926 1785 1984 Refert

194 2024 302 2075 hoc
319 2020 661 2076 Eusebiusex
690 2020 967 2076 Clemente
990 2020 1373 2084 Alexandrino,
1392 2034 1463 2073 vn
1488 2018 1779 2086 Stromate,

192 2113 291 2166 sed
324 2114 477 2167 locus
505 2111 645 2181 apud
677 2112 838 2166 istum
870 2111 1221 2181 corrigendos
1256 2122 1338 2166 est
1368 2126 1436 2166 ex
1474 2111 1589 2181 ipso
1611 2111 1779 2166 Euse-

193 2202 289 2258 bio
316 2220 334 2269 ;
365 2204 505 2258 male
553 2204 697 2257 enim
749 2204 801 2256 in
840 2203 1081 2257 editione
1122 2201 1551 2258 Commeliniana
1577 2202 1781 2256 editum

193 2305 284 2351 est
328 2313 451 2365 pag.
486 2296 638 2351 512:
694 2296 990 2368 μεμνήσθω
1036 2297 1172 2368 αὐτῇ
1219 2295 1313 2349 τοῦ
1346 2295 1574 2367 Κυρίου.
1616 2295 1783 2350 Paulo

198 2396 326 2455 post
361 2387 451 2441 hic
478 2385 885 2442 emendavimu‘s
919 2403 984 2441 ex
1018 2388 1081 2441 ll.
1126 2387 1396 2458 ἁγιασμὸν
1431 2388 1780 2457 εἰσηγήσατο,

200 2493 301 2544 pro
341 2479 676 2549 ὲπηγήσατο,
714 2488 768 2531 et
807 2478 903 2548 οὐχ
952 2478 1285 2550 ὑπεξῄρηκε,
1329 2495 1425 2549 pro
1464 2479 1561 2549 οὐχ
1619 2479 1785 2549 ὑπερ-

198 2569 401 2637 ήρηκε.
453 2567 660 2622 Rursus
695 2582 761 2623 ex
804 2570 991 2623 eodem
1028 2586 1130 2624 ms.
1171 2570 1346 2624 locum
1375 2583 1686 2639 sequentem
1716 2585 1783 2624 ex

200 2668 361 2728 parte
407 2659 773 2724 restituimus,
809 2660 900 2729 qui
952 2661 1031 2715 sic
1078 2662 1308 2717 habebat
1354 2663 1406 2716 in
1450 2663 1582 2717 edit.
1626 2662 1782 2718 Basi-

202 2751 382 2804 liensi:
419 2751 481 2803 Ei
503 2751 558 2803 δὲ
583 2752 677 2804 καὶ
707 2752 780 2821 μὴ
803 2752 1081 2823 ὀνομάζων
1108 2754 1327 2824 Πατέρα
1349 2754 1501 2825 δηλοῖ
1531 2754 1696 2808 αὐτὸν
1724 2756 1783 2807 ἐν

201 2841 283 2913 τῷ
314 2842 446 2895 Υἱοῦ
474 2843 719 2914 ὀνόματι,
759 2845 907 2915 δηλοῖ
930 2862 987 2898 τε
1018 2847 1156 2916 μετὰ
1191 2847 1284 2900 τοῦ
1313 2846 1565 2920 πατρῴου
1586 2848 1783 2919 ὀνόμα-

203 2950 296 2997 τος
333 2934 542 2987 καὶτὸν
576 2935 997 3007 γεγεννημένον.
1029 2936 1071 2990 Τ
1080 2940 1423 3006 rapezuntius
1462 2940 1786 3006 interpreta—

1882 1834 2042 1890 istam
2073 1835 2458 1889 Anomtearum
2487 1835 2790 1890 Iizercsim.»
2822 1834 3184 1905 Hieronymus
3211 1836 3262 1890 in
3293 1834 3462 1889 Clu-o-

1884 1926 2001 1978 nico
2037 1923 2104 1978 ad
2133 1922 2499 1995 Olympiadem
2548 1924 2655 1978 286
2688 1944 2701 1979 :
2741 1942 2762 1976 ι
2804 1925 3054 1995 Synodus
3096 1925 3399 1979 Antiochiae
3428 1939 3459 1978 a

1881 2013 2096 2069 Meletio
2124 2023 2179 2070 et
2216 2015 2327 2069 suis
2357 2013 2521 2081 facta,
2552 2016 2606 2069 in
2637 2031 2745 2085 qua
2784 2016 3067 2069 homausio
3099 2029 3460 2084 anomteoque

1884 2106 2105 2177 rejecto,
2144 2108 2379 2162 medium
2410 2108 2553 2162 inter
2578 2108 2692 2163 ba'c
2722 2108 3092 2163 homteonsion
3121 2106 3462 2163 Macedoniaa

1884 2212 2009 2250 num
2053 2199 2243 2265 dogma
2284 2197 2718 2254 vindicaverunt.
2756 2216 2775 2249 ι
2818 2196 2917 2252 Ubi
2955 2196 3173 2252 nomine
3208 2198 3458 2255 Anommi

1882 2288 2190 2356 opinionem
2217 2289 2398 2343 Acacii
2430 2297 2484 2346 et
2513 2289 2740 2344 aliorum
2777 2290 2843 2342 de
2872 2288 3120 2343 dissimili
3151 2290 3458 2344 substantia

1883 2378 2087 2434 Christi
2113 2396 2141 2434 a
2171 2380 2332 2435 Patre
2371 2380 2641 2452 intelligit.
2674 2380 3122 2435 Hommousianos
3174 2391 3350 2435 autem
3384 2380 3463 2435 di-

1884 2479 2001 2525 ctas
2024 2470 2441 2529 Macedonianos
2467 2480 2685 2527 constat
2704 2484 2772 2526 ex
2799 2469 3093 2538 Tripartita
3113 2470 3209 2526 lib.
3232 2487 3305 2538 tv,
3335 2487 3459 2542 cap.

1884 2562 1976 2616 22.
2013 2561 2255 2617 Meminit
2289 2562 2455 2618 etiam
2511 2561 2804 2632 impietatis
2845 2562 3196 2617 Anomteanre
3235 2562 3461 2631 epistola

1881 2653 1947 2707 4i
1974 2652 2222 2717 Basilius,
2245 2652 2332 2706 ubi
2370 2663 2517 2710 recte
2551 2655 2626 2708 ita
2652 2654 2994 2710 emendatum
3021 2663 3124 2718 est,
3155 2669 3276 2708 cum
3303 2663 3461 2708 antea

1882 2744 2201 2798 Anomiame
2229 2743 2540 2814 legeretur:
2570 2759 2693 2799 nam
2739 2744 3059 2801 Eunomiaui
3092 2745 3160 2800 ab
3198 2744 3463 2800 Eunomia

1884 2844 2010 2889 sunt
2037 2835 2301 2900 haeretici,
2334 2835 2619 2891 Anomiani
2653 2847 2831 2889 autem
2867 2835 3020 2890 nulli.

1954 2927 2088 2982 and.
2118 2926 2161 2980 Β
2185 2929 2241 2985 8.
2268 2927 2430 2983 Μετὰ
2446 2928 2747 2994 ἀπιστίας.
2780 2928 3073 2981 Carnarius
3108 2929 3244 2981 hanc
3278 2928 3464 2982 lectio-

207 3032 296 3076 tus
321 3033 443 3082 est:
482 3043 499 3075 ι
534 3025 684 3091 Quod
710 3025 755 3079 si
802 3025 1020 3081 Patrem
1060 3041 1168 3081 non
1196 3030 1504 3094 nominans,
1532 3045 1652 3083 cum
1680 3028 1783 3082 Pa-
1811 3066 1853 3123 Ο
1887 3035 2008 3075 nem
2048 3018 2338 3087 expressit,
2384 3037 2403 3069 ι
2433 3033 2552 3087 qnte
2609 3032 2731 3073 cum
2784 3017 3159 3072 incredulitate
3212 3020 3464 3074 omnibus

263 3116 276 3123 -
488 3117 501 3123 -
861 3117 959 3123 ____
1152 3119 1162 3123 _
1328 3121 1338 3123 _
1683 3119 1779 3123 e-
1998 3121 2005 3123 ξ
2171 3109 2286 3123 ..-
2753 3106 2766 3123 .
2826 3104 2990 3123 μ...
3116 3122 3123 3123 ,
3214 3122 3221 3123 ,
3288 3106 3367 3123 ...ι

206 3116 311 3171 tris
357 3117 574 3170 nomine
625 3125 806 3171 tamen
861 3117 1054 3171 Filium
1094 3119 1255 3172 etiam
1297 3121 1586 3189 significat.
1616 3139 1636 3171 ι
1678 3119 1784 3175 Sed

208 3208 350 3262 idem
393 3208 530 3261 liber
580 3209 782 3278 ltegius
834 3209 1142 3264 accuratius
1195 3210 1470 3279 inspectus
1515 3212 1783 3280 integrum

208 3301 385 3355 locum
414 3300 494 3354 sic
533 3309 908 3376 repressentat:
943 3302 1006 3355 Ei
1043 3302 1101 3355 δὲ
1131 3302 1227 3356 καὶ
1268 3304 1341 3373 μὴ
1368 3303 1648 3374 ὀνομάζων
1674 3304 1787 3355 Πα-

206 3390 362 3463 τέρα,
396 3391 546 3462 δηλοί
572 3392 712 3462 μετὰ
740 3395 839 3464 τῆς
866 3393 995 3446 Υἱοῦ
1026 3395 1395 3465 προσηγορίας
1428 3394 1633 3447 καὶτὸν
1665 3411 1787 3463 γεν-

207 3485 432 3555 νήτορα,
478 3485 574 3537 καὶ
628 3484 704 3555 μὴ
746 3484 1028 3555 ὀνομάζων
1066 3485 1158 3538 τὸν
1180 3486 1307 3538 Υἱὸν
1331 3486 1483 3556 δηλοῖ
1528 3485 1669 3555 μετὰ
1692 3485 1785 3538 τοῦ

208 3574 467 3646 πατρῴου
496 3576 759 3647 ὀνόματος
792 3579 886 3631 καὶ
926 3578 1016 3631 τὸν
1063 3578 1476 3650 γεγεννημένον.
1510 3599 1529 3630 ι
1558 3580 1711 3645 Quod
1742 3581 1787 3634 si

209 3666 426 3722 Patrem
463 3683 568 3722 non
602 3669 907 3732 nominans,
935 3684 1058 3723 cum
1095 3669 1214 3723 Filii
1248 3668 1611 3738 appellatione
1633 3670 1786 3738 geni-

212 3768 385 3813 torem
414 3773 629 3829 quoque
665 3760 942 3828 signiﬁcat
971 3779 985 3816 :
1022 3772 1076 3816 et
1098 3761 1299 3817 Filium
1341 3776 1447 3815 non
1476 3762 1785 3825 nominans,

211 3864 336 3903 cum
379 3851 596 3904 nomine
635 3861 861 3917 paterno
895 3853 1135 3923 genitum
1173 3868 1388 3924 quoque
1439 3854 1731 3925 significat.
1762 3876 1781 3905 ι

210 3940 284 3993 At
308 3940 364 3994 in
403 3942 754 4009 sequentibus
786 3944 1113 4014 conjecturae
1143 3945 1295 4000 locus
1326 3946 1440 3999 dari
1471 3954 1670 4013 potest,
1707 3955 1784 4010 ut,

212 4033 339 4088 licet
369 4034 770 4102 manuscriptus
808 4045 1125 4091 constanter
1173 4038 1401 4091 retineat
1439 4037 1532 4089 καὶ
1574 4036 1789 4106 μεταδι-

211 4123 386 4185 δοται,
414 4122 509 4175 καὶ
529 4126 749 4188 νοεῖται,
776 4123 920 4179 unde
946 4123 1241 4179 Carnarius
1263 4125 1500 4193 scripsit,
1529 4144 1547 4176 ι
1579 4126 1632 4179 in
1663 4140 1790 4193 sup-

212 4213 491 4284 peditante
517 4231 532 4268 :
562 4215 736 4283 ipsum
763 4224 820 4269 et
859 4215 1020 4270 datur
1056 4227 1112 4271 et
1152 4216 1507 4285 intelligitur:
1547 4235 1566 4269 ι
1607 4224 1786 4269 tamen

212 4307 552 4373 suspicemur
575 4306 859 4374 legendum
891 4309 986 4360 καὶ
1019 4307 1351 4377 μεταδιδόντι
1390 4310 1613 4371 νοεῖται,
1644 4311 1787 4376 quod

1885 3121 2013 3165 sunt
2041 3109 2348 3175 manifesta,
2379 3127 2398 3161 ι
2439 3123 2538 3163 nec
2566 3108 2723 3162 aliter
2753 3106 2919 3160 habet
2945 3104 3013 3159 ll.
3048 3122 3176 3170 ms.,
3207 3107 3301 3161 sed
3326 3106 3462 3161 Tra-

1886 3201 2170 3269 pezuntius
2196 3200 2454 3267 scriptum
2475 3195 2769 3252 offendisse
2788 3197 3022 3263 videtur,
3043 3196 3181 3266 μετὰ
3205 3195 3463 3261 πίστεως,

1888 3292 1968 3346 vel
2008 3290 2149 3361 μετὰ
2182 3289 2489 3353 εὐπιστίας,
2520 3306 2539 3339 ι
2573 3302 2694 3342 cum
2729 3287 3050 3342 credulitate
3084 3298 3175 3342 util
3207 3286 3464 3342 facilitate

1885 3383 2177 3450 credendi;
2231 3401 2251 3434 ι
2284 3382 2427 3449 quod
2467 3379 2721 3435 convenit
2765 3392 2887 3433 cum
2927 3393 2992 3432 eo
3027 3380 3171 3448 quod
3221 3379 3464 3448 sequitur

1887 3478 2112 3531 citatum
2159 3489 2224 3527 es
2271 3473 2444 3542 Epist.
2488 3473 2556 3527 ad
2596 3470 2755 3526 Hebr.
2789 3487 2866 3537 ιι,
2895 3469 2927 3524 6
2962 3488 2976 3523 :
3012 3470 3233 3524 Credere
3263 3481 3462 3540 oportet

1887 3567 2212 3621 accedentem
2239 3566 2307 3619 ad
2344 3565 2531 3629 Deum,
2555 3564 2771 3635 etquod
2803 3572 2887 3618 est
2937 3562 3088 3618 Isaia:
3111 3578 3208 3626 vn,
3234 3561 3268 3615 9
3297 3562 3464 3616 εἘὰν

1880 3658 1968 3730 μὴ
2007 3659 2397 3726 πιστεύσητε,
2443 3655 2587 3711 οὐδὲ
2627 3640 2714 3725 μὴ
2746 3652 3012 3722 συνῆτε·
3056 3652 3209 3719 Quod
3259 3655 3307 3707 si
3360 3670 3462 3706 non

1886 3748 2233 3814 credideritis,
2264 3762 2591 3817 nequaquam
2655 3746 2973 3815 intelligetis.
3005 3743 3171 3798 Paulo
3215 3753 3332 3814 post
3368 3759 3464 3814 pro

1886 3838 2162 3891 ἀκούσωσι
2189 3847 2306 3891 erat
2343 3839 2395 3891 in
2426 3852 2528 3892 ms.
2560 3834 2873 3897 ἀκούσουσι,
2901 3836 3292 3891 auscultabunt.
3320 3836 3384 3891 Et
3404 3837 3464 3890 ὲν

1887 3928 2115 3999 ἀπιστίᾳ
2140 3929 2400 3998 ὑπάρχων
2431 3929 2771 3997 reposuimus
2791 3944 2857 3980 ex
2891 3930 3101 3992 eodem,
3129 3945 3235 3981 non
3267 3938 3324 3982 ut
3356 3927 3461 3981 Ba-

1887 4023 2091 4079 silicus.
2122 4021 2376 4091 ὑπάρχει.

1956 4112 2070 4167 Col.
2121 4112 2226 4166 754
2257 4112 2298 4165 Β
2329 4112 2381 4166 6.
2418 4112 2515 4177 Ὠς
2535 4112 2898 4165 ὑπόστασιν.
2934 4111 3002 4165 Η.
3030 4112 3105 4176 ὡς
3146 4111 3461 4176 ὑπόστασις,

1889 4216 1945 4259 ιιι
1978 4214 2372 4274 praecesserunt
2397 4204 2473 4267 ὡς
2513 4203 2660 4267 νοῦς,
2699 4212 2755 4258 et
2788 4203 2865 4268 ὡς
2893 4203 3147 4276 δύναμις,
3181 4214 3237 4259 et
3275 4206 3346 4259 ita
3377 4206 3463 4260 in-

1891 4298 2205 4367 terpretatio
2230 4295 2574 4366 Trapezuntii
2609 4297 2796 4367 exigit,
2818 4306 2872 4351 et
2904 4296 3198 4353 Carnarius
3223 4298 3463 4367 agnovit,

215 4397 613 4467 Trapezuntius
638 4399 860 4463 habeat,
889 4416 910 4451 ι
946 4400 999 4453 in
1029 4402 1305 4468 praebente
1344 4400 1515 4469 ipsum
1546 4410 1601 4454 et
1625 4401 1785 4454 dante

1894 4409 1913 4442 ι
1946 4399 2005 4444 ut
2058 4388 2359 4444 substantia
2415 4389 2691 4458 proprium
2748 4389 3141 4444 characterem.
3181 4406 3200 4439 ι
3260 4387 3361 4455 Qui
3409 4398 3466 4442 et

214 4486 554 4555 intelligitur.
590 4506 611 4538 ι

288 4579 420 4635 Ibid.
463 4580 524 4633 D.
562 4580 674 4635 Kal
701 4579 975 4645 ἐναὺτῷ.
1032 4579 1088 4633 ln
1130 4597 1231 4637 IIIS.
1278 4580 1343 4634 ll.
1389 4582 1664 4651 legebatur
1695 4583 1789 4635 καὶ

213 4676 296 4736 εἰς
328 4672 510 4734 αὐτόν,
540 4687 649 4741 quo
673 4682 829 4741 pacto
858 4674 1020 4726 etiam
1059 4675 1319 4743 scriptum
1350 4682 1434 4727 est
1463 4674 1560 4742 Ep.
1590 4675 1658 4728 ad
1688 4674 1791 4726 lto-

216 4780 405 4820 manos
432 4779 510 4827 ιι,
533 4766 622 4828 56,
641 4766 783 4820 unde
802 4765 1037 4819 fortasse
1059 4767 1298 4819 manavit
1324 4765 1411 4819 illa
1437 4765 1595 4820 lectio
1621 4783 1634 4819 :
1666 4783 1787 4819 nam

211 4854 444 4911 Basilius
474 4856 631 4924 plane
659 4857 732 4910 ita
772 4855 898 4925 legit
922 4857 981 4908 ἐν
1015 4855 1185 4927 αὐτῷ,
1238 4869 1296 4911 ut
1330 4871 1451 4927 quae
1487 4868 1788 4926 sequuntur

213 4946 529 5009 ostendunt,
553 4961 674 5001 cum
700 4947 764 5000 ad
790 4947 1051 5014 Spiritum
1072 4958 1319 5001 sanctum
1345 4949 1446 5001 hoc
1468 4948 1635 5002 refert
1655 4947 1713 5001 ἓν
1732 4949 1788 5003 δὲ

213 5038 441 5108 Πνεῦμα
466 5038 621 5106 ἅγιον
652 5040 709 5091 ὲν
764 5031 809 5106 ᾧ
836 5039 1031 5092 πάντα.
1070 5039 1272 5092 Auctor
1298 5055 1513 5108 quoque
1546 5037 1791 5111 Vulgata:

212 5124 418 5179 Latina:
461 5124 540 5179 sic
587 5125 779 5191 legisse
812 5125 1024 5178 videtur
1064 5125 1203 5192 apud
1239 5126 1553 5193 Apostolum
1592 5145 1606 5181 :
1648 5138 1789 5181 tam-

211 5215 313 5269 etsi
366 5231 506 5269 novo
589 5216 799 5271 censori
855 5216 1009 5271 Bezze
1063 5217 1115 5270 id
1171 5233 1276 5271 non
1327 5218 1609 5285 probatur,
1643 5220 1784 5290 quod

214 5305 377 5359 finem
420 5306 659 5359 omnium
693 5306 784 5360 Dei
816 5305 1081 5361 factorum
1125 5306 1236 5361 illic
1266 5316 1419 5377 putet
1448 5308 1739 5378 signiﬁcari
1768 5326 1784 5363 :

213 5396 307 5453 sed
334 5398 379 5452 si
405 5397 653 5466 quintum
684 5398 828 5452 hunc
860 5397 1044 5453 Basilii
1078 5398 1277 5453 librum
1304 5398 1649 5468 interpretari
1675 5416 1789 5453 ma—

212 5489 433 5553 luisset,
468 5505 628 5558 quam
660 5492 895 5561 maligne
926 5492 1285 5560 supprimere,
1322 5507 1425 5560 qua
1455 5494 1661 5546 ratione
1695 5495 1789 5548 de—

213 5578 359 5633 fendi
394 5579 553 5635 lectio
594 5580 685 5634 illa
720 5581 920 5649 possit,
961 5596 1027 5635 ex
1071 5579 1413 5636 sanctissimo
1452 5581 1610 5637 Patre
1651 5584 1787 5638 didi~

213 5670 399 5726 cisset.

531 5770 802 5833 Ρλτιιοι..
850 5772 968 5834 Gn.
1014 5773 1223 5837 XXX.

1888 4479 2050 4550 paulo
2075 4487 2197 4548 post
2230 4478 2425 4533 melius
2464 4478 2757 4545 expressit,
2808 4496 2827 4529 ι
2862 4475 3096 4545 Spiritus
3129 4476 3306 4545 imago
3342 4475 3465 4532 Filii

1888 4573 2066 4625 dictus
2103 4581 2206 4633 est,
2241 4588 2261 4622 ι
2308 4585 2469 4639 quam
2507 4568 2934 4636 Trapezuntius,
2968 4584 2987 4618 ι
3024 4569 3201 4637 imago
3232 4567 3351 4621 Filii
3383 4568 3467 4621 di-

1887 4672 1972 4715 cta
2010 4671 2111 4715 est.
2149 4681 2167 4713 ι

1957 4753 2071 4810 Col.
2115 4753 2215 4807 760
2243 4752 2303 4805 D.
2337 4752 2436 4820 Μὴ
2450 4751 2730 4820 μερισῃς.
2768 4750 2843 4804 lta
2882 4751 3218 4806 restituimus
3254 4767 3319 4807 ex
3356 4768 3460 4808 ms.

1886 4847 1979 4912 ll.,
2019 4862 2142 4902 cum
2200 4855 2358 4898 antea
2408 4844 2689 4897 Basiliens.
2748 4843 2822 4913 μὴ
2881 4843 3111 4914 μερίσας
3155 4843 3244 4909 τά,
3294 4863 3315 4896 ι
3356 4861 3463 4899 non

1888 4941 2161 5003 scindens,
2195 4956 2215 4989 ι
2251 4945 2306 4991 et
2347 4946 2525 4989 tamen
2562 4936 2779 5003 agnovit
2825 4935 2899 4987 ita
2941 4936 3285 4990 scribendum
3327 4935 3463 4991 Cor-

1889 5033 2097 5096 narins,
2133 5050 2152 5082 ι
2198 5029 2274 5083 Ne
2304 5027 2556 5097 partiaris
2584 5042 2669 5091 ea,
2703 5041 2821 5095 quae
2850 5026 2903 5080 in
2934 5036 3114 5094 partes
3148 5028 3313 5083 dividi
3356 5043 3461 5081 non

1868 5135 2131 5197 .possunt,
2163 5142 2183 5176 ι
2218 5133 2274 5178 ct
2308 5120 2637 5189 Trapezunt.
2672 5135 2691 5169 ι
2725 5116 2843 5171 Νοη
2888 5119 3165 5187 partiaris,
3206 5135 3327 5189 qum
3362 5120 3466 5174 ἰω-

1890 5217 2180 5285 ριιτῑίὺίιὶξι.
2208 5233 2227 5266 ι

1955 5308 2070 5364 Col.
2105 5304 2212 5361 762
2254 5303 2295 5357 Β
2344 5303 2432 5359 12.
2481 5301 2566 5356 Ibi
2601 5308 2965 5355 conuenerunt.
3020 5299 3225 5369 Duplici
3271 5302 3466 5357 mendo

1884 5399 2164 5453 laborabat
2208 5396 2348 5450 male
2381 5393 2605 5469 affectus
2647 5390 2735 5446 hic
2767 5391 2940 5455 lacus,
2981 5400 3035 5445 et
3068 5393 3137 5446 ab
3171 5394 3468 5461 interprete

1886 5502 1941 5545 et
1967 5507 1995 5544 a
2029 5489 2386 5559 typograpbo.
2418 5505 2436 5537 ι
2470 5486 2544 5539 lbi
2570 5483 2783 5539 obviam
2813 5481 3033 5536 fuerunt
3055 5484 3219 5551 servi,
3246 5496 3301 5540 et
3330 5501 3468 5542 unus

1886 5599 2073 5637 eorum
2126 5597 2231 5635 non
2280 5591 2364 5651 est
2410 5578 2645 5634 relictus.
2676 5596 2695 5628 ι
2740 5574 2810 5628 At
2841 5572 2990 5628 Isaiae
3043 5591 3230 5639 xxxiv,
3273 5577 3362 5639 15,
3395 5578 3467 5631 ita

1889 5677 2114 5730 vertitur
2143 5689 2208 5727 cx
2245 5672 2381 5726 LXX
2413 5686 2442 5725 a
2483 5670 2540 5725 S.
2571 5669 2902 5741 Hieronymo
2933 5669 2984 5722 in
3017 5666 3464 5726 Commentario:

2988 5762 3065 5822 δι
