3816 6210
384 284 518 341 i067

1511 275 1720 334 ΝΟΤιΕ
1762 276 2151 334 FBONTONIS
2193 276 2420 333 DUCAil

3505 276 3525 327 1
3538 274 3640 330 068

382 404 468 458 Ibi
517 403 847 458 obviaverunt
882 400 979 454 sibi
1034 400 1188 461 certi,
1227 408 1273 452 et
1315 397 1552 451 viderunt
1596 398 1755 466 facies
1794 412 1957 451 suas:
1991 407 2034 458 Α
2133 397 2249 451 Col.
2278 396 2379 448 ’ΠΟ
2426 394 2467 449 C
2525 395 2578 449 8.
2635 391 2778 446 Sicut
2811 393 2967 446 enim.
3009 391 3064 445 ln
3102 406 3205 446 ms.
3237 389 3303 444 ll.
3341 390 3644 457 φωτίσασαι

383 510 520 548 unus
555 509 619 547 ea:
655 492 781 558 ipsis
814 505 918 545 non
947 491 1129 558 .periit.
1171 489 1440 541 Ἀπώλετο
1492 487 1692 557 legunt,
1723 503 1827 542 non
1850 491 1962 542 ὐπ-

380 584 650 652 ελείςρθη.
683 581 907 652 Vulgata
941 597 1073 636 vero
1103 580 1243 634 aliud
1271 594 1382 648 pra:
1405 596 1461 633 se
1497 578 1600 632 fert
1630 577 1805 634 :flluc
1836 595 1963 631 con-

381 672 580 740 gregati
609 681 727 724 sunt
769 671 898 724 mihi
942 671 1076 723 alter
1107 669 1176 721 ad
1213 669 1458 721 alterum.
1491 665 1582 722 llle
1623 677 1800 722 autem
1829 667 1964 721 alter

382 776 448 812 cx
475 763 662 816 eodem
706 761 966 830 propheta
995 760 1145 815 locus
1177 770 1260 813 est
1291 759 1394 813 lsa.
1438 774 1567 822 LVII,
1603 757 1691 813 16.
1746 756 1963 811 Omnem

382 849 592 915 ﬂatum,
623 865 729 904 llOtl
767 859 993 913 statum,
1026 850 1216 916 seripsi
1247 890 1260 914 ,
1303 848 1502 916 πνοὴν
1549 847 1773 901 πᾶσαν.
1827 845 1963 899 Ter-

385 943 490 996 tius
517 953 598 997 est
625 940 742 997 Jobi
772 957 942 1004 xxxtt,
981 940 1038 1005 8,
1078 941 1166 994 ubi
1205 941 1430 1009 legimus
1476 939 1694 1008 πνεῦμά
1725 940 1874 991 ἐστιν
1906 940 1963 992 ὲν

387 1033 622 1105 βροτοῖς,
657 1049 764 1090 non
804 1033 861 1085 ὲν
899 1032 1168 1104 βρονταῖς,
1209 1031 1260 1084 in
1306 1029 1624 1092 hominibus,
1661 1046 1763 1084 non
1809 1031 1862 1082 in
1886 1041 1966 1083 to-

386 1125 598 1186 nitruis,
627 1134 686 1178 ut
709 1125 1004 1191 scripserat
1034 1121 1429 1189 Trapezuntius
1451 1161 1466 1186 ,
1516 1132 1562 1174 et
1600 1122 1758 1189 ﬂatus
1787 1129 1963 1173 autem

387 1216 770 1279 omnitenentis,
803 1216 892 1282 qui
920 1231 1001 1267 me
1027 1213 1198 1266 docet.
1227 1212 1591 1282 Symmachus
1621 1213 1781 1266 etiam
1806 1211 1966 1265 vertit

388 1324 452 1361 ex
488 1307 712 1363 Hebraeo
738 1325 752 1361 :
789 1308 1010 1372 Ὄντως
1037 1305 1105 1358 δὲ
1132 1306 1365 1374 πνεῦμα
1388 1306 1537 1359 Θεοῦ
1567 1305 1738 1358 ἐστιν
1758 1306 1827 1358 ἐν
1859 1305 1964 1358 ἀν-

389 1398 659 1469 θρὼποις’
703 1397 826 1452 Vere
859 1410 1031 1452 autem
1061 1400 1276 1464 spiritus
1303 1397 1400 1450 Dei
1426 1407 1499 1451 est
1528 1397 1580 1450 in
1618 1397 1914 1449 hominibus
1943 1412 1962 1450 :

389 1505 490 1545 nec
512 1489 667 1542 aliter
703 1486 924 1558 Vulgata
952 1502 1019 1542 ex
1063 1487 1308 1552 Hebraeo,
1344 1489 1395 1541 in
1425 1502 1530 1556 quo
1553 1501 1654 1541 vox
1679 1495 1824 1545 muas
1867 1501 1960 1540 ac-

389 1581 492 1649 cipi
528 1595 632 1636 non
661 1590 836 1650 potest
869 1595 969 1649 pro
1005 1579 1269 1644 tonitruo;
1314 1591 1396 1632 est
1446 1594 1575 1648 ergo
1616 1580 1866 1634 mendum
1899 1578 1961 1632 li-

388 1669 578 1734 brarii,
613 1669 704 1740 qui
732 1685 828 1740 pro
852 1669 1062 1740 βροτοῖς
1090 1669 1308 1738 scripsit
1337 1667 1608 1739 βρονταῖς.

2062 485 2221 554 νέφος
2249 485 2545 555 legebatur,
2580 485 2756 538 minus
2794 492 2939 538 recte
2973 481 3103 537 :sed
3137 492 3191 535 et
3222 482 3495 548 interpres
3521 496 3648 546 pan-

2063 577 2115 633 lo
2149 577 2434 631 obscurius
2469 577 2717 630 dixerat:
2757 595 2775 626 ι
2818 575 2970 630 Sicut
3006 575 3135 629 solis
3167 573 3300 626 radii
3345 572 3543 624 nubem
3584 573 3646 623 il-

2061 669 2405 734 luminantes,
2441 677 2494 721 et
2542 668 2710 736 ipsam
2754 666 3040 736 splendere
3081 663 3366 728 facientes,
3415 663 3650 714 auritor-

2063 779 2202 820 mem
2229 765 2326 832 ipsi
2362 763 2552 818 faciem
2579 761 2900 832 praebentes.
2949 778 2968 811 ι

2131 855 2247 910 Col.
2283 854 2388 907 772
2420 853 2461 906 B
2497 854 2582 908 10.
2642 855 2724 906 Οὐ
2760 850 3082 921 χωρίζεται.
3131 847 3553 904 Emendavimus
3592 848 3645 902 in

2063 943 2344 998 Basilicus.
2409 943 2506 1013 οὐχ
2540 943 2781 1014 ὁρίζεται
2839 955 3119 1011 perperam
3176 949 3333 993 antea
3385 939 3648 1008 scriptum

2063 1051 2160 1105 pro
2197 1037 2258 1088 οὐ
2285 1035 2602 1106 χωρίζεται,
2639 1055 2656 1084 ι
2699 1034 2813 1087 lucc
2842 1034 2909 1088 ab
2935 1032 3022 1087 illo
3056 1049 3160 1086 non
3195 1040 3503 1100 separatur,
3535 1049 3553 1082 ι
3593 1041 3652 1085 ιιι

2062 1138 2210 1182 recte
2235 1126 2633 1196 Trapezuntius
2667 1142 2681 1179 :
2713 1124 2848 1179 alter
2876 1124 3141 1193 interpres
3169 1123 3404 1177 homilia:
3428 1137 3652 1191 separa-

2066 1227 2132 1272 tze
2165 1216 2475 1270 mendosam
2510 1214 2792 1269 lectionem
2825 1221 3040 1268 secutus
3084 1231 3104 1264 ‹
3147 1213 3286 1266 hanc
3325 1212 3378 1264 in
3411 1211 3505 1266 illo
3545 1227 3650 1264 non

2063 1305 2457 1362 circumscribit
2495 1319 2509 1356 :
2557 1324 2577 1355 ι
2616 1315 2670 1358 at
2696 1305 2987 1358 Cornarius
3020 1303 3268 1357 mendum
3303 1301 3654 1356 animadver—

2064 1398 2151 1459 tit,
2183 1407 2239 1451 et
2262 1397 2420 1461 dixit,
2460 1415 2478 1447 ι
2513 1411 2618 1450 non
2647 1405 2962 1464 segregatur
2991 1395 3058 1448 ab
3089 1395 3224 1464 ipso.
3262 1414 3282 1446 ι

2129 1489 2260 1542 Ibid.
2296 1487 2336 1541 C
2373 1488 2460 1543 M.
2497 1486 2646 1540 Nihil
2674 1490 2725 1540 in
2754 1505 2826 1540 se.
2863 1485 3076 1540 Citatur
3109 1487 3197 1540 hic
3231 1487 3383 1541 locus
3409 1501 3439 1540 a
3463 1487 3659 1541 Bessa-

2064 1581 2212 1634 rione
2234 1578 2450 1634 Nic-aeno
2481 1580 2533 1633 in
2565 1579 2808 1632 oratione
2833 1578 3156 1646 dogmatiea,
3193 1578 3335 1632 edita
3371 1578 3426 1632 in
3465 1579 3657 1633 conci-

2063 1671 2133 1724 lio
2153 1671 2487 1734 Florentino,
2517 1671 2754 1725 sessione
2778 1671 2868 1734 20,
2893 1686 2946 1739 p.
2973 1669 3096 1734 559.,
3124 1669 3424 1740 πεφηνέναι
3454 1679 3513 1723 ιιι
3530 1687 3658 1738 pro-

459 1761 576 1818 Col.
611 1761 716 1816 766
761 1760 803 1814 Β
852 1762 938 1816 15.
1000 1759 1122 1816 Νοη
1157 1761 1296 1831 quod
1344 1761 1584 1813 disceret.
1619 1759 1760 1814 Vitio
1815 1759 1962 1828 μνωιὶ

2101 1772 2222 1817 etur
2254 1780 2272 1813 ε
2315 1761 2654 1816 manifestari
2697 1781 2714 1813 ι
2754 1761 2812 1814 τὸ
2858 1757 2996 1813 εἶναι
3041 1761 3136 1814 καὶ
3168 1762 3228 1812 τὸ
3254 1759 3523 1831 ὑπάρχειν
3555 1762 3659 1830 δη-

391 1862 549 1908 antea
571 1852 866 1924 legebatur,
900 1874 917 1903 ι
955 1861 1008 1908 et
1039 1852 1166 1921 quid
1197 1852 1387 1921 loquar
1414 1866 1518 1906 non
1555 1851 1700 1905 dices
1731 1867 1746 1905 :
1789 1869 1806 1902 ι
1841 1865 1963 1906 cum

391 1943 698 2012 scripsisset
741 1941 986 1998 fortassis
1030 1944 1314 2011 interpres,
1361 1959 1381 1992 ι
1437 1956 1543 1995 non
1573 1940 1806 2006 discens,
1856 1959 1873 1990 ι
1905 1942 1963 1994 οὐ

394 2033 678 2103 μανθάνων
740 2051 751 2061 ·
804 2043 859 2088 at
918 2034 970 2086 in
1038 2032 1206 2102 Regio
1258 2032 1301 2085 ll
1355 2048 1472 2102 qua:
1531 2044 1829 2102 sequuntur
1890 2033 1967 2087 ita

390 2126 750 2182 t-llerebantur
805 2142 816 2176 :
870 2124 1040 2178 Τοῦτο
1085 2125 1194 2195 γὰρ
1247 2121 1314 2196 ἦν
1375 2123 1619 2195 ἀμαθοῦς
1684 2123 1780 2176 καὶ
1840 2123 1967 2176 ἀτε-

390 2218 513 2281 λοῦς
546 2233 558 2246 ·
597 2236 616 2268 ι
654 2216 787 2271 Nam
818 2217 869 2272 id
898 2226 1044 2272 esset
1076 2217 1249 2285 ignari
1277 2225 1329 2271 et
1354 2216 1672 2286 imperfecti.
1720 2235 1737 2268 ι

459 2308 576 2364 Col.
603 2307 705 2362 768
730 2307 790 2363 C.
808 2307 1214 2377 Εὑθυμεισθω.
1241 2306 1372 2372 Qua:
1395 2316 1692 2377 sequuntur
1715 2307 1780 2361 ad
1808 2306 1966 2361 finem

390 2415 562 2470 usque
589 2401 710 2455 libri
739 2401 910 2469 quinti
939 2399 1136 2454 Contra
1163 2397 1506 2462 Eunomium,
1550 2410 1605 2454 et
1633 2400 1970 2454 constituunt

391 2499 550 2559 caput
577 2491 841 2545 decimum
885 2491 1194 2560 septimum,
1231 2491 1282 2544 in
1320 2488 1602 2543 Basiliensi
1626 2488 1813 2544 Graeca
1853 2490 1969 2544 edi-

395 2584 540 2638 tione
585 2581 868 2652 posteriori
917 2581 1362 2637 desiderabantur
1400 2599 1412 2635 :
1445 2583 1538 2636 sed
1596 2582 1650 2636 in
1686 2581 1848 2635 alium
1887 2581 1970 2636 lo-

391 2687 512 2726 cum
545 2672 804 2727 translata
827 2682 1128 2742 separatam
1158 2672 1430 2728 homiliam
1457 2673 1758 2727 efﬁciebant
1791 2691 1805 2727 :
1832 2673 1970 2741 Περὶ

393 2763 498 2818 τοῦ
527 2765 871 2835 Πνεύματος
895 2765 1091 2835 ἁγίου,
1129 2781 1148 2816 ι
1183 2767 1259 2820 De
1291 2765 1495 2834 Spiritu
1527 2776 1735 2831 sancto,
1778 2787 1796 2816 ι
1837 2775 1889 2819 et
1917 2765 1971 2818 in

394 2857 628 2914 editione
648 2854 839 2917 Latina
865 2857 1158 2913 Parisiensi
1201 2871 1291 2912 an.
1330 2856 1492 2923 1605,
1541 2873 1594 2926 p.
1635 2857 1760 2912 223.
1802 2875 1821 2909 ‹
1863 2855 1970 2914 Co-

390 2949 523 3019 gitet
551 2949 728 3004 omnis
768 2947 979 3015 anima;
1016 2966 1034 2999 ι
1080 2957 1135 3002 at
1187 2948 1241 3003 in
1284 2949 1470 3004 codice
1518 2947 1684 3019 Regio
1725 2948 1970 3002 ultimum

390 3048 552 3109 caput
603 3039 726 3094 libri
783 3053 836 3105 ν,
899 3055 1021 3094 cum
1073 3039 1174 3094 hoc
1241 3039 1429 3106 titulo,
1499 3042 1638 3108 Περὶ
1704 3039 2040 3137 Πνεῦμα-α

387 3149 510 3196 τος.
574 3129 970 3201 Trapezuntius
1013 3145 1225 3201 quoque
1269 3131 1588 3200 subjiciebat
1630 3132 1768 3186 istud
1807 3139 1970 3185 caete-

392 3227 489 3287 ris,
554 3231 608 3278 et
670 3222 886 3291 legebat
955 3223 1007 3276 in
1072 3223 1382 3293 apographo
1448 3238 1546 3278 suo
1607 3220 1968 3291 εὐθυμείσθω,

389 3322 550 3384 prout
593 3323 711 3368 erat
765 3314 818 3368 in
868 3313 962 3378 H.,
1007 3315 1101 3368 sed
1141 3313 1278 3368 alter
1329 3315 1596 3384 interpres
1643 3313 1769 3384 legit
1814 3311 1971 3365 ἐνθυ-

393 3404 600 3475 μείσθω
635 3422 649 3436 ·
693 3425 710 3457 ι
743 3403 954 3474 Cogitet
997 3404 1173 3461 omnis
1217 3404 1416 3470 anima,
1479 3421 1548 3458 an
1604 3405 1737 3458 tales
1779 3403 1974 3457 habeat

390 3499 622 3554 oculos:
659 3517 678 3550 ›
715 3498 793 3554 sie
840 3499 1096 3554 nimirum
1145 3506 1222 3553 ait
1265 3508 1476 3568 postea,
1523 3496 1794 3550 σκοπείτω
1853 3495 1969 3550 διά-

392 3607 529 3655 νοια,
562 3609 579 3642 t
609 3603 761 3645 mens
794 3588 1118 3656 consideret,
1143 3608 1162 3640 ι
1199 3588 1294 3642 καὶ
1322 3588 1508 3642 νοείτω
1536 3587 1607 3640 τὰ
1635 3588 1816 3640 πάντα
1842 3586 1974 3657 πλη-

398 3681 656 3752 ρούμενα,
697 3700 715 3733 ‹
756 3682 954 3752 cogitet
975 3681 1157 3736 omnia
1189 3681 1381 3751 spiritu
1412 3679 1506 3734 Dei
1550 3677 1747 3734 referta
1773 3693 1914 3733 esse.
1946 3697 1964 3728 ι

459 3774 596 3830 11)ἰ(1.
623 3774 665 3831 (ἑ
689 3774 743 3829 5.
776 3772 838 3828 Si
865 3775 1079 3844 quwris.
1113 3773 1290 3829 Locus
1310 3783 1394 3828 est
1425 3771 1580 3828 lsaize
1615 3787 1730 3837 xxt,
1761 3770 1829 3825 12
1861 3789 1873 3824 :
1911 3769 1972 3824 Si

390 3883 620 3935 quazras,
643 3883 817 3938 qurere
839 3881 856 3918 :
877 3867 966 3922 ubi
984 3865 1214 3930 Vulgata
1234 3866 1446 3932 Latina,
1470 3863 1532 3920 Si
1555 3864 1812 3935 quazritis,
1836 3879 1971 3933 qua:-

393 3959 490 4010 rite
542 3973 560 4010 :
602 3957 979 4021 convertimini,
1031 3957 1214 4011 venite.
1276 3953 1544 4011 Czeterum
1597 3953 1650 4006 in
1711 3967 1812 4007 ms.
1863 3952 1971 4006 Re-

393 4049 480 4116 gio
513 4057 648 4114 erat,
698 4049 878 4111 Οἰκείς
929 4049 985 4102 δὲ
1045 4049 1188 4113 τότε,
1239 4049 1326 4101 ὅτε
1394 4046 1532 4118 μετὰ
1578 4046 1811 4108 πίστεως
1870 4043 1969 4114 ζη-

391 4140 505 4202 τείς
541 4155 553 4170 ο
586 4157 604 4190 ι
647 4137 798 4194 Tunc
826 4151 1006 4195 autem
1037 4140 1274 4207 habitas,
1302 4139 1516 4210 quando
1542 4152 1665 4192 cum
1696 4136 1800 4192 fide
1825 4151 1972 4205 qua:-

393 4231 492 4286 ris.
530 4250 550 4284 ι

463 4321 581 4378 Col.
618 4322 722 4378 770
772 4324 816 4376 Δ
873 4323 959 4377 12.
1015 4321 1364 4391 Reliquisque.
1420 4319 1548 4375 Haec
1599 4320 1806 4374 inserta
1846 4328 1971 4372 sunt

2065 1851 2191 1905 λοῦν
2227 1852 2534 1923 significare
2582 1867 2703 1906 esse
2752 1865 2805 1906 et
2851 1862 3110 1908 mternam
3149 1854 3559 1908 subsistentiatn
3600 1867 3659 1909 et

2067 1943 2471 2013 generationem
2533 1942 2678 2009 Filii,
2734 1944 3165 2013 quandoquidem
3214 1945 3278 1999 de
3329 1943 3532 2013 Spiritu
3603 1955 3663 1998 et

2067 2031 2268 2088 :eteina
2299 2033 2412 2102 ejus
2442 2034 2788 2104 processione
2816 2034 3032 2097 dicitur,
3058 2035 3268 2088 dicente
3310 2037 3470 2091 beato
3499 2035 3661 2090 Basi-

2069 2125 2141 2181 lio
2167 2127 2231 2181 de
2263 2125 2468 2196 Spiritu
2499 2137 2689 2181 sancto
2711 2128 2802 2180 ἐπὶ
2832 2128 2925 2180 τοῦ
2952 2129 3268 2199 Πνεῦματος
3296 2132 3388 2183 καὶ
3420 2131 3524 2200 τῆς
3553 2132 3662 2184 ὺπ-

2069 2215 2335 2288 αρκτικῆς
2361 2215 2524 2268 αὑτοῦ
2557 2216 2805 2286 προόδου,
2843 2217 2984 2285 quod
3033 2217 3300 2284 reperitur
3340 2219 3391 2270 in
3445 2219 3550 2272 hoc
3586 2219 3661 2270 lo-

2069 2322 2152 2372 eo,
2185 2307 2246 2360 τὸ
2271 2305 2494 2378 Πνεῦμα
2523 2307 2673 2360 οὐδὲν
2710 2307 2831 2378 ἔχον
2861 2309 3003 2360 ἐστὶν
3048 2308 3337 2378 ἐπίκτητον
3379 2311 3437 2363 ἐν
3475 2310 3661 2379 ἑαυτῷ

2070 2397 2186 2452 ἀλλ’
2213 2399 2396 2462 ἁῖδίως
2423 2398 2602 2452 πάντα
2635 2399 2768 2469 ἔχει’
2811 2418 2828 2449 ι
2864 2397 2949 2452 Nil
2976 2397 3328 2452 advetttitium
3380 2400 3432 2452 in
3463 2415 3523 2454 sc
3554 2400 3663 2453 lla-

2071 2491 2181 2558 bet,
2215 2491 2307 2545 sed
2350 2491 2685 2544 acternaliter
2720 2489 2901 2543 omnia
2932 2489 3094 2543 habet
3130 2498 3385 2558 tanquam
3418 2488 3661 2558 Spiritus

2072 2581 2165 2637 Dei
2206 2591 2261 2636 et
2285 2597 2352 2636 ex
2383 2595 2449 2636 eo
2483 2581 2877 2636 manifestatns.
2911 2599 2929 2632 ι
2957 2580 3071 2636 Hoc
3093 2581 3284 2636 melius
3308 2583 3572 2650 exprimit
3600 2583 3664 2635 τὸ

2071 2674 2314 2744 πεφηνὸς
2337 2688 2498 2743 quam
2543 2671 2869 2741 Trapezunt.
2904 2715 2918 2736 ,
2967 2691 2985 2724 ι
3016 2674 3306 2739 exsistens,
3346 2693 3363 2724 ι
3402 2676 3487 2729 vel
3521 2676 3662 2731 alter

2074 2767 2340 2836 interpres
2389 2765 2644 2829 homilia,
2686 2783 2706 2815 ι
2752 2776 2806 2819 et
2839 2781 2904 2820 ex
2950 2766 3058 2820 Deo
3103 2767 3355 2836 prodiens
3395 2785 3410 2821 :
3455 2785 3479 2820 ο
3518 2770 3665 2825 unde

2072 2857 2341 2912 concludit
2368 2857 2673 2922 Bessarion,
2700 2857 2844 2927 quod
2877 2859 3011 2912 dixit
3035 2858 3326 2928 Gregorius
3350 2858 3662 2929 Nyssenus,

2073 2950 2149 3013 ὡς
2175 2949 2240 3002 δι’
2270 2949 2400 3002 Υἱοῦ
2434 2949 2644 3019 πέφηνε
2674 2953 2788 3012 τοῖς
2818 2947 3146 3020 ἀνθρώποις,
3181 2966 3200 3000 t
3246 2951 3388 3018 quod
3423 2950 3665 3019 Spiritus

2076 3056 2170 3108 per
2217 3039 2412 3094 Filium
2463 3041 2534 3094 sit
2580 3038 2976 3105 manifestatus,
3025 3054 3149 3093 eum
3201 3039 3515 3096 hominibus
3567 3058 3664 3098 no-

2078 3133 2338 3187 tiﬁcatunt
2369 3147 2491 3187 esse
2524 3131 2910 3202 temporaliter,
2953 3150 2971 3183 ι
3002 3132 3064 3186 τὸ
3096 3133 3164 3185 δι’
3189 3133 3317 3186 Υἱοῦ
3344 3133 3664 3204 ἀνθρώποις

2073 3225 2380 3295 γνωσθῆναι
2418 3226 2476 3278 ὲν
2506 3225 2683 3296 χρόνῳ
2714 3225 2807 3277 καὶ
2838 3223 2903 3277 δι’
2933 3223 3063 3277 Υἱοῦ
3092 3225 3192 3294 τὴν
3219 3225 3388 3277 ἀΐδιον
3421 3224 3662 3296 ὕπαρξιν

2072 3320 2218 3390 ἔχειν
2255 3337 2267 3348 ·
2311 3339 2328 3369 ς
2368 3327 2422 3374 et
2467 3319 2607 3387 quod
2652 3333 2748 3387 per
2791 3317 2988 3372 Filium
3031 3317 3356 3373 aeternaliter
3392 3320 3662 3387 produca-

2073 3419 2180 3465 tur.
2222 3429 2240 3461 ι

2143 3501 2258 3556 Col.
2289 3502 2394 3555 774
2433 3501 2476 3554 Α
2512 3499 2600 3555 10.
2644 3498 2805 3554 Multi
2853 3511 2996 3554 sunt.
3041 3501 3399 3556 Rcstituimus
3451 3516 3662 3570 prace-

2072 3593 2286 3648 dentem
2304 3593 2477 3648 locum
2507 3607 2540 3648 e
2564 3592 2782 3658 Graeco;
2809 3591 2948 3646 male
2971 3593 3114 3646 enim
3144 3591 3282 3662 apud
3304 3592 3663 3662 interpretem

2073 3685 2390 3755 legebatur,
2449 3704 2470 3736 ί
2533 3685 2611 3739 Ac
2676 3700 2864 3738 rursus
2929 3685 3140 3753 inquit,
3198 3683 3478 3738 Docibiles
3561 3685 3661 3740 Dei

2072 3787 2231 3830 erunt
2265 3795 2277 3829 :
2313 3795 2330 3826 ι
2355 3776 2484 3830 hum
2511 3791 2640 3831 vero
2666 3776 2736 3830 ita
2753 3775 2939 3830 Graece
2971 3786 3286 3845 conceptum
3318 3777 3538 3832 videtur
3570 3793 3659 3832 re-

2073 3867 2277 3937 perisse
2322 3867 2740 3935 Trapezuntius,
2788 3876 2846 3920 ut
2891 3877 2973 3921 est
3015 3870 3070 3922 in
3117 3867 3303 3939 Regio,
3344 3868 3533 3922 πολλοὶ
3585 3863 3663 3922 ὧν

2071 3956 2228 4010 τοῦτο
2255 3956 2316 4010 τὸ
2348 3957 2490 4010 θεῖον
2525 3958 2584 4010 ἐν
2607 3957 2753 4029 ψυχῇ
2780 3975 2791 3988 ·
2820 3969 2875 4012 at
2907 3960 3172 4027 interpres
3198 3959 3336 4014 alter
3358 3960 3476 4015 vice
3499 3976 3662 4016 versa

2073 4046 2385 4102 Basiliensis
2444 4049 2697 4103 editionis
2761 4060 2964 4102 textum
3017 4049 3269 4117 exprimit
3315 4067 3327 4102 :
3367 4068 3385 4100 ι
3429 4049 3659 4105 Multum

2074 4141 2254 4208 itaque
2293 4140 2358 4193 de
2390 4140 2492 4194 hoc
2539 4139 2758 4194 numine
2806 4143 2947 4195 inest
2993 4141 3186 4194 anima:
3235 4141 3507 4206 rationali,
3553 4143 3658 4197 nisi

2073 4230 2282 4299 prepria
2339 4231 2554 4299 ignavia
2603 4231 2836 4286 deﬁcere
2883 4233 2950 4286 ab
2994 4232 3084 4286 illo
3132 4232 3289 4299 velit;
3342 4252 3361 4284 υ
3416 4236 3514 4289 sed
3569 4235 3660 4287 διὰ

2074 4320 2346 4391 ρᾳθυμίαν
2396 4321 2600 4390 Regius
2656 4322 2865 4387 habuit,
2910 4341 2929 4374 ι
2978 4333 3198 4391 propter
3253 4325 3527 4392 Ignaviam
3592 4326 3659 4381 il-

387 4404 572 4472 verb'is
612 4413 980 4485 Trapezuntii,
1022 4429 1141 4483 qua:
1185 4422 1241 4467 et
1277 4412 1476 4484 Regius
1511 4412 1678 4467 codex
1701 4411 1964 4483 agnoscit,
1998 4414 2043 4469 D
2073 4413 2182 4468 lum
2234 4412 2520 4482 (Spiritum
2571 4413 3104 4484 sanctum‘scilicet)
3163 4415 3440 4472 discedere
3505 4433 3538 4471 a
3597 4433 3657 4473 se

391 4517 446 4560 et
495 4505 632 4560 alter
686 4505 973 4573 interpres,
1012 4521 1030 4554 ι
1077 4503 1266 4557 haeresi
1315 4512 1371 4556 et
1415 4501 1639 4571 reliquis
1691 4501 1966 4556 incantan-

394 4601 523 4652 timn
563 4611 629 4652 ac
670 4594 1004 4651 illicientium
1040 4591 1478 4648 muliercularum
1525 4590 1903 4660 voluptatibus.
1942 4608 1960 4641 ι

2070 4505 2220 4561 velit.
2261 4524 2280 4556 ι

1589 4911 2452 5000 APPENDIX.

1836 5106 1994 5178 (Opp.
2030 5117 2068 5162 t.
2097 5106 2186 5178 ll.)

458 5405 585 5460 Col.
616 5403 686 5458 73
709 5403 752 5458 C
783 5403 838 5456 2.
880 5401 1035 5471 Πρός
1060 5398 1326 5470 Ἀϐραάμ.
1353 5398 1607 5454 Additum
1648 5404 1732 5453 est
1757 5412 1824 5452 ex
1852 5397 1968 5452 An-

393 5496 524 5568 glic.
549 5495 608 5549 ιν
637 5497 870 5566 ὁράματι
903 5493 1148 5562 λέγοντος
1189 5508 1204 5522 ·
1247 5491 1596 5562 quamobrem
1625 5498 1680 5543 et
1708 5489 1968 5557 adjicien-

402 5593 528 5642 dum
554 5587 732 5641 verbis
757 5585 1087 5654 interpretis,
1121 5601 1139 5633 ι
1181 5583 1390 5639 Domini
1420 5581 1786 5649 conscriptum
1821 5581 1970 5635 inve-

393 5680 579 5734 nimus
622 5679 672 5731 in
719 5678 922 5732 visione
960 5677 1206 5731 dicentis.
1244 5694 1261 5726 ι
1297 5675 1431 5729 Gen.
1478 5689 1564 5737 xv,
1599 5673 1622 5728 Ι
1655 5687 1667 5724 :
1708 5672 1809 5724 Ἐν
1836 5671 1971 5739 (ζ,οὰ-

2071 5415 2212 5468 ματι
2273 5399 2494 5466 νυκτὸς
2554 5399 2766 5469 λέγων,
2839 5401 2894 5453 in
2960 5401 3157 5454 visione
3221 5403 3388 5456 noctis
3455 5405 3644 5457 dicens.

2077 5490 2218 5558 Quid
2259 5490 2513 5546 habuerit
2553 5492 2722 5546 codex
2757 5490 2894 5547 Oliv.
2946 5506 3051 5546 non
3099 5494 3478 5562 exprimimus,
3509 5493 3644 5563 quod

2079 5581 2195 5635 haec
2240 5581 2407 5638 altera
2451 5584 2504 5636 in
2551 5583 2805 5638 psalmum
2859 5599 3026 5638 xxvut
3066 5584 3286 5640 homilia
3333 5585 3400 5640 ab
3431 5586 3521 5640 illo
3558 5585 3641 5640 ab‘

2079 5685 2240 5727 CSSCl.
