3816 6210
284 198 425 254 1069

1395 208 1485 260 AD
1524 206 1848 261 HOMILIAS
1892 204 1956 260 ΙΝ
2003 203 2337 261 PSALMOS.

3401 213 3541 270 1070

350 311 491 368 Ibid.
518 313 574 369 8.
618 313 687 368 Et
722 318 806 371 ubi
845 334 1013 373 voces.
1049 318 1351 374 Restitutus
1375 330 1457 373 est
1495 321 1580 375 hic
1610 321 1757 373 locus
1799 336 1863 373 ex
1896 329 1939 380 Α
1969 317 2226 388 Ligarunt
2254 319 2493 383 scienter,
2529 321 2758 372 carmine
2794 329 2970 373 autent
3000 320 3304 391 sanguinem
3330 325 3539 395 nigrum

278 403 582 474 Scriptura:
634 408 835 473 verbis,
871 424 992 464 cum
1028 420 1187 465 antea
1223 409 1500 465 mutilatos
1536 421 1677 464 eSset
1717 411 1857 478 apud

277 497 656 566 interpretem.
706 501 797 555 Sic
840 502 986 557 enim
1041 515 1125 558 est
1171 504 1342 558 Exodi
1391 521 1501 563 xix.
1535 506 1595 559 11
1636 505 1789 559 :Kat
1819 507 1857 570 ἡ

273 587 508 658 νεφέλη
535 590 768 660 ἀπέλθῃ
813 592 933 647 ἀπὸ
960 593 1066 648 τοῦ
1102 595 1281 663 ὅρους
1306 611 1321 626 ο
1362 595 1430 648 Et
1463 597 1673 664 quando
1715 613 1858 650 voces

272 689 326 733 et
381 681 522 735 (ltst
558 692 606 737 et
654 686 811 737 nubes
850 684 1183 742 discesserint
1236 706 1268 741 a
1315 699 1508 753 monte,
1556 690 1636 742 illi
1681 706 1861 743 ascen-

278 770 430 825 dent.

349 862 467 919 Coi.
505 865 573 920 75
601 868 645 920 A
674 868 760 922 11.
798 867 911 922 Vox
933 886 1048 923 vero
1071 870 1185 924 illa.
1208 869 1430 940 Legisse
1461 870 1672 925 videtur
1705 872 1865 925 inter-

269 969 427 1024 pres,
452 957 640 1030 ὅρασις
661 956 753 1032 ἦν,
772 961 899 1015 dum
924 962 1104 1027 vertit,
1149 982 1167 1012 ι
1201 960 1312 1017 Vox
1342 978 1468 1017 vero
1496 963 1608 1027 illa,
1636 979 1756 1033 quae
1792 966 1859 1018 ad

268 1048 534 1114 populum
561 1048 701 1105 iacta
718 1062 823 1119 est,
845 1053 980 1107 visio
1002 1062 1138 1115 erat,
1160 1072 1181 1105 ι
1201 1069 1306 1109 non
1323 1054 1490 1125 ὁρατὴ
1512 1048 1599 1125 ἦν,
1619 1056 1715 1109 sed
1741 1070 1862 1124 per-

269 1151 486 1206 peram.
520 1140 688 1196 Paulo
718 1155 839 1211 post
881 1145 1045 1198 etiam
1090 1144 1501 1200 immutavimus
1528 1146 1678 1213 illud,
1717 1146 1857 1216 αὕτη

269 1222 372 1281 οὖν
400 1230 437 1300 ἡ
462 1233 636 1303 φωνή,
663 1234 806 1302 quod
831 1234 1025 1290 Latine
1054 1245 1193 1303 erat,
1230 1254 1249 1287 s
1284 1237 1402 1306 ipsa
1429 1237 1610 1307 itaque
1638 1253 1737 1292 vox
1765 1237 1858 1292 Dei

270 1329 402 1373 erat
434 1338 596 1391 super
623 1341 793 1394 aquas
828 1346 841 1382 :
875 1345 894 1377 ι
926 1342 1103 1396 neque
1131 1328 1274 1383 enim
1300 1329 1559 1399 scriptum
1587 1342 1690 1396 est,
1720 1331 1857 1403 αὑτὴ

266 1405 370 1463 οὖν
400 1413 457 1483 ἡ.
494 1413 586 1468 Sic
607 1430 821 1486 quoque
858 1416 1090 1472 ﬁdeliter
1120 1419 1385 1487 expressit
1406 1429 1639 1474 mentem
1670 1432 1859 1475 aucto-

268 1499 355 1553 ris
379 1510 536 1556 vetus
559 1502 827 1574 interpres
856 1504 1062 1571 Basilii,
1085 1505 1238 1575 cujus
1263 1507 1440 1561 verbis
1466 1509 1632 1562 utitur
1664 1510 1860 1564 Itoma—

267 1604 409 1642 num
439 1588 775 1648 Breviarium
807 1597 965 1651 tertia
994 1595 1083 1651 die
1104 1596 1242 1651 infra
1265 1608 1514 1653 octavam
1550 1601 1607 1654 δ.
1635 1597 1857 1654 Joannis

267 1677 534 1749 Baptista:
566 1697 750 1740 mense
781 1683 961 1741 Junio.

344 1770 464 1827 Col.
484 1772 550 1827 78
570 1773 610 1829 C
631 1775 683 1830 9.
712 1774 853 1840 Quid
873 1787 949 1831 est
971 1788 1167 1834 autem.
1187 1779 1443 1836 Fortasse
1469 1767 1773 1850 legendum,
1801 1780 1853 1834 τί

267 1859 370 1917 οὖν
419 1865 565 1918 ἐστιν
607 1867 636 1919 ὁ
673 1868 911 1938 μόσχος;
952 1870 1003 1922 τί
1038 1872 1066 1923 ὁ
1091 1870 1355 1936 Λίδανος;
1390 1890 1407 1922 ι
1443 1872 1580 1938 Quid
1619 1887 1746 1943 ergo
1772 1883 1855 1927 est

267 1955 521 2010 vitulus?
575 1957 704 2026 quid
755 1959 1025 2016 Lihauus?
1072 1984 1089 2012 ι
1143 1962 1227 2017 vel
1275 1973 1444 2027 certe,
1491 1963 1545 2016 τί
1573 1958 1666 2017 οὖν
1708 1966 1854 2018 ἐστιν

269 2047 303 2099 5
349 2045 552 2117 μόσχος
591 2048 685 2101 τοῦ
728 2050 1000 2118 Λιϐάνου;
1055 2071 1074 2104 ι
1122 2052 1260 2118 Quid
1322 2069 1454 2123 ergo
1516 2065 1601 2109 est
1660 2054 1856 2109 vitulus

268 2134 507 2189 Libani?
548 2155 566 2186 ι
631 2138 782 2203 Quod
838 2141 1101 2211 sequitur,
1152 2140 1240 2194 διὰ
1285 2141 1381 2195 τοῦ
1430 2142 1663 2198 Λιϐάνου
1719 2160 1852 2217 μορ-

274 2224 530 2295 φοῦντες,
587 2228 852 2299 interpres
902 2231 1164 2296 ediderat,
1203 2249 1222 2283 ι
1268 2232 1345 2287 De
1393 2230 1602 2286 Libano
1646 2233 1852 2298 dicunt,

270 2319 420 2385 quod
490 2319 904 2375 simulacrorum
965 2323 1200 2379 cultores
1265 2323 1554 2378 vitulorum
1613 2327 1856 2395 imagun-

271 2410 448 2475 culas,
506 2426 643 2480 quas
685 2412 785 2467 sibi
840 2413 893 2466 iu
925 2412 1129 2469 Libano
1176 2414 1402 2485 ﬁngunt,
1446 2418 1632 2487 sicque
1680 2432 1793 2479 eas,
1830 2438 1848 2470 ι

270 2511 382 2555 etc.
441 2501 647 2558 Rursus
709 2503 856 2569 illud,
913 2506 941 2556 ό
1009 2506 1207 2576 μόσχος
1270 2507 1300 2558 ὁ
1363 2507 1453 2561 διὰ
1523 2508 1616 2561 τοῦ
1686 2508 1855 2565 Λιϐά-

269 2607 392 2654 νου,
420 2589 715 2646 Carnarius
755 2593 935 2656 vertit,
968 2612 987 2644 ‹
1029 2604 1121 2648 aut
1163 2595 1365 2650 vitulus
1409 2597 1584 2652 thuris
1624 2598 1693 2654 ab
1735 2599 1856 2669 igne

272 2680 600 2750 liquesceus.
633 2701 650 2733 ι
676 2681 1054 2748 Montacutius,
1086 2704 1104 2735 ι
1135 2695 1229 2739 aut
1261 2685 1459 2742 vitulus
1486 2702 1517 2741 e
1548 2687 1753 2744 Libano
1777 2691 1857 2746 ei.

272 2772 451 2828 fectus
492 2788 588 2842 per
622 2774 799 2844 ignem
839 2774 1176 2844 liquefactus.
1222 2795 1242 2828 ι
1282 2776 1454 2833 Antea
1483 2779 1688 2835 editum
1716 2791 1850 2847 erat,

275 2883 297 2916 ι
341 2864 445 2916 Aut
480 2864 677 2919 vitulus
713 2874 814 2931 est,
850 2867 939 2935 qui
984 2867 1036 2921 in
1076 2876 1256 2922 monte
1295 2868 1500 2925 Libano
1547 2885 1643 2940 per
1675 2871 1854 2941 ignem

270 2955 503 3023 liqueﬁt,
554 2956 847 3011 secundum
907 2959 1050 3028 quod
1102 2960 1302 3014 dictum
1356 2970 1438 3017 est
1478 2979 1493 3015 :
1539 2982 1558 3016 ι
1602 2964 1853 3019 nimirum

272 3049 414 3115 psal.
445 3065 613 3116 uvu,
638 3051 693 3114 5,
719 3065 821 3104 vox
863 3049 1047 3106 Graeca
1086 3051 1319 3116 Λίϐανος
1347 3062 1403 3108 et
1436 3066 1673 3111 montem
1706 3056 1852 3112 illum

269 3134 444 3206 Syriae
474 3135 743 3205 signiﬁcat
770 3148 825 3191 et
850 3139 973 3192 thus
1003 3156 1018 3194 :
1049 3140 1142 3192 sed
1171 3141 1312 3207 apud
1343 3139 1601 3197 Hebraeos
1626 3143 1749 3197 thus
1774 3142 1856 3196 dio

270 3228 416 3281 citur
455 3213 610 3289 ΓΒῃὸ
647 3227 901 3284 Lebouah
935 3246 965 3282 a
996 3231 1250 3294 candore,
1290 3246 1446 3287 mons
1492 3244 1671 3287 autem
1704 3214 1848 3321 p325

270 3319 553 3387 Lebanon,
592 3321 736 3391 quod
768 3322 820 3374 in
850 3335 915 3375 eo
945 3321 1068 3375 thus
1088 3334 1333 3389 crescat;
1368 3334 1560 3377 auctor
1582 3319 1854 3393 Paguinus

270 3412 330 3466 in
372 3410 574 3468 Lexico
608 3405 907 3466 'llebraico.
973 3410 1212 3467 Possunt
1273 3413 1437 3482 igitur
1488 3413 1709 3482 intelligi
1771 3414 1854 3468 ha:

270 3500 629 3570 imaguncula:
680 3500 969 3556 vitulorum
1012 3515 1043 3556 e
1083 3499 1289 3556 Libano
1335 3501 1543 3567 edictae,
1577 3504 1628 3557 id
1666 3513 1747 3557 est
1788 3504 1855 3557 de

272 3591 465 3646 Libani
500 3591 807 3657 arboribus,
832 3592 916 3645 vel
954 3606 1020 3646 ex
1055 3593 1233 3659 thure,
1268 3593 1411 3664 quod
1447 3594 1499 3647 iu
1540 3593 1630 3648 illo
1672 3606 1856 3650 monte

274 3670 491 3749 crescit,
544 3696 599 3737 et
644 3684 785 3754 quod
818 3683 942 3754 igne
983 3695 1162 3753 potest
1200 3684 1487 3755 liqueﬁeri.
1528 3686 1696 3741 Paulo
1730 3697 1855 3754 post

275 3776 429 3830 initio
464 3777 742 3845 sequentis
775 3778 980 3848 pagina:
1004 3777 1093 3830 τὸν
1122 3778 1363 3849 ἀρχηγὸν
1387 3777 1486 3848 τῆς
1511 3777 1617 3833 τῶν
1640 3779 1852 3852 κέδρων

270 3868 559 3939 ἐπάρσεως
582 3868 843 3923 vertimus
871 3886 886 3923 :
916 3866 1216 3939 Principem
1248 3879 1297 3923 et
1324 3880 1589 3924 auctorem
1610 3870 1853 3927 elationis

271 3959 570 4013 cedrorum.
631 3957 893 4026 Quoniam
934 3961 1077 4014 cedri
1119 3966 1246 4029 ipsa:
1297 3976 1415 4014 cum
1465 3961 1589 4015 altte
1618 3962 1746 4029 sint,
1792 3980 1853 4017 ea

272 4049 411 4117 quod
434 4064 594 4116 supra
660 4060 885 4103 montem
941 4058 1078 4104 nata:
1140 4060 1284 4115 sunt,
1364 4053 1641 4105 accedente
1699 4068 1852 4106 mon-

275 4142 342 4195 tis
412 4141 717 4196 celsitudine
795 4141 1090 4210 conspicua:
1157 4140 1325 4210 magis
1385 4141 1563 4209 ﬁunt,
1649 4152 1705 4196 ut
1778 4143 1855 4199 ait

276 4236 391 4305 ipse
419 4232 646 4289 Basilius
670 4233 868 4288 citatus
917 4234 969 4287 iu
1006 4232 1205 4288 Catena
1241 4233 1548 4287 Graecorum
1595 4236 1650 4288 in
1691 4233 1851 4290 Psal-

275 4342 410 4380 mos.

346 4413 463 4469 Col.
494 4414 565 4470 85
593 4413 634 4469 C
663 4412 718 4469 6.
751 4411 956 4466 Cantici
995 4412 1063 4464 ad
1095 4411 1309 4465 animm.
1354 4411 1649 4469 Cornarius
1673 4415 1849 4483 aptius

275 4507 460 4570 vertit,
493 4524 512 4557 ι
557 4504 917 4573 Utereturque
944 4504 1060 4573 ipso
1082 4518 1179 4571 pro
1210 4505 1515 4559 incentione
1551 4505 1617 4558 ad
1658 4507 1852 4562 animae

276 4612 390 4652 sua:
416 4596 697 4650 medelam.
735 4614 754 4648 ι
798 4593 1008 4666 Ἐπῳδή
1042 4604 1096 4648 et
1128 4594 1351 4668 ὲπαοιδή
1385 4611 1414 4648 a
1435 4594 1701 4653 Cicerone
1733 4616 1854 4653 can-

278 4692 374 4754 tio,
400 4706 431 4743 a
459 4687 631 4743 Gellio
662 4688 888 4741 incentio
911 4686 1158 4750 vertitur,
1192 4689 1260 4740 ab
1295 4686 1415 4741 aliis
1456 4688 1750 4743 iucautatio
1796 4701 1854 4744 et

278 4783 761 4847 incantamentum,
814 4779 918 4833 hoc
952 4787 1055 4843 est,
1111 4793 1327 4833 carmen
1378 4778 1445 4831 ad
1488 4779 1850 4834 amoliendum

277 4874 476 4944 aliquid
504 4872 721 4926 noxium
757 4870 839 4925 vel
869 4878 1018 4923 certe
1045 4869 1451 4923 emolliendum.
1473 4868 1626 4923 Plato
1665 4871 1717 4923 iu
1748 4871 1858 4924 Eu-

276 4966 558 5037 tltqdemo:
596 4961 662 5015 Ἡ
706 4961 803 5032 μὲν
839 4961 949 5032 γὰρ
988 4960 1094 5012 τῶν
1144 4958 1387 5030 ἐπῳδῶν,
1429 4959 1596 5030 ἔχεών
1648 4978 1707 5013 τε
1764 4963 1856 5016 καὶ

276 5054 612 5125 φαλαγγίων,
641 5055 737 5107 καὶ
766 5053 1061 5124 σκορπίων,
1088 5051 1182 5104 καὶ
1209 5050 1319 5106 τῶν
1349 5049 1525 5105 ἄλλων
1560 5050 1767 5122 θηρίων
1793 5070 1853 5105 τε

276 5146 368 5199 καὶ
400 5144 573 5197 νόσων
599 5142 829 5214 κήλησίς
862 5144 1007 5195 ἐστιν
1032 5159 1045 5172 ’
1082 5161 1101 5194 ι
1138 5141 1270 5195 Nam
1300 5156 1390 5196 ars
1416 5141 1630 5210 quidem
1655 5157 1853 5197 excau-

276 5251 528 5303 t.ttorum,
562 5238 791 5307 viperas,
828 5233 1139 5307 phalangia,
1167 5233 1435 5301 scorpios,
1466 5242 1520 5286 et
1546 5233 1648 5286 alia
1686 5234 1853 5301 pesti-

276 5336 388 5387 l'era
410 5332 660 5385 animalia
681 5330 811 5384 lenit
830 5344 893 5382 ac
909 5328 1226 5397 permulcet.
1259 5344 1278 5377 ι
1310 5323 1575 5381 Homerus
1605 5323 1847 5380 Ὀδυσσ.

276 5429 340 5489 'l‘,
369 5429 435 5479 de
465 5425 687 5477 vulnere
722 5421 950 5493 Ulyssis,

340 5536 546 5602 Δῆσαν
578 5531 1005 5603 ἐπισταμένως,
1030 5529 1278 5600 ἐπαοιδῇ
1304 5529 1355 5585 δ’
1385 5524 1527 5600 αἷμα
1562 5530 1844 5585 κελαινὸν

348 5610 405 5660 't.
417 5610 658 5676 (ἰχθύων.

1967 424 2337 480 represserunt.
2370 412 2514 482 dign.

2036 504 2325 575 Sophocles
2347 506 2398 560 in
2424 505 2610 575 Ajacc,

2563 598 2814 670 oberqu
2851 600 3051 668 ἰατροῦ
3075 601 3274 670 σοφοῦ

2035 664 2239 732 Θροεῖν
2274 665 2508 730 ἐπῳδὰς
2549 664 2713 734 πρὸς(
2738 664 2988 738 τομῶντι
3025 664 3271 740 πήματι.

1965 774 2088 829 Non
2104 786 2176 829 est
2198 776 2444 844 sapientis
2457 778 2643 831 medici
2665 780 3074 835 incantationem
3096 783 3311 836 recitare
3328 784 3382 836 in
3402 799 3539 838 mor-

1964 865 2046 931 bo,
2091 866 2181 936 qui
2196 867 2559 936 sectioneopus
2591 869 2763 922 habet.
2794 869 3066 936 Horatius,
3094 871 3335 941 Epist.l,
3369 874 3463 928 lib.
3495 891 3532 928 ι.

2036 955 2171 1027 §unt
2197 956 2351 1010 verba
2384 968 2431 1009 et
2462 973 2629 1020 voces,
2663 960 2847 1027 qurbus
2876 960 3013 1012 hunc
3042 959 3202 1013 lenire
3231 960 3465 1015 dolorem

2035 1024 2243 1087 Possis,
2271 1037 2317 1079 et
2348 1043 2593 1096 magnam
2626 1024 2795 1080 morbi
2821 1030 3075 1097 deponere
3099 1042 3324 1098 partem.

2030 1135 2146 1190 Col.
2180 1136 2279 1191 105
2306 1136 2345 1189 Β
2370 1137 2422 1191 4.
2473 1135 2730 1194 Praedam.
2781 1140 3176 1196 Admonuimus
3231 1141 3531 1196 iterandam

1964 1226 2051 1281 hic
2077 1226 2247 1281 fuisse
2281 1241 2469 1282 vocem
2507 1246 2526 1280 ι
2565 1229 2722 1295 ﬁdes,
2761 1250 2780 1282 ι
2814 1240 2870 1282 ut
2899 1232 2952 1284 in
2981 1229 3207 1296 Graecis,
3247 1232 3300 1286 in
3340 1233 3537 1301 quibus

1963 1326 2017 1372 et
2040 1332 2157 1386 quae
2190 1327 2498 1387 sequuntur
2526 1320 2770 1390 exigunt,
2806 1332 2863 1375 ut
2898 1322 2973 1375 ita
3008 1332 3272 1390 vertatur,
3320 1343 3339 1375 ι
3377 1323 3537 1379 Fides

1963 1419 2068 1457 non
2099 1420 2220 1474 qua:
2242 1407 2589 1476 geometricis
2626 1410 2817 1462 nititur
2851 1412 3279 1481 probationibus.
3333 1433 3352 1466 ι

2029 1493 2145 1550 Col.
2199 1496 2303 1552 106
2353 1500 2399 1551 Α
2448 1498 2537 1553 15.
2603 1498 2910 1558 Assensum.
2965 1501 3159 1558 Omisit
3209 1519 3391 1559 vocem
3444 1506 3535 1558 πί-

1963 1603 2132 1651 στεως
2165 1587 2459 1644 Coruarius
2509 1589 2589 1644 sic
2618 1588 2846 1646 eﬁ‘erens
2886 1610 2898 1645 :
2943 1612 2961 1643 ι
3005 1593 3299 1649 Asseusum
3337 1609 3402 1650 ex
3434 1596 3536 1649 ﬁde

1891 1664 1931 1717 Β
1960 1678 2097 1733 citra
2124 1679 2576 1734 examinatiouem
2606 1680 2866 1750 requirit;
2900 1703 2919 1734 ι
2945 1682 3302 1740 Montacutius
3322 1703 3341 1736 ι
3376 1701 3405 1738 a
3434 1686 3536 1741 ﬁde

1957 1769 2178 1823 minime
2229 1770 2454 1839 probata
2501 1779 2555 1825 et
2594 1772 2873 1842 explorata
2918 1774 3222 1831 rationibus
3260 1791 3536 1832 assensum

1955 1861 2167 1929 quaerit.
2202 1879 2221 1912 ι
2251 1860 2457 1918 Similis
2492 1863 2579 1918 illa
2623 1865 2886 1918 sententia
2936 1865 2993 1920 S.
3037 1864 3259 1923 Joannis
3299 1867 3534 1938 Chrysa-

1955 1951 2115 2005 διοιηὶ
2136 1952 2232 2008 lib.
2259 1952 2456 2007 Contra
2493 1954 2711 2025 gentiles
2739 1971 2792 2025 p.
2821 1955 2925 2010 735
2965 1957 3099 2016 edit.
3146 1958 3434 2015 Parisiens.
3468 1954 3532 2014 Οἳ

1953 2043 2291 2101 διαπιστοῦσι
2338 2049 2450 2110 τοῖς
2501 2048 2913 2118 γεγενημένοις,
2978 2051 3074 2103 καὶ
3120 2050 3304 2104 πολλοὶ
3364 2051 3534 2119 οὕτως

1954 2135 2325 2201 ἀϐασανίστως
2372 2139 2467 2191 καὶ
2522 2138 2930 2204 ἀνεξετάστωςο
2982 2140 3087 2206 Qui
3140 2143 3340 2198 nullam
3378 2145 3535 2212 [idem

1955 2229 2166 2291 habent,
2190 2238 2342 2299 atque
2371 2229 2524 2284 multi
2550 2231 2615 2284 de
2646 2247 2702 2284 re
2726 2240 2836 2284 tota
2861 2231 2990 2285 nihil
3015 2232 3300 2303 quidquam
3330 2236 3534 2289 investi-

1956 2334 2098 2388 gare,
2130 2318 2259 2372 nihil
2297 2321 2599 2375 examinare
2645 2320 2905 2376 laborant.
2944 2322 3086 2377 Idem
3118 2326 3171 2379 iu
3203 2325 3347 2381 hunc
3392 2327 3534 2395 psal-

1958 2426 2102 2462 mum
2126 2410 2373 2465 scribeus
2395 2426 2449 2481 p.
2481 2410 2586 2465 400
2613 2427 2626 2462 :
2666 2412 2847 2483 Ὁρᾷς,
2881 2413 3003 2467 ὅσον
3037 2416 3206 2471 κακόν
3229 2418 3364 2483 ἐστι,
3390 2418 3534 2487 λογι-

1959 2503 2115 2571 σμοῖς
2137 2501 2457 2573 ἐπιτρέπειν
2492 2502 2563 2556 τὰ
2589 2504 2892 2576 πράγματα
2923 2506 3023 2576 τῆς
3047 2508 3301 2574 πίστεως,
3331 2511 3425 2564 καὶ
3460 2510 3535 2581 μὴ

1955 2594 2021 2664 τῇ
2048 2591 2261 2659 nictet;
2299 2614 2318 2644 ι
2356 2592 2517 2649 Vides
2547 2604 2806 2665 quantum
2836 2596 2905 2651 sit
2933 2597 3253 2666 periculum,
3297 2616 3382 2654 res
3413 2603 3534 2655 lidei
3602 2648 3611 2657 .

1958 2683 2272 2748 permittere
2310 2683 2630 2750 rationibus,
2658 2694 2714 2738 et
2758 2699 2864 2739 uou
2906 2686 3075 2741 ﬁdei?
3112 2705 3131 2738 ι
3156 2685 3331 2742 Locus
3355 2692 3536 2758 proxi-

1958 2787 2047 2825 me
2093 2786 2325 2841 sequeus
2373 2782 2457 2827 est
2508 2772 2784 2828 llebraaor.
2817 2788 2893 2837 χι,
2930 2774 2963 2827 6
3000 2790 3013 2825 :
3050 2776 3377 2829 Htoreiio'at
3426 2777 3536 2845 γὰρ

1957 2861 2052 2916 δεῖ
2078 2865 2183 2916 τὸν
2215 2866 2706 2933 προσερχόμενον
2726 2863 2808 2928 τῷ
2844 2863 2986 2929 Θεῷ,
3014 2863 3103 2917 ὅτι
3126 2865 3290 2919 ἔστι·
3314 2864 3536 2920 Credere

1957 2957 2094 3008 enim
2119 2964 2317 3021 oportet
2342 2957 2668 3008 accedentem
2700 2958 2769 3008 ad
2802 2955 2991 3020 Deum,
3026 2958 3151 3025 quia
3188 2966 3284 3011 est.
3317 2955 3427 3011 Sub
3469 2958 3534 3010 li-

1959 3058 2081 3096 nem
2130 3044 2337 3113 pagina
2384 3043 2785 3098 immutavimus
2841 3044 2968 3098 illud
3012 3045 3325 3114 interpretis
3359 3068 3379 3099 ι
3409 3063 3536 3102 em.-

1958 3134 2116 3188 teudo
2133 3134 2199 3188 ad
2215 3133 2601 3202 perfectionem
2625 3151 2719 3203 per
2743 3134 3083 3204 martyrium.
3120 3154 3140 3186 ι
3169 3135 3267 3191 llic
3286 3138 3429 3190 enim
3454 3154 3535 3190 τε-

1954 3224 2169 3288 λείωσις
2197 3226 2716 3279 eousummationem
2759 3235 2936 3292 sonat,
2990 3234 3049 3279 ut
3070 3225 3227 3281 Luca:
3264 3244 3384 3293 xm,
3416 3229 3487 3285 5?.
3517 3246 3527 3257 ·

1966 3316 2173 3383 Ἰάσεις
2208 3315 2459 3371 ἐπιτελεῖ)
2492 3316 2762 3386 σήμερον
2798 3317 2897 3371 καὶ
2933 3316 3166 3386 αὔριον,
3191 3319 3291 3372 καὶ
3318 3318 3393 3389 τῇ
3424 3323 3519 3387 τρί

1955 3425 2027 3477 τῃ
2055 3406 2392 3478 τελειοῦμαι
2415 3425 2431 3441 ο
2475 3407 2744 3462 Sanitates
2784 3408 3000 3476 perﬁcio
3039 3409 3191 3464 hodie
3232 3420 3280 3465 et
3310 3427 3450 3478 cras,
3485 3422 3535 3464 et

1956 3500 2112 3553 tertia
2163 3499 2247 3552 die
2298 3514 2652 3552 consummor.
2706 3498 2773 3553 Et
2824 3496 3066 3569 Sapieut.
3125 3517 3200 3568 tv,
3245 3503 3313 3557 l5
3366 3519 3380 3556 :
3440 3505 3535 3556 Ἰε-

1954 3589 2218 3655 λειωθεὶς
2267 3590 2338 3643 ἐν
2382 3589 2564 3658 ὀλίγῳ
2599 3590 2915 3659 ἐπλήρωσε
2949 3592 3206 3660 χρόνους
3235 3595 3505 3662 μακρούς

1955 3679 2363 3735 Consummatus
2385 3684 2439 3734 in
2468 3682 2608 3736 brevi
2638 3683 2857 3752 explevit
2885 3695 3117 3753 tempora
3148 3687 3332 3741 multa.
3358 3686 3534 3742 Theo-

1955 3773 2178 3824 doretus
2233 3770 2419 3826 itidem
2468 3773 2583 3828 haec
2624 3775 2791 3829 verba
2849 3775 3039 3843 psalmi
3092 3792 3389 3846 exponens,
3436 3778 3534 3833 de-

1956 3875 2080 3916 cere
2131 3864 2208 3915 ait
2256 3863 2516 3917 audacter
2552 3881 2651 3936 pro
2694 3866 2920 3922 Domino
2970 3883 3199 3924 mortem
3247 3872 3450 3939 subire,
3480 3885 3536 3927 et

1957 3950 2097 4005 haue
2153 3956 2644 4009 remunerationem
2686 3971 2784 4024 pro
2829 3959 2993 4014 variis
3041 3959 3319 4016 beneﬁciis
3360 3963 3529 4016 dare:

1955 4043 2228 4114 Προσήκει
2262 4044 2443 4098 τοίνυν
2480 4044 2799 4120 θαρῤαλέως
2834 4048 2924 4101 τὸν
2951 4050 3090 4120 ὑπὲρ
3115 4051 3279 4104 αὑτοῦ
3306 4053 3534 4111 καταδέ-

1955 4131 2147 4198 ξασθαι
2187 4133 2435 4202 θάνατον,
2472 4138 2565 4190 καὶ
2594 4137 2802 4210 ταύτην
2833 4137 3014 4191 δοῦναι
3058 4140 3154 4211 τῆς
3185 4140 3533 4211 παντοδαπῆς

1953 4225 2271 4296 εὐεργεσίας
2296 4226 2584 4280 ἀντίδοσιν.
2608 4228 2698 4285 Sic
2727 4231 2864 4296 apud
2886 4230 3224 4299 Apostolum,
3257 4230 3529 4287 Hebrmor.

1956 4332 2016 4380 tt,
2047 4316 2115 4370 10
2147 4333 2161 4369 :
2201 4319 2301 4372 Διὰ
2325 4320 2688 4391 παθημάτων
2736 4321 3087 4385 τελειῶσαι,
3126 4321 3230 4375 Per
3266 4327 3530 4391 passiones

1952 4424 2348 4474 consummare;
2378 4420 2433 4463 et
2464 4409 2629 4465 llebr.
2663 4427 2738 4477 χι,
2765 4413 2835 4465 40
2865 4413 3027 4468 ε”Ινα
3046 4413 3133 4484 μὴ
3162 4413 3341 4482 χωρὶς
3366 4414 3533 4482 ἡμῶν

1947 4497 2301 4555 τελειωθῶσι
2323 4516 2335 4529 ·
2376 4499 2447 4554 Ut
2477 4518 2580 4555 non
2603 4504 2713 4557 sine
2744 4505 2890 4559 nobis
2913 4517 3419 4559 consummarentur.
3452 4506 3527 4561 lta

1948 4606 2090 4659 saepe
2138 4591 2389 4645 dicuntur
2435 4593 2488 4645 itt
2519 4592 2915 4667 Martyrologiis
2960 4596 3058 4649 viri
3103 4597 3276 4652 sancti
3324 4611 3530 4670 marty-

1950 4683 2090 4736 rium
2120 4698 2515 4749 cousummare,
2551 4697 2609 4739 et
2633 4688 2893 4758 martyrio
2926 4693 3314 4745 consummari.

2019 4772 2137 4827 Col.
2177 4775 2275 4829 107
2322 4774 2381 4830 B.
2418 4764 2473 4829 λ.
2508 4775 2577 4830 1η
2616 4788 2946 4845 conspectum
2984 4781 3162 4835 Achis.
3204 4784 3279 4836 lta
3312 4785 3527 4853 quidem

1956 4865 2096 4931 apud
2123 4874 2400 4919 auctorem
2442 4863 2678 4935 Vulgata:
2706 4867 2917 4923 Latinae
2947 4880 3172 4925 vocatur
3206 4872 3295 4928 ille
3330 4889 3445 4939 rex,
3474 4887 3530 4931 at

1953 4958 2092 5024 apud
2143 4956 2305 5025 LXX,
2340 4958 2357 5011 l
2402 4958 2531 5029 Reg.
2567 4974 2684 5023 ιιι,
2721 4960 2811 5025 14,
2854 4962 3083 5033 Ἀγχούς
3126 4966 3345 5022 Auchus
3389 4969 3528 5023 diei-

1953 5056 2056 5111 tur,
2100 5047 2257 5115 cujus
2289 5050 2403 5104 haec
2446 5052 2610 5104 verba
2661 5063 2788 5106 sunt
2822 5054 2891 5108 ad
2929 5055 3159 5110 fatuulos
3189 5073 3334 5125 suos,
3380 5059 3526 5114 Ἰδοὺ

1952 5136 2106 5191 ἴδετε
2133 5139 2322 5208 ἄνδρα
2345 5140 2705 5209 ἐπίληπτον,
2734 5143 2868 5197 Ecce
2915 5146 3120 5200 vidistis
3149 5151 3319 5201 virum
3354 5150 3526 5218 furio-

1947 5246 2065 5283 sum
2090 5243 2111 5281 :
2139 5230 2289 5293 item,
2341 5230 2428 5302 Μὴ
2481 5231 2812 5303 ἐλαττοῦμαι
2848 5235 3165 5308 ὲπιλήπτων
3194 5237 3338 5309 syth;
3377 5239 3527 5295 Nunt

1947 5320 2155 5389 indigeo
2205 5321 2497 5389 [ureraibus
2540 5325 2673 5391 ego?
2707 5325 3162 5395 Chrysostomus,
3212 5330 3304 5385 lib.
3346 5348 3404 5385 tu
3448 5333 3526 5389 De

1948 5410 2310 5481 Providentia,
2347 5430 2463 5485 pag.
2495 5414 2596 5469 237
2623 5432 2635 5468 :
2662 5416 2806 5487 Πρὸς
2846 5418 2937 5470 τὸν
2991 5420 3217 5495 Ἀγχοῦς
3250 5422 3522 5487 ἀπελθὼν,

1946 5505 2072 5567 τοὺς
2126 5505 2479 5577 μαινομένους
2526 5506 2870 5580 ὑπεκρίνατο.
2929 5528 2948 5560 t
2976 5511 3058 5565 Ad
3086 5513 3310 5575 Auchus
3346 5516 3528 5584 prole-

1948 5608 2090 5667 ctus,
2127 5602 2375 5655 insanum
2410 5616 2469 5656 se
2497 5600 2807 5657 simulabat.
2833 5621 2850 5653 ι
2890 5604 3064 5672 Atque
3095 5609 3234 5675 apud
3266 5609 3527 5666 orol'auus
