3816 6210
322 233 455 289 1071

1441 225 1650 282 NOTAE
1690 222 2080 280 FRONTONIS
2117 220 2348 278 DUCIEI

3445 221 3599 274 16Ἰῆ

321 353 538 421 quidem
593 353 840 403 auctores
893 344 1190 416 ἐπίληπτος
1237 355 1548 415 correptum
1600 346 1885 416 epilepsia,

2005 361 2101 414 των
2136 345 2228 398 τὸν
2260 342 2463 395 Σαούλ·
2507 359 2526 392 ι
2551 341 2624 397 Se
2650 341 2909 410 epilepsia
2937 351 3252 411 correptum
3286 341 3593 397 simulavit

320 455 377 497 et
409 440 666 498 comitiali
704 437 892 513 morbo
936 437 1271 492 laborantem
1324 437 1617 506 signiﬁcat,
1660 447 1716 492 et
1762 439 1892 491 ἐπι-

320 530 602 605 ληπτίζειν
640 545 704 584 eo
738 529 927 583 morbo
954 527 1223 590 laborare,
1258 537 1316 581 ut
1348 528 1597 582 observat
1625 527 1892 582 Henricus

324 624 630 692 Stephanus
678 620 730 674 in
771 619 1075 682 Thesauro;
1122 619 1216 673 sed
1266 616 1473 672 fallitur
1519 634 1641 672 cum
1692 618 1892 674 ibidem

323 715 471 769 addit
492 709 904 782 ὲπιλήπτεσθαι,
926 723 1023 778 pro
1051 708 1236 763 eodem
1264 707 1446 763 aﬁerri
1476 725 1567 779 χει
1603 708 1701 762 lib.
1737 708 1753 761 I
1787 709 1895 764 Re—

325 821 471 877 gum,
520 803 605 858 vel
654 803 730 857 illi
782 812 931 857 certe
985 801 1268 866 falluntur,
1309 801 1401 870 qui
1436 802 1575 855 hanc
1612 803 1892 856 notionem

325 897 399 953 illi
434 897 596 950 verbo
630 895 683 949 in
708 908 771 949 eo
800 895 921 948 loco
953 892 1240 963 aflingunt.
1273 892 1424 947 Licet
1457 892 1601 946 enim
1636 893 1761 947 alibi
1791 909 1893 959 vox

323 987 621 1059 ἐπίληπτος
658 986 917 1040 comitiali
969 985 1158 1040 morbo
1205 983 1542 1038 laborantem
1598 983 1891 1053 significet,

324 1090 487 1147 atque
509 1077 672 1131 etiam
702 1092 732 1129 a
775 1077 1016 1130 daemone
1049 1083 1378 1143 correptum,
1419 1084 1477 1128 ut
1510 1074 1647 1143 apud
1691 1075 1894 1143 Grego-

325 1171 462 1223 rium
494 1165 921 1232 Nazianzenum,
955 1172 1096 1219 orat.
1141 1164 1227 1229 I8,
1265 1166 1331 1218 de
1381 1175 1569 1218 sancto
1600 1164 1891 1234 Cypriane,

325 1279 378 1334 p.
409 1262 554 1316 280:
591 1260 649 1314 Ὀ
678 1260 864 1332 ἄφρων
899 1258 1154 1332 ἐραστὴς,
1188 1257 1284 1310 καὶ
1315 1256 1546 1331 σώφρων
1572 1258 1891 1329 ἐπίληπτος,

330 1372 348 1405 ι
384 1356 615 1406 Demens
663 1360 893 1413 amator,
945 1356 999 1402 et
1045 1348 1283 1417 prudens
1337 1348 1649 1413 arreptitius
1677 1367 1690 1402 :
1723 1367 1741 1399 ι
1785 1364 1892 1402 non

327 1457 508 1498 tamen
538 1440 957 1496 existimandum
997 1449 1102 1505 est,
1137 1440 1442 1508 ubicunque
1476 1441 1545 1493 ab
1581 1440 1896 1509 interpreti-

327 1536 424 1589 hus
473 1533 679 1589 Graecis
733 1529 944 1584 Veteris
998 1529 1332 1585 Testamenti
1385 1531 1715 1595 adhibetur,
1773 1544 1892 1582 eam

325 1638 484 1692 posse
529 1621 619 1676 illa
663 1622 843 1675 omnia
896 1634 1115 1685 sonare,
1160 1620 1205 1675 si
1249 1635 1412 1674 voces
1470 1619 1725 1686 llebraztc,
1757 1635 1895 1686 quas

1997 436 2205 506 fugiens
2233 434 2382 490 Saul.
2406 453 2425 487 I
2457 433 2556 489 llic
2587 448 2718 504 ergo
2746 434 3112 498 scribendum,
3152 453 3172 484 ε
3194 434 3470 489 simulans
3500 450 3598 488 me

1996 525 2208 579 insania
2243 533 2578 594 correptum,
2608 532 2703 577 aut
2730 525 2999 592 percitum
3033 522 3242 577 furore.
3267 541 3286 574 ι

2063 614 2179 670 Col.
2215 615 2318 669 114
2344 615 2388 670 A
2423 616 2510 670 13.
2547 614 2617 668 Et
2651 607 2926 669 exsoluta.
2959 614 3385 687 Ἀνθρωπότητα
3425 625 3605 670 vocat

1996 720 2104 759 non
2147 721 2307 759 unam
2359 706 2593 775 aliquam
2639 706 3067 770 multitudinem,
3121 722 3221 761 nec
3258 710 3600 761 universum

1996 809 2166 864 genus
2188 796 2507 861 humanum,
2526 797 2617 852 sed
2640 812 2734 852 eos
2756 798 3026 862 homines,
3046 813 3275 866 quorum
3304 814 3391 852 res
3410 810 3604 868 gestae

1999 900 2058 940 ac
2086 887 2239 955 probi
2265 901 2445 941 mores
2477 887 2528 940 id
2561 898 2994 956 promeruerant,
3023 898 3081 942 ut
3107 889 3174 943 ab
3200 893 3421 945 aeternis
3454 907 3604 961 sup-

1996 977 2173 1045 pliciis
2210 978 2478 1033 immunes
2505 987 2693 1033 essent
2723 996 2736 1032 :
2771 980 2956 1048 itaque
2999 979 3066 1033 ad
3099 981 3323 1034 verbum
3362 981 3598 1037 Cerna-

1997 1068 2130 1132 rins,
2179 1081 2347 1132 recte,
2403 1089 2422 1122 σ
2445 1069 2890 1140 Quandoquidem
2935 1086 3020 1125 me
3049 1087 3081 1125 a
3109 1073 3340 1127 vinculis
3367 1075 3598 1141 peccati

1997 1158 2259 1227 liherasti,
2301 1163 2425 1215 dum
2470 1163 2800 1218 descendisti
2836 1166 2904 1217 ad
2948 1164 3246 1228 infernum,
3289 1177 3346 1218 et
3393 1166 3597 1220 exsol-

1997 1250 2116 1302 visti
2164 1251 2557 1306 humanitatem
2604 1254 2843 1307 vinctam
2885 1255 3075 1310 mortis
3112 1257 3501 1323 exsistentetn,
3535 1265 3599 1309 et

1998 1340 2052 1393 in
2101 1342 2415 1398 carceribus
2463 1345 2657 1399 inferni
2706 1347 3108 1402 inevitabilibus
3139 1349 3441 1402 detentatn.
3472 1367 3493 1399 ι
3530 1347 3597 1403 In

1995 1431 2198 1486 Catena
2228 1434 2415 1489 Graeca
2454 1438 2508 1489 in
2540 1435 2783 1492 Psalmos
2826 1438 2944 1506 lego
2983 1439 3264 1493 κατελθὼν
3301 1442 3383 1503 εἰς
3419 1439 3593 1510 ᾅδην,

1996 1524 2090 1575 καὶ
2113 1523 2279 1586 λύσας
2299 1526 2398 1596 τὴν
2422 1527 2836 1599 ἀνθρωπὸτητα.
2856 1528 3026 1585 Porro
3052 1532 3190 1585 hanc
3218 1532 3284 1585 de
3311 1531 3596 1585 descensu

1998 1613 2192 1666 animae
2238 1614 2442 1669 Christi
2494 1620 2559 1669 ad
2612 1618 2817 1673 inferos
2863 1635 3204 1674 communem
3262 1631 3594 1673 sanctorum

472 1711 745 1782 cxprimil’
902 1728 1007 1766 non
1071 1710 1266 1766 fel-al“.
1333 1712 1517 1779 Imque
1729 1711 1895 1766 diclio
1931 1698 1969 1753 Β
1999 1702 2220 1757 Patrum
2254 1706 2559 1760 (IOCII'IIIZIIII
2594 1708 2795 1763 frustra
2826 1726 2855 1762 3
2890 1711 3048 1765 IIOVIS
3078 1712 3329 1765 Ευοῐρεὶίρ
3373 1712 3593 1765 CIII'ISII

326 1802 593 1857 Hebraica
636 1812 806 1867 ῃλιζγῃ
852 1803 1136 1869 furiosum,
1172 1803 1256 1856 vel
1300 1804 1548 1856 insanum
1602 1803 1889 1871 signiﬁcat,

327 1903 385 1946 ut
413 1889 479 1946 IV
512 1891 645 1962 Reg.
683 1908 758 1954 Ix,
797 1891 859 1946 11
890 1909 904 1946 :
937 1891 997 1944 Τί
1042 1889 1131 1944 ὅτι
1163 1889 1451 1959 εἰσῆλθεν
1489 1894 1522 1945 ό
1563 1892 1894 1959 ἐπίληπτος

325 1978 541 2050 οὗτος·
577 1982 719 2047 Quid
763 1983 899 2035 venit
952 1984 1171 2037 insanus
1220 1984 1319 2035 iste
1357 1983 1427 2035 ad
1472 1984 1559 2035 te?
1591 1992 1646 2036 et
1690 1980 1892 2038 Jerem.

325 2091 477 2138 uix,
507 2072 578 2129 26
607 2090 620 2128 :
649 2074 760 2128 Καὶ
790 2073 968 2127 παντὶ
1000 2072 1287 2143 ἀνθρώπῳ
1309 2073 1674 2143 μαινομένῳ,
1702 2073 1766 2127 Et
1797 2091 1891 2127 su-

325 2182 415 2236 per
443 2165 703 2220 hominem
730 2166 1073 2220 insanientem
1100 2180 1119 2219 :
1138 2174 1193 2219 et
1220 2164 1678 2235 ὲπιληπτεύεσθαι
1712 2165 1894 2221 furere

325 2266 409 2311 est
462 2267 517 2312 et
563 2258 830 2322 insanire;
886 2258 981 2313 sed
1034 2258 1290 2313 comitiali
1339 2259 1524 2312 morbo
1556 2258 1891 2312 laborantem

325 2361 432 2401 non
470 2347 758 2416 signiﬁcat.
794 2346 1154 2412 Quamobrem
1195 2348 1334 2415 apud
1373 2347 1578 2401 Theod.
1612 2346 1893 2401 Balsamo-

326 2452 449 2493 nem
476 2439 864 2492 commentario
898 2438 950 2491 in
983 2438 1145 2507 epist.
1186 2438 1330 2493 Petri
1375 2439 1667 2493 Alexandr.
1702 2455 1896 2509 perpe-

327 2540 442 2581 ram
473 2526 634 2581 vertit
666 2525 953 2596 interpres,
988 2528 1092 2581 Τὸν
1125 2528 1422 2598 ἐπίληπτον
1450 2528 1721 2602 ὕπεκρίθη
1762 2530 1897 2600 φεύ-

2001 1796 2368 1863 perduellibus
2398 1812 2764 1869 oppugnatam
2817 1810 2997 1855 tuetur
3023 1804 3184 1854 etiam
3218 1802 3346 1855 alibi
3380 1813 3438 1855 ut
3481 1805 3593 1857 hoc

2001 1886 2117 1942 luco
2167 1887 2420 1955 Basilius,
2471 1891 2724 1945 nimirum
2768 1893 2822 1945 in
2877 1893 3139 1960 psalmum
3191 1910 3369 1947 XLIV:
3415 1893 3591 1948 Ἀλλά

2000 1979 2278 2034 κατελθεῖν
2308 1983 2389 2044 εἰς
2426 1981 2551 2052 ᾅδου
2586 1982 2685 2052 τῆς
2725 1983 2854 2055 περὶ
2897 1985 2996 2055 τὴν
3043 1986 3338 2038 ἀνάστασιν
3367 1987 3590 2038 οἰκονο-

2005 2071 2132 2141 μίας
2168 2072 2351 2126 ἕνεκεν
2374 2090 2387 2103 °
2424 2084 2477 2126 et
2509 2074 2565 2127 in
2593 2074 2728 2141 psal.
2767 2091 2934 2129 XLVIII
2966 2094 2979 2129 :
3018 2076 3212 2146 Σαφῶς
3243 2077 3591 2149 προφητεύει

1999 2162 2099 2233 τὴν
2131 2162 2225 2216 τοῦ
2253 2165 2460 2235 Κυρίου
2492 2164 2715 2219 κάθοδον
2755 2168 2834 2230 εἰς
2870 2167 3016 2237 ᾅδου.

2070 2255 2186 2311 Col.
2224 2260 2325 2313 115
2361 2258 2401 2311 Β
2428 2260 2511 2313 I2.
2532 2262 2634 2315 Ἐν
2657 2262 2872 2329 αὐλαῖς
2887 2266 3015 2320 τοῦ.
3046 2265 3172 2320 Ilaec
3210 2266 3397 2320 ultima
3432 2265 3588 2336 psal-

2001 2348 2072 2402 mi
2107 2349 2267 2403 verba
2299 2350 2574 2407 erOliva.
2621 2364 2676 2406 et
2714 2353 2955 2424 Anglicis
3001 2356 3213 2424 adjecta
3260 2369 3409 2423 sunt,
3444 2373 3577 2412 cum

2000 2454 2096 2493 sua
2144 2439 2586 2511 interpretatione
2618 2459 2780 2514 quam
2831 2460 2919 2513 ea,
2961 2462 3084 2517 qua:
3116 2460 3440 2520 sequuntur,
3474 2465 3581 2506 ex-

2000 2541 2230 2600 ponunt.

332 2679 3537 2714 ~——-————————————————————_—_—_——_—__

980 2849 1129 2936 AD
1207 2846 2161 2941 COMMENTARIUS
2237 2853 2362 2940 IN
2441 2853 2887 2943 ISAIAM.

1897 3041 1970 3053 ..4

398 3176 515 3231 Col.
572 3143 667 3230 151
719 3174 783 3229 Β.
845 3173 1040 3230 Viden:
1090 3176 1268 3231 simul.
1319 3175 1525 3230 Praeter
1570 3189 1663 3229 eos
1707 3183 1896 3241 testes,
1925 3178 1968 3237 ο
2001 3175 2341 3228 characteres
2370 3172 2433 3227 F.
2466 3172 2531 3227 II.
2565 3171 2604 3226 I.
2637 3174 2777 3229 etA.
2804 3175 3182 3243 designabunt.
3227 3175 3355 3231 Illud
3392 3185 3576 3232 autem

327 3285 465 3339 quos
490 3268 554 3322 ad
583 3266 937 3322 vindicandos
981 3267 1185 3322 Basilio
1215 3266 1641 3321 commentarios
1677 3266 1810 3321 istos
1840 3266 1898 3320 in

328 3360 531 3415 Iut'am
569 3358 700 3413 citat
727 3358 808 3410 vir
834 3357 1180 3412 doctissimus
1206 3356 1531 3411 Godefridus
1556 3355 1897 3424 Tiltnannus,

329 3451 466 3505 alios
491 3451 624 3503 duos
653 3448 904 3503 laudabo.
939 3446 1198 3501 Tarasius
1227 3447 1369 3501 enim
1399 3446 1900 3515 Constantinopoli.

331 3551 489 3595 Ianus
515 3539 827 3609 patriarcha
875 3540 928 3592 in
974 3538 1199 3607 epistola
1245 3539 1308 3591 ad
1351 3538 1644 3591 Adrianum
1675 3552 1894 3606 papam,

328 3646 449 3700 quae
478 3632 531 3686 in
559 3629 690 3685 Jure
719 3629 907 3685 Graeco
940 3628 1187 3683 Romano
1220 3636 1397 3682 exstat
1427 3644 1479 3696 p.
1514 3628 1639 3693 I95,
1684 3629 1772 3682 ubi
1811 3644 1899 3683 re-

329 3722 502 3776 fertur
550 3722 635 3775 hic
696 3719 1014 3777 Iocus:ToG
1067 3718 1345 3772 Βασιλείαν
1404 3722 1468 3772 ὲκ
1519 3721 1617 3790 τῆς
1675 3720 1755 3783 εἰς
1808 3720 1898 3773 τὸν

341 3812 568 3865 Ἡσαΐαν
597 3811 909 3883 ἑρμηνείας.
953 3811 1135 3881 Νόμον
1167 3809 1365 3863 ἔδωκεν
1399 3812 1477 3872 εἰς
1512 3808 1781 3880 βοήθειαν,
1814 3809 1902 3862 ἵνα

328 3906 554 3959 εἴπωσιν
605 3904 702 3974 οὐχ
754 3903 828 3966 ὡς
864 3903 925 3957 τὸ
969 3903 1119 3973 ῥῆμα
1152 3902 1331 3955 τοῦτο.
1376 3921 1393 3953 ι
1425 3901 1619 3971 Legem
1666 3901 1813 3955 dedit
1845 3901 1898 3956 in

330 3997 610 4059 auxilium,
645 4006 703 4048 ut
732 3994 914 4047 dicant
946 4008 1050 4046 non
1082 4002 1141 4044 ut
1172 3994 1275 4046 hoc
1310 3991 1568 4057 verbum;
1595 4010 1614 4044 ι
1647 4002 1701 4045 et
1745 4007 1901 4061 repe-

330 4092 442 4145 ries
493 4089 608 4142 haec
658 4087 770 4155 ipsa
822 4084 983 4139 verba
1031 4084 1085 4137 in
1136 4094 1297 4151 caput
1339 4094 1612 4138 octavum.
1642 4083 1793 4137 Alter
1818 4093 1902 4138 est

329 4191 520 4233 auctor
548 4177 873 4232 scholiorum
912 4174 1223 4229 Graecorum
1276 4175 1329 4229 in
1379 4173 1647 4243 Epistolas
1677 4185 1895 4243 aposto-

328 4270 482 4333 Iicas,
513 4283 631 4338 quae
656 4267 871 4321 nomine
898 4263 1216 4320 OEcumenii
1244 4264 1724 4327 circumferuntur,
1755 4266 1899 4334 apud

329 4378 488 4430 quem
531 4364 645 4416 htcc
686 4375 751 4414 ex
787 4357 985 4413 Photio
1022 4357 1369 4426 proferuntur
1398 4372 1526 4426 pag.
1556 4357 1662 4411 599
1699 4357 1896 4411 editio-

326 4453 412 4506 nis
448 4450 640 4505 Veron.
673 4468 687 4505 :
725 4450 810 4502 Ἐν
838 4452 904 4521 τῇ
928 4447 1192 4522 ἑρμηνείᾳ
1212 4446 1304 4500 τοῦ
1335 4447 1560 4500 Ἡσαΐου
1582 4448 1611 4499 ὁ
1636 4448 1693 4499 ὲν
1721 4438 1896 4515 ἁγίοις

327 4543 600 4605 Βασίλειος
623 4541 872 4611 δεύτερον
918 4538 1274 4611 ἐπιμνησθεὶς
1315 4538 1408 4593 τοῦ
1445 4537 1634 4610 ῥητοῦ,
1670 4539 1763 4591 ἐπὶ
1794 4555 1898 4594 κα-

327 4637 516 4708 θάρσει
541 4634 672 4689 αὐτὸ
699 4633 914 4697 ἐδέξατο
938 4648 952 4663 ο
988 4652 1007 4684 r
1028 4633 1085 4686 III
1118 4634 1564 4701 interpretatione
1597 4632 1750 4686 Isaia:
1777 4647 1897 4686 san-

324 4736 447 4781 ctus
480 4724 711 4778 Basilius
751 4725 945 4777 iterum
990 4721 1136 4776 facta
1191 4719 1349 4788 hujus
1397 4720 1545 4775 verbi
1594 4720 1892 4784 mentione,

326 4832 424 4885 pro
473 4814 845 4885 puriﬁcatione
881 4815 1056 4882 ipsum
1096 4812 1327 4882 accepit.
1355 4831 1373 4863 ι
1418 4810 1594 4865 IIabes
1634 4811 1774 4865 hunc
1814 4810 1895 4864 Io-

324 4904 1249 4976 eumincaputquartum.Caeterum
1268 4904 1334 4957 ad
1365 4903 1523 4972 hujus
1546 4902 1898 4956 Commenta-

325 4999 390 5052 rii
439 4998 728 5052 editionem
785 4995 1148 5050 adornandam
1182 5005 1380 5064 praeter
1421 4995 1792 5064 apographutn
1826 5008 1894 5048 ex

323 5088 514 5158 Anglia
542 5089 769 5142 missum
800 5087 962 5141 variis
993 5086 1314 5141 lectionibus
1338 5088 1388 5140 in
1419 5087 1660 5155 margine
1696 5085 1895 5139 notatis

325 5178 674 5243 illustratum,
710 5193 812 5248 cpe
850 5179 1076 5232 duorum
1116 5177 1359 5232 codicum
1393 5175 1686 5247 Regiorum
1723 5176 1889 5246 adjuli

322 5285 529 5334 smnus,
566 5286 791 5339 quorum
819 5269 953 5323 alter
982 5270 1331 5334 charlaceus,
1362 5270 1503 5337 regis
1532 5267 1811 5321 Francisci
1842 5267 1887 5331 I,

322 5380 386 5417 et"
417 5380 523 5434 quo
555 5380 705 5419 suam
730 5363 1230 5432 interpretationem
1256 5360 1463 5415 eIIiuxit
1490 5362 1757 5430 interpres
1787 5357 1895 5412 Til-

325 5469 572 5517 Inannus,
609 5454 748 5508 alter
783 5453 1245 5518 membranaceus,
1270 5451 1487 5507 Henrici
1522 5449 1563 5502 lI
1592 5450 1893 5519 insignibus

324 5555 567 5608 ornatus,
623 5545 815 5599 tertius
851 5546 1016 5600 etiam
1068 5560 1135 5599 ex
1192 5543 1545 5599 illustrissimi
1596 5540 1892 5596 cardinalis

323 5634 545 5690 .loeusaei
599 5635 919 5692 bibliotheca
974 5644 1160 5692 erutas
1209 5635 1309 5690 fuit
1340 5651 1354 5688 :
1390 5632 1630 5703 singulos
1679 5634 1884 5703 proprii

2004 3266 2280 3333 propheta:
2313 3264 2479 3319 Amos
2517 3264 2682 3319 habes
2720 3281 2840 3334 cap.
2884 3281 2977 3329 vn,
3012 3266 3118 3320 I2:
3158 3266 3219 3320 '0
3255 3266 3429 3335 ὀρῶν,
3456 3267 3574 3332 ﬁd-

2004 3352 2142 3414 διζε·
2197 3352 2277 3406 Tu
2316 3355 2407 3424 qui
2447 3355 2610 3417 vides,
2653 3357 2758 3408 abi.
2793 3356 2847 3409 In
2896 3371 3056 3424 quem
3113 3356 3287 3411 locum
3328 3360 3576 3414 scribens

2003 3446 2240 3514 Cytillus
2289 3448 2683 3502 Alexandrinus
2740 3448 2876 3501 idem
2930 3450 3145 3503 videtur
3196 3451 3422 3504 inttuei'e
3451 3467 3572 3506 esse

2002 3553 2195 3592 nomen
2235 3538 2329 3592 τοῦ
2375 3538 2628 3610 ὁρῶντος,
2674 3540 2896 3593 videntis
2925 3551 2971 3592 et
3002 3543 3284 3608 prophetat.
3335 3541 3578 3612 Ὁρῶντα.

2005 3626 2103 3696 μὲν
2141 3628 2249 3697 γὰρ
2288 3626 2379 3679 τὸν
2424 3630 2705 3699 προφήτην
2755 3629 2959 3692 ἐκάλει,
3002 3630 3140 3701 πλὴν
3181 3632 3280 3683 οὐκ
3313 3626 3571 3697 ἀξιώσας,

2000 3717 2121 3770 οὐδὲ
2153 3717 2230 3788 τῷ
2270 3719 2368 3788 τῆς
2402 3720 2736 3789 προφητείας
2776 3720 2997 3790 ὀνόματι
3029 3722 3446 3792 κατασεμνύνας
3474 3724 3574 3776 αὺ-

2000 3809 2113 3863 τόν.
2174 3810 2510 3865 IVidentetn
2575 3813 2720 3865 enini
2784 3814 3020 3882 appellat
3080 3816 3567 3883 prophetatn:sed

2000 3902 2145 3955 enim
2180 3918 2287 3956 non
2317 3904 2535 3958 honoris
2569 3918 2757 3968 causa,
2809 3919 2985 3972 neque
3018 3915 3077 3959 ut
3122 3920 3243 3959 eum
3278 3905 3573 3975 prophetiae

2003 3993 2220 4047 nomine
2256 4003 2560 4049 veneretur.
2582 4015 2602 4047 ι
2654 3997 3093 4066 Theophylactus
3148 3997 3202 4051 in
3256 4014 3383 4067 cap.
3416 4015 3432 4052 l
3466 3998 3572 4051 Na-

2001 4081 2162 4134 hutn:
2194 4083 2349 4137 Ἀλλὰ
2373 4086 2467 4137 καὶ
2498 4086 2685 4156 ὅρασις
2723 4085 2911 4158 ὥσπερ
2950 4088 3125 4140 κοινόν
3149 4106 3201 4141 τι
3236 4088 3386 4142 δοκεί
3414 4084 3569 4143 εἶναι.

2013 4172 2135 4226 Ἐπὶ
2158 4175 2372 4228 πάντων
2396 4176 2501 4247 γὰρ
2527 4177 2635 4230 τῶν
2665 4179 2879 4248 τρόπων
2904 4180 3003 4249 τῆς
3036 4182 3372 4253 προφητείας
3398 4186 3427 4235 ὁ
3452 4183 3573 4247 νοῦς

1999 4257 2067 4333 ἦν
2100 4262 2505 4334 ὲλλαμπόμενος
2533 4264 2610 4336 τῷ
2639 4266 2779 4334 φωτὶ
2801 4267 2896 4320 τοῦ
2924 4268 3271 4339 Πνεύματος’
3311 4294 3329 4320 ε
3354 4269 3573 4339 Insuper

2001 4366 2056 4409 et
2087 4357 2221 4410 visio
2253 4358 2398 4410 velut
2433 4373 2721 4415 commune
2764 4362 3035 4415 vaticiniis
3062 4365 3276 4417 videtur
3308 4378 3448 4421 esse.
3480 4363 3569 4418 Si-

2003 4449 2222 4517 quidem
2271 4449 2325 4503 in
2365 4450 2615 4505 onmibus
2661 4453 2956 4522 prophetiae
2997 4452 3187 4507 formis
3219 4468 3371 4507 mens
3405 4454 3569 4522 Spiri-

2008 4550 2093 4592 tus
2123 4539 2322 4594 lumine
2356 4541 2752 4597 illustrabatur.
2782 4562 2800 4594 ι
2839 4542 2944 4599 Sed
2971 4545 3368 4598 observandum
3406 4557 3487 4600 est
3516 4547 3565 4601 in

2004 4631 2142 4685 libro
2168 4631 2189 4684 I
2220 4633 2424 4703 Regum
2480 4650 2599 4704 cap.
2634 4652 2706 4698 Ix,
2747 4637 2800 4701 9,
2840 4637 2912 4689 ita
2941 4638 3216 4706 conceptis
3246 4638 3428 4693 verbis
3459 4640 3565 4694 haac

2002 4722 2181 4776 ell’erri
2231 4740 2260 4777 a
2309 4724 2451 4780 LXX
2482 4745 2497 4783 ι
2525 4728 2645 4779 ’Ότι
2692 4728 2784 4781 τὸν
2826 4730 3111 4800 προφήτην
3157 4730 3343 4783 ἐκάλει
3384 4733 3412 4784 ὁ
3448 4730 3566 4796 λαὸς

2003 4813 2332 4885 ἔμπροσθεν,
2368 4818 2397 4869 ὁ
2424 4817 2671 4887 βλέπωνο
2712 4837 2730 4870 ι
2760 4821 3024 4886 Quoniam
3061 4823 3375 4889 prophetam
3410 4838 3564 4877 voca-

2002 4905 2095 4957 bat
2124 4904 2349 4973 populus
2394 4918 2585 4973 antea,
2626 4906 2838 4962 Videtis.
2892 4928 2911 4960 ι
2955 4909 3087 4964 Illud
3128 4912 3325 4980 igitur,
3359 4911 3560 4983 ἔμπρο-

2004 4993 2148 5057 σθεν,
2182 5012 2287 5050 non
2322 5011 2445 5050 cunt
2467 5000 2749 5068 participio
2773 4999 2984 5069 βλέπων
3015 5000 3310 5068 junxerunt
3337 5005 3446 5068 alii,
3475 5006 3561 5058 sed

2003 5097 2125 5135 cum
2166 5085 2332 5138 verbo
2382 5086 2587 5151 ἐκάλει,
2635 5091 2789 5157 quasi
2825 5091 2992 5154 dicat,
3027 5092 3156 5144 olim
3192 5096 3275 5146 vel
3308 5105 3461 5149 antea
3491 5097 3562 5150 sic

2005 5182 2248 5227 vocatum
2276 5174 2441 5231 fuisse
2464 5178 2802 5246 prophetam,
2826 5199 2845 5231 ι
2872 5181 3180 5248 Viilentetn,
3208 5201 3228 5236 ›
3261 5201 3364 5237 non
3393 5197 3561 5239 autem

2004 5279 2022 5313 ι
2042 5265 2214 5317 Antea
2249 5266 2539 5332 videntem,
2564 5287 2582 5319 ι
2612 5271 2697 5324 vel
2723 5291 2740 5321 ι
2765 5271 3177 5329 I’racvidenlem.
3205 5294 3223 5327 ι
3257 5275 3329 5328 Ita
3359 5274 3415 5329 S.
3440 5275 3561 5331 Hie-

1998 5373 2253 5426 ronymus
2289 5360 2402 5412 sive
2455 5372 2646 5415 auctor
2700 5361 2943 5432 Vulgata:
2978 5363 3208 5426 Latinae,
3248 5386 3265 5416 ι
3290 5368 3390 5431 Qui
3422 5368 3556 5420 enim

1992 5448 2255 5517 prOpheta
2288 5450 2489 5504 dicitur
2533 5453 2714 5518 hodie,
2752 5456 3045 5509 vocabatur
3088 5458 3216 5509 olim
3267 5455 3502 5510 Videtis:
3537 5477 3553 5507 ι

1990 5540 2131 5594 idem
2162 5538 2431 5611 Pagninus
2463 5558 2526 5597 ex
2565 5542 2882 5611 Hebraeo,et
2903 5547 3266 5617 Symmachus
3287 5566 3301 5603 :
3326 5549 3427 5601 Τὸν
3457 5548 3557 5620 γὰρ

1989 5634 2271 5705 προφήτην
2299 5636 2416 5687 τότε
2446 5636 2671 5690 ἐκάλουν
2704 5637 2844 5691 κατὰ
2871 5638 2931 5691 τὸ
2961 5641 3188 5711 ἀρχαῖον
3216 5642 3305 5693 τὸν
3330 5639 3551 5711 ὁρῶντα.
