3816 6210
175 378 311 435 1073

1344 383 1435 438 AD
1473 382 1826 442 COMMENT.
1866 384 1936 442 IN
1971 386 2228 445 ISAIAM.

3284 392 3420 449 1074

175 496 319 550 Nam
348 495 658 564 prophetam
683 503 793 550 tum
821 494 1074 550 vocabant
1106 510 1250 551 more
1281 498 1519 568 antiquo,
1555 497 1754 552 Viden-
1779 504 1827 559 Α
1862 499 2053 556 lsaiam
2105 502 2465 573 prophetasse
2490 519 2503 556 :
2530 508 2902 559 verumtamen
2930 503 3058 561 huic
3095 502 3423 576 conjectura

174 596 300 641 tem.
339 585 454 640 Vox
486 585 708 640 Hebraea
744 600 852 640 non
879 581 1041 640 aliter
1070 586 1338 652 accipitur
1364 586 1534 643 Ruth.
1571 604 1647 655 Iv,
1672 589 1703 642 7
1734 609 1748 644 :

175 676 357 731 Τοῦτο
412 675 482 730 τὸ
529 676 819 745 δικαίωμα
860 676 1201 745 ἔμπροσθεν
1242 678 1312 731 ἐν
1356 677 1438 744 τῷ
1475 678 1750 748 Ἰσραήλ.

173 765 273 820 Hic
301 775 481 820 autem
515 778 626 821 erat
656 782 768 819 mos
796 766 1087 835 antiquitus
1117 768 1174 819 in
1204 765 1394 821 Israel.

237 862 355 916 Col.
391 862 496 917 155
533 861 645 915 C2.
685 860 751 915 In
783 864 962 930 priore
988 862 1126 915 enim
1157 861 1398 930 Paralip.
1425 863 1501 918 Ita
1535 879 1751 934 quoque

170 952 406 1019 legimus
433 953 573 1020 apud
597 950 944 1018 Procopium,
968 950 1059 1019 qui
1089 950 1270 1005 Basilii
1288 949 1749 1008 Commentarium

169 1044 422 1113 plurimis
457 1044 510 1096 in
542 1041 676 1096 locis
705 1050 925 1096 secutus
949 1049 1054 1105 est,
1089 1058 1141 1109 p.
1175 1041 1209 1095 6
1238 1062 1251 1097 :
1291 1043 1380 1096 Ἐν
1425 1044 1523 1115 μὲν
1547 1037 1745 1117 γὰρ’τῇ

168 1135 398 1206 δευτέρᾳ
425 1132 535 1188 τῶν
565 1133 1062 1204 Παραλειπομένων
1101 1134 1284 1198 Ὀζίας
1316 1134 1530 1206 εἴρηται
1555 1153 1569 1168 ·
1608 1138 1666 1191 ἐν
1692 1137 1748 1190 δὲ

166 1228 232 1296 τῇ
259 1225 495 1296 δευτέρᾳ
525 1223 634 1276 τῶν
666 1222 963 1278 Βασιλειῶν
1005 1224 1285 1295 Ἀζαρίας
1317 1225 1460 1279 Nam
1488 1227 1545 1281 in
1580 1227 1746 1282 altera

169 1315 625 1386 Paralipomenon
656 1314 819 1370 Ozias
860 1316 1186 1382 nominatur,
1218 1326 1265 1369 et
1299 1317 1355 1370 in
1385 1319 1613 1372 secundo
1640 1317 1745 1373 Re-

164 1422 392 1475 gnorum
428 1405 678 1459 Azarias.
710 1404 782 1458 At
834 1405 1093 1460 memoria
1125 1405 1307 1475 lapsus
1347 1407 1564 1461 videtur
1592 1408 1745 1464 Basi-

163 1499 266 1553 lius
291 1516 306 1552 :
334 1498 420 1552 sic
442 1498 584 1552 enim
617 1497 879 1566 scriptum
914 1507 996 1553 est
1032 1497 1070 1551 ll
1096 1498 1422 1568 Paralipom.
1442 1516 1562 1570 cap.
1587 1517 1739 1569 xxvt,

164 1592 187 1643 1
224 1588 512 1652 :Populus
553 1586 701 1642 Juda
735 1589 909 1656 ﬁlium
954 1588 1068 1657 ejus
1124 1588 1311 1643 Oziam
1358 1594 1632 1646 constituit
1660 1609 1742 1647 re-

160 1696 276 1749 gem
300 1697 399 1749 pro
429 1681 646 1733 Amasia
669 1689 817 1743 patre
853 1695 987 1743 suo;
1013 1689 1068 1734 et
1103 1681 1243 1734 alter
1274 1681 1425 1737 locus
1450 1683 1516 1737 de
1545 1683 1740 1739 Azaria

160 1787 266 1825 non
301 1781 388 1825 est
432 1771 483 1824 in
530 1768 573 1823 II
609 1770 943 1840 Regnorum,
976 1771 1072 1825 sed
1100 1771 1155 1824 in
1188 1772 1284 1837 IV,
1314 1788 1434 1842 cap.
1460 1789 1574 1840 xw,
1624 1775 1685 1828 2i
1720 1792 1734 1830 :

1854 592 2071 647 obsistit
2114 593 2232 663 ipse
2290 593 2586 662 prophetia:
2638 601 2836 659 textus,
2869 594 2921 650 in
2962 609 3069 666 quo
3108 595 3336 668 legimus
3366 613 3418 654 c.

1851 697 1929 748 v1,
1958 682 2034 737 ιε
2069 682 2346 738 Elevatum
2375 684 2540 754 fuisse
2581 686 2982 756 superliminare
3019 704 3053 742 a
3101 705 3224 744 voce
3257 689 3420 745 Seruo

1850 773 1993 843 phim
2031 773 2393 842 clamantium,
2421 773 2670 842 Sanctus,
2700 788 2932 841 sanctus,
2962 781 3418 849 quemadmodum

1849 874 1904 919 et
1945 864 2132 929 Amos,
2182 880 2260 931 ix,
2313 868 2366 933 1,
2412 882 2476 920 ea:
2520 869 2851 939 apparitione
2898 869 3114 924 Domini
3165 877 3420 942 propheta

1847 957 2164 1024 percutiente
2190 957 2619 1025 superliminaria
2653 970 3062 1017 commoventur.

1918 1044 2033 1100 Col.
2074 1046 2177 1101 158
2222 1046 2264 1101 C
2314 1048 2399 1102 l3.
2466 1047 2555 1102 Vir
2609 1061 2837 1105 astutus.
2893 1051 3047 1121 Apud
3089 1054 3417 1112 scholiasten

1846 1134 2094 1192 Graecum
2117 1138 2169 1192 in
2196 1139 2338 1194 notis
2364 1139 2535 1195 Flam.
2562 1139 2758 1195 Nobilii
2795 1141 3020 1209 legimus
3042 1145 3257 1214 quidem
3285 1144 3419 1201 Pro-

1846 1227 2078 1283 verbior.
2115 1244 2216 1295 xtl,
2235 1229 2328 1294 9.5,
2369 1229 2547 1300 Ἀνὴρ
2568 1233 2927 1302 πανοῦργος,
2962 1232 3055 1288 Vir
3085 1234 3331 1301 callidus.
3361 1245 3418 1291 at

1846 1317 1900 1371 in
1934 1318 2050 1388 ipso
2079 1329 2223 1374 textu
2257 1321 2511 1377 edilionis
2569 1321 2835 1379 Vaticana:
2869 1334 2924 1380 et
2948 1326 3201 1392 aliarum,
3235 1327 3417 1398 Ἀνὴρ

1844 1410 2119 1474 συνετός.
2166 1408 2261 1464 Vir
2281 1411 2573 1480 intelligens
2605 1413 2823 1467 thronus
2850 1424 2922 1469 est
2950 1417 3417 1488 sensus.Symma-

1845 1496 1981 1552 chus
2021 1498 2207 1560 vertit.
2238 1499 2503 1569 καλύψει
2527 1499 2776 1571 γνῶσιν,
2808 1503 2996 1558 celabit
3033 1508 3330 1572 scientiam,
3360 1517 3417 1563 et

1843 1584 1915 1639 ita
1958 1586 2151 1642 Latina
2189 1586 2435 1658 Vulgata.
2479 1588 2808 1659 Sequentem
2841 1593 3120 1663 periodum
3159 1597 3414 1652 emenda-

1841 1675 2039 1742 vimus,
2072 1676 2125 1730 in
2166 1691 2270 1746 qua
2305 1678 2602 1747 scripserat
2637 1680 2936 1749 interpres:
2979 1701 2999 1734 ‹
3046 1683 3413 1750 Quemadmo-

1841 1766 1964 1821 dum
1990 1768 2134 1823 enim
2165 1783 2225 1822 se
2256 1770 2418 1824 habet
2439 1771 2595 1826 sedes
2626 1786 2841 1840 sensus,
2876 1774 2968 1843 qui
2994 1785 3246 1831 sensatus
3271 1788 3407 1845 est,s

163 1882 184 1917 ι
212 1863 364 1917 Tum
419 1872 604 1917 autem
655 1863 947 1917 universus
1000 1863 1232 1932 populus
1280 1841 1431 1919 Judgg
1484 1866 1734 1922 Mariam
1767 1841 1812 1896 Β
1840 1865 1895 1910 et
1927 1856 2071 1911 illam
2103 1859 2157 1912 in
2197 1858 2305 1914 line
2337 1860 2547 1930 paginae
2578 1877 2592 1912 ε
2633 1879 2652 1913 ‹
2685 1877 2808 1918 cum
2841 1841 3005 1934 igitur
3032 1865 3174 1919 inter
3200 1841 3412 1923 utrum-

161 1975 340 2014 annos
368 1968 553 2013 natum
583 1958 880 2023 sexdecim,
907 1967 962 2013 et
985 1958 1382 2014 constituerunt
1406 1974 1528 2015 eum
1556 1977 1735 2031 regem

157 2067 257 2122 pro
279 2060 437 2120 patre
454 2048 570 2117 ejus
592 2048 830 2104 Amasia.
855 2067 875 2102 θ
907 2050 1061 2116 Quod
1088 2059 1266 2103 autem
1297 2051 1564 2120 sequitur,
1594 2052 1737 2125 πλὴν

159 2142 252 2196 καὶ
285 2141 495 2212 πατρὸς
528 2140 690 2193 αὐτοῦ
724 2140 821 2195 καὶ
854 2140 1080 2212 μητρός,
1118 2140 1279 2194 aliter
1307 2156 1523 2196 versum
1562 2142 1740 2198 fuerat

156 2232 225 2286 ab
259 2231 580 2300 interprete,
621 2230 746 2284 licet
774 2229 827 2283 in
876 2229 1152 2286 Francisci
1207 2228 1228 2282 l
1267 2229 1428 2293 libro,
1459 2247 1567 2302 quo
1604 2247 1739 2288 usus

156 2331 260 2386 est,
293 2320 508 2391 legatur
549 2320 1002 2388 quemadmodum
1049 2331 1104 2376 et
1137 2322 1190 2376 in
1230 2320 1555 2377 Henriciano
1597 2332 1652 2378 et
1682 2324 1735 2379 in

152 2413 342 2469 locus.
371 2412 468 2467 καὶ
495 2411 704 2484 πατρὸς
750 2410 846 2465 τοῦ
879 2412 1045 2466 αὐτοῦ
1079 2414 1175 2466 καὶ
1208 2413 1433 2484 μητρός.
1467 2413 1737 2485 lnterpres

153 2504 426 2568 ediderat,
463 2504 634 2573 patris
674 2512 847 2557 tamen
894 2502 1182 2574 matrisque
1221 2505 1437 2559 nomina
1473 2517 1736 2576 comperta

151 2605 300 2651 sunt.
342 2595 513 2650 Mater
538 2602 719 2651 autem
767 2594 884 2666 ejus
928 2595 983 2650 in
1031 2595 1229 2652 Franc.
1280 2599 1733 2667 quemadmodum

152 2698 208 2744 et
236 2690 292 2743 in
329 2689 540 2759 Anglic.
593 2689 774 2743 Χαλιά
829 2687 1048 2755 dicitur,
1098 2689 1150 2744 in
1197 2688 1265 2745 ll.
1296 2701 1351 2746 et
1388 2692 1432 2746 l.
1482 2693 1737 2749 mendose

153 2784 300 2837 sicut
338 2790 394 2835 et
434 2780 575 2850 apud
620 2780 941 2849 Procopium
992 2781 1186 2836 Χαναά
1215 2791 1270 2838 et
1299 2784 1477 2849 Χανά,
1514 2785 1734 2841 Chana:

151 2873 250 2927 sed
288 2873 471 2928 verius
490 2873 630 2942 apud
666 2871 830 2938 LXX,
860 2871 926 2926 IV
962 2873 1095 2944 Reg.
1128 2890 1245 2940 x1v,
1286 2875 1511 2948 Ἱεχελία
1542 2875 1603 2942 ἐξ
1641 2876 1737 2931 Ἰε-

152 2964 465 3036 ρουσαλήμ,
492 2964 767 3018 Hiechelia
794 2967 857 3019 de
885 2964 1206 3022 Jerusalem.

225 3055 364 3111 lbid.
399 3055 452 3110 6.
505 3055 730 3126 Tempus
769 3056 949 3110 etiam.
983 3056 1098 3113 Hoc
1127 3072 1340 3128 quoque
1371 3056 1545 3115 fuerat
1570 3059 1735 3116 omis-

1837 1963 1943 2018 que
1976 1963 2244 2017 congener
2273 1952 2538 2020 quaedam.
2572 1972 2593 2005 ι

1907 2038 2025 2095 Col.
2061 2040 2162 2096 141
2216 2043 2262 2096 Α
2302 2042 2389 2097 1ο.
2415 2040 2555 2097 Eum
2580 2045 2673 2117 qui
2698 2049 2786 2103 sit.
2813 2045 3006 2105 Latino
3031 2050 3298 2109 convertit
3323 2051 3407 2108 in-

1838 2138 2068 2200 terpres,
2112 2133 2266 2203 quasi
2327 2133 2550 2205 legisset
2611 2137 2664 2191 in
2719 2154 2852 2195 mss.
2900 2139 2992 2194 τὸν
3041 2142 3263 2213 ἐνεργὸν
3309 2145 3409 2215 τὴν

1835 2221 2047 2295 ψυχήν*
2088 2233 2145 2279 at
2179 2239 2277 2280 nos
2317 2225 2372 2280 in
2421 2241 2488 2283 eo
2541 2228 2806 2299 scriptum
2857 2229 3199 2300 offendimus,
3249 2243 3306 2289 ut
3352 2236 3407 2290 in

1837 2317 2049 2370 caeteris
2073 2324 2127 2369 et
2159 2316 2298 2386 apud
2332 2316 2678 2387 Procopium,
2728 2318 2791 2374 τὸ
2815 2321 3036 2395 ἐνεργὸν
3070 2323 3171 2395 τῆς
3193 2324 3406 2398 ψυχῆςο

1835 2415 1889 2461 et
1914 2405 2030 2476 ejus
2061 2407 2329 2478 interpres
2361 2409 2551 2477 edidit,
2586 2427 2605 2462 ι
2637 2411 2688 2467 id
2710 2421 2817 2479 est,
2838 2427 2960 2468 eam
2986 2415 3152 2470 animi
3177 2426 3408 2486 partem,

1836 2512 1955 2569 quae
2002 2499 2185 2556 labore
2231 2510 2287 2557 et
2339 2503 2667 2561 strenuitate
2698 2506 2922 2576 gaudet,
2970 2521 3093 2562 cum
3141 2522 3228 2575 ea,
3285 2526 3409 2581 qua

1836 2590 2203 2662 voluptatibus
2234 2600 2290 2649 et
2340 2593 2646 2663 atiectibus,
2683 2598 2960 2667 copulare.
3010 2598 3131 2654 Non
3168 2600 3333 2655 enim.
3383 2620 3404 2654 ι

1834 2681 1915 2736 lta
1959 2683 2119 2750 paulo
2148 2692 2271 2751 post
2313 2683 2631 2742 Tilmannus
2687 2688 2805 2758 ipse
2856 2687 2918 2742 τὸ
2972 2688 3260 2758 φιλόπονον
3309 2690 3411 2762 τῆς

1834 2773 2017 2845 ψυχῆς
2068 2776 2371 2849 ἐπεγείρων
2418 2778 2603 2843 vertit,
2640 2794 2660 2830 ι
2691 2779 2994 2835 exsuscitat
3046 2780 3154 2835 vim
3215 2780 3410 2837 anima

1836 2882 2176 2937 generosam,
2232 2884 2298 2924 ac
2344 2868 2591 2925 laborum
2618 2870 2947 2940 patientem;
2979 2888 2999 2924 ι
3033 2873 3127 2927 sed
3178 2872 3408 2928 alterum

1837 2958 2136 3014 membrum
2173 2975 2279 3015 non
2324 2960 2397 3015 ita
2432 2960 2664 3018 feliciter
2710 2962 2988 3031 exprimit,
3035 2963 3217 3018 καὶτὸ
3247 2964 3409 3035 φιλή-

1835 3050 1984 3104 δονον
2039 3051 2211 3117 αὐτῆς
2262 3051 2616 3125 Θεραπεύωνο
2652 3070 2778 3110 nam
2807 3055 2896 3112 hic
2936 3054 3261 3128 θεραπεύειν
3298 3073 3406 3114 non

151 3162 274 3201 sum
324 3147 393 3201 ab
437 3148 752 3216 interprete,
805 3148 895 3217 qui
935 3147 1193 3219 iungebat
1242 3150 1313 3203 ita
1356 3151 1499 3219 quod
1556 3153 1734 3222 sequi-
1761 3170 1803 3228 ο
1835 3153 1923 3200 est
1954 3163 1973 3197 ι
2024 3145 2224 3211 colere,
2258 3163 2278 3199 ι
2314 3146 2408 3201 sed
2441 3163 2462 3198 s
2496 3146 2723 3216 mederi,
2778 3147 2967 3203 sedare
2998 3167 3019 3201 ι
3050 3148 3136 3205 vel
3174 3166 3195 3202 ί
3235 3148 3407 3205 refre-

147 3247 242 3292 :ur
269 3256 286 3294 :
321 3237 654 3304 l’rophelavit
693 3256 812 3293 vero
850 3238 1028 3294 Isaias
1056 3257 1194 3295 anno
1223 3242 1369 3310 regni
1402 3240 1549 3296 Ozias
1577 3243 1730 3312 quin-

152 3330 454 3399 quagesimo
477 3329 727 3383 secundo.
763 3329 915 3398 Legit
942 3330 1217 3395 nimirum,
1246 3339 1304 3384 ut
1332 3347 1440 3400 prm
1467 3348 1527 3387 se
1550 3332 1730 3388 ferunt

150 3420 218 3472 A.
248 3417 758 3487 Ρ.,Πεντηκοστῲ
788 3417 1043 3488 δευτέρῳ
1068 3419 1186 3473 ἔτει
1223 3419 1321 3473 ἐπὶ
1359 3418 1545 3481 Ὀζίου
1589 3438 1730 3491 προ-

148 3508 512 3578 εφήτευσεν.
544 3509 615 3563 At
658 3509 711 3562 in
751 3509 819 3565 H.
848 3518 902 3563 et
933 3511 970 3563 Ι.
1004 3512 1341 3582 πεντήκοντα
1369 3510 1462 3564 δύο
1494 3511 1603 3582 γὰρ
1632 3511 1729 3581 ἔτη

150 3604 245 3656 ἐπὶ
280 3602 459 3668 Ὀζίου
484 3604 899 3674 προεφήτευσαν
918 3618 932 3632 ο
963 3612 1016 3657 et
1048 3604 1159 3657 hare
1190 3603 1351 3657 lectio
1379 3604 1561 3658 sanior
1587 3618 1728 3658 nunc

149 3695 389 3758 videtur,
418 3705 581 3761 atque
606 3694 679 3748 ita
708 3694 1114 3749 rescribendum
1143 3705 1201 3749 et
1233 3695 1724 3764 interpungendum

149 3797 234 3840 est
263 3804 279 3840 :
306 3784 415 3838 Kal
448 3786 668 3854 χρόνος
697 3784 1018 3851 βασιλείας
1058 3788 1091 3839 ὁ
1118 3784 1324 3852 αὐτὸς,
1353 3784 1730 3855 πεντήκοντα

148 3877 262 3931 δύο
288 3877 418 3945 ἔτη.
457 3877 589 3930 Ἐπὶ
631 3874 818 3937 Ὀζίου
851 3875 920 3929 δὲ
951 3875 1414 3946 προεφήτευσαν
1454 3877 1723 3947 Ἡσαΐας·

153 3964 382 4035 Tempus
442 3969 602 4022 etiam
648 3962 795 4037 regni
850 3976 927 4022 est
982 3969 1144 4034 idem,
1182 3970 1309 4023 anni
1348 3970 1728 4043 quinquaginta

149 4060 282 4115 duo.
321 4058 708 4129 Prophetarunt
762 4068 938 4114 autem
988 4062 1082 4115 sub
1121 4059 1259 4115 Ozia
1290 4060 1486 4118 Isaias.
1524 4063 1729 4120 Suffra-

150 4164 352 4224 gantur
383 4154 508 4208 huic
540 4154 904 4209 emendationi
938 4168 1061 4208 cum
1117 4153 1235 4223 ipse
1277 4153 1524 4226 Procopii
1562 4159 1727 4213 Com-

154 4245 454 4300 mentarius
484 4260 548 4300 ex
579 4245 782 4300 Basilio
811 4254 1120 4314 excerptus,
1152 4254 1263 4299 tum
1303 4248 1521 4303 Eusebii
1559 4249 1728 4305 Chro-

152 4338 353 4400 nicum,
411 4335 553 4405 quod
605 4336 817 4391 initium
878 4337 1177 4407 prophetiae
1234 4336 1407 4405 Isaiae,
1457 4341 1611 4407 Osee,
1675 4350 1729 4398 et

150 4426 320 4482 Amos
353 4428 564 4482 confert
601 4442 708 4483 non
739 4428 795 4482 in
845 4443 1045 4483 annum
1087 4428 1594 4502 quinquagesimum
1634 4450 1724 4490 se-

1837 3249 1986 3300 nare,
2025 3253 2045 3289 ι
2087 3235 2269 3306 itaque
2303 3250 2428 3291 cum
2484 3236 2735 3292 Curterio
2785 3237 3229 3307 interpretaberis
3253 3279 3271 3308 ,
3303 3256 3323 3292 s
3351 3248 3410 3296 et

1834 3342 1952 3383 eam
1978 3328 2214 3392 cohibet,
2239 3342 2358 3397 quae
2378 3326 2741 3398 voluptatibus
2770 3329 3121 3384 delectatur.»

1903 3420 2018 3477 Col.
2055 3420 2161 3476 142
2201 3420 2245 3475 D
2287 3422 2335 3477 1.
2368 3421 2524 3476 Nunc
2552 3430 2746 3475 autem.
2764 3419 2881 3477 Non
2913 3422 2963 3476 in
2986 3423 3262 3494 prophetat
3292 3436 3407 3480 ser-

1836 3529 2017 3581 mone,
2056 3514 2151 3570 sed
2200 3515 2255 3570 in
2302 3515 2484 3585 populi
2519 3515 2724 3570 malitia
2767 3515 2991 3588 gradum
3026 3517 3313 3587 quemdam
3350 3526 3408 3573 et

1835 3622 2184 3678 progressum
2219 3604 2420 3663 factum
2443 3619 2567 3661 esse
2595 3615 2749 3661 notat
2771 3606 3002 3662 Basilius
3029 3621 3044 3659 :
3072 3606 3275 3661 idcirco
3303 3620 3405 3661 ex-

1835 3697 2127 3768 punximus
2157 3697 2248 3752 illa
2293 3698 2461 3753 verba
2512 3697 2826 3767 interpretis
2867 3715 2883 3753 :
2945 3711 2967 3750 t
3024 3695 3179 3752 Nunc
3225 3705 3404 3752 autem

1835 3803 2063 3845 exorsus
2090 3798 2175 3846 est
2204 3790 2272 3845 ab
2316 3804 2403 3854 eo,
2454 3789 2597 3860 quod
2645 3803 2778 3858 gens
2828 3789 2945 3859 ipsa
2979 3787 3254 3860 peccatrix
3300 3787 3406 3857 sit,

1835 3879 2156 3949 gravitatem
2212 3893 2547 3949 exaggerans
2609 3878 2727 3948 ipso
2760 3892 3050 3948 progressu
3095 3877 3404 3934 sententiae.

1834 3968 2030 4023 Plenus
2055 3968 2199 4023 enim
2231 3967 2467 4037 peccatis
2495 3966 2737 4022 redditur
2764 3965 3011 4036 populus.
3064 3964 3131 4020 Et
3162 3963 3304 4035 quod
3335 3961 3408 4017 ab

1837 4075 1904 4117 eo
1949 4058 2169 4130 proﬂuit
2220 4074 2428 4125 semen,
2482 4057 2577 4113 lilii
2616 4056 2926 4113 etliciuntur
2970 4056 3163 4127 iniqui.
3206 4073 3227 4109 ι
3258 4055 3403 4110 Idem

1836 4149 2004 4206 habes
2053 4148 2197 4220 apud
2233 4147 2555 4218 Procopium
2588 4162 2641 4217 p.
2675 4146 2766 4213 11,
2814 4145 2906 4201 ubi
2958 4144 3078 4201 sine
3135 4144 3299 4200 dubio
3337 4159 3403 4200 ex

1838 4246 2035 4304 Basilio
2079 4245 2500 4313 emendandum,
2546 4245 2641 4299 ἐπὶ
2682 4244 2743 4298 τὺ
2772 4243 3026 4313 γενέσθαι
3062 4244 3167 4299 υἱοὶ
3185 4242 3398 4315 ἄνομοι,

1833 4353 1933 4409 pro
1964 4335 2148 4391 καὶτὸ
2179 4335 2452 4406 γενέσθαι.

1906 4428 2023 4485 Col.
2065 4427 2169 4483 M5
2214 4427 2257 4481 D
2295 4428 2347 4481 1.
2395 4425 2546 4481 Velut
2599 4427 2870 4496 interpret.
2904 4424 3262 4496 Ἕρμηνείαν
3302 4426 3405 4484 hoc

153 4518 396 4571 cundum
458 4517 605 4573 Ozias
654 4518 818 4587 regis,
884 4520 978 4574 sed
1022 4520 1075 4574 in
1119 4520 1389 4576 decimum
1436 4524 1728 4594 septimum
1761 4527 1806 4583 Β
1837 4520 1956 4576 loco
1975 4519 2210 4590 intellige
2234 4534 2342 4574 non
2373 4519 2781 4575 conversionem
2811 4534 2876 4573 ex
2909 4534 3017 4573 uno
3065 4518 3323 4589 idiomate
3350 4520 3403 4573 in

153 4611 302 4665 circa
342 4624 545 4664 annum
594 4609 663 4664 ab
712 4610 984 4666 Abraham
1015 4625 1178 4669 uccx.
1226 4610 1340 4667 Hoc
1386 4614 1549 4683 igitur
1615 4617 1730 4671 vult

153 4701 389 4758 Basilius
438 4716 503 4757 ex
553 4717 619 4757 eo
670 4710 922 4757 constare
973 4704 1220 4758 eumdem
1270 4719 1393 4760 esse
1443 4703 1630 4761 Oziam
1674 4717 1729 4763 et

150 4795 433 4859 Azariam,
473 4796 616 4865 quod
650 4793 794 4851 Ozia:
824 4804 880 4851 et
906 4794 1118 4850 Ararim
1159 4796 1298 4851 idem
1334 4806 1546 4868 tempus
1577 4800 1731 4870 regni

154 4887 448 4952 tribuatur,
485 4886 741 4943 nimirum
794 4889 922 4943 anni
972 4890 1363 4960 quinquaginta
1408 4892 1534 4947 duo.
1577 4892 1731 4960 Quod

155 4995 289 5035 vero
315 4981 581 5050 sequitur,
617 4980 724 5036 Sed
753 4982 880 5049 quia
907 4983 1250 5052 principium,
1276 4983 1350 5037 ita
1378 4983 1584 5040 clarius
1604 5001 1731 5040 ver-

155 5074 222 5127 tit
254 5072 606 5127 doctissimus
644 5072 897 5142 Procopii
940 5074 1210 5143 interpres
1238 5075 1546 5141 Curterius,
1574 5094 1594 5128 s
1619 5077 1729 5131 An-

152 5178 262 5218 non
288 5178 420 5218 vero
449 5163 595 5234 quia,
629 5164 963 5236 Principium
1009 5165 1161 5220 verbi
1208 5166 1421 5220 Domini
1450 5166 1519 5220 ad
1568 5169 1728 5232 Osee,

154 5256 209 5309 in
240 5251 382 5308 Osee
415 5253 666 5323 legimus,
696 5254 906 5322 primus
936 5263 992 5309 et
1029 5254 1147 5324 ipse
1172 5253 1457 5309 vaticinari
1482 5254 1682 5324 carpit?
1705 5273 1723 5306 ι

152 5344 288 5399 Illud
331 5355 531 5412 tamen,
581 5345 691 5417 πρὸ
718 5345 821 5417 τῆς
860 5345 1103 5417 ὁράσεως
1142 5345 1238 5399 τοῦ
1295 5344 1541 5412 Ἡσαΐου,
1589 5346 1647 5399 ἐν
1692 5337 1728 5419 ᾖ

155 5451 344 5508 φησιν,
378 5450 484 5489 non
532 5444 615 5490 est
669 5435 1158 5505 interpretandum,
1212 5451 1233 5486 s
1265 5443 1394 5489 ante
1436 5434 1726 5501 visionem,

154 5543 264 5597 qua
300 5526 569 5581 elevatum
614 5525 1029 5596 superliminare
1075 5526 1270 5591 dicit,»
1322 5525 1437 5590 sed,
1484 5542 1503 5576 ε
1531 5525 1583 5579 in
1622 5540 1729 5595 qua

156 5619 291 5675 dicit
317 5619 588 5673 elevatum
617 5632 761 5685 esse,
784 5638 804 5673 ι
844 5634 952 5673 non
990 5632 1023 5673 a
1058 5619 1290 5686 visione,
1326 5619 1420 5674 sed
1459 5629 1518 5673 ut
1556 5620 1729 5687 suspi—

159 5718 316 5765 catur
336 5708 568 5764 Basilius
589 5723 619 5763 a
651 5718 809 5765 terra:
832 5717 1004 5776 motu,
1022 5716 1081 5763 ut
1101 5710 1226 5765 inde
1247 5708 1530 5779 colligatur
1545 5709 1728 5771 Amos,

162 5801 256 5871 qui
288 5799 632 5870 prophetavit
661 5809 787 5858 ante
815 5802 959 5859 duos
979 5816 1154 5860 annos
1188 5811 1344 5860 terra
1375 5810 1574 5871 motus,
1605 5812 1734 5858 ante

1827 4612 1991 4675 aliud,
2035 4612 2130 4668 sed
2162 4629 2182 4663 σ
2216 4610 2675 4681 explanationem,
2717 4629 2739 4663 ι
2773 4611 2928 4679 quasi
2981 4610 3125 4667 dicat
3160 4610 3402 4665 additum

1828 4719 1950 4762 esse
1977 4705 2044 4760 ab
2066 4702 2298 4774 Origene
2329 4702 2413 4758 vel
2445 4717 2474 4756 a
2519 4702 2760 4758 Luciano
2801 4712 3057 4770 tanquam
3109 4702 3405 4770 expositio-

1829 4808 1952 4848 nem
1984 4793 2135 4855 verbi
2166 4791 2580 4861 ἐγκαταλιπεῖν,
2628 4804 2737 4860 quo
2781 4790 2866 4845 usi
2910 4799 3037 4845 sunt
3085 4789 3249 4858 LXX,
3299 4790 3401 4846 nisi

1831 4884 1975 4940 forte
2025 4884 2293 4951 intelligas
2342 4881 2768 4937 Theodotionem
2801 4880 2988 4937 Graece
3034 4884 3113 4937 sic
3142 4880 3401 4938 extulisse

1830 4976 2059 5031 verbum
2110 4973 2414 5037 Hebraeum,
2440 4973 2583 5042 quod
2612 4970 2760 5029 LXX
2793 4981 3069 5027 verterunt
3096 4972 3404 5042 ἐγκαταλι-

1833 5065 1989 5121 πεῖν.
2018 5063 2151 5119 Nam
2187 5064 2387 5134 alioqui
2416 5062 2629 5132 fuerant
2650 5065 2719 5117 ab
2745 5061 2979 5134 Origene
3001 5062 3101 5117 sub
3122 5061 3400 5116 asteriscis

1831 5174 1900 5214 ex
1950 5157 2343 5213 Theodotionis
2384 5155 2832 5224 interpretatione
2857 5154 3036 5210 addita
3065 5152 3237 5209 textui
3261 5153 3398 5221 Sep-

1833 5250 2096 5320 tuaginta,
2129 5264 2251 5319 quae
2280 5249 2350 5304 ab
2380 5249 2486 5305 illis
2522 5263 2592 5305 ex
2621 5248 2849 5305 Hebraeo
2898 5263 3005 5304 non
3052 5247 3268 5302 fuerant
3302 5262 3399 5301 ex-

1829 5355 2037 5412 pressa,
2070 5350 2126 5395 ut
2154 5341 2345 5396 scribit
2365 5341 2726 5413 Hieronymus
2752 5340 2913 5411 epist.
2939 5339 3033 5405 89,
3070 5348 3126 5395 et
3163 5338 3398 5409 Epipha-
3464 5393 3512 5409 η,

1831 5433 1953 5487 nius
2004 5430 2096 5487 lib.
2152 5430 2234 5486 De
2279 5431 2593 5501 ponderibus
2646 5441 2696 5487 et
2725 5431 3009 5487 mensuris.
3043 5429 3188 5486 [dem
3237 5443 3381 5500 μοι-η
3474 5420 3480 5429 ’

1834 5523 2197 5594 Hieronymus
2246 5523 2302 5578 in
2352 5523 2746 5578 commentario
2803 5524 2859 5577 in
2904 5521 3107 5577 Isaiam
3170 5530 3401 5579 testatur

1833 5616 1936 5671 hoc
1999 5615 2323 5682 membrum,
2379 5612 2672 5669 abalienati
2721 5624 2844 5669 sunt
2893 5622 3202 5681 retrorsum,
3254 5610 3402 5670 LXX

1834 5710 2162 5779 interpretes
2206 5722 2313 5763 non
2361 5706 2587 5763 habere.
2639 5705 2876 5763 Basilius
2906 5721 2975 5764 ex
3010 5706 3401 5763 Theodotionis

1832 5800 2067 5858 editione
2160 5798 2402 5855 additum
2459 5811 2584 5855 esse
2668 5798 2804 5865 vult,
2861 5807 2918 5854 at
2997 5797 3143 5868 apud
3200 5795 3405 5853 Proco-

3471 773 3523 897 ε.
