3816 6210
146 391 282 446 4077

1319 387 1411 443 AD
1450 382 1807 443 COMMENT.
1853 382 1917 436 ΙΝ
1959 379 2210 435 ISAIAM.

3259 365 3389 420 1078

146 522 265 558 csse
295 504 440 557 vitcs
487 511 691 570 monet,
719 510 778 556 ut
805 501 1020 556 hiberni
1055 500 1254 555 imbres
1297 503 1364 556 ad
1413 516 1508 557 cas
1559 511 1731 554 lrans-
1760 501 1804 555 A
1834 496 2057 551 llehrzeo
2087 513 2100 546 :
2128 495 2328 549 Vocare
2353 493 2767 548 conrocationcm
2794 505 2894 543 non
2924 497 3121 556 potero.
3158 485 3246 538 Sic
3271 500 3392 551 ergo

147 593 455 647 mittantur.
487 591 695 646 Rursus
723 591 876 656 illud,
909 591 984 662 μὴ
1009 591 1522 662 ἀποσκευασαμένη,
1543 599 1722 646 verte—

151 693 257 746 rat,
285 684 467 734 anima
489 682 663 735 minus
686 690 823 735 recte
846 697 900 734 se
913 697 1224 748 componens
1249 682 1388 734 circa
1407 681 1517 735 hinc
1537 695 1722 747 corpo-

147 771 302 824 ralia.
319 772 389 825 At
402 770 547 824 enim
561 768 1035 834 ἀποσκευάζεσθαι
1049 784 1154 823 non
1169 778 1250 824 est
1262 764 1721 840 παρασκευάζειν,

150 875 477 931 praeparare,
497 876 845 929 componere,
880 861 975 917 sed
997 875 1286 923 exornare,
1322 863 1407 914 vel
1435 871 1723 922 evacuate,

150 961 205 1004 ut
257 950 488 1006 Levitici
541 965 657 1018 xlv,
711 949 779 1004 56
815 969 828 1002 :
871 949 1208 1019 Προστάξει
1257 953 1289 1004 d
1343 949 1536 1018 ἱερεὺς
1586 949 1726 1002 ἀπο-

145 1041 449 1095 σκευάσαι
494 1040 603 1094 τὸν
649 1036 844 1094 οἷκον·
879 1039 1152 1110 Praecipiet
1205 1041 1451 1094 sacerdos
1499 1057 1724 1094 vacuare

148 1131 387 1187 domum.
419 1131 672 1201 Vulgata,
702 1139 757 1184 ut
796 1131 1015 1200 efferant
1059 1132 1299 1185 universa
1327 1132 1388 1184 de
1430 1132 1606 1186 domo.
1641 1131 1728 1184 Si-

150 1224 290 1279 milis
314 1238 472 1280 error
501 1225 746 1278 sublatus
772 1235 855 1278 est
883 1224 982 1279 sub
1013 1223 1174 1278 linem
1215 1223 1444 1294 paginae,
1497 1223 1724 1290 ὲξοιδαί-

149 1335 259 1369 νειν
310 1315 824 1387 παρασκευάζοντα,
877 1333 894 1365 ι
930 1315 996 1368 ad
1027 1315 1130 1368 hoc
1179 1323 1570 1381 componentes
1610 1314 1726 1368 ani-

149 1422 321 1471 mam,
353 1417 410 1460 ut
439 1405 586 1460 inani
614 1414 827 1460 tumore
873 1405 1093 1474 superb.
1135 1413 1432 1474 turgescat.
1470 1423 1488 1456 ι
1525 1405 1725 1459 Ibidem

1833 589 2175 646 scribendum
2205 588 2306 641 hoe
2334 586 2450 639 loco
2483 603 2494 637 :
2523 603 2540 635 ι
2573 581 2921 636 reddiderunt
2941 586 3197 638 vocatam,
3221 571 3392 626 Theo-

1830 680 2010 736 dotion
2039 689 2215 734 autem
2246 674 2484 743 κλητήν
2501 681 2857 734 convocatam,
2889 663 3246 738 Symmachus
3267 676 3394 716 vero

1829 771 2062 840 κλητήν
2093 769 2510 824 convocationem
2529 781 2629 819 non
2653 763 2818 832 [erant
2852 778 2868 816 :
2894 773 3058 830 quare
3080 771 3186 812 non
3210 754 3395 809 existi-

1829 878 2060 927 mamus,
2084 872 2216 925 etc.,
2239 860 2333 914 sed
2363 872 2575 912 omnem
2600 855 2738 911 diem
2772 852 2862 922 qui
2881 859 3102 905 vocatus
3125 847 3239 902 sive
3259 844 3395 900 cele—

1827 956 1942 1010 bris
1969 954 2286 1024 appellatur;
2326 971 2344 1003 ι
2383 949 2472 1004 Sic
2506 947 2646 1018 apud
2685 942 3002 1011 Procopium
3033 940 3262 1009 legimus
3283 937 3397 1024 htPc

1828 1047 1882 1100 in
1921 1023 2292 1112 compendium
2328 1040 2566 1104 redacta,
2607 1034 2750 1086 ’Av'ri.
2765 1032 2821 1084 δὲ
2847 1030 2946 1099 τῆς
2981 1025 3220 1099 μεγάλης
3259 1023 3397 1094 ἠμέ-

1833 1155 1928 1208 ρας
1967 1135 2169 1207 κλητὴν
2203 1132 2470 1199 ἐξέδωκαν
2491 1129 2540 1182 οἰ
2560 1126 2756 1192 λοιποὶ,
2782 1125 2856 1187 ὡς
2889 1121 2961 1192 μὴ
2995 1120 3120 1190 μίαν
3147 1115 3398 1187 σημαίνε-

1830 1206 1975 1290 σθαι,
2007 1206 2186 1278 πᾶσαν
2216 1223 2273 1275 δὲ
2306 1221 2405 1292 τὴν
2435 1222 2493 1272 ἐν
2523 1217 2600 1288 τῷ
2625 1217 2774 1286 νόμῳ
2798 1209 3139 1281 καλουμένην
3172 1206 3394 1276 κλητήν.

1897 1316 2013 1373 Col.
2057 1315 2157 1370 182
2205 1315 2247 1369 D
2296 1313 2347 1365 6.
2401 1311 2647 1364 Animam
2696 1308 2912 1372 iustam.
2943 1300 3165 1370 Vulgata
3202 1297 3393 1351 Latina

1829 1425 1896 1464 ex
1950 1408 2214 1462 Hebraeo:
2269 1402 2392 1458 Non
2439 1401 2630 1472 aﬂliget
2680 1396 2936 1451 Dominus
2980 1393 3118 1461 fame
3171 1389 3399 1442 animam

149 1499 535 1570 corrigendum
561 1511 629 1552 ex
653 1498 840 1565 Regiis
868 1505 926 1551 ut
957 1498 1008 1550 in
1043 1497 1356 1567 apographo
1378 1496 1603 1566 Anglico
1627 1497 1729 1551 fuit
1823 1501 1996 1570 justi:
2025 1499 2119 1555 sed
2154 1498 2240 1553 hic
2296 1495 2358 1549 ad
2387 1493 2609 1547 verbum
2639 1486 2956 1544 vertendum
2999 1490 3136 1546 erat,
3169 1481 3397 1534 animam

148 1589 593 1660 ﬁmpzpucdceat,
615 1604 711 1658 pro
737 1588 1171 1659 ὑπερφύσασθαι.

221 1677 342 1730 Col.
373 1676 472 1731 158
498 1677 542 1730 Α
573 1677 659 1732 Μ.
686 1677 751 1730 1η
778 1692 946 1730 eremo
979 1677 1226 1731 nutritus.
1243 1676 1447 1732 Vitiosa
1467 1677 1629 1733 lectio
1663 1678 1720 1732 F.

147 1781 253 1821 ms.
284 1767 590 1823 versionem
647 1767 856 1837 peperit
881 1767 1130 1821 vitiosam
1161 1767 1371 1838 ἐτράφη
1415 1769 1474 1820 ὲν
1513 1769 1724 1839 ἐρήμῳ,

1823 1595 2089 1665 justorum
2125 1633 2138 1647 .
2171 1587 2324 1656 Quod
2358 1601 2487 1641 vero
2519 1581 2784 1652 sequitur,
2819 1579 2886 1632 ab
2913 1577 3210 1644 interprete
3235 1570 3399 1627 omis-

1835 1697 1981 1746 sum,
2013 1695 2111 1734 nos
2134 1675 2471 1743 interpretati
2499 1686 2706 1734 sumus,
2737 1668 2832 1724 sed
2864 1681 2968 1721 una
2993 1679 3124 1718 voce
3156 1661 3398 1716 mutilum

1831 1771 1907 1824 sic
1935 1767 2230 1823 sanandum
2250 1771 2330 1818 est
2348 1778 2414 1817 ex
2439 1775 2566 1816 mss.
2587 1757 2648 1812 F.
2669 1755 2773 1826 £1.11
2793 1774 2806 1809 :
2824 1753 2964 1807 οὕτω
2983 1754 3029 1805 δ’
3049 1751 3224 1804 ἂνκαὶ
3247 1751 3401 1802 ὲναν-

147 1871 316 1926 quam
353 1831 732 1924 sequuntur-et
773 1854 982 1925 Anglici
1043 1870 1176 1910 mss.
1209 1831 1412 1910 Verum
1441 1856 1493 1910 in
1528 1831 1724 1912 llenri-

1844 1861 2010 1930 είωμα
2028 1853 2096 1925 ἦν
2129 1857 2266 1928 πρὸς
2293 1854 2382 1907 τὸν
2406 1852 2516 1905 τῶν
2548 1864 2756 1922 μακαρ.
2791 1845 2905 1900 Non
2939 1850 3258 1912 deprecatur
3275 1855 3403 1908 ergo

150 1947 314 2000 ciano
349 1955 404 2002 et
434 1945 678 2000 Joeusaeo
703 1945 961 2014 scriptum
988 1953 1140 2000 recte
1189 1945 1388 2016 ἐτάφη,
1428 1963 1448 1997 ι
1486 1947 1729 2014 sepultus

149 2046 256 2094 est.
297 2055 316 2088 ι
350 2037 537 2107 Itaque
579 2035 952 2090 restituendus
1003 2044 1090 2090 est
1141 2035 1295 2090 locus
1343 2051 1408 2090 ex
1461 2036 1728 2106 Procopio

149 2144 276 2198 pag.
312 2126 382 2182 16
413 2147 428 2183 :
455 2124 555 2182 τΩν
575 2129 604 2181 ὁ
629 2128 976 2199 ἐπιθυμήσας
1012 2127 1358 2198 ἐπιθυμητὴς
1389 2128 1560 2181 πάλαι
1601 2128 1728 2192 λαὸς

149 2222 209 2273 ὲν
242 2223 313 2291 τῇ
352 2221 543 2291 ἐρήμῳ
569 2220 742 2290 ἐτάφη
769 2237 780 2248 ·
825 2238 843 2270 ι
880 2218 1116 2285 Quorum
1165 2219 1437 2274 desiderio
1479 2234 1601 2274 cum
1654 2229 1731 2275 te-

149 2323 380 2368 neretur
402 2312 736 2367 desiderator
782 2310 1014 2379 populus
1044 2309 1170 2363 olim
1198 2309 1252 2363 in
1295 2309 1511 2364 deserto
1543 2310 1729 2378 sepul-

155 2414 364 2460 tusest.
405 2425 425 2457 ι
477 2403 569 2459 Sic
620 2404 764 2458 enim
812 2402 1038 2470 legimus
1088 2400 1312 2455 Numer.
1350 2415 1427 2462 xt.
1455 2400 1564 2455 '5‘:
1600 2402 1730 2454 Ὅτι

150 2499 284 2552 ἐκεῖ
312 2497 548 2566 ἔθαψαν
577 2495 685 2549 τὸν
719 2493 873 2548 λαὸν
896 2493 1006 2546 τὸν
1028 2493 1420 2563 ἐπιθυμητήν,
1445 2493 1587 2562 quod
1611 2493 1733 2546 Am-

154 2590 379 2644 brosius
409 2588 501 2643 lib.
532 2587 607 2642 De
621 2602 731 2640 xm
762 2585 1120 2640 mansionibus
1147 2585 1550 2654 interpretatur,
1569 2598 1727 2638 man-

154 2683 316 2735 sione
364 2696 462 2745 xu,
516 2681 640 2745 quia
668 2679 739 2732 ibi
781 2677 1089 2747 sepelierunt
1120 2675 1367 2745 populum
1417 2675 1734 2729 desiderato-

155 2788 291 2825 rem.
335 2771 612 2840 lnterpres
660 2783 876 2838 quoque
907 2767 1158 2836 Procopii
1209 2781 1398 2822 vocem
1454 2765 1730 2836 ἐπιθυμη-

154 2862 259 2932 τής
282 2875 388 2914 non
419 2861 705 2930 expressit.

231 2951 350 3006 Col.
376 2951 480 3005 165
509 2953 554 3005 Α
595 2951 683 3006 tl.
717 2948 860 3004 Sicut
884 2949 1078 3004 caeteri.
1101 2947 1212 3002 Hoc
1231 2961 1444 3015 quoque
1473 2946 1640 3000 miror
1667 2945 1735 2999 ab

160 3046 460 3112 interprete
495 3041 662 3098 fuisse
691 3042 951 3096 omissum
986 3040 1129 3108 quod
1175 3053 1280 3092 ms.
1318 3037 1380 3091 F.
1431 3037 1478 3092 ei
1514 3052 1736 3107 sugges-

1829 1929 2075 2020 corporis
2120 1947 2340 2008 famem,
2389 1957 2549 2012 quam
2604 1942 2746 1993 inter
2800 1933 3118 1988 alllictiones
3155 1929 3404 1984 laudibus

1830 2039 2226 2112 prosequendas
2257 2041 2506 2089 numerat
2534 2030 2758 2085 Paulus.

1897 2131 2012 2188 Col.
2063 2129 2168 2184 194
2203 2127 2244 2182 C
2301 2127 2355 2181 l.
2392 2123 2490 2178 Res
2531 2133 2604 2176 est
2641 2121 2814 2189 cujus.
2844 2115 3150 2172 Delevimus
3181 2111 3265 2166 illa
3305 2109 3391 2164 in-

1832 2222 2106 2292 terpretis,
2140 2238 2159 2270 ι
2200 2216 2469 2274 submotio
2511 2229 2539 2268 a
2589 2212 2744 2266 nobis
2794 2209 2922 2278 ipsis
2967 2205 3196 2274 requirit
3240 2218 3402 2258 accu-

1833 2324 2006 2368 ratam
2054 2324 2276 2381 operum
2318 2303 2779 2362 exercitationem.
2813 2319 2831 2350 ι
2875 2299 3144 2352 Aherrant
3181 2295 3324 2349 enim
3371 2310 3400 2345 a

1831 2420 1993 2460 sensu
2029 2401 2287 2465 auctoris,
2321 2411 2482 2469 quem
2517 2396 2793 2465 eleganter
2831 2391 3179 2447 doctissimus
3212 2387 3403 2441 Curti--

1830 2498 1943 2553 rius
1971 2495 2109 2566 apud
2131 2491 2452 2560 Procopium
2478 2489 2556 2542 sic
2579 2502 2700 2556 pag.
2716 2485 2788 2540 25
2809 2480 3188 2554 expressit:'H
3220 2478 3276 2532 δὲ
3304 2478 3404 2545 τῆς

1831 2589 1937 2644 τῶν
1978 2587 2163 2643 κακῶν
2194 2585 2360 2651 ἕξεως
2414 2579 2704 2642 ἀπόθεσις.
2750 2577 2906 2648 ἔργον
2940 2574 3240 2645 ἡμέτερον,
3278 2569 3403 2639 βοη-

1833 2683 2050 2746 θοῦντος
2078 2679 2356 2735 κάνταῦθα
2384 2674 2520 2730 Θεοῦ
2555 2674 2650 2728 καὶ
2679 2674 2804 2735 τοὺς
2832 2669 3114 2730 ἐθέλοντας
3153 2661 3407 2735 ὁδηγοῦν-

1831 2792 1922 2838 τος
1973 2771 2108 2843 πρὸς
2146 2770 2364 2841 ἀρετήν·
2431 2786 2449 2818 ι
2484 2764 2576 2821 Sic
2622 2763 2884 2820 scelerum
2936 2772 3134 2827 pravos
3191 2755 3408 2810 habitus

1834 2873 2016 2920 nostra
2047 2877 2208 2932 opera
2234 2873 2454 2924 exuere,
2489 2858 2535 2914 si
2579 2857 2762 2910 divino
2790 2852 2992 2907 auxilio
3023 2850 3271 2903 voluntas
3309 2861 3405 2898 no-

1833 2959 1918 3013 bis
1943 2957 2009 3011 ad
2033 2957 2286 3009 virtutem
2307 2952 2586 3022 dirigatur,
2620 2960 2927 3018 possumus.
2967 2962 2986 2994 ι
3026 2941 3201 2996 Alium
3231 2938 3408 2992 locum

1836 3046 2240 3103 emendavimus
2287 3043 2446 3112 paulo
2489 3040 2657 3103 infra,
2693 3038 2781 3091 ἵνα
2814 3035 2896 3106 μὴ
2940 3034 3101 3104 μόνον
3135 3029 3242 3083 ἀπὸ
3272 3025 3402 3082 τῶν.

157 3145 330 3201 serat,
379 3143 435 3190 et
483 3135 550 3189 ab
599 3134 720 3188 aliis
753 3133 1033 3188 codicibus
1083 3131 1414 3202 agnoscitur,
1449 3140 1615 3198 atque
1667 3129 1734 3182 ab
1764 3167 1806 3225 ο
1839 3137 2008 3205 Quem
2046 3137 2118 3190 ita
2166 3138 2512 3204 expresserat
2547 3129 2868 3184 Tilmannug
2895 3167 2909 3189 ,
2961 3143 2979 3176 ε
3014 3133 3072 3178 ut
3101 3121 3263 3176 “emi
3295 3121 3410 3174 adi-

160 3231 299 3298 ipsis
342 3231 618 3298 excerptis
672 3227 918 3296 Proc0pii
969 3241 1092 3296 pag.
1150 3226 1220 3279 20
1269 3245 1281 3280 :
1326 3226 1415 3288 Ὠς
1458 3224 1737 3286 ἀσυνέτοις

159 3321 226 3374 τὸ
259 3320 566 3394 προσέχειν,
607 3319 641 3390 ἢ
685 3318 746 3371 τὸ
783 3317 1156 3381 ὲνωτίζεσθαι,
1185 3317 1260 3379 ὡς
1305 3316 1572 3382 ἐξέδωκαν
1622 3314 1740 3366 Ete-

165 3430 285 3484 ροι·
329 3410 564 3479 Populos
588 3411 878 3464 crassiores
906 3419 953 3462 et
1001 3409 1237 3462 rudiores
1268 3406 1592 3470 attendendi,
1625 3415 1737 3467 aut,

164 3514 223 3557 ut
250 3505 348 3558 alii
372 3504 666 3568 ediderunt,
697 3503 913 3556 auribus
942 3501 1280 3568 percipiendi.
1318 3497 1451 3552 Tres
1486 3496 1738 3550 nimirum

166 3597 499 3664 interpretes
544 3594 763 3650 Graecos
826 3592 1098 3662 intelligit,
1136 3590 1426 3659 Aquilam,
1492 3588 1742 3658 Symma-

167 3686 352 3751 chum,
378 3694 432 3740 et
451 3685 899 3749 Theodotionem,
925 3698 1153 3752 quorum
1187 3682 1365 3735 versio
1392 3681 1444 3734 in
1481 3678 1740 3745 Tetraplis

171 3791 299 3830 cum
329 3773 686 3845 Septuaginta
732 3773 1015 3843 conjuncta
1044 3781 1180 3827 erat.
1215 3772 1402 3839 Itaque
1451 3771 1553 3824 hoc
1598 3769 1744 3840 frag-

180 3877 426 3922 mentum
509 3867 723 3921 illorum
807 3865 1057 3920 Flaminii
1135 3862 1334 3918 Nobilii
1401 3862 1746 3918 collectaneis

171 3959 572 4031 adjttngcndum
631 3968 734 4014 est.
813 3958 980 4012 Paulo
1046 3964 1210 4028 post,
1289 3945 1350 4008 οὗ
1412 3953 1745 4024 φυλακτικὸς

171 4053 342 4115 ἐστιν,
373 4051 452 4105 sic
477 4049 746 4105 extulerat
769 4049 1055 4119 interpres,
1094 4067 1113 4098 ι
1141 4049 1206 4102 ad
1237 4047 1392 4116 cujus
1421 4046 1743 4108 custodiam,

174 4144 267 4212 qui
306 4151 552 4196 attentus
580 4150 685 4205 est,
720 4140 934 4195 celeber
954 4138 1155 4194 evadit.
1196 4156 1215 4188 ι

247 4235 365 4290 Col.
397 4234 498 4288 179
520 4233 565 4286 Α
594 4235 682 4288 15.
713 4232 820 4287 Sed
851 4246 1054 4284 omnem
1077 4230 1310 4286 omnino.
1339 4227 1502 4297 Atqui
1551 4225 1745 4281 falsum

173 4335 262 4381 cst
294 4339 510 4380 onmem
538 4324 758 4379 omnino
786 4322 927 4376 diem
962 4321 1043 4374 sic
1068 4327 1316 4374 vocatum
1357 4333 1496 4383 esse,
1554 4331 1747 4385 nempe

175 4417 385 4486 κλητήν
406 4430 419 4444 °
455 4416 562 4469 imo
585 4415 688 4468 hoc
710 4412 824 4466 vult
859 4411 1088 4465 Basilius
1111 4427 1216 4466 non
1248 4425 1411 4464 unum
1437 4409 1746 4479 quempiam

1840 3242 2050 3283 mantus
2095 3225 2269 3282 solum
2321 3224 2386 3279 ab
2431 3219 2736 3276 actionibus
2784 3231 2935 3272 suam
2983 3212 3408 3284 providentiam,

1841 3321 1934 3374 sed
1967 3332 2033 3372 ne
2061 3317 2274 3386 quidem
2307 3330 2335 3368 a
2367 3312 2567 3367 mutuis
2587 3305 3131 3366 confabulationibus.
3164 3323 3182 3356 ι
3213 3302 3410 3358 Vocem

1841 3412 2011 3482 αὐτήν
2030 3409 2213 3464 retulit
2236 3409 2302 3462 ad
2328 3407 2417 3461 Dei
2437 3403 2850 3475 providentiam.
2883 3415 2986 3454 non
3023 3399 3088 3452 ad
3125 3395 3409 3468 πονηρίαν,

1841 3510 1896 3555 et
1925 3495 2326 3568 διαλογισμούς,
2353 3498 2418 3548 ad
2459 3491 2726 3560 colloquia
2758 3528 2773 3554 ,
2814 3503 2919 3542 non
2947 3486 3012 3540 ad
3043 3483 3411 3553 cogitationes,

1843 3593 1909 3645 ad
1935 3605 2068 3658 quas
2085 3588 2319 3658 pertinet
2343 3585 2485 3654 quod
2513 3581 2754 3651 sequitur
2777 3593 2841 3632 ex
2866 3573 3140 3646 Apostolo,
3161 3575 3195 3644 ἡ
3219 3570 3404 3640 ἀγάπη

1842 3682 1901 3734 οὐ
1932 3678 2204 3748 λογίζεται
2230 3677 2290 3730 τὸ
2316 3674 2501 3730 κακόν.
2538 3671 2875 3737 Sutl'ragatur
2918 3669 3044 3723 huic
3084 3667 3405 3734 interpreta-

1846 3774 1973 3828 tioni
2001 3771 2242 3839 Proc0pii
2273 3765 2649 3838 paraphrasis:
2679 3765 2770 3838 Δεῖ
2795 3756 2887 3815 οὖν
2900 3758 3194 3830 λογισμοὺς
3221 3755 3413 3811 καθαί-

1849 3883 1980 3937 ρειν.
2011 3863 2072 3916 οὐ
2100 3863 2260 3934 μόνον
2283 3859 2480 3923 κακίας
2503 3857 2833 3912 ἀποκόπτειν
2858 3852 3139 3924 ἐνέργειαν
3165 3867 3178 3880 ο
3214 3867 3233 3900 ι
3256 3847 3419 3902 Decet

1847 3935 2011 4024 igitur
2030 3951 2194 4005 animi
2230 3958 2408 4003 motus
2433 3948 2675 4002 internos
2701 3956 2954 4014 purgare,
2979 3953 3085 3994 non
3115 3939 3229 4008 ipsa
3258 3935 3418 3990 modo

1847 4021 2100 4113 nequitiae
2132 4057 2315 4110 opera.
2346 4061 2364 4093 ι
2749 4021 2754 4025 ’

1917 4134 2148 4191 Col.l95
2173 4133 2279 4187 0'5.
2299 4131 2488 4184 Omnia
2515 4126 2765 4181 enim.lta
2792 4125 3005 4192 quidem
3036 4118 3242 4191 Anglici
3280 4130 3416 4171 mss.

1847 4235 1900 4282 et
1931 4225 2128 4296 Regius
2151 4223 2214 4278 F.
2239 4222 2416 4276 πάντα
2442 4222 2585 4274 ποιεῖ
2609 4258 2621 4279 ,
2658 4217 3007 4285 quamobrem
3031 4225 3160 4266 sane
3188 4209 3418 4268 mirum,

1849 4318 1990 4388 quod
2016 4319 2286 4384 interpres
2308 4316 2624 4382 scripserat,
2655 4328 2674 4360 ι
2707 4303 3143 4362 innovabitenitn
3165 4299 3367 4362 omnia,
3398 4317 3415 4347 ι

1849 4411 1998 4480 quasi
2015 4408 2228 4477 legisset
2245 4403 2535 4477 μεταϐαλεῖ
2545 4402 2651 4472 γὰρ
2662 4401 2858 4454 πάνταο
2874 4399 2966 4452 sed
2985 4397 3226 4463 inspecto
3238 4399 3421 4480 postea

176 4505 592 4560 celeberrimum
635 4502 776 4558 diem
807 4501 981 4570 rejici,
1018 4516 1203 4556 verum
1239 4513 1428 4553 omnes
1475 4499 1735 4553 celebres.
1787 4507 1833 4562 ι
1863 4479 2028 4571 Regio
2057 4498 2226 4553 altero
2292 4511 2397 4551 ms.
2429 4494 2496 4548 ll.
2533 4501 2587 4546 et
2621 4492 2662 4546 ι.
2696 4491 2953 4558 scriptum
3001 4482 3197 4538 otl'endi
3247 4479 3426 4533 πάντα

177 4597 365 4663 Neque
411 4596 554 4650 enim
605 4607 793 4649 omnes
844 4593 1067 4647 omnino
1134 4592 1249 4646 dies
1308 4591 1504 4660 κληταὶ
1550 4591 1753 4662 ἡμέραι

178 4697 309 4742 sunt
329 4687 484 4740 dicta:
509 4727 525 4750 ,
560 4686 653 4738 sed
697 4682 1025 4737 celebriores
1055 4692 1259 4734 tantum
1297 4691 1351 4734 et
1380 4682 1751 4736 solemniores.

177 4783 254 4837 ιω
291 4780 513 4835 Levitici
551 4794 707 4840 (χιιι,
740 4777 808 4830 ’55
833 4792 847 4827 :
868 4776 976 4829 Kal
1001 4775 1036 4841 ἡ
1060 4774 1306 4843 ήμέραή
1335 4773 1531 4841 πρώτη
1564 4773 1753 4841 κλητὴ

178 4875 321 4944 ἁγία
345 4871 538 4926 ἔσται.
576 4869 642 4921 Et
669 4870 778 4921 dies
827 4867 1000 4936 prima
1033 4877 1212 4920 vocata
1242 4873 1425 4918 sancta
1455 4867 1552 4917 erit
1582 4865 1748 4916 vobis.

180 4965 316 5018 ltetn
362 4963 452 5022 25.
480 4964 548 5014 Al
599 4959 793 5028 ἑορταὶ
839 4957 1084 5025 Κυρίου,
1133 4955 1205 5021 ἃς
1231 4955 1520 5010 καλέσετε
1566 4954 1752 5020 αὑτὰς

180 5054 414 5120 κλητὰς
450 5052 642 5119 ἁγίας·
695 5049 960 5104 Solemnia
1009 5047 1221 5100 Domini
1268 5063 1384 5114 quae
1417 5046 1660 5098 rocabitis
1690 5062 1751 5098 ea

181 5155 370 5200 vocata
423 5153 622 5196 sancta.
679 5141 877 5196 Eadem
923 5154 1024 5193 vox
1062 5138 1284 5192 Hebraea
1316 5147 1486 5223 sapt:
1513 5137 1755 5202 ἐπίκλη-

178 5254 286 5302 τος
323 5234 550 5288 vertitur
577 5248 605 5285 a
633 5229 799 5296 LXX,
828 5239 888 5284 ut
914 5228 1133 5283 Numer.
1165 5244 1356 5291 xxvm,
1399 5229 1486 5290 18,
1539 5226 1754 5295 Ἡμέρα

181 5330 222 5397 ἡ
246 5327 446 5397 πρώτη
464 5327 502 5393 ἠ
531 5325 858 5392 ἐπίκλητος
872 5323 1010 5392 ἁγία
1029 5321 1220 5386 ἔσται,
1243 5320 1353 5373 dies
1380 5319 1550 5389 prima
1572 5325 1757 5370 sancta

183 5426 282 5477 erit
306 5420 708 5488 vobis.,Vulgata
734 5417 925 5471 Latina
950 5430 1090 5484 saepe
1115 5413 1317 5484 κλητήν
1347 5410 1756 5467 celeberrimum

186 5515 329 5568 diem
361 5510 640 5580 appellat;
693 5509 960 5579 Isycltius,
1021 5506 1264 5560 vocalem
1313 5504 1453 5557 diem
1483 5509 1753 5554 sanctum.

193 5605 424 5658 Videtur
475 5601 743 5669 designari
797 5601 898 5652 hac
940 5613 1069 5653 voce
1115 5598 1230 5651 dies
1263 5593 1669 5651 convocationis
1704 5599 1760 5646 et

194 5692 508 5748 festivitatis
541 5710 552 5742 :
581 5706 703 5744 nam
734 5699 787 5744 et
811 5689 885 5743 ita
927 5689 1106 5743 reddit
1148 5687 1531 5757 Hieronymus,
1562 5683 1760 5752 festivi-

191 5796 327 5841 tam
352 5784 489 5838 alias
521 5798 622 5838 non
646 5782 850 5849 feram;
880 5781 1021 5850 quod
1045 5780 1111 5836 ad
1140 5779 1363 5836 verbum
1386 5776 1670 5835 Montanus
1693 5790 1759 5831 ex

1856 4593 2021 4645 ποίει.
2050 4587 2476 4644 Rescribendum
2501 4585 2687 4650 igitur,
2713 4580 2903 4636 Omnia
2925 4577 3008 4647 [ac
3034 4591 3151 4629 cum
3179 4571 3420 4626 consilio.

1851 4683 1970 4738 Jam
2004 4696 2131 4736 vero
2163 4681 2205 4735 si
2235 4691 2468 4749 quaeras,
2499 4676 2588 4730 ubi
2614 4675 2715 4729 hoc
2743 4671 3022 4738 Scriptura
3046 4665 3260 4728 dixerit,
3291 4662 3424 4716 nihil

1853 4775 1996 4828 aliud
2051 4771 2376 4840 respondere
2420 4782 2674 4836 possunt,
2729 4764 2782 4817 in
2837 4758 3121 4814 consilium
3173 4754 3416 4810 adhibito

1853 4867 2043 4922 Graeco
2079 4863 2255 4916 indice
2281 4860 2394 4913 sive
2424 4853 2840 4912 Concordanliis
2869 4848 3138 4913 Kirclteri,
3161 4861 3322 4917 quam
3352 4847 3422 4897 at-

1850 4955 2035 5007 ludere
2064 4949 2319 5002 Basilium
2352 4947 2417 5000 ad
2446 4945 2596 4998 illum
2642 4938 3002 4997 Ect-Iesiastici
3031 4936 3204 4991 locum
3236 4951 3379 4989 xxxii
3400 4974 3415 4996 ,

1849 5037 1939 5101 20,
1963 5037 2132 5087 Ἄνευ
2161 5026 2600 5098 βουλῆςμηθὲν
2624 5025 2912 5092 ποιήσῃς,
2949 5022 3035 5074 ubi
3069 5021 3292 5088 Vulgata
3319 5018 3420 5072 La-

1854 5129 1960 5182 tina
1983 5165 1998 5188 ,
2028 5123 2153 5178 Sine
2178 5120 2397 5175 consilio
2445 5118 2574 5172 nihil
2618 5117 2808 5185 facias.
2847 5115 2941 5168 Est
2972 5113 3186 5182 quidem
3229 5111 3420 5164 similis

1855 5219 1990 5272 alius
2020 5215 2179 5270 Prov.
2215 5228 2336 5277 xttt,
2369 5211 2459 5274 16,
2491 5210 2712 5263 Astutus
2737 5209 2912 5258 omnia
2953 5205 3061 5272 agit
3100 5218 3216 5255 cum
3254 5206 3427 5254 consi—

1853 5311 1962 5374 lio;
2014 5309 2104 5362 sed
2145 5306 2248 5360 hoc
2275 5320 2305 5358 a
2353 5301 2494 5358 LXX
2534 5303 2614 5356 sic
2647 5298 2890 5361 eﬂ‘ertur,
2934 5294 3061 5359 Πᾶς
3095 5292 3432 5360 πανοῦργος

1855 5400 2116 5470 πράσσει
2163 5399 2315 5468 μετὰ
2343 5393 2618 5467 γνώσεως
2641 5433 2656 5457 ,
2692 5390 2875 5445 Omnis
2905 5398 3109 5442 astutus
3163 5385 3268 5454 agit
3311 5399 3429 5435 cum

1855 5493 2114 5548 scientia:
2161 5501 2214 5544 et
2252 5491 2303 5543 in
2333 5487 2521 5542 eodem
2563 5484 2742 5552 capite
2787 5495 2930 5534 vers.
2961 5477 3065 5531 10:
3112 5477 3216 5542 Qui
3257 5485 3431 5530 autem
3475 5519 3480 5522 .

1858 5585 2031 5638 omnia
2056 5590 2216 5650 agunt
2241 5595 2358 5633 cum
2386 5576 2625 5638 consilio,
2656 5583 2907 5643 reguntur
2931 5571 3211 5635 sapientia,
3241 5569 3428 5624 Grmce

1857 5683 1961 5740 est,
2001 5675 2063 5725 Ol
2092 5671 2158 5722 δὲ
2199 5666 2394 5722 αὐτῶν
2427 5664 2825 5734 ἐπιγνώμονες
2860 5660 3040 5729 σοφοί
3065 5699 3078 5722 ,
3106 5659 3210 5724 Qui
3260 5669 3430 5710 autem

1860 5769 1940 5823 sui
1974 5768 2205 5834 ipsorum
2237 5761 2527 5831 cognitores
2552 5799 2566 5824 ,
2605 5759 2880 5828 sapientes.
2914 5752 3211 5809 TheodOtio
3247 5751 3383 5810 dixit
3415 5789 3427 5801 η
