3816 6210
381 333 519 389 1079

1552 333 1761 389 ΝΟΤιΕ
1802 333 2199 390 FRONTONIS
2235 336 2463 395 DUCA‘ZI

3506 341 3647 397 1030

382 448 492 503 Καὶ
520 449 590 503 ἐν
617 449 1202 520 συμϐουλευομένοις
1223 450 1430 519 σοφία·
1465 448 1532 503 Et
1559 452 1614 505 in
1636 453 1699 504 iis
1728 454 1816 521 qui
1840 469 1965 505 con~

2077 458 2323 515 Γίνεσθε
2374 457 2715 529 τραπεζῖται
2741 460 3007 530 δόκιμοι·
3064 459 3238 514 Estote
3286 459 3436 527 probi
3479 472 3650 528 trape-

382 541 563 594 silium
608 541 887 608 adhibent,
925 542 1202 609 sapientia.
1250 542 1366 597 Huc
1410 541 1689 610 spectabat
1729 541 1962 595 fortasse

384 631 739 685 doctissimus
764 629 1066 697 Curterius,
1094 646 1214 687 cum
1249 632 1302 686 in
1336 633 1579 701 margine
1618 631 1963 687 Commenta-

384 721 450 773 rii
481 720 731 790 Procopii
767 722 990 775 notabat
1014 722 1275 776 Proverb.
1305 736 1428 786 xm,
1455 738 1510 789 p.
1539 721 1629 783 ΞΘ,
1658 722 1746 776 ubi
1771 722 1963 790 legitur

385 812 572 866 itidem
608 822 670 867 ut
699 813 754 867 in
781 813 960 867 πάντα
984 814 1148 878 ποίει,
1178 814 1309 868 Cum
1331 815 1550 868 consilio
1576 816 1750 867 omnia
1777 814 1960 882 facito.

386 902 633 971 Sequens
660 914 840 960 autem
868 906 1018 961 locus
1052 916 1135 961 est
1170 905 1429 962 Proverb.
1462 922 1558 971 xu,
1580 906 1632 960 5.
1653 906 1818 960 Paulo
1839 915 1964 959 ante

384 1007 508 1063 cap.
547 995 604 1062 2,
632 996 759 1051 illud
804 997 1021 1062 Basilii,
1073 999 1107 1069 ἡ
1137 998 1315 1052 ἔννοια
1345 1000 1453 1053 τῶν
1498 1001 1960 1071 κεκηρυγμένων,

386 1088 467 1141 sic
494 1087 761 1146 extulerat
801 1089 1106 1159 interpres,
1145 1107 1166 1142 ι
1211 1092 1474 1161 cogitatio
1515 1107 1838 1146 arcanorum
1870 1107 1965 1146 no-

387 1175 577 1242 bisque
603 1174 1064 1244 formidabilium,
1112 1193 1232 1248 qute
1270 1180 1324 1233 in
1353 1180 1634 1236 tremendo
1671 1179 1875 1249 judicio
1906 1194 1966 1233 se

387 1264 641 1320 oﬂ'erent.
674 1285 696 1319 ι
726 1266 1004 1323 Atomnes
1041 1278 1359 1324 constanter
1384 1270 1570 1340 legunt
1611 1269 1964 1342 κεκηρυγμέ-

385 1378 515 1426 νων,
549 1376 655 1415 non
694 1360 1111 1432 κεκρυμμένων.

460 1453 574 1508 Col.
594 1452 697 1510 198
715 1452 759 1506 Α
777 1453 832 1506 4.
855 1454 985 1519 Qum
1005 1456 1344 1523 acceptanda.
1366 1455 1640 1527 Scriptum
1660 1462 1877 1516 exhibet
1900 1462 1964 1519 F.

389 1553 443 1594 ct
472 1542 733 1611 Anglicus
785 1559 925 1599 unus
957 1546 1028 1599 τά
1068 1562 1128 1598 τε
1166 1546 1361 1600 λεκτέα
1410 1548 1505 1601 καὶ
1546 1549 1655 1623 μὴ,
1700 1552 1794 1605 καὶ
1848 1556 1968 1617 ταῖς

394 1649 628 1701 συγκατ.
653 1634 722 1687 At
746 1634 888 1690 alius
910 1635 1123 1705 Anglic.
1155 1639 1225 1690 τά
1263 1655 1324 1690 τε
1358 1638 1554 1694 λεκτέα
1586 1641 1682 1694 καὶ
1714 1642 1782 1695 τὰ
1824 1660 1968 1714 πρα-

390 1721 549 1787 κτέα,
576 1724 671 1776 καὶ
713 1723 819 1794 μὴν
856 1726 949 1778 καὶ
978 1729 1100 1789 ταῖς
1146 1743 1305 1796 συγκ.
1345 1744 1365 1779 ι
1397 1728 1527 1795 Quae
1559 1731 1783 1787 dicenda
1818 1743 1963 1798 sunt,

390 1829 619 1881 «litaeque
650 1817 880 1884 agenda.
926 1835 943 1868 ι
983 1816 1049 1873 H.
1079 1818 1117 1872 Ι.
1147 1818 1217 1873 τά
1239 1836 1298 1873 τε
1323 1820 1518 1875 λεκτέα
1550 1824 1646 1877 καὶ
1673 1824 1769 1894 μή.
1801 1844 1819 1876 ι
1841 1825 1970 1892 Quae
2001 1807 2042 1860 Β

392 1905 618 1960 dicenda
649 1907 779 1970 sint,
809 1923 929 1977 qua:
959 1924 1066 1963 non
1093 1910 1342 1968 dicenda.
1367 1932 1385 1965 ι

461 1994 581 2054 Col.
625 1996 729 2053 199
754 1997 796 2052 C
838 2000 889 2053 l.
923 1998 1295 2068 Despondenti,
1322 2002 1811 2076 καθαρμοζομένῳ,
1838 2004 1971 2060 Ver-

395 2098 535 2143 terat
564 2089 859 2159 interpres,
895 2109 916 2143 ‹
952 2095 1385 2149 accommodanti
1429 2110 1548 2150 eam
1577 2097 1679 2150 sibi
1719 2098 1784 2149 ad
1822 2096 1970 2150 salu-

396 2186 507 2232 tem
542 2198 556 2232 :
590 2199 608 2232 ι
666 2182 762 2236 sed
810 2196 933 2236 cum
976 2183 1042 2237 ad
1078 2184 1318 2253 Apostoli
1359 2185 1533 2240 locum
1576 2186 1775 2240 alludat
1799 2185 1838 2240 ll
1867 2187 1972 2241 Co-

392 2272 562 2326 rinth.
586 2288 663 2327 xt.
684 2276 741 2336 2,
766 2272 1149 2345 Ἠρμοσάμην
1180 2276 1289 2346 γὰρ
1315 2275 1470 2347 ὑμᾶς
1498 2278 1588 2331 ἐνὶ
1616 2277 1811 2347 ἀνδρί,
1845 2279 1974 2333 Vul-

394 2364 536 2426 gata:
591 2357 801 2412 Latina!
852 2360 1016 2413 verba
1071 2361 1471 2428 substituimus,
1525 2362 1788 2431 Despondi
1832 2364 1972 2416 enim

393 2464 483 2501 ros
528 2450 620 2502 uni
666 2451 802 2505 viro.
832 2449 968 2504 Nam
1013 2466 1114 2506 nec
1159 2452 1277 2521 ipse
1305 2452 1444 2508 Beza
1483 2454 1738 2508 dillitetur
1770 2454 1972 2524 ἀρμὸτο

394 2538 581 2592 τεσθαι
612 2542 750 2607 apud
784 2539 1112 2597 Herodotum
1143 2545 1281 2599 sumi
1311 2560 1411 2614 pro
1452 2545 1871 2617 μνηστεύεσθαι,
1915 2554 1972 2600 et

394 2630 621 2684 verbum
652 2629 936 2687 Hebraeum
955 2641 1082 2699 π’,
1121 2650 1243 2690 cum
1276 2635 1345 2690 de
1368 2636 1514 2690 omni
1562 2636 1844 2690 commoda
1876 2651 1971 2705 ap-

392 2720 685 2789 plicatione
717 2723 949 2789 dicatur,
986 2725 1052 2779 de
1076 2739 1141 2780 ea
1184 2726 1401 2796 proprie
1430 2726 1555 2789 dici,
1590 2741 1709 2795 qua:
1746 2729 1814 2780 ad
1840 2740 1973 2780 con-

389 2811 597 2881 iugium
642 2822 872 2883 spectat.
938 2814 1105 2871 Paulo
1153 2824 1276 2885 post
1321 2831 1428 2870 non
1473 2818 1603 2872 satis
1651 2831 1967 2887 expressum

395 2903 572 2957 fuerat
598 2903 749 2969 illud,
777 2905 1058 2976 ὁμοτίμως
1086 2909 1200 2971 τοῖς
1220 2906 1527 2977 ἀνθρώποις
1554 2927 1568 2940 ο
1605 2926 1625 2959 t
1655 2909 1805 2979 quasi
1831 2910 1970 2966 Deus

396 3008 456 3048 se
485 2994 736 3050 demittat
760 2996 827 3049 ad
866 2997 1144 3051 hominum
1182 2995 1469 3065 judicium,
1504 3000 1635 3066 imo,
1671 3002 1826 3071 quasi
1851 3002 1968 3071 pari

394 3100 515 3138 cum
539 3085 620 3139 eis
641 3086 767 3152 jure
790 3087 1073 3155 disceptet.
1113 3107 1132 3138 ι

2071 555 2209 607 zilw.
2265 550 2283 605 l
2332 551 2585 607 Tltessal.
2616 568 2668 618 v,
2696 552 2757 609 9.1
2797 572 2813 608 :
2850 552 3041 608 Omnia
3080 552 3318 621 probate,
3366 551 3509 622 quod
3564 553 3651 606 bo-

2064 661 2186 698 num
2216 656 2289 699 ιιι
2336 655 2520 699 tenete.

2134 735 2251 791 Col.
2296 733 2403 788 2M
2445 732 2487 789 C
2536 732 2814 805 7._Quate
2856 735 3013 787 enim.
3064 733 3186 788 llaec
3232 733 3493 802 periodus
3547 746 3646 786 us-

2068 841 2172 895 que
2202 826 2270 880 ad
2299 825 2575 894 sequentis
2616 826 2828 895 pagina:
2855 824 3049 879 lineam
3094 826 3336 895 quintam
3367 824 3645 878 decimam

2067 919 2340 987 pendente
2367 917 2637 973 sententia
2665 926 2919 986 protensa
2960 918 3012 971 in
3048 928 3158 972 tres
3191 917 3435 972 diversas
3468 915 3651 970 fuerat

2070 1010 2241 1064 divisa
2274 1009 2535 1079 periodos
2580 1009 2649 1064 ab
2699 1010 2995 1078 interprete
3034 1009 3136 1063 hoc
3158 1018 3354 1078 pacto:
3397 1027 3418 1060 ι
3476 1006 3650 1074 Quale

2070 1103 2216 1156 enim
2246 1110 2489 1170 spectac.
2512 1116 2746 1172 quanam
2776 1103 2993 1156 ratione
3016 1101 3324 1170 religiosum
3347 1099 3456 1155 dici
3478 1107 3650 1168 queat

2068 1199 2124 1244 et
2152 1190 2511 1245 admiratione
2560 1190 2826 1259 dignum?
2853 1189 3047 1245 Parum
3075 1192 3223 1245 abest
3261 1190 3368 1245 tale
3404 1190 3537 1257 quid
3575 1191 3648 1243 ab

2068 1276 2355 1347 hominum
2377 1284 2591 1331 natura.
2626 1275 2860 1345 Equum
2891 1276 3066 1329 fuerat
3093 1284 3154 1328 ut
3179 1275 3262 1328 vel
3300 1273 3490 1329 multis
3513 1272 3651 1327 affe-

2066 1376 2188 1420 ctus
2220 1366 2502 1432 conviciis,
2538 1382 2560 1418 s
2596 1375 2712 1432 .etc.
2779 1363 2894 1419 Non
2919 1365 3083 1432 igitur
3113 1365 3183 1417 ab
3226 1363 3510 1418 hominum
3545 1380 3650 1416 na-

2067 1466 2189 1511 tura
2235 1455 2369 1513 dicit
2419 1458 2653 1521 abesse,
2702 1458 2810 1511 imo
2868 1456 3015 1510 illius
3057 1465 3275 1524 captum
3340 1457 3646 1520 excedere,

2068 1549 2210 1617 quod
2237 1547 2491 1601 nimirum
2531 1547 2600 1601 ab
2634 1561 2697 1599 ea
2727 1546 2932 1600 virtute
2994 1546 3242 1601 homines
3278 1545 3393 1599 Deo
3437 1544 3650 1598 similes

2069 1640 2394 1695 efficiantur.
2448 1638 2598 1694 Unde
2635 1637 2829 1693 Cicero
2854 1654 2950 1707 pro
2994 1637 3246 1692 Marcello
3269 1677 3287 1703 ,
3331 1655 3353 1689 ε
3388 1638 3647 1692 Αιιίιιιιιιιι

2068 1733 2310 1797 vincere,
2344 1731 2676 1785 iracundiam
2701 1729 2974 1793 cohibere,
3000 1728 3279 1783 victoriam
3306 1736 3648 1798 temperare,

2072 1823 2443 1878 adversarium
2469 1821 2772 1883 nobilitate,
2795 1819 3033 1890 ingenio,
3052 1821 3251 1875 virtute
3272 1829 3648 1889 praestantem,

2071 1930 2178 1968 non
2210 1913 2368 1968 modo
2419 1911 2682 1967 extollere
2702 1910 2992 1981 iacentem,
3025 1911 3119 1965 sed
3157 1911 3494 1979 amplificare
3530 1910 3649 1976 ejus

2070 2006 2355 2073 pristinam
2381 2004 2727 2073 dignitatem,
2762 2004 2879 2058 hate
2906 2003 2997 2072 qui
3025 2000 3208 2063 iaciat,
3243 2017 3347 2056 non
3383 2016 3486 2071 ego
3522 2017 3649 2057 eum

2071 2111 2196 2150 cum
2221 2094 2448 2150 summis
2474 2093 2608 2148 viris
2643 2108 2921 2162 comparo,
2956 2094 3052 2148 sed
3072 2094 3407 2148 simillimum
3433 2094 3545 2150 Deo
3564 2095 3653 2164 ju-

2069 2188 2219 2252 dico;
2267 2203 2287 2237 s
2316 2194 2370 2240 et
2412 2184 2742 2240 Claudianus
2787 2184 2863 2239 De
2901 2194 3093 2255 quarto
3135 2185 3435 2250 consulatu,

2339 2276 2470 2332 Sola
2503 2275 2637 2331 Deos
2663 2286 2832 2345 wqttat
2865 2278 3139 2331 clementia
3162 2278 3327 2331 nobis.

2140 2368 2259 2423 Col.
2309 2368 2416 2423 512
2466 2368 2506 2422 Β
2556 2368 2610 2423 9.
2676 2367 2746 2422 Ut
2807 2370 3097 2438 graviores.
3151 2370 3321 2423 Antea
3370 2368 3654 2438 legebatur

2070 2459 2250 2514 minus
2271 2469 2416 2528 apte,
2449 2477 2469 2510 ι
2497 2457 2639 2527 quod
2664 2458 2734 2513 ab
2771 2474 2838 2513 eo
2863 2459 3069 2513 videret
3094 2474 3155 2514 se
3201 2468 3356 2513 tanto
3385 2460 3654 2528 graviori-

2073 2552 2176 2607 bus
2204 2549 2549 2604 ‘circumsisti
2595 2548 2902 2604 molestiis:
2943 2567 2963 2601 ι
3021 2557 3080 2603 at
3132 2549 3222 2604 hic
3265 2548 3652 2619 περιίστασθαι

2073 2659 2178 2697 non
2229 2640 2466 2697 obsideri
2520 2646 2713 2707 sonat,
2768 2640 2864 2696 sed
2896 2640 3213 2706 declinare,
3271 2652 3363 2696 aut
3417 2643 3648 2697 evitare.

2074 2734 2242 2788 Paulo
2267 2741 2391 2802 post
2428 2732 2712 2802 expunctis
2731 2730 2974 2801 Vulgata;
2997 2732 3180 2787 verbis
3208 2732 3544 2802 subiecimus
3570 2734 3655 2788 in-

2074 2827 2515 2896 terpretationem
2554 2825 2621 2880 ad
2654 2824 2878 2881 verbum
2915 2840 2982 2880 ex
3023 2823 3313 2882 Basiliensi
3361 2827 3651 2892 editione,

2073 2922 2200 2989 Sap.
2231 2936 2300 2983 vr,
2329 2920 2384 2973 7.

2144 3016 2257 3071 Col.
2294 3015 2398 3071 2l9
2451 3015 2495 3067 Α
2549 3012 2607 3067 2.
2652 3011 2730 3067 0b
2760 3028 2856 3067 .toc
2891 3020 2941 3065 et
2966 3020 3184 3066 statuta.
3218 3012 3532 3065 Annotarat
3573 3011 3654 3065 in-

2074 3118 2289 3176 terpres
2322 3108 2374 3160 in
2424 3105 2689 3174 margine,
2730 3122 2749 3156 ι
2775 3104 3012 3159 Attende
3035 3105 3270 3171 priscum
3295 3117 3506 3157 morem
3550 3103 3653 3157 Ec-

463 3177 578 3232 Col.
622 3177 730 3233 206
766 3177 811 3231 Α
860 3178 914 3233 5.
956 3178 1025 3233 In
1068 3180 1194 3235 caelo
1238 3197 1440 3236 carnes.
1480 3183 1786 3238 Annotarat
1809 3195 1968 3239 antea

2077 3160 2255 3255 clesiae
2294 3217 2307 3253 :
2337 3218 2356 3250 ι
2391 3198 2486 3253 sed
2527 3160 2614 3252 bic
2642 3211 2761 3251 mos
2791 3210 2897 3249 non
2925 3195 3056 3249 satis
3080 3195 3312 3248 dilucide
3335 3204 3453 3248 erat
3481 3194 3652 3264 expli-

396 3268 668 3338 interprcs
699 3270 784 3324 vel
815 3270 954 3325 alius
982 3272 1249 3341 quispiam
1300 3287 1397 3342 pro
1424 3273 1641 3345 οὐρανῷ
1680 3276 1861 3331 forsan
1892 3277 1970 3330 le-

394 3362 625 3429 gemlum
656 3359 822 3432 ζήλῳ,
854 3362 964 3416 zelo
991 3378 1008 3413 :
1038 3364 1132 3418 sed
1170 3378 1276 3420 non
1308 3366 1621 3421 adverterat
1659 3367 1824 3422 verba
1850 3382 1971 3422 esse

392 3451 668 3520 propheta:
694 3450 850 3508 Isaiae
882 3469 1071 3515 xxxrv,
1125 3454 1159 3508 5
1193 3471 1207 3508 :
1250 3455 1579 3525 Ἐμεθύσθη
1602 3457 1642 3525 ἠ
1704 3457 1972 3527 μάχαιρὰ

386 3561 510 3613 μου
534 3546 605 3598 ἐν
636 3544 720 3610 τῷ
740 3545 976 3613 οὐρανῷ
996 3562 1010 3576 ·
1046 3545 1352 3601 Inebriatus
1397 3560 1475 3603 est
1508 3548 1717 3617 gladius
1748 3567 1892 3604 meus
1914 3553 1971 3605 in

395 3637 545 3691 τωιο.
589 3637 746 3705 Apud
782 3635 1107 3706 Procopium
1141 3638 1333 3695 similis
1369 3648 1454 3694 est
1479 3656 1542 3695 ex
1580 3640 1814 3696 Jeremia
1845 3657 1971 3696 sen-

393 3729 583 3792 tentia,
615 3730 946 3797 Ἐμεθύσθη
971 3729 1092 3784 ἀπὸ
1128 3731 1379 3800 αἵματος
1423 3732 1814 3801 τραυματιῶν,
1876 3734 1971 3788 ln-

392 3816 621 3871 ebriatus
650 3830 727 3872 est
752 3821 1006 3889 sanguine
1030 3806 1420 3877 uulneratorum
1436 3839 1455 3877 :
1483 3824 1570 3878 ubi
1586 3840 1707 3893 cap.
1731 3842 1895 3880 xxxiv
1917 3830 1969 3881 in

394 3908 640 3977 margine
670 3912 875 3965 notavit
905 3912 1171 3981 interpres
1195 3952 1210 3978 ,
1244 3928 1370 3967 cum
1410 3915 1477 3968 sit
1507 3914 1760 3970 Jeremize
1806 3932 1930 3971 vat
1953 3958 1969 3980 ,

396 3996 465 4051 10
496 4017 510 4051 :
547 3999 657 4052 Καὶ
687 4002 1086 4072 καταφάγεται
1125 4006 1164 4073 ὴ
1192 4004 1455 4074 μάχαιρα
1483 4008 1588 4060 τοῦ
1619 4008 1840 4077 Κυρίου
1872 4010 1972 4063 καὶ

392 4089 906 4158 ἐμπλησθήσεται,
943 4095 1041 4148 καὶ
1061 4097 1508 4166 μεθυσθήσεται
1533 4098 1650 4153 ἀπὸ
1675 4099 1783 4154 τοῦ
1797 4101 1971 4169 αἷμα-

394 4200 498 4249 τος
523 4184 724 4239 αὐτῶν
743 4202 758 4215 ·
795 4185 866 4239 Ει
893 4189 1159 4241 devorabit
1184 4189 1395 4258 gladius
1428 4189 1664 4257 Domini,
1688 4200 1738 4245 et
1761 4201 1973 4247 satura-

396 4275 557 4340 bitur,
581 4286 628 4329 et
655 4278 1006 4331 inebriabitur
1040 4281 1292 4349 sanguine
1319 4296 1519 4334 eorum.

465 4369 583 4425 Col.
619 4368 723 4425 207
756 4369 799 4423 B
849 4371 935 4426 12.
971 4370 1052 4424 Ad
1087 4370 1426 4439 probabilem.
1462 4371 1533 4427 Ut
1575 4373 1628 4427 in
1662 4382 1783 4430 cote
1815 4389 1974 4430 secu-

395 4476 485 4516 res
508 4472 559 4517 et
594 4462 754 4532 gladii
790 4470 1082 4529 acuuntur,
1148 4462 1228 4518 sic
1255 4463 1466 4518 illorum
1497 4479 1677 4519 sermo
1703 4467 1981 4523 mundana

393 4552 657 4623 sapientia
687 4554 1053 4609 etrbetoricaa
1087 4554 1374 4623 praceptis
1415 4556 1627 4609 acuitur
1657 4572 1671 4609 :
1711 4563 1768 4610 at
1807 4556 1977 4610 inter-

393 4661 524 4715 pres
540 4647 829 4702 verborum
854 4647 1173 4717 trajectione
1193 4646 1339 4701 hunc
1362 4661 1581 4703 sensum
1602 4646 1973 4703 obscuriorem

395 4738 749 4793 reddiderat:
791 4758 810 4790 ι
834 4739 1067 4793 Perinde
1106 4753 1168 4794 ac
1206 4738 1386 4810 gladio
1423 4753 1675 4795 sermone
1719 4742 1973 4810 quopiam

397 4831 669 4899 sapientia
702 4831 962 4885 mundiali
995 4840 1346 4897 exacuentes,
1377 4814 1486 4901 quo
1516 4847 1612 4900 per
1642 4832 1973 4901 probabilem

396 4928 930 4983 verisimilitudinem
960 4927 1199 4983 exitialia
1253 4928 1479 4981 vulnera
1512 4928 1769 4982 inferant.
1820 4947 1839 4979 ι
1871 4928 1974 4981 Βε-

393 5021 537 5074 ctius
563 5033 693 5088 ergo
722 5020 953 5083 scribes,
1003 5038 1022 5072 ι
1059 5017 1286 5089 perinde
1313 5032 1375 5073 ac
1401 5018 1579 5089 gladio
1607 5020 1836 5087 quodam
1860 5034 1975 5073 ser-

396 5126 577 5178 mone,
633 5111 701 5166 ad
750 5111 1019 5166 orationis
1068 5109 1525 5181 probabilitatem,
1563 5112 1834 5164 mundana
1889 5126 1975 5163 sa-

391 5203 597 5273 pientia
641 5204 894 5259 instructi
938 5202 1199 5258 exitialia.
1240 5220 1259 5253 ι
1290 5198 1593 5270 Procopius
1640 5199 1818 5254 dixit:
1851 5200 1973 5254 Τῶν

389 5295 779 5368 ἁπλουστέρων
813 5297 913 5365 τὴν
941 5293 1085 5367 ζωὴν
1119 5294 1534 5366 ἀφαιρούμενοι,
1557 5293 1807 5362 καθάπερ
1833 5292 1972 5362 ξίφει.

391 5389 469 5461 τῷ
497 5388 644 5460 λόγῳ
672 5388 774 5460 τῆς
793 5388 889 5442 τοῦ
923 5389 1128 5459 κόσμου
1153 5389 1366 5458 σοφίας·
1406 5404 1426 5438 ι
1457 5386 1632 5442 Veluti
1656 5385 1836 5456 gladio
1867 5386 1967 5438 hu-

386 5479 478 5549 jus
511 5481 696 5535 mundi
749 5480 1028 5550 sapientia:
1073 5480 1196 5534 fuco
1250 5480 1499 5534 instructi
1553 5477 1974 5546 simplicioribus

393 5575 562 5627 vitam
616 5573 883 5628 adimunt.
919 5591 939 5626 ι
982 5572 1097 5628 Sub
1152 5571 1312 5627 finem
1362 5572 1570 5641 pagina:
1616 5572 1773 5640 pauci
1819 5572 1971 5641 probi

395 5673 433 5715 tu
451 5664 674 5733 apezitze
699 5665 955 5719 dicuntur
972 5664 1126 5736 juxta
1143 5663 1356 5719 Domini
1377 5664 1623 5727 verbum,
1648 5660 1801 5731 cujus
1824 5678 1975 5716 nicu-

398 5756 477 5808 tio
519 5752 969 5810 Constitutionum
1015 5754 1425 5817 apostolicarum
1469 5754 1560 5809 lib.
1607 5769 1665 5822 ιι,
1696 5770 1812 5823 cap.
1858 5754 1969 5809 56·

2074 3297 2262 3354 catus;
2308 3290 2387 3342 sic
2416 3286 2561 3340 etaim
2591 3294 2712 3339 erat
2746 3300 2761 3337 :
2810 3301 2830 3335 ι
2866 3282 2950 3338 0b
2991 3282 3093 3337 huc
3123 3291 3175 3336 et
3206 3282 3360 3351 signa
3401 3283 3653 3349 quaedam

2072 3381 2280 3435 circum
2332 3377 2622 3434 ecclesiam
2654 3384 2989 3440 statuuntur,
3038 3391 3158 3444 qua:
3198 3376 3568 3442 deprehensos
3598 3374 3650 3427 in

2073 3472 2378 3527 interdictis
2397 3470 2635 3541 peccatis
2655 3469 2915 3524 abareent
2936 3468 3180 3538 ingressu
3203 3475 3258 3520 et
3273 3474 3602 3535 segregant:
3623 3482 3649 3518 ι

2073 3565 2227 3633 quasi
2265 3562 2518 3617 nimirum
2561 3570 2744 3616 essent
2776 3557 2978 3629 efﬁgies
3017 3556 3260 3627 quadam
3300 3565 3396 3609 aut
3440 3573 3652 3627 μορμο-

2072 3658 2285 3714 λυκεῖα.
2313 3668 2432 3722 qua:
2455 3651 2575 3706 illos
2604 3651 2885 3720 abigerent
2914 3666 2929 3703 :
2984 3649 3095 3704 imo
3147 3648 3294 3717 ipsas
3323 3647 3654 3702 ecclesiasti-

2071 3763 2167 3804 cas
2213 3731 2792 3800 indicat'sanctiones.
2833 3742 3032 3794 Amant
3075 3743 3219 3795 enim
3273 3740 3373 3793 bac
3404 3754 3540 3792 voce
3575 3738 3651 3792 uti

2078 3840 2180 3893 hac
2207 3837 2428 3890 notione
2456 3833 2689 3888 Basilius
2721 3840 2776 3887 et
2799 3831 2890 3886 alii
2917 3840 3168 3887 auctores
3189 3830 3570 3893 ecclesiastici,
3595 3838 3653 3883 ut

2075 3931 2168 3985 lib.
2208 3928 2286 3983 De
2335 3927 2536 3995 Spiritu
2574 3933 2759 3979 sancto
2810 3939 2930 3993 cap.
2967 3924 3037 3979 29
3070 3942 3083 3977 :
3119 3923 3230 3977 Kal.
3258 3923 3323 3992 δὴ
3368 3921 3465 3975 καὶ
3496 3920 3650 3991 παρὰ

2072 4023 2181 4077 τῶν
2210 4021 2316 4092 πρὸ
2339 4019 2497 4091 ἡμῶν
2524 4016 2908 4089 πρεσϐυτέρων
2931 4016 3101 4069 τύπον
3124 4015 3217 4069 κα)⁸
3235 4012 3436 4068 κανόνα
3463 4029 3633 4083 παρει

2074 4115 2340 4186 ληφότες’
2379 4130 2397 4163 ι
2441 4111 2504 4164 Et
2537 4125 2636 4163 nos
2666 4109 2831 4163 etiam
2868 4107 3037 4161 forma
3082 4104 3373 4175 regulaque
3411 4117 3443 4157 a
3469 4103 3650 4157 senio-

2076 4206 2247 4266 ribus,
2279 4202 2368 4272 qui
2405 4210 2531 4254 ante
2557 4213 2655 4253 nos
2677 4198 2948 4257 vixerunt,
2986 4202 3227 4264 accepta.
3254 4210 3275 4243 ι
3312 4192 3378 4246 Et
3402 4191 3453 4243 in
3482 4190 3647 4258 epist.

2077 4299 2101 4352 1
2136 4315 2153 4352 :
2182 4292 2577 4358 ’Υποδέξασθαι
2609 4293 2675 4362 τῇ
2705 4289 2904 4361 καρδίᾳ
2930 4288 3029 4350 τὰς
3067 4289 3131 4340 ὲκ
3160 4285 3262 4355 τῆς
3311 4284 3462 4347 θείας
3507 4283 3651 4337 διδα-

2078 4389 2307 4452 σκαλίας
2330 4384 2684 4456 ἐγγινομένας
2702 4380 3066 4441 διατυπώσεις
3086 4398 3098 4410 ·
3124 4400 3143 4430 ι
3166 4378 3239 4434 Ut
3259 4388 3440 4447 aptum
3463 4380 3538 4435 sit
3556 4379 3651 4432 ad—

2002 4501 2054 4562 D
2080 4484 2301 4537 mittere
2348 4478 2684 4546 disciplinam
2720 4491 2787 4530 ex
2825 4474 3025 4529 divinis
3075 4474 3439 4528 monumentis
3479 4472 3651 4527 infor-

2079 4578 2305 4624 ntata'm.
2338 4585 2358 4619 ι
2384 4566 2476 4621 Sic
2509 4564 2721 4633 accepit
2746 4564 2848 4618 hoc
2878 4563 2992 4617 loco
3012 4562 3214 4626 τύπους
3234 4562 3502 4631 interpres
3531 4562 3653 4615 Prn-

2075 4659 2213 4727 copii
2242 4673 2362 4727 pag.
2398 4657 2468 4711 '55
2495 4675 2508 4711 :
2544 4655 2636 4707 Διὸ
2659 4654 2753 4707 καὶ¹
2776 4654 2877 4725 τῆς
2920 4652 3246 4724 Ἐκκλησίας
3266 4654 3316 4705 οἱ
3342 4654 3504 4705 τύποι
3528 4655 3652 4718 τοὺς

2074 4749 2499 4823 ἀπηγορευμένα
2527 4745 2979 4818 πλημμελοῦντας
3015 4744 3372 4816 χωρίζουσι-ι·
3414 4765 3432 4795 ι
3469 4746 3652 4815 Itaque

2071 4856 2128 4898 et
2156 4844 2295 4905 illzc,
2337 4841 2534 4910 quibus
2574 4839 2814 4894 Ecclesia
2859 4839 3052 4901 utitur,
3087 4836 3333 4890 formula:
3376 4852 3510 4900 eos,
3560 4840 3652 4906 qui

2078 4935 2243 4989 vetita
2274 4941 2581 4997 patrarunt,
2620 4945 2649 4984 a
2682 4930 2907 5000 reliquis
2936 4936 3215 4998 separant.
3252 4946 3270 4979 ι
3312 4926 3415 4982 Sed
3447 4935 3500 4981 et
3522 4944 3652 4981 con-

2080 5023 2423 5078 stitutionem
2440 5030 2599 5077 sonat
2622 5020 2976 5083 διατύπωσις,
3003 5026 3062 5072 ut
3080 5018 3270 5081 τύπος,
3292 5036 3311 5068 ι
3334 5028 3648 5071 statutum.»

2079 5114 2383 5171 Concilium
2407 5113 2726 5168 Sardicense
2745 5126 2868 5168 can.
2884 5112 2950 5165 i2
2969 5131 2982 5165 :
3003 5108 3279 5174 ’Ἅπαντες
3300 5108 3652 5163 οἱὲπίσκοπα

2078 5203 2260 5262 εἷπον·
2287 5205 2536 5277 Ἀρέσκει
2583 5205 2677 5258 καὶ
2709 5203 2915 5274 αὖτηή
2963 5203 3324 5266 διατύπωσιςο
3382 5220 3403 5253 α
3456 5201 3657 5277 (hunc;

2080 5297 2319 5367 episcopi
2345 5296 2637 5349 dixerunt:
2680 5295 2857 5349 Placet
2884 5297 2998 5349 lucc
3025 5308 3243 5364 quoque
3265 5293 3601 5348 constitutio.
3628 5310 3646 5345 ι

2076 5388 2325 5453 Basilius,
2347 5385 2543 5455 Regula
2562 5388 2631 5441 47
2665 5388 2835 5455 fusius
2871 5389 3067 5457 disput.
3094 5385 3231 5458 Περὶ
3259 5386 3368 5440 τῶν
3400 5385 3477 5456 μὴ
3502 5386 3653 5456 δεχο-

2082 5481 2265 5553 μένων
2300 5480 2370 5533 τὰ
2403 5478 2556 5552 παρὰ
2587 5479 2681 5533 τοῦ
2723 5479 3063 5551 προεστῶτος
3081 5478 3417 5548 τυπούμενα.
3448 5477 3552 5530 Τὸν
3596 5475 3652 5530 δὲ

2083 5572 2157 5642 μὴ
2212 5569 2642 5640 καταδεχόμενον
2679 5570 2746 5624 τὰ
2778 5568 2929 5639 παρὰ
2952 5569 3045 5622 τοῦ
3088 5567 3429 5639 προεστῶτος
3475 5566 3653 5620 διατε-

2080 5661 2357 5733 ταγμένα’
2396 5661 2474 5716 sic
2504 5661 2654 5715 enim
2688 5675 2891 5716 censeo
2920 5662 3298 5731 corrigendum
3334 5673 3432 5726 pro
3464 5656 3653 5710 διαπε-

2084 5752 2415 5825 πραγμένα·
2488 5769 2507 5804 ι
2537 5750 2614 5807 De
2660 5751 2777 5819 bis,
2815 5752 2905 5823 qui
2956 5749 3144 5807 nolunt
3178 5747 3465 5805 admittere
3488 5785 3507 5813 ,
3536 5761 3654 5817 qua
