3816 6210
198 256 377 318 1081

1420 269 1511 323 AD
1545 268 1902 327 COMMENT.
1943 273 2008 328 IN
2047 272 2303 330 lSAlAM.

3364 286 3501 343 i082

202 388 336 441 per
365 373 668 430 antistitem
697 377 1010 448 pratscripta
1048 389 1198 436 sunt.
1236 381 1429 436 Verum
1463 385 1527 447 is,
1562 387 1654 454 qui
1689 388 1816 440 ttulit
1847 396 1894 450 Α
1922 391 2089 446 Vetus
2119 393 2528 448 Testamentum
2555 394 2606 448 in
2645 395 2889 451 Graecam
2921 395 3158 469 linguam
3181 414 3244 455 ex
3278 399 3500 458 Hebrzeo

203 466 558 532 :.dmittere,
581 483 702 537 quae
728 471 957 526 antistes
982 474 1314 542 perﬁciunda
1334 478 1575 545 jusserit.
1617 500 1636 532 ι
1670 482 1817 536 Con-
1920 485 2223 545 convertit,
2257 486 2430 556 κῆπον
2462 485 2657 542 Latine
2702 488 2935 549 reddidit
2969 466 3194 547 Genesis
3236 509 3296 557 ιι,
3327 493 3379 555 8,
3409 498 3497 548 nbi

200 558 327 609 cit.
351 556 701 625 Ephesiuum,
728 575 850 616 can.
880 563 904 615 l
937 581 951 617 :
992 563 1190 635 Ἐχρῆν
1218 566 1291 638 μὴ
1318 569 1663 639 ἁγνοῆσαιτὰ
1692 575 1797 645 περ

1919 574 2085 642 LXX,
2110 577 2458 648 παράδεισον,
2494 581 2824 645 paradisum.
2870 580 2982 636 lmo
3010 582 3106 651 ipsi
3142 556 3303 638 etiam
3330 584 3495 649 LXX,

200 647 418 702 αὐτῶν
442 652 841 723 τετυπωμένα,ο
879 673 897 704 ι
938 652 1232 724 Oportebat
1258 675 1362 741 non
1392 662 1661 731 ignorare.
1697 682 1797 735 qna

1917 666 2319 723 Deuteronomii
2364 687 2440 734 χι,
2482 671 2574 738 10,
2616 672 2857 725 eamdem
2902 687 3087 727 vocem
3118 674 3293 744 κῆπον
3322 686 3497 731 verte-

202 741 300 795 de
328 741 465 812 ipsis
497 752 626 797 sunt
649 748 966 800 constituta.
1013 766 1032 798 ι
1074 748 1148 803 lta
1187 755 1387 819 passim
1430 756 1484 808 in
1519 760 1797 819 canonibu:

1918 767 2043 812 runt
2067 777 2081 812 :
2111 760 2220 813 Kal
2246 760 2523 822 ποτίζὶυσι
2552 761 2676 828 τοῖς
2700 762 2886 816 ποσὶν
2910 763 3055 818 ὡσεὶ
3082 741 3281 834 κῆπον
3309 770 3499 835 laxa-

205 834 614 900 apostolorum
673 843 729 891 et
764 839 1117 894 conciliorum
1147 843 1416 915 Ancyrani
1442 886 1458 909 ,
1501 847 1810 915 Laodiceni,

204 923 577 995 Gangrensis
608 927 865 983 dicuntur
893 931 1161 999 adulteri,
1204 937 1494 1006 sacrilegi,
1527 948 1583 992 et
1612 942 1701 995 a!ii
1732 944 1814 995 iti-

205 1016 413 1069 versis
441 1017 769 1075 criminibus
797 1021 1039 1089 obnoxii,
1066 1024 1441 1098 ἀφορίζεσθαι,
1472 1030 1808 1100 κωλύεσθαι,

206 1104 487 1177 ἀνάθεμα
508 1108 778 1176 γίνεσθαι,
806 1111 891 1166 vel
920 1114 992 1182 ad
1017 1114 1264 1171 diversos
1305 1119 1682 1186 pmniteutium
1721 1138 1807 1176 (ιι-⁴

209 1200 389 1256 dines
415 1205 718 1259 amaudari.

299 1294 425 1350 Col.
471 1296 580 1352 2l9
618 1296 663 1352 C
702 1297 785 1352 10.
822 1297 929 1354 Sed
964 1304 1336 1374 unusquisque.
1368 1304 1521 1371 Apud
1561 1305 1700 1360 LXX
1733 1307 1809 1361 le-

206 1385 412 1456 gimus
443 1387 694 1443 iudicum
726 1405 841 1444 xm
865 1430 880 1457 ,
913 1391 970 1454 6,
997 1399 1052 1445 et
1082 1409 1171 1447 tm
1198 1432 1215 1457 ,
1243 1395 1359 1453 24.:
1388 1398 1511 1450 Οὐκ
1525 1394 1803 1468 ﬁcu-ﬂam-

206 1480 378 1546 λεὺς
394 1480 467 1533 ἐν
479 1479 751 1548 Ἰσραὴλ,
770 1481 926 1550 ἀνὴρ
938 1482 1003 1536 τὸ
1012 1484 1186 1551 εὐθὲς
1201 1486 1272 1539 ἐν
1282 1488 1608 1557 ὀφθαλμοῖς
1620 1490 1810 1545 αὑτοῦ

207 1571 419 1626 ἐποίει
438 1585 453 1603 ο
486 1570 610 1626 Non
630 1581 742 1625 erat
777 1588 868 1627 rex
902 1574 956 1628 in
982 1572 1153 1629 Israel
1179 1592 1198 1630 :
1228 1578 1307 1630 vir
1331 1589 1527 1632 rectum
1563 1582 1620 1634 in
1641 1583 1806 1635 oculis

207 1662 340 1716 suis
376 1662 627 1730 faciebat.
671 1661 977 1732 Utrobique
1004 1675 1089 1721 est
1129 1666 1182 1720 in
1234 1667 1478 1738 Vulgata,
1511 1668 1612 1724 Sed
1640 1688 1805 1725 unus-

1913 847 2098 914 relac'
2138 849 2207 903 Et
2258 852 2531 921 irrigarint
2571 850 2786 920 pedibus
2839 854 2973 907 sicut
3029 856 3234 908 hortum
3271 855 3492 910 olerum.

1911 937 2028 995 Illic
2070 943 2214 995 enim
2244 943 2467 1007 ,dicitnr
2506 952 2701 999 terram
2748 947 3123 1013 promissionis
3166 948 3321 1017 longe
3365 952 3496 1002 ube-

1914 1032 2111 1086 riorem
2138 1047 2259 1088 esse
2298 1033 2542 1105 lEgypto,
2563 1050 2683 1105 qua:
2704 1037 3149 1111 διαϐαλλομένη,ι
3194 1040 3317 1093 dum
3354 1042 3496 1094 vim--

1912 1133 2181 1191 peratur,»
2204 1124 2402 1179 dicitur
2419 1141 2537 1181 esse
2558 1127 2709 1195 quasi
2738 1128 2928 1183 hortus
2943 1129 3172 1194 olerum,
3188 1129 3331 1198 quod
3361 1132 3495 1197 pede

1909 1213 2134 1281 rigetur,
2162 1215 2276 1268 sive
2317 1214 2502 1270 labore
2547 1216 2824 1271 hominum
2852 1227 2908 1271 et
2949 1217 3205 1281 fossione,
3242 1219 3494 1277 videlicet

1908 1314 1974 1354 ex
1997 1300 2122 1356 Nilo
2151 1318 2320 1371 aquas
2343 1305 2661 1359 deducendo
2691 1320 2786 1373 per
2807 1307 2986 1361 sulcos
3013 1317 3069 1362 et
3093 1306 3265 1362 fossas
3305 1327 3318 1362 :
3357 1318 3411 1361 at
3439 1309 3491 1362 in

1910 1398 2068 1447 terna
2100 1392 2362 1448 Chanaan
2390 1395 2504 1464 agri
2534 1395 2650 1450 sine
2692 1395 2879 1451 labore
2916 1412 2982 1451 ex
3014 1398 3154 1452 cmlo
3193 1399 3371 1466 pluvia
3420 1399 3494 1452 ri-

1909 1491 2124 1547 gentur,
2157 1498 2323 1551 quam
2379 1498 2486 1537 non
2531 1483 2696 1538 habet
2753 1483 3036 1556 IEgypms.
3086 1485 3250 1539 Paulo
3275 1498 3394 1555 post
3416 1487 3493 1551 ὡς

1913 1570 2051 1642 πρὸς
2101 1571 2161 1624 τὸ
2195 1573 2357 1643 ῥητόν
2392 1588 2607 1628 versum
2645 1574 2842 1637 fuerat,
2899 1594 2917 1626 ι
2968 1574 3120 1642 Quod
3178 1579 3372 1631 attinet
3425 1580 3491 1632 ad

1910 1660 2051 1714 hanc
2084 1663 2429 1727 sententiam,
2465 1682 2483 1714 ι
2525 1678 2642 1725 nos,
2678 1679 2898 1718 sensum
2928 1664 3241 1731 litteralem,
3274 1667 3386 1721 sive
3410 1667 3494 1720 bi-

210 1754 471 1822 quisque,
520 1754 664 1823 quod
689 1754 790 1806 sibi
828 1764 1028 1808 rectum
1081 1757 1372 1826 videbatur,
1415 1760 1513 1814 Ιιοε
1554 1762 1800 1830 faciebat
1838 1750 1879 1803 Β
1909 1752 2167 1806 storicum
2199 1753 2427 1806 indicari
2471 1755 2804 1821 censuimus,
2846 1755 2935 1809 cui
2978 1757 3268 1827 opponitur
3298 1758 3493 1814 deinde

214 1844 539 1912 Scripserat
578 1842 817 1897 Tilman.
851 1845 991 1913 quod
1024 1845 1258 1914 placebat
1313 1850 1479 1903 oculis
1517 1852 1649 1913 suis,
1686 1867 1807 1921 quae

214 1937 432 1990 locutio
459 1935 742 1991 familiaris
772 1938 936 1991 etiam
974 1938 1288 2005 Scriptum,
1322 1949 1381 1995 ut
1417 1942 1611 1998 Esther
1638 1960 1712 2009 ιι,
1744 1946 1802 2012 4,

210 2043 343 2099 qua:
384 2028 550 2081 oculis
582 2031 718 2098 regis
739 2030 1017 2096 placuerit.
1057 2031 1125 2086 Et
1164 2031 1184 2086 ι
1212 2032 1344 2102 Reg.
1379 2049 1449 2088 xx
1469 2074 1485 2096 ,
1513 2036 1548 2089 ’5
1568 2077 1583 2099 ,
1621 2036 1803 2090 Inveni

210 2121 452 2189 gratiam
480 2121 535 2174 in
573 2122 743 2175 oculis
772 2123 901 2175 tuis.
934 2122 1070 2178 Nam
1102 2124 1360 2193 quoniam
1396 2125 1612 2182 habitus
1636 2128 1801 2180 animi

210 2209 403 2263 oculis
426 2210 662 2263 maxime
693 2224 754 2264 se
778 2211 990 2278 prodit,
1029 2212 1231 2268 idcirco
1286 2228 1387 2283 pro
1413 2215 1630 2280 all'ectu,
1677 2231 1804 2270 sen-

212 2301 422 2364 tentia,
451 2301 754 2367 veljudicio
782 2303 981 2357 mentis
1016 2304 1271 2369 sumitur,
1301 2315 1362 2360 ut
1391 2306 1682 2361 Deuteron.
1706 2322 1797 2373 xv,

211 2392 293 2444 9:
327 2389 415 2445 Ne
452 2390 769 2460 malignetur
800 2392 984 2446 oculus
1014 2403 1138 2447 tuus
1182 2404 1364 2449 contra
1382 2396 1601 2464 fratrem
1632 2410 1800 2466 tuum,

212 2482 329 2538 hoc
356 2490 476 2544 est,
528 2497 597 2538 ne
628 2483 840 2537 invidus
889 2485 966 2539 sis
1011 2493 1106 2539 aut
1134 2485 1558 2555 immisericors;
1593 2491 1631 2543 ll
1663 2492 1800 2561 Reg.

213 2589 279 2633 ι.
317 2573 355 2626 5
393 2571 562 2627 :Non
608 2574 829 2628 honorat
874 2574 1042 2629 David
1086 2586 1288 2644 patrem
1318 2586 1467 2632 tuum
1521 2581 1575 2634 in
1629 2586 1798 2639 oculis

214 2668 351 2732 tuis,
382 2666 487 2721 hoc
517 2675 621 2730 est,
649 2675 737 2722 tua
788 2667 1057 2723 sententia
1094 2667 1175 2722 vel
1196 2668 1490 2739 opinione?
1525 2672 1621 2726 Ar.
1650 2672 1802 2728 Mon-

213 2769 386 2814 tanus
415 2760 469 2812 in
500 2757 817 2817 Idiotismis.

288 2850 405 2905 Col.
423 2849 584 2906 ιὶ2513
601 2852 653 2908 7.
678 2852 862 2917 Quine
895 2852 961 2906 ab
987 2851 1159 2910 initio.
1200 2853 1433 2926 Ἀνομοι
1461 2855 1799 2925 appellantur

210 2944 324 2998 hoc
374 2943 491 2997 loco
530 2942 606 2997 illi
665 2944 756 3013 qui
803 2944 906 3014 legi
953 2944 1181 3012 subjecti
1219 2961 1326 3000 non
1355 2946 1592 3010 fuerunt,
1614 2957 1671 2999 ut
1694 2946 1800 3000 llo-

216 3050 370 3088 man.
402 3050 480 3098 ιιι,
500 3033 570 3087 2:
602 3036 730 3101 Τοῖς
745 3036 991 3105 ἀνόμοις
1013 3037 1095 3103 ὠς
1111 3037 1353 3107 ἄνομος,
1383 3040 1521 3094 ἀλλ’
1543 3040 1799 3109 ἔννομος

212 3125 491 3195 Χριστῷ·
527 3127 607 3180 lis
637 3129 727 3198 qui
754 3128 870 3181 sine
895 3128 1004 3198 lege
1039 3139 1220 3194 erant,
1265 3140 1516 3200 tanquam
1545 3134 1658 3186 sine
1685 3133 1796 3201 lege

211 3236 405 3284 essem,
460 3236 577 3273 cum
621 3221 676 3273 in
715 3222 827 3290 lege
869 3236 1034 3274 essem
1067 3218 1300 3286 Christi;
1357 3221 1454 3276 sed
1493 3221 1660 3284 illud,
1702 3224 1802 3294 τὴν

213 3308 433 3377 ἀρχὴν,
461 3309 602 3375 quod
641 3308 885 3363 adverbii
918 3308 1092 3363 vicem
1130 3310 1386 3379 supplet,
1429 3328 1537 3367 non
1569 3314 1804 3368 advertit

215 3401 490 3467 inti-rpres
518 3402 656 3455 idem
676 3400 857 3454 valere
900 3404 1047 3470 quod
1090 3401 1186 3454 ἀπ’
1231 3404 1444 3474 ἀρχῆς,
1482 3411 1540 3458 nt
1577 3402 1801 3460 Joannis

222 3508 339 3555 vttt,
363 3491 479 3545 9.5:
519 3491 630 3562 Τὴν
667 3492 845 3563 ἀρχὴν
879 3493 962 3545 ὅτι
1003 3494 1098 3546 καὶ
1127 3493 1273 3547 λαλῶ
1308 3496 1455 3564 ὑμῖν
1494 3512 1515 3546 t
1551 3495 1705 3562 Quod
1732 3499 1800 3551 ab

216 3586 376 3639 initio
397 3585 519 3638 dico
545 3585 720 3639 vobis.
765 3602 785 3635 ι
823 3584 1133 3652 Scripserat
1167 3601 1299 3652 ergo
1341 3585 1602 3652 Tilman.,
1652 3605 1671 3639 ι
1706 3596 1802 3642 aut

216 3687 388 3741 certe,
425 3677 514 3745 qui
556 3690 623 3729 ne
669 3676 990 3746 principium
1019 3679 1233 3746 quidem
1275 3678 1520 3748 aggressi
1558 3688 1706 3745 sunt,
1743 3690 1802 3733 ut

215 3784 384 3836 opere
406 3767 674 3835 expleant.
720 3786 741 3821 ι
777 3767 987 3824 Rursus
1034 3770 1174 3823 infra
1214 3785 1311 3838 pro
1339 3770 1797 3843 ἐνεργηθήσεται,

218 3863 609 3929 interpretatus
648 3869 731 3915 est
775 3861 930 3929 quasi
982 3861 1203 3929 legisset
1259 3863 1795 3935 εὐεργετηθήσεται,ο

223 3971 243 4004 ι
274 3951 441 4018 Quasi
473 3965 604 4005 vero
631 3951 1007 4023 derelinquere
1031 3955 1315 4007 Dominum
1348 3969 1455 4008 non
1484 3957 1711 4023 posthac
1728 3958 1797 4011 sit

215 4054 499 4114 peccatum
525 4082 540 4107 ,
583 4051 644 4098 ut
676 4045 863 4115 etiam
915 4045 1175 4100 beneficio
1212 4045 1498 4100 aﬂiciatnr.
1537 4067 1558 4100 ι
1598 4046 1798 4103 Omnes

217 4148 400 4191 tamen
423 4134 637 4190 codices
663 4150 799 4190 mss.
817 4152 928 4206 pra:
945 4153 1002 4191 se
1022 4137 1201 4190 ferunt
1218 4152 1475 4193 excusant
1487 4138 1794 4203 lectionem,

211 4238 270 4282 et
292 4228 394 4280 οὐκ
418 4226 761 4299 ἐνεργεῖσθαι
795 4238 973 4296 postea
992 4229 1216 4298 exponit
1243 4230 1469 4285 Basilius
1493 4232 1624 4295 τοὺς
1648 4234 1797 4303 ἐνερ-

211 4319 450 4389 γοῦντας
499 4318 827 4372 κωλύεσθαι.
882 4322 952 4372 At
1002 4320 1454 4390 Clrrysostomus,
1502 4338 1622 4391 pag.
1656 4323 1792 4387 661,

1911 1842 2037 1906 νοῦς
2058 1842 2268 1913 ἠθικός,
2304 1845 2416 1897 sive
2450 1861 2642 1901 sensus
2672 1847 3051 1923 trepnlogicns.

1978 1935 2096 1990 Col.
2132 1936 2240 1990 250
2281 1937 2320 1990 C
2362 1936 2415 1989 2.
2451 1935 2716 1991 Scintilla.
2757 1940 3375 2011 Annotaratinterpres,
3393 1957 3491 2011 pro

1909 2026 2145 2098 σπινθὴρ
2175 2026 2418 2091 δικαίων,
2450 2029 2592 2097 quod
2634 2030 2891 2098 scriptum
2920 2041 3003 2084 est
3040 2031 3297 2085 exhibent
3323 2031 3382 2085 F.
3421 2032 3486 2087 ll.

1905 2117 1972 2182 l.,
2006 2119 2286 2188 legendum
2316 2117 2551 2192 σπινθὴρ
2587 2120 2778 2191 πυρός,
2808 2138 2827 2171 t
2864 2121 3021 2190 ignis.
3056 2140 3074 2173 ι
3112 2120 3182 2175 At
3204 2122 3381 2176 verior
3404 2131 3489 2178 est

1903 2213 1970 2265 Α.
2009 2211 2190 2275 lectio,
2220 2210 2467 2274 δικαίως,
2509 2229 2527 2262 ι
2563 2213 2788 2278 merito,
2825 2231 2844 2265 ι
2884 2215 3234 2283 quamobrem
3279 2230 3489 2284 expnnc

1905 2303 2082 2357 ximus
2139 2316 2328 2357 vocem
2370 2320 2389 2353 ι
2437 2301 2732 2370 iustorum,
2760 2319 2783 2353 ν
2825 2311 2880 2356 et
2932 2302 3189 2374 ἐλέγχους
3228 2304 3488 2358 vertimus

1909 2414 1929 2448 ι
1964 2394 2366 2459 accusationes,
2411 2412 2430 2444 ι
2480 2394 2660 2463 potius
2708 2409 2871 2465 quam
2910 2413 2929 2446 ι
2984 2407 3325 2465 argumenta.
3367 2414 3386 2448 ι
3428 2393 3485 2450 In

1904 2489 2114 2543 duobus
2150 2503 2280 2543 mss.
2323 2487 2391 2544 ll.
2427 2496 2483 2544 et
2510 2487 2552 2542 Ι.
2594 2486 2999 2558 ὲμπυρσεύεται
3035 2489 3358 2558 reperimus,
3389 2504 3487 2561 pro

1901 2579 2292 2651 ὲμπυρεύεται.

1970 2670 2107 2726 lbid.
2135 2671 2176 2724 Ι)
2197 2672 2252 2725 2.
2296 2670 2417 2725 Una
2443 2670 2674 2740 quidem.
2700 2669 3059 2727 Restituimus
3084 2671 3486 2740 interpretatio-

1902 2777 2026 2818 nem
2056 2761 2215 2830 hujus
2246 2763 2480 2833 periodi,
2511 2777 2633 2817 cum
2660 2776 2853 2816 omnes
2883 2762 3098 2816 codices
3126 2762 3177 2814 in
3217 2770 3484 2831 receptam

1901 2856 2187 2911 lectionem
2216 2855 2616 2922 consentirent,
2647 2854 2841 2908 deletis
2872 2854 3000 2917 illis,
3043 2872 3062 2903 ι
3095 2853 3229 2919 Quia
3260 2855 3342 2907 vis
3374 2855 3488 2909 haec

1903 2947 2090 3003 ellicax
2116 2963 2145 3001 a
2174 2948 2282 3001 Deo
2306 2946 2587 3001 confertur
2614 2946 2838 2999 sanctis.
2876 2964 2895 2997 ι
2953 2944 3249 2998 Continuat
3296 2960 3485 2999 cmen-

1905 3040 2173 3094 dationem
2202 3038 2447 3106 Procopii
2472 3037 2760 3104 interpres,
2791 3051 2912 3106 pag.
2936 3034 3006 3089 40
3043 3056 3056 3090 :
3085 3053 3103 3086 ι
3126 3033 3241 3090 Una
3269 3036 3483 3105 quidem

1903 3139 1987 3186 est
2018 3130 2252 3199 Spiritus
2279 3129 2477 3200 gratia,
2506 3130 2760 3183 virtutem
2805 3142 2835 3181 a
2881 3128 2989 3182 Deo
3025 3127 3227 3182 sanctis
3257 3128 3389 3182 viris
3415 3128 3484 3182 ad

1903 3231 2092 3273 eorum
2127 3231 2247 3284 quae
2292 3216 2613 3284 ignorantur
2645 3215 3009 3284 cognitionem
3057 3231 3155 3286 per
3200 3215 3486 3272 revelatio—
3585 3272 3588 3276 ,

1904 3325 2025 3365 nem
2053 3308 2350 3376 cordisque
2382 3307 2794 3362 illustrationem
2827 3316 3110 3375 praestans.
3146 3328 3169 3360 ›

1971 3401 2085 3456 Col.
2107 3400 2206 3453 2'51
2230 3398 2270 3452 C
2294 3398 2347 3451 9..
2371 3396 2723 3467 Quapropter.
2741 3396 2979 3452 Mutilam
2999 3399 3216 3453 exhibet
3232 3400 3368 3454 hanc
3390 3414 3485 3469 pe-

1903 3492 2112 3547 riodum
2150 3489 2355 3560 Regius
2411 3489 2582 3544 codex
2615 3488 2677 3544 F.
2736 3490 3030 3558 Propterea
3064 3491 3356 3559 interpres,
3389 3491 3483 3559 qui

1900 3599 1967 3639 eo
1994 3585 2267 3648 utebatur,
2297 3584 2565 3651 integram
2606 3580 2755 3634 illam
2806 3593 3203 3650 repraesentare
3241 3597 3345 3634 non
3383 3596 3482 3649 po-

1903 3672 2022 3725 tuit.
2045 3671 2144 3725 Διὰ
2168 3672 2235 3724 ἐκ
2261 3668 2552 3742 προσώπου
2585 3669 2679 3723 τοῦ
2713 3670 2919 3740 Κυρίου
2959 3668 3355 3741 διαλεγομένοις
3396 3670 3489 3725 αὑ-

1898 3765 2032 3827 τοῖς,
2056 3763 2132 3826 ὼς
2155 3762 2305 3832 δηλοῖ
2334 3778 2349 3792 ·
2379 3771 2436 3815 at
2465 3761 2662 3831 Regius
2696 3760 2832 3815 alter
2867 3762 2936 3815 Η.
2973 3772 3026 3815 et
3058 3762 3095 3816 I.
3121 3761 3491 3831 sull‘ragantur

1900 3854 2139 3923 Anglicis
2164 3891 2181 3916 ,
2214 3854 2271 3907 in
2325 3852 2522 3922 quibus
2568 3862 2746 3907 tamen
2786 3853 3165 3922 corrigendum
3192 3853 3318 3907 illud
3352 3853 3485 3926 μέλ-

1850 3990 1857 3995 .
1905 3944 2039 4009 λειν,
2094 3953 2148 3996 et
2196 3944 2540 3998 scribendum
2592 3943 2810 4015 μέλειν,
2845 3954 2903 3999 ιιι
2937 3946 3251 4017 scripsimus
3298 3948 3423 4003 alibi
3465 3965 3483 4001 ε

1898 4036 1988 4106 Μὴ
2021 4034 2204 4106 μέλειν
2231 4035 2380 4106 αὐτῷ
2404 4034 2513 4088 τῶν
2540 4033 2859 4105 γινομένωνο
2884 4054 2905 4088 ο
2931 4036 3039 4090 Aut
3078 4053 3186 4091 non
3231 4052 3353 4091 eum
3384 4054 3483 4092 cu-

1900 4141 2040 4187 rare,
2077 4140 2196 4194 quae
2224 4134 2522 4194 geruntur;
2558 4146 2577 4180 ι
2616 4129 2707 4183 hic
2746 4141 2960 4198 quoque
2999 4130 3319 4181 vertendum
3352 4137 3477 4185 est:

1902 4234 1922 4267 ι
1953 4215 2086 4269 Nam
2112 4214 2366 4284 quoniam
2397 4216 2565 4272 Deum
2600 4232 2706 4272 non
2735 4232 2929 4273 curare
2966 4218 3370 4272 arbitrabantur
3392 4234 3479 4273 res

1899 4309 2183 4374 humanas,
2219 4323 2313 4362 eos
2373 4311 2819 4378 subsannabant,
2851 4310 2943 4379 qui
2992 4326 3060 4364 ex
3114 4326 3340 4378 persona
3386 4312 3479 4365 Dei

214 4411 380 4465 aliter
425 4410 695 4478 explicat,
750 4409 1286 4481 συντελεσθήσονται.
1337 4413 1403 4465 Ui.
1447 4413 1505 4466 δὲ
1539 4415 1790 4479 ἀσεϐεῖς,

1914 4400 2040 4467 ιριιιι
2064 4415 2159 4454 eos
2184 4400 2670 4467 concionabantur,
2702 4402 2844 4457 sicut
2874 4399 3141 4456 Jeremias
3169 4402 3368 4456 indicat
3396 4402 3481 4457 (lio

220 4502 411 4570 φησὶν,
461 4500 811 4555 ἀπολοῦνται.
868 4519 888 4552 ι
924 4500 1078 4572 lmpii
1137 4517 1296 4569 vero,
1340 4504 1547 4574 inquit,
1595 4508 1801 4576 disper-

214 4594 392 4646 ihunt.
418 4611 438 4643 ι
474 4592 585 4645 Sub
607 4590 766 4646 linem
803 4591 1033 4660 paginae,
1064 4592 1112 4644 ei
1147 4591 1255 4663 γὰρ
1286 4593 1320 4662 ὴ
1359 4592 1578 4659 ἅλωσις,
1610 4609 1797 4649 emen-

213 4685 453 4742 dandum
490 4699 554 4737 ex
586 4681 649 4737 H.
687 4692 743 4737 et
776 4681 821 4737 l.‘
842 4684 876 4753 ἡ
902 4683 1194 4749 ἁνάλωσις,
1228 4686 1426 4754 reiecta
1463 4685 1699 4743 lectione
1725 4690 1793 4744 A.

213 4786 275 4833 et
343 4777 428 4839 F.,
482 4791 644 4842 quam
715 4786 933 4831 secutus
988 4775 1307 4832 Tilmannus
1365 4778 1689 4846 scripserat,
1738 4778 1798 4834 Si

215 4872 356 4927 enim
392 4870 689 4938 captivitas.

288 4962 407 5017 Col.
448 4960 553 5014 227
587 4962 630 5015 Α
676 4961 731 5016 l.
769 4959 927 5019 Hanc
967 4962 1126 5016 horti.
1172 4964 1563 5035 Ἐπαμφότερα
1603 4963 1799 5018 alicubi

218 5050 450 5121 reperiri
488 5065 585 5120 pro
621 5052 708 5104 ἐπ’
741 5050 1027 5123 ἀμφότερα
1059 5053 1217 5107 docet
1246 5064 1436 5108 auctor
1466 5054 1639 5109 (ἕνωεὶ
1664 5055 1798 5108 Tlte-

217 5142 389 5206 sauri,
423 5142 508 5195 cui
545 5141 665 5196 loco
694 5145 895 5210 poterit
923 5150 1023 5199 hoc
1060 5145 1366 5225 exemplum
1401 5147 1581 5218 adiici,
1606 5147 1799 5201 suffra-

220 5233 474 5303 gantibus
500 5232 567 5288 F.
602 5242 657 5287 et
685 5233 752 5288 A.
782 5250 938 5299 mss.,
982 5236 1081 5291 nisi
1112 5238 1330 5292 obstent
1381 5239 1473 5292 alii
1509 5238 1617 5294 duo
1641 5239 1706 5296 ll.
1746 5250 1801 5296 et

218 5322 262 5377 Ι.
299 5322 390 5391 qui
416 5323 504 5375 ἐπ’
547 5324 834 5396 ἀμφότερα
876 5327 1139 5395 scriptum
1177 5328 1456 5383 exhibent.
1505 5328 1617 5385 Hoc
1670 5344 1799 5401 ergo

220 5414 339 5467 vult
370 5415 622 5481 Basilius,
653 5417 703 5470 in
739 5417 941 5472 bonam
986 5434 1372 5487 nonnunquam
1396 5431 1628 5490 partem,
1660 5438 1798 5476 non-

223 5518 498 5571 nunquam
530 5504 585 5558 in
633 5506 834 5559 malam
883 5506 1055 5576 accipi
1111 5508 1164 5562 in
1216 5508 1497 5578 Scriptura
1526 5525 1714 5564 vocem
1738 5519 1790 5598 ’μ

223 5607 386 5661 quam
416 5594 609 5663 Aquila
633 5594 913 5664 Ponticus,
940 5600 1030 5668 qui
1057 5598 1158 5654 sub
1202 5600 1443 5655 Adriano
1471 5594 1798 5671 imperatore

224 5683 367 5741 circa
411 5701 612 5743 annum
655 5688 857 5745 Christi
903 5688 1009 5745 125
1054 5699 1177 5761 post
1208 5689 1557 5763 Septuaginta
1590 5693 1799 5763 primus

1898 4507 2067 4548 cens:
2102 4492 2235 4546 Tota
2283 4494 2371 4552 die
2405 4495 2731 4556 perseveravi
2776 4493 3154 4549 subsannatus.
3199 4510 3218 4544 ι
3252 4490 3478 4561 Vulgata

1897 4579 2090 4635 Latina
2116 4581 2319 4636 Jerem.
2350 4597 2444 4648 xx,
2475 4583 2544 4635 7:
2579 4580 2779 4636 Factus
2818 4598 2937 4636 sum
2983 4583 3039 4634 in
3089 4582 3320 4636 derisum
3365 4591 3477 4637 tota

1897 4673 2003 4736 die,
2038 4689 2216 4726 omnes
2237 4676 2563 4727 subsanuaut
2587 4689 2689 4730 me.

1966 4776 2084 4831 Col.
2117 4777 2222 4833 234
2255 4778 2296 4832 Β
2330 4778 2418 4833 10.
2454 4777 2629 4846 Supra
2678 4778 3103 4847 fundamentum.
3151 4776 3358 4833 Vitiosa
3401 4779 3481 4834 le-

1897 4869 2007 4922 ctio
2034 4884 2136 4923 ms.
2165 4867 2228 4923 F.
2270 4868 2533 4938 imposuit
2562 4868 2868 4937 interpreti,
2899 4883 3062 4937 quam
3094 4879 3148 4923 et
3190 4884 3369 4938 operae
3398 4879 3482 4943 ty-

1897 4958 2239 5027 pographicae
2270 4958 2529 5028 amplexae
2566 4968 2712 5024 sunt,
2743 4959 2870 5013 dum
2905 4959 3184 5029 eleganter
3207 4961 3472 5028 scriptum

1896 5050 2139 5103 codicem
2171 5050 2395 5119 Regium
2447 5065 2607 5120 quam
2648 5051 3027 5120 .apographum
3068 5050 3349 5120 Anglicum
3387 5067 3483 5105 va-

1898 5139 1994 5193 riis
2042 5140 2360 5197 lectionibus
2405 5152 2689 5197 oneratum
2716 5141 2871 5211 sequi
2929 5142 3185 5197 malunt:
3221 5150 3277 5195 at
3325 5143 3377 5195 in
3418 5158 3483 5195 eo

1896 5230 2040 5284 sicut
2068 5241 2123 5285 et
2153 5233 2205 5285 in
2254 5232 2320 5287 ll.
2354 5231 2393 5286 l.
2428 5233 2689 5299 scriptum
2711 5232 2972 5299 offendes,
2996 5233 3095 5286 ἐπὶ
3120 5232 3201 5298 τῷ
3224 5234 3482 5302 θεμελίῳ

1902 5324 2022 5377 τῶν
2046 5322 2424 5388 ἀποστόλων,
2455 5332 2508 5377 et
2538 5323 2595 5378 ἓν
2626 5323 2736 5378 τῶν
2775 5323 2944 5395 ὀρέων
2984 5319 3053 5396 ἦν
3085 5323 3308 5396 Πέτρος,
3341 5323 3478 5392 Eph.

1902 5434 1964 5482 ιι,
1996 5418 2090 5471 20.
2144 5419 2330 5487 Itaque
2372 5420 2734 5488 expunximus
2785 5418 2930 5475 illam
2975 5418 3478 5491 interpretationem

1901 5509 2197 5575 Tilmanni,
2237 5528 2256 5562 ι
2291 5510 2388 5564 Est
2411 5511 2554 5565 enim
2581 5510 2846 5567 aedificata
2878 5512 2930 5566 in
2965 5511 3225 5582 apostolis
3263 5522 3319 5566 et
3354 5526 3479 5582 pro-

1903 5601 2099 5669 phetis,
2121 5601 2212 5670 qui
2232 5600 2350 5672 ejus
2364 5601 2771 5657 fundamentum
2792 5603 3305 5673 iecerunt,quorum
3337 5616 3478 5657 unus

1903 5700 2025 5747 erat
2048 5690 2261 5751 Petrus.
2295 5711 2316 5747 ι
2356 5693 2694 5765 ΔειίριιΙιιιιιι·
2721 5705 2918 5754 nostrae
2936 5694 3298 5754 emendationi
3341 5693 3475 5751 Pro-
