3816 6210
382 339 521 396 1085

1557 337 1765 393 NOTAE
1807 334 2203 392 FRONTUNIS
2240 336 2465 392 DUCA'II

3513 332 3660 390 1084

378 458 520 526 cupii
547 457 814 524 interpres
851 467 972 521 pag.
997 451 1060 505 41
1095 468 1110 505 :
1150 471 1168 504 ‹
1205 453 1306 519 Qui
1364 455 1828 522 superardiiicatos
1879 469 1970 510 su—
1997 462 2041 518 Α
2083 453 2268 523 μάτων
2295 469 2308 481 ·
2351 469 2369 501 ι
2411 449 2478 504 Ut
2509 449 2716 518 gladius
2748 448 2858 512 illc,
2882 446 2970 516 qui
2998 446 3063 499 ad
3096 445 3513 500 interimendum
3548 449 3661 516 plu-

379 567 479 621 per
500 549 904 604 iundamentum
933 546 1300 614 apostolorum
1327 555 1383 602 et
1410 547 1794 615 prophetarum
1829 548 1968 602 seri-

380 642 479 696 bit.
496 660 514 691 ι
538 638 741 693 Similis
761 636 1025 691 sententia
1049 635 1144 691 lib.
1161 636 1481 690 "Adversus
1510 634 1828 689 Eunomium
1849 652 1861 689 :
1879 636 1970 689 τὸν

379 727 468 781 διὰ
509 726 744 787 πίστεως
774 723 1046 794 ὑπεροχὴν
1081 724 1374 793 ἐφ’ἑαυτὸν
1412 723 1700 794 οἰκοδομὴν
1730 724 1827 794 τῆς
1852 726 1971 778 Ἐκ-

385 817 615 889 κλησίας
657 814 967 886 δεξάμενον.
1009 814 1099 869 Sic
1139 823 1194 870 et
1253 816 1583 884 Augustinus
1616 817 1670 868 in
1713 815 1969 882 psalmum

380 923 603 972 Lxxxvr,
630 906 978 961 fundamenta
1021 904 1140 974 ejus
1188 907 1241 960 in
1290 906 1582 972 montibus,
1615 907 1680 959 de
1713 905 1970 974 apostolis

379 1009 433 1057 et
455 1000 731 1070 prophetis
767 999 1006 1069 exponit.

447 1089 562 1146 Col.
595 1090 700 1145 ’257
732 1090 775 1144 D
802 1092 851 1144 1.
891 1087 1006 1158 Τῆς
1034 1089 1388 1156 ἀῖδιότητος.
1411 1089 1538 1143 Hmc
1564 1096 1646 1143 est
1665 1087 1815 1156 Regii
1845 1087 1965 1142 cod.

375 1181 444 1235 F.
469 1181 763 1249 scriptura,
792 1197 954 1249 quam
992 1191 1211 1235 secutus
1244 1179 1514 1234 Tilmann.
1552 1180 1816 1241 ediderat,
1841 1193 1970 1230 sem-

377 1274 593 1341 piternae
639 1271 735 1325 Dei
782 1282 986 1325 natura:
1036 1289 1054 1325 :
1091 1281 1146 1325 at
1187 1272 1559 1342 apographum
1645 1270 1965 1340 Anglic..in

380 1365 620 1434 margine
642 1365 827 1419 habuit
856 1364 957 1435 τῆς
1011 1365 1299 1434 ἁγιότητος
1333 1363 1426 1416 τοῦ
1469 1363 1626 1425 Θεοῦ,
1671 1364 1966 1416 sanctitatis

379 1457 500 1523 Dei,
529 1457 582 1511 in
619 1457 734 1525 ipso
768 1471 895 1511 vero
923 1464 1070 1510 textu
1102 1455 1203 1524 τῆς
1235 1456 1518 1524 ἰδιότητος,
1547 1455 1632 1509 cui
1665 1451 1966 1522 suifragan-

379 1557 469 1602 tur
502 1547 568 1601 Η.
620 1556 672 1602 et
719 1546 760 1599 l.
806 1546 1102 1616 Procopius
1147 1563 1200 1616 p.
1237 1546 1342 1599 d3:
1391 1540 1525 1598 Εἶτα
1583 1544 1966 1617 προκοπτούσῃ

377 1641 446 1710 τῇ
476 1638 673 1706 γνώσει
709 1637 806 1707 τὴν
848 1636 939 1689 τοῦ
986 1636 1119 1689 Θεοῦ
1172 1636 1554 1710 προσθήσομεν
1608 1637 1845 1705 ἰδιότητα
1871 1635 1964 1687 τοῦ

381 1729 517 1783 Θεοῦ
542 1727 758 1784 Ἰακώϐ·
787 1747 805 1778 ‹
832 1727 1032 1782 Deinde
1054 1737 1402 1797 promovente
1425 1725 1774 1796 intelligentia
1798 1739 1962 1792 pecu-

383 1823 516 1877 liare
574 1822 669 1876 Dei
719 1819 887 1875 Jacob
946 1818 1262 1887 adjiciemus
1315 1819 1627 1873 discrimen.
1673 1837 1692 1870 ι
1729 1815 1961 1887 Opponit
1991 1801 2033 1855 Β

380 1927 722 1969 communem
753 1912 1001 1966 notitiam
1037 1911 1153 1972 Dei.
1179 1911 1438 1979 peculiari
1474 1918 1529 1964 et
1559 1909 1809 1979 prapriaa,
1851 1924 1956 1978 qua

381 2005 592 2059 scilicet
616 2005 760 2058 Deus
800 2003 965 2058 Iacob
1007 2004 1341 2073 agnoscitur,
1389 2011 1444 2056 et
1478 2010 1536 2055 ut
1563 2002 1638 2054 ait
1667 2001 1957 2070 Apostolus

380 2095 543 2150 Hebr.
580 2112 657 2160 x1,
706 2095 794 2160 16,
839 2111 944 2149 non
981 2095 1322 2162 confunditur
1350 2095 1527 2147 vocari
1569 2092 1709 2147 Deus
1757 2108 1957 2155 eorum,

385 2185 488 2239 hoc
521 2191 627 2248 est,
660 2183 844 2237 vocari
879 2182 1020 2237 Deus
1055 2183 1351 2245 Abraham,
1377 2179 1526 2235 Isaac
1547 2189 1602 2235 et
1624 2180 1816 2245 Jacob,
1841 2191 1961 2234 tan-

379 2287 542 2341 quam
588 2271 882 2341 peculiaris
915 2286 1100 2326 eorum
1151 2270 1312 2333 Deus,
1345 2269 1514 2323 Exodi
1553 2286 1635 2335 ιιι,
1685 2270 1738 2325 5.
1776 2270 1960 2338 Itaque

381 2363 558 2430 aptius
586 2361 675 2415 hic
699 2361 990 2427 scribetur,
1039 2379 1058 2411 ι
1102 2359 1394 2428 peculiaris
1426 2359 1542 2428 ejus
1578 2359 1896 2414 divinitatis.
1935 2380 1953 2411 ι

381 2452 437 2507 ln
469 2453 713 2507 eamdem
759 2452 1086 2506 sententiam
1134 2451 1273 2504 dixit
1300 2451 1395 2504 lib.
1432 2450 1738 2503 IAdversus
1789 2451 1963 2504 Euno-

381 2546 543 2598 mium
571 2559 590 2596 :
617 2544 741 2605 Τοῖς
762 2544 858 2613 μὲν
874 2543 1051 2610 ἁγίοις
1071 2541 1236 2595 αὐτοῦ
1271 2544 1299 2595 ὁ
1325 2541 1457 2605 Θεὸς
1486 2542 1562 2613 τῷ
1600 2543 1849 2614 Ἀϐραὰμ
1867 2546 1962 2598 καὶ

377 2635 458 2706 τῷ
508 2633 692 2687 Ἰσαὰκ
719 2632 813 2686 καὶ
840 2633 916 2703 τῷ
958 2631 1170 2700 Ἰακὼϐ,
1201 2625 1275 2690 ὧν
1295 2632 1384 2685 διὰ
1413 2633 1472 2686 τὸ
1509 2635 1588 2697 εἰς
1619 2635 1797 2687 πᾶσαν
1835 2636 1962 2708 ἀρε-

377 2726 479 2796 τὴν
511 2725 717 2778 τέλειον
753 2724 847 2778 καὶ
875 2725 936 2776 τὸ
964 2723 1098 2787 Θεὸς
1129 2723 1491 2794 ὀνομάζεσθαι
1519 2741 1534 2755 ο
1559 2736 1613 2779 et
1641 2726 1964 2796 Chrysosto-

380 2833 502 2872 mus
537 2819 594 2870 in
624 2815 812 2885 psalm.
857 2831 1062 2880 cxxxv,
1094 2831 1216 2886 pag.
1265 2816 1368 2870 507
1404 2834 1416 2868 :
1465 2819 1523 2870 '0
1558 2817 1692 2881 Θεὸς
1745 2819 1959 2884 Ἰακὼϐ,

380 2910 468 2964 ἵνα
493 2908 591 2980 τὴν
633 2909 906 2962 οἰκείωσιν
949 2910 1280 2983 παραστήσῃ
1313 2910 1409 2962 καὶ
1440 2910 1539 2980 τὴν
1579 2909 1776 2980 πολλὴν
1827 2912 1962 2982 πρὸς

379 3000 579 3061 αὐτοὺς
606 2999 846 3069 ἀγάπην·
871 3017 890 3049 ι
919 2998 1056 3052 Deus
1079 2997 1229 3053 lsaac
1254 3007 1307 3054 et
1334 3000 1474 3053 Deus
1495 2997 1683 3064 Jacob,
1715 3011 1965 3056 utosten-

380 3092 472 3144 dat
529 3089 958 3144 familiaritatem
1000 3097 1054 3144 et
1110 3088 1546 3156 coniunctionem
1604 3100 1659 3145 et
1709 3099 1959 3161 magnum

380 3195 539 3235 suum
571 3181 626 3234 in
653 3194 747 3234 eos
777 3195 1041 3235 amorem.
1070 3198 1088 3230 ι
1110 3179 1318 3232 Rursus
1352 3180 1689 3234 correximus
1717 3180 1820 3234 hoc
1842 3181 1959 3235 loco

382 3272 686 3328 versionem
716 3271 952 3338 illorum,
993 3273 1108 3333 τοῖς
1148 3270 1204 3322 δὲ
1241 3270 1627 3340 στοιχειωθεῖσι
1657 3271 1840 3324 λοιπὸν
1867 3271 1961 3324 καὶ

381 3364 528 3426 τίνος
558 3363 717 3427 Θεοῦ,
749 3381 768 3414 ι
806 3363 886 3417 eis
911 3377 1063 3425 vero,
1093 3363 1183 3431 qui
1235 3362 1491 3430 deinceps
1530 3360 1641 3429 jam
1687 3372 1813 3416 sunt
1838 3378 1962 3417 eru-

383 3456 480 3509 diti
513 3455 578 3508 de
609 3455 754 3518 Deo;
798 3473 817 3506 ι
851 3468 959 3507 non
987 3453 1131 3507 enim
1157 3452 1401 3506 absolute
1435 3453 1501 3506 de
1524 3452 1654 3518 Deo,
1689 3454 1784 3508 sed
1811 3454 1963 3524 cujus

387 3548 480 3602 Dei
510 3546 862 3614 peculiariter
897 3544 1263 3614 cognitionem
1305 3543 1476 3597 nacti.

456 3637 570 3692 Col.
619 3636 727 3690 240
765 3636 809 3689 D
837 3636 890 3690 5.
928 3636 1038 3689 Τοῦ
1073 3637 1226 3689 τότε.
1261 3635 1350 3690 Sic
1390 3635 1452 3688 F.
1481 3636 1548 3690 At
1577 3635 1640 3690 li.
1686 3636 1726 3689 l.
1765 3645 1819 3690 et
1851 3637 1964 3690 An-

383 3730 508 3802 glic.
541 3729 637 3782 τοῦ
662 3746 792 3783 ποτε
839 3728 1105 3792 δοθέντος,
1138 3729 1172 3798 ἢ
1199 3745 1299 3781 που
1331 3728 1748 3800 γεγραμμένου·
1783 3747 1801 3779 ι
1837 3727 1964 3794 Qum

385 3823 513 3877 olim
538 3823 686 3887 data,
717 3830 812 3876 aut
841 3821 1038 3875 alicubi
1065 3820 1267 3888 scripta
1290 3859 1305 3883 ,
1326 3829 1382 3873 et
1408 3821 1633 3874 verbum
1667 3818 1876 3872 Domini
1900 3819 1965 3873 de

387 3913 710 3978 Jerusalem,
735 3911 1114 3981 propheticum
1139 3912 1363 3964 verbum
1405 3910 1575 3964 dicit:
1611 3909 1809 3963 Verum
1843 3909 1964 3963 ubi-

387 4019 492 4074 que
520 4004 571 4058 in
604 4003 786 4058 Judma
817 4003 931 4057 haec
964 4003 1229 4059 evenisse.
1261 4017 1367 4055 non
1411 4001 1572 4055 modo
1612 4002 1666 4055 in
1710 4001 1966 4055 Hierusa-

390 4095 518 4150 lem.
549 4114 567 4145 ι
596 4095 773 4163 Atque
804 4093 904 4147 hoc
929 4093 1114 4147 italico
1141 4093 1459 4147 charactere
1482 4092 1826 4146 scribendum
1859 4105 1963 4146 non

393 4186 511 4252 fuit,
550 4200 724 4253 neque
755 4185 897 4238 enim
931 4197 1091 4238 voces
1129 4183 1211 4236 hac
1247 4192 1373 4236 sunt
1406 4183 1704 4252 prophetae,
1735 4182 1829 4235 sed
1864 4182 1966 4234 Ba-

389 4277 518 4345 silii,
552 4285 611 4330 ut
643 4283 858 4330 constat
905 4289 973 4329 ex
1028 4272 1293 4341 Procopio
1345 4287 1467 4341 pag.
1506 4272 1574 4326 44
1615 4287 1630 4324 :
1665 4272 1758 4335 Τίς
1789 4271 1847 4323 δὲ
1876 4272 1967 4324 καὶ

387 4371 418 4422 ὁ
474 4368 666 4436 λόγος;
715 4367 778 4419 Εἰ
835 4365 946 4436 γὰρ
977 4365 1006 4417 ὁ
1043 4365 1396 4436 προφητικὸς,
1435 4363 1552 4427 πῶς
1601 4363 1658 4430 ἐξ
1699 4365 1967 4434 Ἰερουσα-

2079 546 2275 594 rimum
2326 540 2492 604 valet,
2523 539 2586 590 ad
2639 538 2988 606 praeparanda
3027 536 3235 589 vivilica
3272 537 3480 590 semina
3531 540 3655 590 usui

2073 641 2242 693 esset.
2263 645 2384 700 quae
2405 630 2690 683 animabus
2720 628 2930 683 ratione
2951 626 3185 696 praeditis
3205 640 3302 695 per
3329 627 3656 695 sapientiam

2072 725 2423 784 inseruntur,
2482 730 2538 772 et
2585 718 3002 774 corwerteudus.
3044 735 3063 768 ι
3113 717 3454 784 Astipulatur
3527 718 3658 772 huic

2074 811 2445 865 emendationi
2501 809 2720 864 Graccus
2768 819 2948 863 textus
2995 818 3050 863 et
3091 809 3318 863 Latinus
3379 809 3658 880 interpres

2070 902 2341 972 Proc0pii,
2382 917 2436 970 p.
2466 901 2556 965 46,
2595 921 2612 950 ι
2656 901 2708 952 in
2761 911 2998 953 aratrum
3025 898 3134 965 jam
3167 913 3465 954 conversus
3485 903 3658 955 semi-

2070 1006 2140 1045 na
2212 992 2298 1045 illa
2353 991 2585 1055 viviﬁca,
2637 1004 2756 1058 qua:
2803 988 3083 1058 sapientiae
3123 987 3391 1042 benelicio
3423 989 3660 1042 rationis

2069 1082 2424 1152 participibus
2451 1082 2649 1135 animis
2675 1080 3054 1141 innascuntur,
3073 1087 3425 1146 prepararet.
3447 1097 3467 1129 ι
3496 1077 3659 1145 Quod

2069 1175 2336 1244 sequitur,
2367 1175 2591 1244 χάριτος
2627 1173 2994 1244 φυλακτήριον
3041 1171 3342 1242 ποιητικόν,
3377 1172 3540 1229 lectio
3571 1185 3660 1230 est.

2068 1267 2218 1337 Regii
2258 1281 2360 1320 ms.
2398 1265 2442 1320 H
2495 1273 2550 1320 et
2578 1265 2620 1318 1.
2670 1265 2892 1320 Rectius
2927 1265 2979 1317 in
3006 1263 3066 1318 F.
3094 1272 3149 1317 et
3179 1263 3390 1333 Anglic.
3422 1266 3662 1321 habetur

2067 1357 2454 1427 φυλακτηρίων
2476 1355 2778 1426 ποιητικόν.
2797 1355 3075 1410 Postremo
3101 1356 3493 1427 πεπωρωμένα
3507 1373 3663 1412 com-

2067 1451 2279 1504 modius
2333 1450 2419 1503 hic
2465 1449 2673 1518 legetur
2712 1463 2778 1501 ex
2829 1446 2933 1502 ﬁde
2983 1447 3210 1501 duorum
3256 1445 3553 1516 Regiorum
3605 1460 3659 1503 el

2069 1549 2223 1594 textu
2272 1540 2567 1610 Procopii,
2601 1555 2762 1609 quam
2811 1553 2934 1593 cum
2985 1537 3198 1608 Anglic.
3255 1539 3658 1609 πεπυρωμένα.

2066 1630 2268 1700 Ζιϐύνη
2298 1639 2474 1685 autem
2500 1629 2795 1698 simplicius
2833 1628 3092 1684 reddetur
3133 1647 3151 1680 ι
3181 1627 3391 1693 lancea,
3430 1648 3448 1680 ι
3491 1646 3663 1696 quam

2072 1741 2089 1772 ‹
2118 1722 2359 1791 jaculum
2407 1721 2552 1776 ferro
2595 1720 3099 1788 przeacuminatum,
3126 1738 3148 1770 ι
3177 1734 3244 1774 ne
3281 1719 3421 1774 forte
3457 1719 3660 1774 adver-

2061 1824 2210 1868 setur
2237 1813 2366 1868 huic
2401 1814 2770 1868 additamenta
2823 1811 3155 1880 interpretis,
3187 1812 3331 1881 quod
3381 1821 3469 1867 est
3512 1815 3664 1881 apud

2063 1906 2391 1977 Hesychium
2437 1916 2494 1961 et
2539 1906 2783 1970 Suidam,
2817 1904 3008 1975 ζιϐύνη
3040 1903 3356 1975 ὁλοσίδηρον
3403 1903 3664 1957 ἀκόντιον

2063 1997 2312 2068 ἢλόγχη.
2368 2015 2388 2048 ι
2447 1995 2691 2051 Jaculum
2748 2011 2973 2066 prorsus
3016 1995 3254 2050 ferreum
3296 1995 3381 2050 vel
3405 1996 3585 2050 hasta.
3633 2015 3652 2046 ι

2063 2089 2445 2153 Tertullianus,
2484 2104 2542 2142 ιιι
2572 2090 2626 2142 in
2654 2086 2994 2151 Marcionem,
3020 2101 3139 2156 cap.
3169 2084 3262 2152 21,
3296 2085 3543 2141 Graecam
3574 2086 3662 2139 di-

2061 2182 2292 2236 ctionem
2340 2181 2564 2235 retinuit
2585 2220 2602 2245 ,
2645 2178 2932 2233 Concident
2967 2179 3258 2232 machara:
3288 2179 3343 2232 in
3373 2187 3582 2240 aratra,
3606 2188 3658 2230 et

2061 2272 2273 2342 sibgnas
2322 2272 2379 2324 in
2436 2271 2596 2339 falce.
2657 2270 2936 2325 Hebraeam
2991 2284 3203 2336 vocem,
3237 2284 3342 2339 qua
3397 2285 3528 2325 usus
3568 2279 3658 2324 est

2061 2361 2244 2424 Isaias,
2278 2368 2432 2424 nun,
2468 2375 2613 2414 nunc
2636 2358 2804 2426 δόρυ,
2839 2366 2898 2410 ιιι
2920 2355 3155 2412 Michtea:
3180 2373 3254 2421 tv,
3288 2358 3341 2421 5,
3368 2371 3512 2411 nunc
3535 2371 3658 2410 σει-

2058 2451 2397 2522 ρομάο-την,
2442 2461 2501 2504 ut
2529 2450 2600 2505 IV
2623 2450 2755 2520 Reg.
2784 2465 2862 2512 ιιι,
2895 2449 3282 2512 lO,verterunt
3302 2446 3447 2501 LXX
3481 2463 3495 2498 :
3524 2461 3654 2516 qua:

2061 2547 2226 2600 dictio
2253 2560 2357 2598 non
2415 2543 2776 2613 «pharetram,
2814 2560 2831 2590 ι
2864 2550 2924 2594 ut
2965 2540 3170 2610 putavit
3201 2540 3525 2606 Kircherus,
3554 2540 3650 2594 sed

2067 2653 2086 2688 ι
2132 2637 2376 2690 lanceam
2419 2653 2436 2684 ι
2472 2633 2653 2701 potius
2706 2631 2972 2701 signiﬁcat
3003 2647 3016 2682 :
3043 2644 3227 2682 verum
3260 2627 3447 2683 omisit
3477 2628 3651 2682 inter—

2061 2741 2208 2797 pres,
2238 2726 2332 2778 καὶ
2361 2721 2771 2793 ἀπωθούμενον,
2796 2739 2814 2772 ι
2840 2721 3063 2791 cuspide
3086 2718 3391 2791 perfodiens
3420 2732 3487 2771 ac
3516 2732 3650 2787 pro-

2061 2816 2287 2885 pellens.
2323 2832 2341 2865 ι

2131 2905 2248 2961 Col.
2270 2905 2376 2960 246
2415 2905 2457 2958 Β
2491 2905 2574 2958 15.
2621 2901 2790 2957 Falso
2829 2902 3092 2956 arbitrata
3136 2911 3228 2956 est.
3302 2901 3652 2974 Ὑπολαμὸἁι

2065 3017 2179 3054 νειν
2200 3001 2304 3054 hoc
2328 2999 2445 3055 loco
2473 3014 2579 3053 non
2613 2981 2697 3051 est
2724 3015 2742 3047 ι
2771 2996 3044 3065 excipere,
3083 3015 3101 3046 ι
3137 3005 3197 3049 ut
3234 2996 3443 3064 putavit
3481 2997 3652 3050 inter-

2064 3104 2208 3157 pres,
2255 3091 2347 3144 sed
2385 3107 2404 3140 ι
2439 3087 2714 3152 arbitrari,
2748 3087 3082 3150 existimare,
3138 3085 3414 3156 νομίζειν·
3446 3106 3465 3138 ι
3503 3089 3648 3156 quod

2067 3179 2286 3232 verbum
2336 3177 2768 3232 substituendum
2821 3183 2906 3229 est
2951 3177 3018 3229 ad
3066 3175 3310 3229 lacunam
3353 3175 3498 3229 illam
3549 3192 3647 3231 ex-

2063 3269 2314 3338 plendam
2356 3268 2493 3339 apud
2527 3267 2878 3336 Procopium,
2904 3267 2994 3335 qui
3025 3267 3077 3320 in
3119 3283 3273 3321 suum
3295 3268 3647 3323 Commenta-

2066 3362 2201 3414 rium
2237 3360 2350 3414 hare
2388 3357 2658 3413 transtulit
2688 3374 2740 3428 p.
2771 3359 2838 3412 47
2869 3359 2977 3411 εΤὸ
3006 3359 3340 3430 προφητικὸν
3364 3359 3508 3430 ἔχειν
3533 3359 3652 3413 ἐνὸ-

2069 3452 2244 3522 μιζον,
2280 3450 2342 3503 τὸ
2395 3450 2598 3521 Κυρίου
2646 3448 3022 3520 προσέθηκεν
3090 3467 3108 3499 ι
3149 3449 3411 3515 Quoniam
3464 3462 3648 3506 autem

2067 3539 2418 3596 sullicientem
2449 3539 2552 3592 sibi
2574 3538 2746 3593 lucem
2776 3539 2978 3594 habere
2999 3553 3058 3593 se
3087 3539 3514 3603 arbitrabantur,
3554 3544 3646 3610 qui

2068 3632 2226 3702 legali
2255 3641 2309 3685 et
2331 3631 2642 3700 prophetica
2667 3630 3086 3696 illustrarentur,
3117 3630 3328 3684 Domini
3355 3631 3531 3684 lucem
3560 3633 3652 3686 ad-

2060 3724 2212 3790 jecit.
2255 3741 2272 3773 ι
2309 3722 2590 3790 Reliquam
2621 3721 2780 3789 hujus
2812 3722 3021 3790 periodi
3069 3722 3392 3776 sententiam
3421 3739 3488 3777 ex
3529 3725 3648 3778 col-

2066 3814 2266 3868 latione
2307 3827 2429 3867 cum
2482 3811 2670 3866 Graeco
2702 3813 3072 3877 restituimus,
3105 3813 3295 3867 deletis
3328 3813 3450 3877 illis,
3496 3833 3516 3863 ι
3539 3829 3646 3883 qua

2066 3906 2194 3959 item
2223 3903 2342 3958 luce
2366 3903 2562 3972 prmia
2599 3902 2959 3973 ignorantiam
2983 3918 3171 3958 eorum
3205 3905 3522 3974 corrigeret,
3553 3907 3646 3973 qui

2067 3997 2120 4049 iu
2157 3996 2396 4051 tenebris
2431 3996 2644 4050 sedent.
2681 4012 2700 4045 ι

2137 4087 2366 4142 (101347
2381 4088 2422 4140 Α
2439 4088 2526 4141 15.
2547 4087 2895 4142 Stet-nutavit.
2914 4086 3180 4158 lnlerpres
3191 4087 3452 4152 ediderat,
3477 4106 3494 4137 ι
3509 4086 3646 4153 Quid

2069 4178 2168 4231 hoc
2198 4177 2376 4229 innuit
2429 4176 2732 4230 sermone?
2777 4195 2796 4227 ι
2841 4176 2959 4230 Non
2995 4177 3456 4232 animadverterat
3501 4179 3647 4232 inter

2068 4267 2297 4336 ineptias
2322 4267 2680 4322 ominantium
2711 4267 2806 4320 καὶ
2837 4267 2947 4320 τῶν
2979 4265 3465 4339 κληδονιζομένων,
3505 4269 3646 4324 hanc

2069 4360 2361 4425 numerari,
2390 4367 2446 4411 ut
2467 4358 2674 4413 scilicet
2699 4373 2763 4412 ex
2804 4360 3194 4414 sternutatione
3237 4370 3644 4432 captentaugu-

389 4459 504 4532 λήμ
530 4477 544 4525 ;
585 4478 602 4510 ι
637 4458 919 4524 Quodnam
952 4465 1132 4510 autem
1163 4457 1384 4510 verbum
1412 4457 1435 4509 ?
1462 4455 1520 4510 Si
1557 4456 1699 4510 enim
1737 4454 1966 4522 prophe-
1995 4469 2040 4528 ι)
2069 4453 2167 4507 ria.
2201 4451 2521 4506 Theocritus
2550 4451 2764 4520 eidyllio
2787 4450 2817 4503 7
2848 4467 2862 4503 :

394 4556 558 4608 ticum
614 4550 994 4620 respondeant,
1026 4548 1294 4619 quomodo
1338 4548 1404 4602 de
1455 4545 1787 4601 Hierusalem
1837 4560 1956 4614 pro-

391 4645 556 4700 diisse
594 4643 904 4699 docebunt?
936 4662 954 4696 ι
987 4643 1101 4697 Hoc
1127 4643 1240 4696 vult
1263 4641 1546 4711 propheta,
1577 4639 1628 4693 in
1667 4638 1846 4693 Judzea
1884 4639 1962 4692 le-

391 4751 511 4802 gem
535 4735 657 4790 illos
684 4735 957 4801 habuisse,
983 4744 1038 4788 et
1059 4732 1440 4803 prophetarum
1470 4731 1648 4785 verbis
1672 4731 1962 4784 instructos

393 4827 565 4882 fuisse
599 4825 799 4896 ubique
840 4825 1106 4881 locorum.
1140 4823 1404 4878 Prazterea
1447 4822 1844 4876 immutavimus
1878 4835 1960 4874 se-

391 4927 644 4988 quentem
684 4917 1004 4986 periodum:
1043 4935 1061 4968 ι
1101 4915 1311 4969 Etenim
1358 4915 1560 4970 sanctis
1581 4914 1830 4982 congruit
1856 4913 1959 4967 dis-

389 5015 536 5061 creta
562 5005 649 5059 illa
677 5005 1009 5074 dijudicatio,
1051 5013 1110 5059 ut
1149 5004 1347 5075 quique
1403 5004 1672 5067 noverint,
1699 5002 1828 5072 quid
1854 5005 1967 5056 sint

391 5097 675 5166 promeriti
711 5115 724 5151 :
751 5096 1013 5164 judicium
1056 5106 1234 5150 autem
1266 5095 1349 5149 bis
1396 5093 1664 5149 convenit.
1695 5112 1713 5144 ι
1751 5092 1858 5147 Ιιιιο
1881 5093 1967 5161 ju-

392 5189 563 5245 dicari
590 5188 807 5256 debent,
831 5203 936 5242 non
963 5187 1230 5258 judicare.

461 5277 582 5331 Col.
610 5277 718 5332 245
747 5277 788 5331 Β
818 5277 869 5329 1.
908 5274 973 5329 Ut
1010 5275 1220 5344 gladius
1242 5275 1350 5329 ille.
1375 5273 1564 5328 Iunxit
1589 5289 1772 5329 vocem
1797 5274 1967 5342 φθαρ-

389 5373 550 5442 τικήν
581 5385 701 5424 cum
729 5368 833 5424 illis
876 5369 1082 5423 duabus
1113 5366 1390 5432 ζωοποιῶν
1426 5365 1774 5436 σπερμάτων,
1806 5367 1971 5420 interr

393 5477 546 5530 pres,
581 5477 702 5516 cum
748 5461 933 5526 vertit,
963 5478 983 5512 ‹
1025 5458 1235 5532 gladius
1280 5457 1370 5512 ille
1415 5457 1804 5512 interuectivus
1833 5458 1970 5509 vita-

396 5551 528 5604 lium
552 5552 841 5618 seminum,
889 5568 908 5601 ι
943 5550 1045 5614 vel,
1077 5565 1096 5598 ι
1133 5549 1224 5616 qui
1265 5547 1446 5603 vitalia
1478 5545 1653 5614 perdit
1677 5545 1917 5609 semina;
1947 5564 1963 5594 ι

396 5643 492 5697 sed
516 5643 691 5711 aptius
712 5657 832 5697 cum
860 5642 1029 5696 altero
1057 5640 1258 5696 verbali
1291 5639 1583 5709 jungentur
1613 5637 1812 5692 eaedem
1853 5637 1969 5690 dine

403 5747 584 5790 voces.
615 5745 671 5789 ut
700 5734 933 5799 dicatur,
981 5734 1220 5805 μάχαιρα
1281 5729 1761 5802 παρασκευαστικὴ
1803 5745 1968 5798 σπερο

2315 4542 2590 4610 Σιμιχίδᾳ
2615 4541 2732 4611 μὲν
2765 4542 2978 4611 ἔρωτες
3006 4542 3372 4612 ἐπέπταρονο

2315 4632 2618 4688 Simichidce
2664 4649 2869 4687 amores
2903 4643 3358 4696 sternutaverunt;

2075 4725 2128 4778 in
2157 4739 2316 4793 quem
2357 4723 2532 4777 locum
2584 4721 2916 4778 Scholiastes
2947 4734 3171 4779 aunotat
3212 4735 3641 4782 sternutamenta

2069 4816 2314 4884 quaedam
2352 4815 2500 4869 utilia
2529 4830 2673 4879 esse,
2701 4816 2948 4884 quaedam
2998 4818 3178 4881 noxia,
3205 4827 3258 4871 et
3287 4820 3426 4886 apud
3453 4818 3645 4874 Home-

2071 4923 2186 4960 rum
2215 4908 2267 4960 in
2293 4908 2484 4960 bonam
2509 4915 2714 4973 partem
2745 4908 2939 4976 accipi.
2967 4909 3261 4962 Atheuaaus
3284 4909 3376 4963 lib.
3401 4925 3433 4962 ιι
3466 4928 3480 4963 :
3517 4910 3642 4964 Ὅτι

2062 4998 2106 5049 δ’
2125 4998 2267 5068 ἱερὸν
2293 4996 2538 5066 ἐνόμιζον
2568 4997 2667 5067 τὴν
2691 4996 2950 5068 κεφαλὴν,
2987 4997 3146 5070 δῆλον
3193 5000 3258 5052 ἐκ
3280 4997 3374 5052 τοῦ
3398 5000 3494 5053 καὶ
3522 5003 3644 5054 κατ’

2062 5089 2232 5158 αὐτῆς
2265 5086 2609 5158 ὁμνύειν,κα“ι
2641 5088 2766 5150 τοὺς
2799 5089 3119 5159 γινομένους
3154 5091 3247 5142 ὑπ’
3275 5091 3444 5161 αὐτῆς
3471 5109 3644 5164 πταρ-

2067 5183 2199 5252 μοὺς
2235 5182 2558 5249 προσκυνεῖν
2586 5179 2660 5241 ὠς
2703 5180 2913 5250 ἱερούςο
2955 5199 2972 5230 ι
3009 5181 3160 5245 Quod
3203 5191 3382 5236 autem
3425 5197 3641 5237 sacrum

2064 5273 2191 5326 olim
2247 5283 2410 5339 caput
2440 5271 2894 5335 existimaveriut,
2931 5272 3130 5326 indicio
3177 5282 3261 5327 est
3287 5272 3507 5341 jurandi
3548 5290 3644 5343 per

2070 5364 2241 5431 ipsum
2293 5361 2644 5425 consuetudo,
2681 5369 2737 5413 et
2783 5371 3231 5426 sternutamenta,
3275 5377 3394 5431 qua:
3432 5378 3498 5416 ex
3526 5365 3642 5433 ipso

2069 5451 2655 5523 prodeunt,adorandi.
2708 5470 2726 5501 ι
2765 5451 3061 5520 Xenophon
3089 5451 3180 5506 lib.
3231 5467 3290 5506 ιιι
3328 5451 3407 5506 De
3431 5455 3641 5520 expedi-

2070 5547 2207 5598 tione
2225 5545 2372 5614 Cyri,
2392 5559 2513 5613 pag.
2540 5542 2644 5595 500
2674 5558 2686 5594 :
2710 5541 2879 5595 Τοῦτο
2911 5542 2966 5595 δὲ
2995 5542 3242 5610 λέγοντος
3264 5543 3450 5605 αὐτοῦ,
3470 5543 3641 5616 πτάρ-

2070 5637 2224 5689 νυταί
2261 5652 2367 5697 τις.
2431 5631 2783 5694 ’Λκούσαντες
2828 5633 2882 5684 δὲ
2930 5633 2980 5684 οἱ
3028 5632 3353 5701 στρατιῶται
3405 5633 3640 5698 πάντες,

2073 5732 2170 5800 μιᾷ
2204 5729 2346 5800 ὁρμῇ
2370 5724 2777 5797 προσεκύνησαν
2801 5724 2890 5780 τὸν
2926 5724 3062 5778 Οεόν.
3091 5724 3198 5778 Καὶ
3217 5723 3465 5793 Ξενοφῶν
3484 5723 3605 5778 εἶπε
3623 5739 3640 5755 ⁸
