3816 6210
139 272 304 330 1085

1388 285 1506 367 .AD
1546 283 1896 342 COMMENT.
1938 290 2005 345 IN
2046 293 2305 350 ISAIAM.

3331 286 3468 340 1086

137 396 324 448 Δοκεῖ
356 412 500 465 μοι,
529 389 574 449 ὦ
604 397 817 469 ἄνδρες,
834 399 958 452 ἐπεὶ
980 399 1108 473 περὶ
1134 399 1405 471 σωτηρίας
1433 401 1592 471 ὴμῶν
1619 402 1794 471 λεγόν-

1904 410 2194 482 γαστέρος,
2231 429 2250 459 ι
2285 407 2564 463 ventriculi
2596 424 2607 458 :
2652 425 2669 457 ι
2700 405 3019 459 existimans
3051 405 3279 459 fortasse
3309 402 3469 455 alludi

135 497 263 535 των
284 485 519 549 οἰωνὸς
534 484 629 538 τοῦ
651 487 773 549 Διὸς
804 488 899 541 τοῦ
932 489 1181 559 σωτῆρος
1208 489 1402 561 ἐφάνη,
1434 490 1689 556 εὔξασθαι
1711 491 1790 563 τῷ

137 570 263 643 θεῷ
287 574 510 647 τούτῳ
538 593 549 606 ·
583 593 602 627 ι
636 576 762 632 Haec
796 593 866 632 eo
903 579 1158 648 loquente
1199 582 1418 651 quidam
1447 583 1702 636 sternuit.
1730 582 1788 637 Id

139 678 280 717 cum
340 668 651 723 audissent
684 668 929 723 universi
975 670 1197 735 milites,
1239 686 1347 726 uno
1394 672 1597 741 impetu
1623 673 1788 727 Deum

143 754 450 812 adorant.
500 758 570 813 Et
618 759 920 830 Xenophon
959 761 1034 815 ait
1068 775 1084 813 :
1127 760 1376 829 Quando,
1404 763 1792 828 milites,nobis

144 847 221 899 de
275 848 496 905 salute
546 851 900 921 loquentibus
956 853 1255 908 servatoris
1302 853 1454 910 .Iovis
1502 856 1789 926 augurium

143 937 444 995 oblatum
503 953 606 1005 est.
637 943 887 1013 equidem
923 943 1050 998 huic
1086 945 1198 999 Deo
1240 953 1426 998 votum
1476 960 1791 1015 nuncupan-

146 1030 295 1086 dum
342 1034 630 1090 arbitror.
653 1054 674 1088 ι
708 1035 1022 1105 PrOpertius
1045 1035 1142 1090 lib.
1171 1052 1234 1100 ιι,
1255 1037 1419 1106 epist.
1441 1036 1509 1092 ὃς

306 1126 540 1181 Aridus
561 1135 807 1198 argutum
832 1129 1058 1182 sternuit
1085 1144 1236 1182 omen
1269 1144 1436 1182 amor.

147 1213 309 1269 Vide
344 1214 742 1283 Aristotelem,
766 1214 1026 1286 problem.
1059 1214 1163 1279 20;
1197 1214 1452 1281 Plinium,
1473 1214 1567 1270 lib.
1601 1229 1792 1285 xxviii,

146 1320 287 1374 cap.
321 1308 393 1361 2.
434 1307 608 1363 Paulo
624 1318 745 1379 post
770 1306 1028 1379 ὲνεσχέθη
1053 1306 1248 1375 legitur
1273 1306 1327 1361 in
1361 1307 1613 1362 omnibus
1637 1321 1792 1360 mss»

151 1412 271 1450 non
308 1397 647 1471 ὲνεσχίσθη,
698 1405 760 1454 ut
785 1399 931 1454 visus
957 1407 1042 1453 est
1076 1398 1176 1453 sibi
1221 1398 1416 1468 legisse
1455 1398 1793 1462 Tilmannus,

158 1507 180 1537 ε
223 1490 655 1545 Vcstimentum
677 1491 958 1546 discissum
986 1497 1090 1546 est.
1126 1510 1146 1543 ι
1188 1490 1460 1546 Omiserat
1507 1491 1672 1545 etiam
1705 1491 1795 1545 illa

154 1581 265 1633 καὶ
286 1580 423 1634 τῶν
450 1582 591 1636 πάνυ
625 1581 942 1653 γνωρίμων.

236 1673 379 1728 Col.
455 1675 562 1729 247
610 1674 655 1729 D
704 1676 756 1730 1.
817 1674 1200 1744 Vociferantes.
1264 1674 1605 1746 Sequebatur
1655 1676 1794 1744 apud

161 1764 577 1831 interpretem,
616 1785 636 1817 ι
663 1766 730 1820 de
783 1780 1012 1835 quorum
1055 1765 1290 1821 clamore
1324 1768 1525 1822 dicitur
1555 1786 1570 1823 :
1606 1766 1668 1821 Et
1697 1768 1788 1820 de-

159 1865 451 1911 errantes
477 1872 539 1912 ac
569 1858 745 1913 mmsti
782 1872 893 1927 prae
914 1858 1095 1928 inopia
1124 1859 1431 1915 venationis
1470 1861 1787 1929 intemperie

161 1947 370 2002 cordis
388 1950 810 2005 contrahuntur.
837 1970 856 2004 ι
878 1951 939 2005 F.
972 1953 1228 2025 κόρακες,
1246 1955 1341 2007 ὲπὶ
1361 1954 1418 2008 δὲ
1438 1954 1533 2009 τοῦ
1565 1955 1787 2028 κράζειν

158 2038 414 2108 λέγεται
437 2040 532 2095 καὶ
559 2040 836 2106 ἀλύοντες.
860 2042 939 2098 Ac
962 2045 1175 2099 videtur
1228 2045 1319 2100 ille
1344 2045 1562 2115 quidem
1598 2047 1787 2101 existi-

163 2147 373 2187 masse
411 2134 527 2187 haec
554 2140 812 2203 tanquam
845 2133 1141 2205 Scriptura:
1168 2137 1334 2191 verba
1369 2136 1637 2205 proferri:
1663 2154 1790 2193 ncc-

165 2224 310 2278 dnm
352 2232 541 2279 tamen
578 2226 630 2279 in
680 2241 743 2281 ea
789 2227 946 2282 nobis
993 2241 1283 2283 occurrere
1323 2238 1447 2297 post
1470 2228 1785 2300 diligentem

170 2317 678 2389 investigationem
709 2327 1020 2389 potuerunt,
1052 2335 1153 2375 nec
1199 2321 1410 2391 uSpiam
1442 2337 1504 2378 ea
1530 2323 1614 2376 vel
1638 2326 1785 2377 corvi

168 2407 494 2478 velaquilat
536 2417 814 2478 gementes
835 2411 905 2466 ob
941 2410 1177 2480 inopiam
1210 2412 1404 2481 praedae
1440 2411 1615 2480 pullos
1642 2427 1788 2465 cmu-

167 2510 498 2564 memorat;
528 2510 735 2555 tantum
768 2502 935 2557 Amos
952 2505 1046 2567 'tu,
1073 2504 1108 2557 4
1141 2503 1371 2574 legimus
1399 2520 1413 2556 :
1451 2506 1522 2558 Et
1550 2504 1787 2573 ἐρεύξεο

171 2607 275 2645 ται
310 2593 482 2646 λέων
511 2593 582 2646 ἐκ
609 2592 717 2647 τοῦ
747 2592 974 2663 δρυμοῦ
1001 2594 1189 2649 αὐτοῦ
1238 2593 1429 2663 θήραν
1456 2597 1568 2650 οὐκ
1596 2595 1785 2664 ἕχων;

177 2680 242 2736 Si
284 2686 471 2754 rugiet
499 2685 581 2739 leo
615 2688 681 2739 de
723 2684 866 2740 saltu
911 2703 1015 2740 non
1050 2687 1248 2740 habens
1284 2688 1522 2755 prwdam
1552 2688 1577 2740 ?
1601 2688 1658 2741 In
1699 2704 1787 2743 se-

181 2778 390 2844 quenti
423 2784 604 2831 autem
644 2776 869 2848 periodo
905 2777 1069 2833 multa
1107 2779 1536 2843 immutavimus,
1563 2793 1683 2849 quae
1717 2780 1786 2834 ab

182 2864 447 2920 auctoris
480 2875 662 2920 mente
687 2865 1038 2932 aberrabant,
1067 2868 1134 2921 de
1169 2866 1508 2936 apparitione
1542 2867 1787 2923 mustela:

179 2956 270 3011 vel
312 2957 477 3014 canis
505 2972 564 3012 se
597 2957 978 3028 discerpentis,
1003 2957 1087 3013 vel
1128 2960 1307 3030 potius
1339 2967 1503 3028 caput
1526 2974 1783 3015 exseren—

1892 501 1961 555 ad
1991 501 2120 557 illud
2152 501 2341 572 psalmi
2373 513 2557 563 cxxvt,
2596 498 2630 551 5
2663 516 2677 552 :
2729 498 2802 553 ἸΙ
2846 494 3212 565 κληρονομία
3252 493 3471 560 Kvplov

1889 595 2028 659 υἱοὶ,
2059 595 2092 648 ό
2105 593 2326 663 μισθὸς
2347 591 2456 645 τοῦ
2483 589 2713 658 καρποῦ
2737 587 2848 657 τῆς
2863 586 3137 658 γαστρός·
3175 584 3223 638 Η
3229 584 3473 639 (creditas

1892 684 2106 740 Domini
2122 687 2243 754 ﬁlii,
2272 701 2468 739 merces
2495 684 2699 754 fructus
2724 681 2938 735 ventris.
2965 678 3069 732 Sed
3092 677 3242 747 Regii
3274 675 3473 726 codicis

1890 774 1953 829 F.
1980 775 2264 832 lectionem
2290 786 2506 831 tuentur
2530 775 2595 829 ll.
2617 772 2659 829 1.
2678 782 2733 827 et
2756 772 2990 841 Anglic.,
3022 778 3185 838 atque
3203 770 3317 837 ipse
3338 765 3472 818 Pro-

1895 867 2107 935 copius,
2141 882 2448 937 quanquam
2480 865 2745 920 sententia
2766 862 3013 918 nonnihil
3036 861 3319 914 variante:
3347 858 3475 911 Ἐπὶ

1892 956 2072 1029 ψυχῆς
2109 957 2168 1010 δὲ
2221 957 2391 1011 τέκνα
2448 955 2722 1024 ἀλλόφυλα.
2755 956 2804 1007 oi
2846 953 2954 1007 ἀπὸ
2996 951 3102 1005 τῶν
3131 947 3326 1015 ἔξωθεν
3376 946 3475 1016 τῆς

1895 1049 2204 1114 Θεοσεὸείας
2252 1050 2428 1119 λόγων
2461 1047 2683 1119 καρποί·
2726 1065 2746 1098 ι
2804 1046 2882 1101 Ad
2919 1044 3156 1099 animum
3189 1047 3366 1095 autem
3423 1037 3473 1091 si

1897 1140 2101 1196 referas
2132 1142 2272 1197 ﬁlios
2305 1140 2660 1210 alienigenas,
2694 1137 2905 1193 fructus
2940 1135 3012 1190 illi
3033 1133 3233 1189 fuerint
3269 1127 3471 1185 intelli-

1896 1233 2077 1303 gendi,
2113 1232 2206 1302 qui
2254 1232 2320 1287 de
2350 1230 2571 1299 scriptis
2600 1228 2845 1284 externis
2879 1236 2941 1285 et
2970 1241 3001 1279 a
3052 1224 3250 1295 pietate
3281 1219 3472 1273 alienis

1899 1323 2242 1394 colliguntur.
2283 1343 2301 1374 ι

1968 1412 2084 1469 Col.
2112 1412 2348 1469 251C5.
2388 1412 2455 1465 Id
2495 1412 2634 1482 ﬁeri.
2670 1410 2880 1465 Rursus
2911 1406 3273 1477 conjecturam
3320 1416 3471 1458 suam

1899 1507 1952 1561 in
2000 1507 2247 1576 margine
2294 1503 2616 1573 adjunxerat
2670 1502 2963 1571 interpres,
3011 1496 3353 1553 inserendum
3387 1495 3473 1547 vi-

1899 1597 2038 1664 deri,
2073 1616 2092 1648 ι
2125 1597 2252 1651 dum
2279 1596 2411 1651 dicit
2471 1597 2581 1663 lex,
2614 1594 2933 1665 Nequando,
2976 1613 2995 1645 ›
3035 1603 3167 1655 etc.,
3205 1599 3261 1646 et
3281 1590 3476 1645 suffra-

1902 1688 2136 1758 gabatur
2176 1686 2292 1755 ejus
2321 1687 2652 1759 conjecturae
2684 1687 3001 1756 Procopius,
3035 1683 3175 1755 apud
3203 1696 3360 1752 quem
3396 1680 3474 1734 le-

1896 1779 2071 1847 gimus
2097 1792 2151 1848 p.
2180 1779 2253 1833 45
2274 1797 2287 1832 :
2305 1777 2551 1843 εἰπόντος
2573 1780 2666 1832 τοῦ
2692 1778 2993 1850 νόμου,Μὴ
3018 1775 3307 1846 πληθυνεῖς
3323 1789 3475 1826 σεαυ-

1896 1869 1995 1941 τῷ.
2030 1868 2414 1926 Verumtamen
2448 1886 2569 1925 cum
2633 1869 3061 1925 additamentum
3110 1866 3240 1923 illud
3298 1877 3474 1934 neque

1895 1961 2046 2031 Regii
2071 1974 2248 2030 neque
2274 1960 2365 2014 ulli
2399 1959 2488 2014 alii
2517 1959 2739 2015 codices
2779 1965 3099 2030 agnoscant,
3144 1953 3474 2025 superfluum

1895 2052 2152 2108 videtur:
2199 2061 2409 2106 tantum
2456 2052 2599 2121 apud
2649 2051 2997 2120 interpretem
3047 2049 3162 2103 haec
3207 2045 3476 2102 sententia

1895 2142 1980 2197 his
2014 2141 2197 2197 verbis
2251 2141 2608 2211 concipienda
2641 2149 2728 2196 est
2761 2159 2774 2194 :
2818 2158 2837 2190 ι
2873 2138 3168 2208 Nequaudo
3219 2132 3478 2203 multipli-

1896 2232 2108 2287 caveris
2151 2231 2247 2286 tibi
2300 2245 2538 2301 equum;
2595 2229 2686 2300 qui
2738 2237 2849 2283 tum
2899 2223 3474 2296 reprehendebantur,

1896 2332 2105 2378 tantam
2178 2323 2281 2378 sibi
2337 2337 2604 2394 equorum
2661 2319 3068 2376 multitudinem
3117 2329 3474 2386 comparave-

1895 2423 2042 2479 rant,
2099 2422 2161 2468 ut
2192 2428 2479 2469 numerum
2510 2411 3019 2483 supergrederetur.
3050 2427 3070 2462 ι
3098 2407 3301 2463 Pendet
3329 2405 3475 2460 enim

1894 2504 2163 2562 sententia
2208 2504 2277 2559 ab
2317 2504 2473 2559 initio
2522 2502 2729 2573 periodi
2771 2497 2865 2555 τοῦ
2899 2500 3008 2571 γὰρ
3055 2496 3189 2552 Θεοῦ
3224 2492 3478 2568 βουλομέ-

1893 2614 2007 2662 νου,
2071 2615 2090 2647 ι
2126 2594 2259 2650 Nam
2312 2610 2434 2673 curn
2470 2593 2631 2649 vellet
2678 2592 2842 2656 Deus,
2885 2610 2905 2644 ι
2951 2598 3058 2645 etc.
3109 2588 3279 2644 Porro
3338 2584 3479 2639 Deu-

1895 2687 2180 2745 teronomii
2215 2702 2347 2752 xvu,
2407 2686 2498 2750 16,
2529 2686 2688 2755 paulo
2743 2684 2904 2739 aliter
2952 2681 3214 2750 scriptum
3274 2686 3359 2732 est
3412 2677 3479 2731 de

1893 2794 2021 2850 rege
2071 2780 2187 2835 sive
2241 2778 2487 2848 principe
2547 2776 2774 2847 populi:
2828 2775 2913 2831 Οὐ
2961 2773 3265 2841 πληθυνεῖ
3284 2766 3478 2834 ἐαυτῷ

1892 2871 2098 2925 ἵππον.
2125 2869 2248 2924 Non
2263 2867 2638 2938 multiplicabit
2670 2850 2771 2920 sibi
2792 2880 3002 2936 equum,
3036 2864 3142 2918 hoc
3163 2870 3247 2917 est
3266 2860 3476 2929 equita-

1894 2970 2053 3027 tum,
2118 2969 2179 3016 ιιι
2255 2957 2479 3029 exponit
2533 2959 2592 3013 S.
2651 2956 2989 3029 Augustinus
3060 2954 3115 3010 in
3166 2949 3473 3007 Locutioni-

181 3048 282 3109 tis.
316 3063 446 3119 qua:
482 3048 754 3114 omittam,
790 3050 933 3116 quod
980 3051 1185 3116 omnia,
1213 3066 1335 3120 quae
1364 3060 1610 3107 correcta
1636 3062 1783 3120 sunt,
1810 3096 1854 3155 ο
1897 3052 2013 3106 bus.
2079 3051 2254 3108 Aliter
2291 3050 2457 3106 etiam
2510 3048 2703 3105 extulit
2759 3044 3107 3155 Procopium.
3142 3041 3218 3155 gi;
3271 3038 3479 3155 τξλτίθυ-

184 3153 429 3196 necesse
455 3155 564 3197 non
593 3140 666 3194 sit
697 3139 962 3195 indicare.
1011 3140 1182 3198 Porro
1211 3143 1446 3198 similem
1493 3145 1545 3198 in
1600 3138 1786 3213 super-

180 3225 442 3282 stitiosos
478 3226 646 3281 habes
693 3228 996 3283 orationem
1036 3238 1092 3284 et
1118 3231 1380 3286 adversus
1408 3233 1598 3288 omnia
1645 3235 1787 3302 apud

185 3315 536 3398 Ciceronem,
566 3317 697 3372 lib.t
725 3316 805 3372 De
830 3319 1172 3387 divinatione,
1207 3322 1307 3377 sub
1345 3323 1534 3390 finem,
1557 3334 1612 3380 et
1633 3325 1791 3394 paulo

185 3419 316 3475 post
338 3410 555 3463 initium
584 3410 707 3465 libri
738 3426 777 3465 tt
814 3428 828 3464 :
863 3430 882 3462 ι
919 3410 1176 3468 Crassum
1211 3431 1317 3470 non
1367 3415 1537 3472 fuisse
1584 3419 1791 3487 peritu-

191 3511 339 3563 rum,
365 3498 413 3553 si
436 3498 603 3553 omini
635 3500 943 3570 paruisset;
971 3518 1093 3571 quae
1122 3505 1165 3558 si
1216 3506 1603 3574 suscipiamus,
1638 3509 1791 3576 pedis

188 3588 429 3645 offensio
481 3591 661 3655 nobis,
706 3601 762 3648 et
797 3594 1053 3662 abruptio
1097 3597 1369 3666 corrigiae,
1425 3606 1486 3653 et
1519 3608 1794 3655 sternuta-

193 3692 388 3737 menta
413 3692 573 3737 erunt
601 3683 964 3741 observanda.
993 3704 1013 3738 ι
1064 3686 1133 3741 Et
1165 3689 1310 3757 quod
1341 3688 1419 3744 ait
1448 3689 1698 3758 Basilius,
1722 3693 1792 3749 ob

194 3772 438 3841 inopiam
458 3772 563 3827 sibi
604 3773 925 3844 plerumque
954 3774 1139 3846 lugere
1177 3791 1322 3838 aves,
1372 3794 1478 3833 non
1503 3788 1563 3833 ut
1592 3780 1792 3851 aliquid

193 3865 328 3919 mali
353 3864 704 3933 proteudant,
736 3864 914 3920 simile
934 3875 1019 3920 est
1045 3866 1124 3921 illi
1154 3870 1620 3939 apephthegmati,
1650 3872 1793 3941 quod

196 3955 371 4011 refert
399 3955 543 4009 idem
575 3954 791 4022 Cicero,
829 3955 963 4011 lib.t
989 3955 1065 4010 De
1085 3956 1440 4013 divinatione:
1469 3958 1638 4015 «Cum
1671 3960 1795 4015 Fla-

199 4050 408 4105 minius
445 4049 635 4104 consul
664 4058 855 4105 contra
892 4050 1212 4106 Annibalem
1266 4051 1505 4122 legiones
1547 4054 1791 4119 duceret,

201 4155 267 4197 ex
288 4142 524 4214 pullario
553 4142 825 4213 quaesivit,
861 4144 909 4198 si
938 4142 1068 4212 pulli
1111 4158 1216 4197 non
1251 4152 1626 4213 pascerentur,
1662 4146 1794 4215 quid

200 4230 514 4290 faciendum
550 4241 797 4288 censeret
826 4249 842 4299 ;
873 4248 997 4289 cum
1025 4233 1114 4289 ille
1150 4236 1545 4304 quiescendum
1571 4252 1796 4307 respon-

203 4326 400 4390 disset,
451 4325 779 4391 Flaminius,
806 4326 1080 4382 Praeclara
1133 4340 1266 4381 vero
1311 4328 1579 4398 auspicia,
1606 4329 1651 4384 si
1672 4344 1797 4383 esu-

1893 3146 2026 3210 νεῖς,
2087 3163 2107 3196 ι
2158 3158 2273 3199 non
2332 3140 2737 3212 multiplicabis.
2783 3157 2803 3191 ι
2863 3136 3033 3192 Paulo
3093 3135 3234 3190 infra
3291 3132 3478 3203 ἐπίμι-

1893 3254 2047 3304 κτον,
2084 3255 2104 3288 ‹
2144 3233 2552 3291 miscellaneum
2583 3241 2638 3287 et
2660 3230 2952 3303 promiscui
2986 3226 3208 3283 seminis
3233 3245 3252 3277 ι
3282 3223 3475 3286 vertit;

1893 3343 1996 3383 vox
2050 3327 2275 3383 Hebraea
2337 3325 2620 3382 subtemen
2670 3332 2725 3377 et
2779 3331 3008 3375 tramam
3063 3316 3353 3389 significat,
3388 3325 3473 3368 at-

1893 3431 1999 3486 que
2055 3416 2220 3470 etiam
2275 3414 2469 3484 vulgus
2533 3411 2944 3482 promiscuum,
3012 3406 3363 3479 quamobrem
3422 3414 3482 3461 et

1895 3507 2062 3562 Exodi
2104 3521 2206 3571 xu,
2238 3505 2329 3573 58,
2364 3505 2461 3559 καὶ
2486 3503 2796 3572 ἐπίμικτος
2829 3499 3024 3566 πολὺς
3049 3496 3352 3565 συνανέϐη
3372 3496 3479 3552 αὐ.

1894 3598 2040 3666 τοῖς,
2072 3607 2122 3652 et
2144 3598 2447 3652 commistus
2462 3594 2659 3649 multus
2689 3593 2922 3647 ascendit
2950 3605 3069 3644 cum
3089 3589 3192 3653 eis,
3209 3587 3298 3641 ubi
3319 3585 3478 3641 Chal-

1896 3691 2042 3745 daeus
2071 3694 2479 3760 paraphrastes,
2520 3703 2538 3736 ι
2576 3681 2821 3739 extranei
2854 3679 3032 3746 multi,
3059 3679 3151 3748 qui
3188 3692 3295 3731 non
3318 3683 3479 3731 erant

1898 3777 2205 3837 lsraelitici.
2242 3799 2262 3831 ι
2298 3779 2439 3835 Sunt
2459 3778 2549 3847 qui
2578 3775 2883 3845 intelligant
2912 3771 3195 3845 Egyptios
3222 3770 3289 3824 ad
3317 3768 3476 3823 fidem

1901 3886 2192 3929 conversos
2218 3870 2377 3925 unius
2401 3868 2519 3924 Dei.

1965 3962 2079 4018 Col.
2114 3962 2220 4017 :34
2249 3962 2292 4016 A
2321 3961 2375 4017 8.
2420 3960 2617 4016 Odiosa
2664 3967 2893 4031 spectac.
2944 3955 3246 4026 Legebatur
3293 3958 3479 4013 antea,

1904 4074 1922 4107 ι
1957 4054 2173 4111 fastidio
2221 4063 2367 4120 sunt,
2425 4068 2490 4108 ac
2531 4053 2791 4116 vitantur,
2841 4065 2941 4105 ceu
2997 4042 3478 4118 spectaculoindi-

1895 4149 2007 4219 gni,
2031 4148 2186 4218 quasi
2216 4147 2646 4202 excrementitiae
2695 4152 2875 4214 erupt.
2914 4161 2933 4195 ›
2971 4142 3041 4195 At
3092 4139 3178 4195 hic
3217 4136 3478 4209 ἐντρέπε-

1899 4239 2025 4293 σθαι
2056 4239 2278 4295 verbum
2323 4248 2407 4293 est
2437 4239 2696 4304 medium,
2750 4251 2856 4291 non
2889 4233 3183 4304 passivum.
3212 4228 3478 4285 Cancrum

1902 4331 2044 4402 quod
2070 4330 2158 4385 hic
2191 4330 2352 4386 docet
2375 4341 2584 4393 auctor,
2613 4327 2894 4401 βδέλυγμα
2937 4325 3115 4380 solere
3141 4320 3479 4391 Scripturam

205 4417 477 4473 rientibus
513 4417 673 4485 pullis
723 4432 813 4473 res
856 4419 968 4489 geri
1011 4418 1251 4487 poterit,
1285 4420 1488 4474 saturis
1522 4419 1654 4474 nihil
1707 4435 1794 4491 ge-

1905 4424 2045 4480 idola
2094 4436 2311 4489 vocare,
2349 4423 2673 4477 conﬁrmant
2718 4417 2885 4485 LXX,
2930 4432 3051 4472 cum
3083 4412 3361 4467 Hebraaam
3400 4411 3482 4464 di-

207 4523 381 4568 retur.
426 4531 448 4565 ι
486 4512 623 4567 Vide
651 4511 815 4567 etiam
868 4511 1218 4567 Plutarchum
1265 4512 1407 4580 Περὶ
1439 4511 1800 4582 δεισιδαιμο-

209 4605 377 4659 νίας.

429 4693 544 4748 250
579 4695 619 4749 Ι)
646 4694 702 4749 2.
727 4694 863 4750 Cum
899 4693 1199 4749 sceleratos.
1247 4693 1305 4748 In
1346 4694 1590 4763 margine
1619 4710 1794 4749 anno-

1900 4516 2133 4571 ctionem
2186 4496 2317 4574 ὅθί-»ξ
2362 4528 2465 4581 qua
2493 4513 2581 4567 hic
2634 4524 2764 4565 usus
2824 4517 2908 4564 est
2957 4506 3217 4576 propheta
3247 4517 3366 4556 cum
3399 4501 3482 4554 di-

1899 4608 1998 4675 xit,
2050 4625 2069 4658 ι
2119 4613 2320 4660 terram
2386 4600 2878 4657 abominationibus
2935 4596 3211 4659 refertam,
3260 4611 3278 4643 ι
3347 4606 3472 4645 ver-

1910 4703 2027 4749 tunt
2085 4693 2309 4748 Levitic.
2354 4707 2471 4755 XIX,
2514 4691 2549 4744 4
2595 4709 2609 4744 :
2657 4688 2898 4750 εἴδωλα,
2961 4682 3105 4737 idola
3133 4698 3152 4736 :
3203 4683 3325 4735 Οὐκ
3372 4678 3478 4732 ἐπ-

215 4793 357 4838 tarat
388 4783 711 4841 Tilmannus
747 4799 829 4852 se,
861 4799 960 4855 pro
1014 4783 1181 4837 πολιὰ
1235 4782 1356 4853 ἔθη,
1401 4784 1579 4854 legere
1623 4783 1794 4837 πολλὰ

1900 4783 2344 4852 ακολουθήσετε
2407 4780 2695 4848 εἰδώλοις·
2724 4778 2847 4833 Non
2872 4776 3157 4844 sequemini
3194 4774 3371 4837 idola;
3419 4781 3476 4825 et

214 4874 363 4945 ἔθνη,
410 4893 431 4926 ι
458 4889 581 4930 cum
626 4875 831 4931 multas
864 4883 1072 4946 gentes,
1103 4885 1159 4929 et
1190 4875 1507 4943 improbatis
1548 4876 1794 4953 moribus

1900 4879 2092 4948 psalm.
2145 4892 2295 4940 xcw,
2359 4876 2390 4929 7
2431 4893 2447 4930 :
2518 4877 2581 4928 Oi
2638 4869 3080 4943 ἐγκαυχώμενοι
3132 4866 3262 4932 τοῖς
3317 4864 3481 4920 εἰδὼ-

215 4974 465 5021 assuetas
495 4967 860 5037 excepissent,
890 4966 1171 5037 elegerunt
1194 4966 1491 5021 secundum
1521 4981 1667 5031 eas,»
1689 4975 1793 5021 etc.
1891 4972 2023 5034 λοις
2055 4982 2069 4997 ο
2098 4967 2205 5033 Qui
2253 4967 2552 5036 gloriantur
2576 4964 2629 5016 in
2656 4962 2977 5016 simulacris.
3013 4958 3436 5028 Chrysostomns
3458 4994 3475 5019 ,

216 5060 283 5112 At
306 5057 359 5111 in
394 5055 462 5110 Β.
495 5065 553 5111 et
603 5056 648 5111 Ι.
683 5058 950 5129 scriptum
986 5057 1335 5124 offendimus,
1373 5065 1434 5111 ut
1474 5058 1640 5114 habet
1671 5074 1794 5128 apo-

1900 5062 1946 5113 in
1989 5074 2030 5113 tt
2078 5057 2208 5123 Isa.,
2239 5073 2292 5127 p.
2323 5055 2427 5110 677
2449 5073 2463 5109 :
2484 5055 2768 5126 Βδέλυγμα
2790 5052 2848 5106 δὲ
2882 5051 3078 5105 εἴωθεν
3110 5051 3145 5120 ἡ
3172 5047 3363 5120 Γραφὴ
3394 5064 3488 5100 κα-

218 5150 483 5220 graphum
526 5150 739 5221 Anglic.
767 5161 824 5207 et
873 5150 1122 5221 Procopii
1169 5158 1354 5205 textus
1397 5163 1451 5218 p.
1490 5149 1578 5215 48,
1632 5161 1794 5220 atque

1900 5151 2008 5204 λεῖν
2036 5149 2112 5204 τὰ
2149 5148 2374 5203 εἴδωλω
2407 5147 2659 5203 ἐντεῦθεν
2702 5144 2796 5200 καὶ
2841 5143 3121 5215 βδέλυγμα
3151 5137 3487 5212 ἐρημώσεως

220 5243 389 5312 ipsius
413 5241 707 5311 interpres,
738 5244 879 5314 apud
907 5258 1069 5313 quem
1118 5241 1297 5310 aptius
1334 5240 1565 5296 fortasse
1597 5240 1687 5295 illa
1720 5243 1794 5296 sic

1900 5241 2110 5311 λέγεται
2133 5242 2162 5293 ὁ
2182 5239 2409 5312 ἀνδριὰς
2434 5242 2463 5293 ὁ
2490 5239 2584 5292 ἐπὶ
2606 5238 2702 5291 τοῦ
2726 5234 2858 5291 ναοῦ
2888 5232 3080 5296 ἑστώς
3129 5253 3147 5284 ι
3178 5231 3321 5287 Sane
3344 5230 3488 5284 Scri-

220 5341 421 5398 vertes,
481 5332 579 5385 καὶ
626 5332 788 5396 εὐθὺς
803 5335 868 5386 ὲκ
895 5332 1164 5402 γενέσεως
1192 5328 1450 5401 ἀλλότρια
1476 5329 1683 5398 γίνεται
1705 5331 1794 5384 τοῦ

1901 5343 2058 5403 ptura
2095 5348 2194 5402 pro
2235 5347 2385 5387 more
2422 5346 2522 5387 suo
2573 5330 2712 5385 idola
2771 5336 2935 5383 vocat
2976 5322 3480 5380 abominationem:

223 5422 380 5489 Θεοῦ,
438 5441 459 5475 ι
502 5425 796 5495 statimque
827 5424 897 5480 ab
941 5425 1058 5494 ipsa
1092 5422 1377 5478 nativitate
1425 5421 1582 5477 alieni
1619 5439 1650 5477 a
1692 5424 1800 5480 Deo
1903 5426 2024 5479 hinc
2060 5423 2397 5479 abominatio
2452 5419 2807 5476 desolationis
2847 5417 3046 5472 dicitur
3097 5422 3301 5479 statua,
3362 5424 3484 5481 qua:

225 5515 553 5581 eﬂiciuntur,
620 5528 677 5572 et
727 5516 1048 5585 alienigena:
1104 5513 1463 5584 appellantur.
1507 5533 1525 5565 ι
1592 5511 1797 5569 Rursus
1900 5514 2082 5567 statin
2113 5512 2332 5579 templo,
2379 5530 2397 5561 ι
2433 5509 2623 5564 Matth.
2660 5523 2808 5573 xxtv,
2848 5506 2935 5561 15.

227 5609 363 5661 idem
386 5607 657 5678 interpres
689 5606 869 5662 Basilii
891 5608 947 5661 in
971 5606 1214 5676 margine
1241 5604 1595 5659 admonuerat
1627 5618 1683 5657 se
1701 5619 1794 5673 pro

1940 5606 2085 5659 -Co|.
2118 5604 2224 5658 257
2258 5604 2298 5654 Β
2337 5604 2390 5656 5.
2445 5601 2559 5655 Καὶ
2614 5598 2877 5667 δήξεται.
2942 5593 3362 5651 Emendavimns
3414 5605 3480 5645 ex

228 5701 325 5772 τῆς
366 5699 545 5773 ψυχῆς
577 5699 842 5772 conjicere
885 5699 1165 5772 legendum
1203 5697 1386 5753 forsan
1431 5696 1655 5762 κοιλίας,
1703 5708 1794 5752 aut

1901 5707 2046 5753 textu
2077 5697 2350 5764 propheta)
2388 5693 2632 5767 δήξεται.
2686 5700 2844 5762 prout
2891 5696 3006 5745 erat
3051 5687 3215 5742 etiam
3248 5686 3301 5740 in
3327 5681 3391 5739 Ii.
3429 5690 3484 5736 et
