3816 6210
400 327 537 384 1087

1594 328 1811 385 moras
1854 324 2244 386 PRONTONIS
2280 328 2513 401 arma

3517 324 3647 379 {033

395 442 438 498 Ι.
481 442 738 501 Mendose
784 441 995 513 Anglic.
1038 441 1271 506 δέξεται,
1312 461 1330 491 ι
1369 440 1648 511 suscipiet,
1686 462 1703 493 ›
1738 444 1972 510 itemque
2001 443 2048 498 Α
2080 430 2422 509 prudentem,
2463 463 2481 495 ι
2548 444 2686 510 quod
2714 441 2945 495 fortasse
2986 457 3038 494 In
3084 439 3390 511 apographo
3436 438 3653 506 legisset

396 533 459 591 F.
494 534 744 599 δείξςται,
774 552 793 586 ι
813 535 1080 589 ostendet.
1110 551 1128 584 ι
1154 533 1285 586 Item
1316 532 1474 600 paulo
1498 533 1968 601 postscripsimns,

402 646 424 681 ε
458 629 559 681 hoc
589 637 689 689 est,
716 626 770 680 in
804 625 1034 680 solidum
1076 623 1503 689 ﬁrmamentum,
1545 643 1565 676 ι
1596 636 1692 695 pro
1718 624 1822 678 illis
1851 639 1971 678 ver-

395 719 481 774 bis
514 719 841 789 interpretis,
873 736 893 771 ‹
927 718 1030 772 hoc
1063 727 1165 784 est,
1203 730 1264 770 se
1297 717 1643 771 substernant
1674 716 1846 770 solido
1880 714 1973 768 lir-

398 818 668 864 Inamcnto
693 809 837 863 fidei.
882 827 902 861 ι
938 808 1212 862 Mutuatus
1252 816 1339 860 est
1360 807 1463 861 hoc
1489 809 1556 859 ab
1580 805 1840 874 Apostolo
1870 804 1972 858 Co-

397 900 625 955 lossens.
655 917 716 965 II,
746 901 779 956 5
807 921 819 956 :
850 901 963 955 Καὶ
1003 901 1063 954 τὸ
1079 901 1366 971 στερέωμα
1384 903 1484 972 τῆς
1515 901 1594 963 εἰς
1623 898 1856 969 Χριστὸν
1879 897 1971 950 πί-

397 1008 566 1056 στεως
592 994 768 1065 ὑμῶν’
808 1013 827 1045 ι
863 995 924 1047 Et
948 994 1345 1049 ﬁrmamentum
1373 992 1507 1063 ejus,
1532 1009 1651 1063 qua:
1674 994 1726 1047 in
1758 993 1974 1047 Chrism

398 1092 500 1147 est,
527 1084 645 1153 fidei
680 1092 892 1137 vestrae.
935 1103 955 1137 ι

468 1172 603 1243 Ibid.
633 1174 672 1229 C
704 1175 755 1228 5.
792 1173 1100 1243 Leporibus.
1130 1175 1502 1245 Expunximus
1525 1190 1709 1231 vocem
1741 1194 1761 1227 ι
1796 1176 1975 1229 erina-

397 1265 510 1321 ceis
541 1286 560 1318 ι
614 1267 740 1320 huic
780 1267 1096 1335 praefixam:
1151 1266 1278 1322 licet
1304 1268 1355 1321 in
1396 1268 1564 1322 veteri
1601 1267 1863 1322 Psalterio
1919 1279 1972 1323 et

399 1358 538 1427 apud
586 1356 645 1411 S.
686 1358 1051 1426 Augustinum
1080 1360 1288 1427 psalmo
1313 1375 1505 1425 CLXIII,
1548 1360 1634 1423 18,
1684 1369 1974 1427 tttrumque

399 1449 684 1515 habeatur,
733 1468 751 1501 ‹
786 1459 937 1517 petra
978 1451 1244 1518 refugium
1285 1449 1508 1505 hericiis
1540 1459 1596 1504 et
1629 1450 1922 1518 leporibus.
1950 1469 1968 1502 ι

397 1541 466 1593 At
518 1538 664 1592 LXX
717 1543 1057 1609 scripserunt
1115 1551 1321 1595 tantum
1361 1540 1636 1611 λαγωοῖς,
1685 1539 1973 1610 leporibus,

397 1646 504 1685 non
544 1633 1042 1701 χοιροῃουλλίοις,
1096 1633 1394 1697 erinaceis;
1447 1643 1505 1686 ut
1564 1641 1791 1687 testatur
1851 1633 1977 1686 Ilie-

401 1735 658 1789 ronymus
703 1723 753 1774 in
785 1722 1021 1789 Epistula
1048 1724 1113 1777 ad
1141 1722 1365 1776 Suuiam
1397 1733 1450 1777 et
1480 1723 1680 1777 Fretel.
1715 1725 1874 1779 Certe
1918 1724 1970 1776 in

2080 532 2351 602 interpres
2384 535 2625 605 ἀνοήτῳ,
2658 549 2754 599 pro
2797 534 3061 605 ἁνονήτῳ,
3095 534 3236 602 quod
3268 532 3334 586 F.
3365 530 3431 584 Η.
3466 540 3524 584 et
3564 530 3654 584 alii

2078 638 2211 677 mss.
2252 635 2565 678 constanter
2583 623 2875 692 praeferunt
2909 645 2921 679 :
2956 635 3013 675 at
3049 628 3101 674 in
3134 636 3293 676 versu
3314 619 3506 688 psalmi
3534 631 3654 683 cut,

2076 713 2163 779 l6,
2206 713 2366 778 ξύλα
2417 716 2640 783 Kvplov
2670 715 2801 783 legit
2841 713 2928 778 F.,
2981 722 3309 782 quapropter
3337 709 3658 763 Tilmannus

2073 809 2316 861 ediderat
2339 809 2481 878 ligna
2510 808 2744 872 Domini,
2770 822 2875 874 quo
2891 816 3049 874 pacto
3075 805 3237 859 etiam
3270 800 3657 873 Symmachus,

2074 900 2261 968 quinta
2287 910 2340 954 et
2380 910 2535 954 sexta
2576 900 2746 954 editio
2774 901 3053 952 verterunt
3080 915 3096 951 :
3132 897 3254 966 quia
3298 906 3480 949 tamen
3510 891 3581 945 H.
3612 889 3657 946 Ι.

2077 1001 2131 1046 et
2193 990 2487 1061 Procopius
2533 994 2734 1047 habent
2776 991 3025 1054 πεδίου,
3073 988 3277 1054 campi,
3337 1002 3463 1040 cum
3522 983 3661 1039 Vul-

2074 1094 2198 1150 gata
2237 1085 2422 1139 Latina
2464 1085 2544 1138 sic
2599 1084 3018 1136 immutavimus.
3072 1079 3262 1147 Aquila
3310 1085 3368 1130 et
3400 1076 3663 1130 Theodo-

2076 1176 2151 1228 tio
2184 1186 2470 1244 utrumque
2494 1174 2725 1241 amplexi
2777 1180 2920 1235 sunt,
2952 1170 3111 1235 ξύλα
3154 1166 3261 1221 τοῦ
3299 1165 3514 1220 πεδίου
3536 1169 3666 1220 Κυ-

2065 1267 2226 1334 ρίου,
2248 1266 2389 1333 ligna
2414 1267 2579 1333 campi
2608 1265 2835 1319 Domini.

2145 1359 2262 1414 Col.
2288 1358 2391 1412 267
2411 1357 2452 1410 Β
2478 1359 2565 1413 Η.
2594 1357 2952 1412 Consuetudo.
2981 1353 3151 1426 Κοινή
3186 1352 3347 1416 dixit,
3377 1366 3487 1407 non
3536 1366 3672 1405 και-

2074 1449 2162 1518 νή,
2197 1457 2256 1501 ut
2288 1450 2577 1516 interpres,
2625 1465 2645 1497 ‹
2673 1444 3121 1499 consuetudinem
3165 1443 3389 1511 insuper
3436 1441 3665 1495 vivend-

2075 1541 2316 1595 novitate
2370 1541 2731 1606 echgitatam
2765 1537 2975 1591 confert
3005 1535 3252 1603 quercui.
3293 1551 3312 1585 ι
3355 1532 3469 1587 lmo
3494 1543 3559 1585 ut
3589 1532 3669 1581 ait

2076 1635 2400 1703 Procopius,
2452 1633 2689 1704 σκληρὸν
2748 1629 2880 1703 ἦθος
2950 1628 3101 1702 δηλοί
3161 1629 3257 1682 καὶ
3322 1626 3622 1681 ἀντίτυπον
3647 1662 3668 1686 ,

2076 1729 2206 1790 τοὺς
2240 1726 2297 1779 δὲ
2324 1724 2599 1787 τοιούτους
2652 1723 2744 1776 καὶ
2768 1725 2801 1793 ἠ
2857 1723 3010 1792 κοινὴ
3048 1721 3303 1793 συνήθεια
3331 1714 3668 1788 παρεικάζει

396 1814 648 1866 omnilms
674 1812 855 1867 Basilii
882 1828 1011 1867 mss.
1034 1814 1311 1868 codicibus
1325 1814 1559 1884 λαγωοῖς
1586 1824 1792 1867 tantum
1818 1824 1967 1868 erat:

2083 1819 2217 1892 δρυῒ·
2257 1837 2278 1871 ι
2318 1817 2490 1886 Ipsam
2526 1831 2737 1869 morum
2780 1814 3031 1869 duritiem
3075 1812 3550 1881 pervicaciamque
3584 1809 3670 1861 si—

399 1903 493 1956 sed
528 1902 578 1953 in
625 1902 685 1956 F.
718 1903 877 1970 paulo
912 1913 1035 1971 post
1068 1904 1374 1974 legebatur,
1405 1914 1462 1957 ut
1490 1920 1751 1960 excusum
1793 1912 1876 1958 est
1896 1903 1972 1975 τῷ

398 1990 622 2063 καθαρῷ
650 1994 1003 2064 πρόσκαιρον,
1030 2013 1048 2045 ι
1068 1995 1117 2049 ei
1140 1995 1229 2063 qui
1255 2012 1421 2064 purus
1443 2007 1526 2051 est
1552 2005 1967 2066 opportunum,»

398 2086 509 2140 sive
538 2105 557 2137 (
587 2088 933 2152 conveniens,
974 2106 992 2138 ι
1024 2103 1131 2141 non
1168 2105 1185 2138 ι
1226 2085 1537 2157 sull'ugium,
1577 2106 1596 2139 ι
1629 2098 1687 2141 ut
1718 2088 1864 2141 addit
1888 2088 1973 2141 in-

401 2185 640 2245 terpres;
678 2192 851 2246 neque
904 2179 1049 2233 enim
1088 2180 1379 2251 καταφυγή
1426 2190 1551 2248 apte
1597 2179 1747 2248 iungi
1800 2186 1976 2248 potest

399 2283 517 2322 cum
555 2270 793 2338 epitheto
821 2270 1183 2340 πρόσκαιρον,
1213 2272 1306 2324 sed
1342 2271 1407 2324 ad
1438 2270 1500 2323 τὸ
1527 2272 1652 2341 μέλι
1681 2272 1856 2340 potius
1887 2285 1975 2324 re-

402 2357 531 2412 ferri
564 2361 786 2426 ptllt‘l'li,
817 2363 899 2413 vel
934 2371 1084 2415 certe
1124 2369 1182 2413 ut
1207 2361 1466 2431 scriptum
1490 2363 1648 2415 estin
1680 2362 1858 2431 Angl.,
1895 2361 1975 2432 τῷ

398 2451 623 2522 καθαρῷ
654 2452 983 2523 πρόσκορον,
1014 2453 1099 2506 vel
1124 2464 1179 2507 ut
1204 2455 1255 2507 in
1285 2454 1347 2507 Η.
1372 2453 1480 2508 etl.
1500 2456 1561 2506 τὸ
1582 2453 1821 2524 καθαρὸν
1839 2454 1975 2523 πρὸς

398 2540 581 2611 κόρον,
621 2560 640 2591 r
672 2557 863 2609 purum
913 2544 978 2595 ad
1006 2544 1339 2607 satietatem,
1367 2562 1385 2594 ι
1420 2544 1582 2598 sicut
1615 2544 1851 2597 insertus
1894 2545 1975 2598 vi-

399 2630 592 2683 deatur
637 2631 789 2686 locus
838 2632 1028 2701 psalmi
1061 2648 1182 2697 Clll,
1234 2652 1252 2684 ι
1285 2633 1444 2687 Petra
1497 2633 1761 2703 refugium
1795 2636 1974 2689 crina-

398 2722 541 2786 ceis;
582 2739 602 2772 ι
645 2736 765 2774 eum
800 2722 865 2775 ad
891 2722 1053 2775 alium
1080 2724 1259 2791 potius
1280 2722 1494 2775 Davidis
1523 2722 1694 2774 locum
1731 2723 1833 2776 hoc
1854 2738 1977 2789 spe.

398 2822 591 2876 claret,
615 2813 704 2866 ubi
733 2814 931 2867 dicitur
968 2829 1103 2883 puro
1123 2815 1279 2869 melle
1310 2815 1374 2867 ad
1395 2814 1698 2868 satietatem
1748 2814 1974 2882 populus

398 2915 580 2972 pastus
609 2919 759 2969 esse,
795 2906 929 2975 psal.
959 2921 1121 2969 Lxxx,
1160 2908 1223 2960 1⁵1
1263 2925 1276 2962 :
1311 2909 1420 2961 Kal
1468 2908 1536 2961 ἐκ
1582 2908 1803 2976 πέτρας
1833 2910 1975 2977 μέλι

394 2996 726 3065 ἑχόρτασεν
753 2999 997 3065 αὐτούς·
1023 2997 1092 3051 Et
1115 3000 1177 3051 de
1197 3008 1345 3066 petra
1380 3000 1530 3053 melle
1570 3002 1825 3054 saturavit
1863 3017 1971 3054 eos.

375 3088 506 3144 'Ncc
536 3089 636 3144 fuit
662 3107 847 3157 causa,
874 3107 974 3145 cur
1006 3093 1225 3145 adderet
1252 3102 1438 3161 postea
1468 3107 1653 3145 vocem
1688 3110 1708 3143 ε
1744 3109 1917 3163 reges,
1946 3112 1965 3145 ι

397 3198 517 3235 eum
565 3182 775 3254 Moyses
815 3185 1013 3237 dixerit
1058 3192 1284 3251 tanturn,
1324 3184 1616 3238 Deuteron.
1661 3201 1832 3246 xxx",
1871 3186 1967 3239 l5:

408 3273 748 3339 Ἐθήλασαν
763 3275 904 3343 μέλι
921 3276 989 3328 ἐκ
1019 3275 1258 3344 πέτρας,
1284 3275 1381 3329 καὶ
1409 3275 1617 3330 ἔλαιον
1634 3278 1702 3330 ἐκ
1727 3274 1974 3346 στερεᾶς

396 3359 635 3429 πέτρας·
670 3362 939 3417 διιπεηιηι
964 3363 1063 3417 mel
1119 3366 1183 3419 de
1236 3376 1406 3435 petra,
1447 3376 1494 3419 et
1545 3367 1713 3420 oleum
1743 3368 1808 3419 de
1844 3383 1973 3421 saxo

396 3460 551 3506 duro.

466 3543 584 3599 Col.
611 3545 716 3600 260
746 3549 789 3600 Α
824 3547 879 3601 7.
912 3549 981 3602 Ἦ
1007 3550 1039 3601 ό
1063 3547 1163 3601 διὰ
1176 3548 1651 3617 μετριοπάθειαν.
1677 3548 1786 3603 lloc
1804 3563 1972 3602 mem-

393 3636 552 3693 brum
602 3639 791 3693 aberat
818 3655 850 3694 a
891 3638 978 3707 F.,
1017 3655 1174 3709 quam
1230 3641 1298 3694 ob
1328 3655 1544 3695 causam
1586 3642 1654 3693 ab
1686 3643 1976 3708 interprete

396 3729 658 3784 omissum
695 3729 815 3798 fuit,
849 3734 943 3786 sed
972 3732 1027 3785 in
1074 3732 1357 3797 Anglican.
1392 3731 1457 3785 ll.
1487 3742 1541 3786 et
1574 3733 1612 3786 1.
1656 3735 1939 3801 reperitur.

469 3819 585 3874 Col.
614 3823 720 3876 26?.
746 3822 785 3876 C
821 3824 873 3876 l.
912 3822 997 3877 Ea:
1020 3824 1099 3876 his
1138 3825 1305 3877 verbis
1338 3825 1753 3878 contumeliosis.
1790 3824 1971 3877 Mutila

397 3924 517 3967 erat
558 3915 671 3969 hare
698 3915 949 3985 periodus
993 3916 1046 3970 in
1085 3916 1250 3985 Regio
1292 3916 1378 3983 F.,
1419 3932 1526 3985 quo
1557 3917 1756 3971 factum
1780 3928 1882 3979 est,
1916 3929 1974 3972 ut

401 4020 649 4060 mancam
675 4007 840 4060 etiam
868 4008 1363 4076 interpretationem
1394 4010 1681 4077 pepererit,
1705 4024 1866 4076 quam
1892 4025 1976 4063 re-

401 4098 695 4165 stituimus,
741 4101 793 4152 ni
841 4100 1019 4163 fallor,
1072 4102 1137 4154 ad
1171 4111 1406 4154 mentem
1455 4103 1712 4155 auctoris.
1743 4101 1973 4155 Tantum

398 4190 541 4241 enim
562 4200 678 4243 erat
700 4190 872 4261 ἀρχὴν
906 4191 1042 4263 πρὸς
1078 4192 1140 4244 τὸ
1167 4191 1674 4262 ὑπερηφανεύεσθαι
1705 4193 1813 4245 τῶν
1845 4192 1974 4245 πολ-

395 4275 525 4330 λῶν.
572 4278 675 4332 Sed
699 4288 754 4331 et
799 4280 847 4331 in
884 4278 1052 4346 Regio
1088 4280 1152 4334 ΙΙ.
1193 4297 1291 4350 pro
1319 4282 1656 4352 ὑποφέρεται
1698 4283 1976 4352 legebatur

397 4368 787 4443 ὑπερφέρεται.
824 4368 1096 4438 lnterprcs
1132 4372 1481 4440 iuscripserat
1512 4388 1527 4424 :
1570 4391 1590 4423 ι
1628 4370 1795 4425 Suum
1824 4376 1974 4442 prin—

2078 1911 2296 1982 gnilicat
2327 1928 2340 1963 :
2375 1923 2481 1979 qua
2508 1906 2598 1976 qui
2640 1907 2850 1975 prtediti
2882 1913 3011 1960 sunt
3049 1903 3323 1959 communi
3357 1908 3667 1955 consuetu—

2076 2002 2202 2054 dine
2234 2015 2357 2054 cuIn
2409 2013 2613 2069 quercu
2657 2003 3064 2066 comparantur.
3112 2013 3133 2047 ι
3167 1992 3358 2049 Notum
3393 2000 3479 2046 est
3525 1988 3668 2044 illud

2077 2092 2422 2146 Homericum
2459 2089 2708 2143 Ὂδυσσ.
2736 2086 2801 2152 Τ,

2079 2186 2162 2238 Οὐ
2191 2183 2302 2253 τὰρ
2352 2180 2472 2237 ἀπὸ
2517 2180 2701 2249 δρυός
2741 2179 2884 2233 ἐσσι
2931 2169 3667 2314 παλαιφάέοῇἱ

2078 2343 2222 2399 Nam
2249 2360 2410 2413 neque
2443 2343 2663 2412 fatidica
2700 2358 2896 2413 quercu
2925 2348 3076 2394 satus
3107 2354 3183 2403 es,
3215 2352 3377 2406 neque
3398 2350 3552 2388 saxo.

2075 2459 2155 2512 Ad
2185 2459 2326 2527 quod
2357 2456 2538 2510 allusit
2562 2456 2716 2510 Plalo
2752 2454 2847 2508 lib.
2882 2470 2979 2507 vm
3013 2453 3086 2505 De
3108 2450 3374 2517 republica
3403 2463 3423 2501 :
3456 2448 3527 2499 Ἦ
3555 2445 3665 2499 ore:

2076 2551 2141 2602 ἐκ
2167 2549 2327 2619 δρυός
2362 2546 2545 2612 ποθεν,
2571 2547 2603 2617 ἢ
2635 2548 2700 2599 ὲκ
2725 2546 2931 2615 πέτρας
2963 2543 3061 2606 τὰς
3092 2541 3366 2604 πολιτείας
3386 2538 3663 2608 γίνεσθαι,

2076 2641 2190 2693 ἀλλ’
2223 2640 2343 2709 οὐχὶ
2369 2641 2433 2693 ἐκ
2453 2639 2562 2692 τῶν
2587 2637 2734 2708 ἠθῶν
2762 2637 2870 2689 τῶν
2892 2638 2950 2690 ὲν
2976 2638 3097 2699 ταῖς
3121 2634 3339 2697 nolent;
3372 2650 3392 2683 ι
3430 2632 3515 2684 An
3543 2632 3668 2684 exi-

2075 2733 2266 2786 stimas
2304 2749 2334 2785 e
2367 2746 2567 2799 quercu
2604 2730 2781 2798 aliqua
2820 2728 3150 2796 respublicas
3182 2725 3353 2788 nasci,
3394 2733 3490 2776 aut
3550 2736 3661 2777 non

2076 2826 2253 2894 purius
2281 2840 2345 2877 ex
2376 2823 2619 2877 moribus
2641 2838 2850 2888 eorum,
2887 2821 2976 2888 qui
3012 2822 3066 2873 in
3098 2818 3408 2873 civitatibus
3434 2830 3668 2869 versan-

2076 2913 2199 2966 tur?
2246 2932 2265 2964 ›
2303 2912 2519 2967 Profert
2578 2913 2700 2967 Des.
2757 2910 3015 2965 Erasmus
3065 2908 3286 2963 chiliad.
3335 2907 3391 2971 1,
3425 2915 3573 2961 cent.
3604 2905 3662 2968 8,

2073 3005 2322 3073 proverb.
2372 3005 2441 3057 87
2491 3022 2505 3059 :
2553 3023 2573 3054 ι
2611 3004 2684 3057 Ex
2750 3003 3059 3071 quercubus
3113 3001 3246 3063 nati,
3283 3018 3302 3050 ι
3336 3007 3393 3052 et
3463 2997 3664 3065 repetit

2073 3095 2288 3148 chiliad.
2315 3096 2367 3157 4,
2397 3104 2543 3149 cent.
2581 3095 2611 3145 7
2634 3134 2649 3156 ,
2685 3092 2933 3161 proverb.
2978 3091 3048 3147 96
3086 3107 3145 3142 ει
3187 3090 3300 3143 Non
3323 3103 3578 3157 equercu
3609 3097 3665 3142 et

2075 3200 2226 3244 saxo.
2265 3205 2284 3237 ι
2322 3187 2459 3238 ἰιινηι
2504 3186 2778 3245 Erasmus,
2808 3179 3335 3246 immemor’eorurp,
3365 3196 3488 3250 quae
3515 3180 3659 3234 scri-

2075 3290 2277 3347 pserat,
2314 3278 2427 3329 sive
2457 3277 2578 3343 quis
2603 3275 2766 3337 alius,
2802 3272 2957 3339 cujus
2986 3273 3073 3326 ille
3094 3288 3256 3341 opera
3297 3272 3558 3325 utebatur
3592 3271 3661 3323 ad

2077 3368 2479 3437 prorerbiornm
2534 3366 2801 3419 chiliadas
2854 3364 3204 3433 colligendas.
3265 3362 3420 3430 Quod
3478 3371 3660 3415 autem

2077 3458 2220 3511 nullo
2253 3458 2488 3511 iudicato
2538 3466 2762 3509 auctore
2808 3453 2964 3519 citat,
3002 3471 3023 3505 ς
3067 3465 3123 3508 et
3165 3452 3300 3507 duro
3333 3452 3530 3507 robore
3564 3467 3665 3506 ua-

2078 3559 2181 3611 tos,
2220 3567 2238 3599 ι
2269 3558 2444 3601 estex
2476 3546 2723 3615 Virgilio,
2757 3562 2849 3600 νιιι
2878 3545 3098 3601 ίΕηείιΙ.
3132 3545 3261 3609 5H,
3298 3545 3444 3599 515:

2147 3637 2384 3705 Gensque
2414 3640 2579 3691 virum
2613 3641 2813 3692 truncis
2841 3648 2891 3692 et
2929 3640 3062 3691 duro
3087 3638 3270 3691 robore
3295 3646 3446 3703 nata,

2150 3710 2309 3772 Queis
2349 3726 2509 3777 neque
2532 3725 2644 3762 mos
2676 3727 2838 3780 neque
2870 3709 3045 3762 cultus
3072 3718 3303 3762 επακ...

2079 3799 2142 3852 Et
2167 3816 2235 3852 cx
2260 3797 2528 3863 Juvenali,
2560 3810 2742 3869 satyra
2769 3801 2837 3856 6:

2161 3891 2405 3945 Vivebant
2435 3892 2669 3946 homines
2696 3894 2785 3962 qui
2806 3901 2958 3962 rupto
2986 3893 3169 3946 robore
3187 3893 3322 3947 nati.

2146 4006 2261 4060 Col.
2309 4007 2417 4060 274
2446 4006 2488 4059 Β
2526 4007 2612 4060 15.
2649 4006 2718 4059 Et
2768 4021 2993 4060 omnem.
3043 4004 3154 4060 llas
3204 4003 3444 4073 quinque
3496 4014 3662 4058 voces

2075 4098 2333 4153 omiserat
2365 4099 2658 4167 interpres,
2685 4098 2779 4152 sed
2811 4107 3023 4165 recepta
3047 4095 3476 4164 lectione.quam
3499 4104 3661 4148 tuen-

2078 4201 2165 4242 tur
2200 4190 2265 4243 A.
2301 4189 2366 4244 Η.
2395 4189 2458 4255 l.,
2489 4191 2675 4243 verior
2704 4190 2914 4241 videtur
2938 4187 3026 4240 illa
3057 4186 3258 4242 codicis
3282 4185 3343 4243 F.
3382 4186 3482 4248 Ὅς
3505 4187 3657 4238 ἐστιν

2080 4280 2222 4351 ὑπὲρ
2252 4280 2430 4333 πάντα
2454 4278 2598 4333 νοῦν.
2627 4279 2760 4333 Ibid.
2790 4278 2829 4331 Ε
2871 4278 2926 4343 4,
2961 4276 3449 4347 ὲπιπεπλεγμένως
3472 4278 3655 4340 vertit,

2078 4372 2228 4440 quasi
2282 4380 2429 4425 esset
2460 4369 2819 4432 ἐπιπολαίως,
2877 4387 2895 4420 ι
2927 4368 3213 4438 superficie
3253 4377 3409 4422 tenus
3447 4368 3657 4421 denun-

395 4460 631 4528 cipatum
692 4460 935 4529 opponit,
981 4473 1037 4515 ut
1069 4475 1231 4529 supra
1278 4471 1503 4516 cmteros
1554 4463 1966 4530 conspiciatur:
2004 4476 2047 4531 ο
2078 4464 2177 4516 tiat
2210 4478 2369 4516 :cum
2394 4460 2787 4515 ὲπιπλέκεσθαι
2817 4461 2889 4513 sit
2930 4458 3216 4527 implicari,
3251 4458 3589 4528 permisceri.
3631 4479 3650 4511 ι

396 4551 557 4604 anxie
580 4553 878 4616 contendit,
904 4561 963 4605 ut
996 4553 1398 4622 superemineat
1434 4554 1636 4609 multis.
1670 4573 1687 4605 ι
1720 4555 1830 4608 Imo
1869 4557 1971 4611 hoc

397 4644 511 4696 vult
542 4641 794 4709 Basilius,
823 4644 1035 4698 initium
1065 4659 1284 4700 sumere
1311 4648 1620 4716 superbiam
1646 4649 1713 4702 ab
1744 4648 1969 4702 aliorum

398 4747 703 4800 contemptu
746 4754 759 4789 :
810 4738 953 4791 unde
1008 4736 1308 4807 Procopius
1342 4728 1718 4808 paraphrasim
1772 4740 1968 4794 horum

397 4829 828 4896 compendiosum
881 4837 1068 4882 texens
1113 4843 1168 4897 p.
1220 4827 1329 4882 55:
1386 4829 1722 4900 Προηγεῖται
1768 4829 1826 4884 δὲ
1871 4831 1972 4901 τῆς

396 4919 772 4992 ὑπερηφανίας
796 4922 829 4990 ἡ
864 4919 1037 4991 ὕϐρις·
1068 4922 1097 4973 ὁ
1124 4920 1232 4991 γὰρ
1268 4921 1396 4984 τοὺς
1438 4921 1627 4985 ἄλλους
1673 4918 1969 4987 διαπτύων,

394 5011 717 5076 ἀλαζονείαν
766 5013 1205 5083 προοιμιάζεταιο
1258 5031 1277 5064 ι
1322 5013 1473 5068 Viam
1515 5029 1643 5069 vero
1676 5017 1848 5068 munit
1904 5015 1972 5068 ad

396 5105 704 5173 superbiam
741 5106 1067 5159 contumelia
1103 5121 1117 5157 :
1159 5106 1249 5173 qui
1273 5108 1417 5159 enim
1453 5106 1589 5160 alios
1613 5106 1858 5174 despicit,
1892 5107 1974 5160 iu-

395 5195 567 5248 stituit
623 5197 902 5250 exordium
934 5198 1282 5265 arregantiae.
1320 5216 1338 5249 ι
1392 5198 1485 5253 Sic
1530 5201 1848 5253 vertendum
1881 5215 1970 5253 ar-

397 5287 570 5340 bitror
606 5285 778 5341 locum
815 5288 962 5341 illum
1016 5287 1290 5356 Procopi'.
1336 5287 1507 5344 Paulo
1553 5287 1693 5343 infra
1737 5291 1973 5354 integras

399 5379 532 5432 duas
568 5379 818 5446 periodos
866 5389 1206 5434 restituunus
1251 5395 1320 5434 ex
1379 5382 1590 5450 Anglic.
1623 5379 1686 5433 ll.
1715 5390 1771 5434 et
1807 5381 1871 5446 l.,
1923 5390 1978 5435 et

398 5469 593 5524 Latine
628 5472 1019 5535 convertimus,
1057 5487 1177 5541 qua:
1207 5475 1436 5527 aberant
1486 5490 1515 5527 a
1563 5473 1649 5539 F.,
1695 5477 1977 5542 συγγενεῖς

397 5564 509 5637 γὰρ
572 5564 858 5637 ἁμαρτίαι,
921 5578 1026 5620 etc.
1078 5564 1371 5638 Procopius
1415 5569 1570 5633 dixit,
1624 5566 1691 5620 τὰ
1743 5567 1973 5637 συγγενῆ

401 5656 870 5727 πλημμελήματα.

481 5744 599 5799 Col.
638 5745 742 5798 267
797 5749 835 5799 A
868 5746 923 5799 2.
961 5746 1028 5800 Et
1072 5749 1328 5804 inutilem.
1377 5749 1696 5819 Dclevimus,
1737 5767 1756 5801 (
1790 5757 1839 5803 et
1874 5748 1973 5802 int-

2072 4555 2222 4621 Quod
2244 4555 2321 4606 ita
2351 4554 2492 4621 cepit
2518 4554 2787 4621 interpres
2817 4549 3065 4619 Procopii
3106 4566 3228 4619 pag.
3266 4549 3336 4604 85
3363 4565 3381 4603 :
3414 4550 3649 4604 Ἐπιπε-

2071 4646 2390 4715 πλεγμένως
2436 4644 2494 4697 δὲ
2527 4645 2655 4715 περὶ
2692 4643 2801 4696 τῶν
2833 4641 2925 4694 δύο
2962 4640 3055 4694 τοῦ
3094 4641 3299 4710 Κυρίου
3340 4642 3655 4713 παρουσῶν

2068 4741 2101 4808 ἡ
2155 4739 2344 4809 Γραφὴ
2395 4735 2720 4803 διαλέγεται·
2756 4753 2776 4786 ι
2829 4735 3043 4787 Mislum
3103 4744 3284 4787 autem
3346 4744 3642 4801 utrumque

2070 4829 2271 4885 Christi
2301 4831 2586 4882 adventum
2636 4828 2913 4897 propheta:
2951 4827 3231 4896 complexa
3260 4834 3347 4881 est
3378 4826 3579 4881 oratio.
3627 4846 3647 4879 ι

2142 4923 2258 4980 Col.
2303 4923 2409 4976 2'78
2443 4923 2483 4975 Β
2530 4922 2618 4977 Η.
2664 4919 2942 4991 Figurate.
2997 4920 3307 4990 Scripserat
3356 4920 3651 4992 interpres,

2078 5033 2098 5067 ι
2136 5017 2420 5087 allegorice
2451 5016 2553 5070 dici
2584 5025 2811 5083 possunt
2847 5014 3298 5083 vespertiliones:
3333 5032 3353 5065 ι
3389 5021 3447 5066 at
3502 5016 3650 5068 enim

2070 5113 2173 5168 hoc
2201 5128 2306 5166 non
2335 5111 2465 5166 dicit
2506 5110 2760 5173 Basilius,
2797 5109 2891 5163 sed
2935 5109 3080 5178 ipsos
3109 5110 3385 5162 dzemones
3422 5121 3651 5178 vesper-

2072 5204 2284 5258 tiliones
2312 5204 2492 5273 petius
2512 5201 2793 5272 appellari.
2817 5199 3004 5268 Neque
3019 5199 3163 5253 enim
3189 5197 3531 5261 idololatras,
3554 5200 3648 5254 sed

2075 5297 2347 5349 daemones
2391 5292 2527 5347 dixit
2566 5292 2844 5346 nocturnis
2883 5290 3124 5345 tenebris
3154 5288 3437 5345 delectari.
3493 5289 3647 5357 Apud

2078 5385 2419 5454 Procopium,
2461 5399 2513 5453 p.
2549 5382 2636 5446 58,
2656 5383 2796 5438 idem
2829 5396 3022 5437 sensus
3054 5380 3266 5447 elucet;
3298 5395 3485 5437 verum
3517 5396 3649 5450 pau-

2074 5477 2126 5532 lo
2151 5486 2273 5547 post
2304 5494 2325 5527 ‹
2353 5475 2505 5544 juxta
2536 5474 2837 5543 analogiam
2864 5472 2988 5528 lidei
3021 5491 3041 5526 ι
3076 5472 3292 5541 scripsi,
3326 5486 3433 5526 non
3452 5480 3511 5525 ut
3532 5480 3651 5525 erat

2072 5577 2253 5631 antea,
2284 5585 2303 5615 ι
2331 5565 2482 5633 juxta
2506 5564 2804 5632 analogiam
2832 5562 3059 5631 singulis
3080 5563 3383 5631 quibusque
3412 5562 3465 5615 in
3491 5562 3649 5616 Chri-

2073 5668 2216 5712 stum
2246 5657 2588 5711 credentibus
2610 5664 2735 5709 sunt
2771 5654 3162 5718 eoodistinctae,
3205 5671 3225 5704 ι
3272 5660 3331 5707 ιιι
3357 5664 3650 5722 appareret

2078 5761 2353 5805 auctorem
2420 5747 2661 5818 Apostoli
2696 5745 2869 5802 verbis
2902 5746 2976 5800 uti
3021 5744 3249 5801 Roman.
3281 5760 3381 5805 xu.
3426 5744 3493 5799 6:
3542 5744 3648 5801 RI-
