3816 6210
118 270 258 329 1083

1324 264 1415 320 AD
1452 263 1813 320 COMMENT.
1855 263 1920 318 IN
1961 264 2211 319 ISAIAM.

3240 270 3376 339 meo

114 396 178 435 τε
227 378 602 448 προφητείαν
655 377 806 431 κατὰ
862 374 978 444 τὴν
1047 374 1376 445 ἀναλογίαν
1430 375 1543 445 τῆς
1598 376 1695 429 πι-

1808 375 1971 429 litatis
1992 375 2168 429 studio
2189 389 2380 444 aquam
2410 375 2697 430 hauriens:
2732 394 2750 428 ι
2776 377 3041 446 siquidem
3068 378 3139 433 ita
3172 379 3379 438 locutus

112 486 327 535 στεως’
360 469 486 523 Sive
532 466 858 537 prophetiam
907 470 1195 520 secundum
1250 467 1507 520 rationem
1548 466 1695 536 ﬁdei.

114 561 286 614 Porro
328 559 575 614 ultimum
609 556 739 611 illud
775 557 1104 620 membrum,
1146 573 1166 606 ι
1205 553 1479 621 Quiescite
1508 557 1576 610 ab
1603 557 1699 611 ho-

113 652 280 713 mine,
318 668 340 701 ι
377 649 633 703 admonet
660 646 893 701 Basilius
922 645 975 699 in
1006 644 1410 713 exemplaribus
1451 660 1701 700 cominus

114 743 194 792 nis
220 739 480 793 editionis
511 753 616 792 non
644 737 859 801 haberi,
891 736 984 791 sed
1020 736 1073 790 in
1096 733 1364 790 Hebraico
1387 737 1617 805 positum
1664 751 1697 791 a

112 829 342 899 reliquis
391 829 806 903 interpretibus,
836 828 1073 883 diversis
1111 828 1370 883 nimirum
1398 844 1428 882 a
1463 828 1694 897 Septua-

111 921 257 987 ginta
292 927 351 972 et
385 917 776 982 Theodotione,
814 917 1133 971 translatum
1197 933 1317 972 esse
1348 932 1363 968 :
1424 932 1586 987 quam
1625 918 1695 972 ob

111 1010 418 1065 causamin
451 1011 696 1078 margine
736 1017 1026 1063 annotarat
1057 1010 1323 1078 quispiam
1353 1022 1691 1064 communem

109 1100 406 1155 editionem
459 1114 580 1154 esse
623 1098 850 1166 Graecis,
887 1115 1007 1170 quae
1045 1110 1098 1155 et
1147 1100 1493 1169 Septuaginta
1528 1100 1693 1153 inter-

109 1204 322 1260 pretum
355 1208 372 1245 ε
414 1193 561 1274 quod
610 1204 796 1256 tanien
831 1208 1016 1263 verum
1052 1203 1293 1263 nonest,
1321 1193 1365 1253 si
1394 1192 1453 1252 ὃ.
1498 1191 1691 1251 tliero-

108 1294 273 1353 “Y'llc
328 1296 623 1355 credimus,
684 1293 777 1361 qui
826 1293 881 1346 in
920 1292 1080 1359 epist.
1119 1290 1221 1343 155
1270 1305 1283 1340 :
1328 1307 1347 1339 ι
1392 1287 1453 1342 Ut
1506 1287 1689 1341 sciatis

69 1390 273 1440 iatiam
296 1399 422 1440 esse
477 1383 795 1448 editionem,
847 1396 1010 1450 quam
1070 1378 1351 1449 Origenes,
1406 1389 1460 1432 ct
1514 1377 1692 1432 Caesa-

111 1478 311 1533 riensis
344 1476 634 1538 Eusebius,
662 1488 958 1541 omnesque
978 1469 1198 1527 Graeciae
1230 1478 1549 1524 tractatores
1572 1487 1688 1522 κοι-

108 1572 232 1641 νήν,
297 1569 354 1623 id
410 1578 530 1633 est,
594 1578 934 1621 communem
991 1562 1298 1633 appellant,
1351 1572 1514 1629 atque
1570 1560 1688 1614 vul-

106 1672 316 1733 gatam,
369 1667 421 1714 et
477 1676 507 1714 a
555 1657 831 1728 plerisque
885 1670 1030 1709 nunc
1083 1652 1381 1715 Λουκιανός
1443 1653 1684 1707 dicitur:

1803 476 1888 522 est
1931 466 2174 522 Rebecca
2218 468 2562 537 peregrinum
2604 468 2896 522 Abrahami
2936 470 3194 525 famulum
3232 476 3379 529 exci-

1800 558 1976 627 piens,
2014 558 2212 614 Cenes.
2266 572 2416 622 xxrv,
2462 558 2531 612 20
2557 575 2571 612 :
2597 559 2705 613 Kal
2760 558 2869 627 τὰς
2906 562 3216 631 καμήλους
3261 582 3377 620 σου

1799 645 2001 711 oronti"),
2036 645 2135 699 καὶ
2169 646 2557 715 ὑδρεύσομαι.
2611 647 2722 701 Καὶ
2759 648 3015 718 ἔδραμεν
3042 652 3128 704 ἔτι
3177 654 3273 706 ἐπὶ
3311 654 3378 709 τὸ

1799 737 2005 805 φρέαρ,
2024 735 2325 803 ἀντλῆσαι
2350 735 2529 804 ὕδωρ·
2568 737 2631 790 Et
2660 739 2870 792 camelis
2893 743 2995 793 tuis
3016 751 3194 808 potum
3218 745 3374 809 dabo,

1799 841 1845 881 et
1882 829 2128 882 hauriam
2167 845 2381 899 aquam.
2431 827 2502 881 Et
2536 831 2768 883 cucurrit
2813 832 3002 886 iterum
3046 835 3114 886 ad
3140 844 3375 902 puteum,

1797 928 1850 970 ut
1887 934 2078 987 aquam
2108 917 2367 972 hauriret.

1865 1008 1980 1063 Col.
2018 1009 2123 1065 285
2154 1009 2194 1064 C
2239 1011 2292 1066 6.
2352 1010 2456 1068 Sed
2507 1023 2553 1067 et
2600 1013 2655 1066 in
2685 1010 2946 1069 Ecclesia.
2997 1013 3264 1068 Inciderat
3321 1017 3373 1079 in

1797 1104 2036 1156 codicem
2070 1103 2316 1157 tnutilum
2367 1104 2428 1159 F.
2489 1106 2779 1172 interpres,
2820 1104 3023 1158 idcirco
3068 1114 3116 1158 et
3150 1115 3373 1160 trunca-

1798 1202 1904 1247 tam
1939 1195 2077 1247 hanc
2100 1196 2379 1264 periodum
2415 1196 2702 1265 expressit,
2764 1214 2785 1247 ‹
2817 1193 3015 1251 Verum
3048 1197 3098 1249 in
3132 1197 3373 1251 Ecclesia

1794 1287 2086 1357 primatum
2143 1287 2390 1342 obtinent
2444 1287 2708 1357 apostoli,
2771 1289 3067 1341 secundum
3127 1290 3372 1342 ordinem

1793 1383 2090 1449 prophetae.
2123 1400 2143 1432 ι
2199 1380 2376 1433 lnnuit
2406 1380 2582 1432 locum
2611 1378 2873 1449 Apostoli,
2920 1378 2941 1431 l
2980 1378 3221 1434 Corinth.
3271 1395 3371 1441 xu,

1792 1472 1846 1527 8.
1883 1473 2069 1527 Crtece
2109 1474 2251 1526 enim
2307 1482 2423 1526 erat
2467 1471 2521 1525 in
2557 1480 2658 1525 ms.
2707 1470 2768 1526 F.
2830 1471 3005 1525 Ἀλλὰ
3050 1472 3149 1524 καὶ
3191 1470 3261 1525 ἐν
3297 1468 3373 1539 τῇ

1804 1563 2134 1631 Ἐκκλησία
2163 1562 2398 1632 πρῶτον
2424 1563 2824 1628 ἀποστόλους,
2842 1561 3123 1632 δεύτερον
3152 1561 3376 1631 προφή-

1790 1672 1918 1721 τας.
1962 1656 2100 1709 Ἐὰν
2126 1650 2244 1709 οὖν
2268 1668 2431 1707 ποτε.
2465 1652 2593 1719 Quae
2623 1669 2750 1707 vero
2776 1654 2957 1708 addita
2997 1662 3123 1708 sunt
3149 1668 3217 1707 ex
3257 1655 3372 1708 An-

108 1722 271 1808 aliam
299 1722 311 1727 ν
335 1722 696 1821 Septuaginta
742 1722 1147 1818 interpretum,
1200 1758 1319 1812 quae
1374 1752 1429 1797 et
1487 1744 1542 1797 iu
1601 1740 1690 1807 ἐξ·
1718 1722 1764 1780 Β
1795 1747 1973 1817 glicis,
2012 1746 2209 1815 Regius
2236 1746 2303 1800 ll.
2336 1755 2388 1798 et
2421 1747 2462 1798 I.
2493 1746 2836 1799 conlirmant.

108 1847 305 1911 πλοῖς
354 1843 635 1899 codicibus
679 1842 994 1911 reperitur;
1034 1857 1053 1890 ι
1086 1847 1139 1892 et
1165 1837 1216 1890 in
1269 1824 1595 1891 Prml‘atione
1634 1835 1687 1889 in

110 1943 205 1996 lib.
233 1936 518 2006 Paralip.:
574 1951 593 1985 ι
630 1932 896 2003 Origenes
946 1931 1000 1984 in
1050 1930 1290 1983 editione
1337 1926 1689 1996 Septuaginta

111 2015 528 2087 Theodotionis'
561 2025 855 2083 editionem
918 2021 1159 2086 miscuit,
1208 2019 1486 2074 asteriscis
1537 2016 1690 2070 vide-

110 2123 239 2176 licet
287 2118 602 2189 designans,
656 2128 775 2183 quae
826 2113 1006 2166 minus
1060 2110 1291 2168 fuerant,
1343 2115 1399 2161 et
1443 2105 1688 2175 virgulis,

109 2230 230 2284 qua:
290 2227 361 2267 ex
434 2206 706 2278 superﬂuo
773 2202 1099 2258 videbantur
1174 2200 1437 2270 apposita.
1496 2217 1517 2251 ι
1585 2196 1691 2252 Sed

112 2308 251 2359 idem
280 2301 649 2370 Hieronymus
686 2298 738 2350 in
776 2294 1002 2364 epistola
1034 2296 1194 2347 citata
1223 2302 1400 2346 monet
1426 2291 1566 2345 inter
1584 2306 1693 2343 κοι-

111 2400 205 2469 νήν
246 2405 306 2451 et
352 2394 645 2448 editionem
694 2386 837 2442 bXX
883 2388 986 2442 hoc
1019 2401 1140 2441 esse
1185 2385 1498 2451 discrimen,
1551 2384 1691 2451 quod

112 2489 422 2545 communis
446 2502 543 2557 pro
566 2484 700 2540 locis
730 2492 785 2539 et
821 2480 1157 2551 temporibus
1205 2490 1259 2534 et
1288 2494 1386 2548 pro
1418 2478 1692 2533 voluntate

111 2583 446 2653 scriptorum
478 2586 719 2633 veterum
764 2593 781 2626 t
814 2582 1068 2641 corrupta
1099 2571 1168 2626 sit
1199 2571 1386 2637 editio,
1419 2584 1481 2623 ea
1513 2578 1690 2622 autem

111 2688 230 2743 qua:
268 2671 503 2727 habetur
543 2665 918 2733 ἱιιἙξαπλοίς,
958 2665 1265 2733 incorrupta
1294 2664 1368 2717 sit
1402 2682 1421 2715 ι
1463 2662 1692 2730 Septua-

112 2767 266 2836 ginta
302 2766 665 2832 interpretum
699 2758 885 2816 editio.
919 2758 1052 2812 Cum
1085 2757 1248 2827 igitur
1273 2771 1338 2810 ex
1369 2764 1515 2810 textu
1541 2755 1690 2809 Isaiae

110 2859 205 2927 qui
257 2865 343 2911 est
373 2854 513 2921 apud
545 2850 894 2920 Procopium,
943 2862 1009 2902 ex
1049 2846 1218 2900 veteri
1264 2845 1450 2900 codice
1495 2843 1690 2899 Renati

112 2947 379 3005 hlarchali
428 2946 734 3012 desutnpto,
767 2941 860 3012 qui
891 2953 1036 2994 nunc
1066 2947 1149 2992 est
1188 2936 1538 2993 illustrissimi
1570 2950 1693 2989 car-

1868 1837 1982 1892 Col.
2020 1837 2124 1891 989
2152 1837 2194 1890 Β
2226 1838 2280 1891 9.
2327 1838 2742 1906 Quinquaginta.
2780 1837 2833 1889 In
2871 1835 3078 1890 duobus
3108 1833 3292 1903 Regiis
3319 1844 3373 1889 et

1792 1928 1833 1994 Ι,
1890 1938 2095 1983 tantum
2147 1938 2266 1983 erat
2326 1927 2656 1991 ἐννακόσια,
2721 1927 2813 1981 sed
2870 1926 3160 1997 Anglican.
3220 1927 3371 1980 addit

1793 2020 1977 2085 πέντε,
2014 2019 2206 2074 vitiose
2231 2020 2424 2089 opinor
2455 2034 2550 2088 pro
2584 2020 2927 2088 πεντήκοντα
2949 2035 2963 2049 ο
3013 2020 3093 2072 sic
3122 2019 3264 2072 enim
3288 2028 3372 2072 est

1791 2112 1989 2168 Cenes.
2022 2128 2098 2177 Ix,
2140 2113 2211 2168 ‘29.
2243 2132 2255 2169 :
2288 2113 2396 2167 Kal
2412 2113 2689 2185 ἐγένοντο
2724 2112 2913 2167 πᾶσαι
2929 2113 2988 2166 αἱ
3016 2111 3227 2181 ἡμέραι
3243 2109 3371 2165 Νῶε

1791 2203 2117 2258 ἐννακόσια
2134 2202 2510 2273 πεντήκοντα
2526 2203 2654 2272 ἔτη,
2676 2203 3101 2257 καὶάπέθανεν·
3124 2221 3142 2253 ι
3165 2203 3227 2257 Et
3243 2202 3370 2257 facti

1793 2308 1918 2351 sunt
1943 2310 2131 2351 omnes
2164 2295 2280 2348 dies
2316 2295 2448 2359 Noe,
2499 2297 2753 2365 nongenti
2790 2294 3178 2365 quinquaginta
3218 2293 3368 2359 anni,

1792 2400 1846 2444 et
1884 2396 2126 2442 mortuus
2159 2396 2261 2440 est.
2291 2403 2310 2437 ι
2370 2384 2482 2439 Nec
2528 2386 2829 2455 refragatur
2872 2386 3063 2438 Latina
3101 2383 3370 2455 Vulgata;

1792 2480 1884 2534 sed
1909 2487 1965 2534 et
1993 2478 2136 2549 quod
2167 2477 2303 2531 dixit
2324 2477 2391 2531 de
2415 2476 2734 2539 Mathusala,
2766 2477 3008 2530 tribuens
3035 2475 3108 2530 illi
3134 2492 3372 2546 nongen-

1792 2583 1876 2626 tos
1908 2571 2247 2640 septuaginta
2280 2584 2474 2633 annos,
2522 2567 2764 2623 nonnihil
2800 2567 3074 2622 diversum
3106 2577 3184 2621 est
3215 2566 3283 2621 ab
3303 2581 3369 2621 eo

1791 2659 1935 2729 quod
1980 2659 2176 2712 habent
2221 2655 2383 2721 LXX,
2427 2657 2623 2713 Cenes.
2668 2671 2721 2721 ν,
2772 2656 2844 2710 27
2873 2672 2887 2708 :
2916 2657 3025 2710 Kal
3091 2654 3371 2726 ἐγένοντο

1792 2746 1982 2803 πᾶσαι
2022 2750 2083 2801 αἱ
2130 2745 2342 2817 ἡμέραι
2373 2745 2767 2810 Μαθουσὰλα,
2810 2745 2884 2813 ἂς
2920 2745 3156 2815 ἔζησεν,
3195 2746 3374 2800 ἐννέα

1792 2841 1891 2894 καὶ
1915 2839 2212 2906 ἑξήκοντα
2249 2838 2349 2892 καὶ
2383 2840 2742 2893 ἐννεακόσια
2769 2838 2895 2906 ἐτη,
2923 2839 3024 2894 καὶ
3050 2836 3368 2892 ἀπέθανεν·

1794 2933 1859 2986 Et
1892 2933 2022 3002 facti
2052 2940 2173 2985 sunt
2198 2948 2374 2984 omnes
2402 2932 2514 2984 dies
2539 2929 2870 2994 Mathusala,
2899 2938 3027 3000 quos
3054 2931 3207 2998 vixit,
3241 2947 3374 2983 non-

112 3039 316 3097 dinalis
371 3032 761 3105 Rupil‘ucaldii,
821 3038 1050 3095 constet,
1111 3030 1214 3083 ltoc
1261 3026 1562 3081 membrum
1622 3041 1683 3079 ex
1719 3056 1765 3116 ε
1795 3023 1933 3092 genti
1967 3023 2239 3089 sexaginta
2266 3037 2446 3075 novem
2479 3022 2629 3075 anni.
2664 3019 2943 3074 Postremo
2969 3035 3088 3073 cum
3119 3019 3367 3090 ambigua

115 3130 331 3200 Aquilae
355 3128 565 3183 Pontici
591 3126 843 3182 versione
870 3140 991 3180 esse
1025 3126 1357 3193 decerptum,
1389 3122 1513 3176 hinc
1539 3120 1687 3176 colli-

114 3224 297 3289 gimus
341 3233 728 3287 nonnunquam
774 3216 961 3270 vocari
1008 3229 1352 3270 communem
1383 3212 1693 3278 editionem,

115 3328 282 3384 quam
312 3311 577 3380 Origenes
622 3324 689 3363 ex
732 3305 881 3362 LXX
912 3317 968 3362 et
997 3305 1371 3361 Theodotione
1416 3302 1694 3369 conﬂavit,

115 3418 176 3459 ut
205 3408 310 3461 hoc
346 3404 465 3460 loco
498 3418 527 3457 a
545 3401 782 3458 Basilio:
806 3417 1193 3471 nonnunquam
1216 3400 1383 3455 etiam
1410 3414 1553 3466 eam,
1576 3414 1698 3468 quae

115 3512 182 3550 ex
212 3495 457 3550 omnium
499 3494 857 3562 interpretum
890 3490 1229 3545 versionibus
1261 3489 1491 3543 diversis
1515 3487 1695 3552 mista,

117 3599 179 3640 ut
209 3589 350 3641 idem
383 3585 743 3655 Hieronymus
771 3583 1049 3637 indicavit.
1078 3576 1225 3636 Idem
1248 3581 1412 3633 etiam
1448 3580 1501 3631 in
1532 3576 1698 3632 Com-

120 3679 393 3733 mentario
437 3678 490 3730 in
521 3679 665 3731 hunc
703 3675 855 3731 Isaia:
885 3675 1061 3730 locum
1109 3680 1337 3727 testatur
1375 3669 1479 3725 hoc
1526 3656 1733 3722 mem?

118 3771 280 3826 brum
305 3786 335 3824 a
356 3767 495 3823 LXX
525 3768 974 3837 prmiermissnm,
998 3765 1050 3819 in
1077 3763 1281 3819 Graecis
1297 3760 1699 3830 exemplaribus

120 3866 189 3917 ab
205 3860 438 3930 Origene
465 3859 566 3914 sub
593 3857 867 3913 asteriscis
895 3856 960 3911 de
975 3854 1209 3911 editione
1223 3852 1431 3922 Aquila:
1458 3851 1695 3905 additum

121 3971 269 4012 esse.
302 3954 587 4008 Postremo
616 3952 912 4008 notandum
947 3950 998 4004 in
1025 3949 1235 4002 duobus
1268 3946 1452 4016 Regiis
1486 3958 1607 3999 esse
1627 3941 1697 3996 ἐν

120 4047 240 4101 τινι
272 4045 596 4115 ἐλογίσθγυ
637 4058 743 4097 ιιοιι
781 4041 838 4094 ἒν
865 4057 994 4105 τινι,
1038 4040 1095 4092 in
1135 4053 1238 4107 quo
1273 4043 1543 4115 reputatae
1580 4033 1697 4086 est?

122 4154 247 4193 cum
270 4114 712 4204 interrogatione,
733 4132 876 4200 quod
901 4130 1065 4185 etiam
1086 4128 1227 4196 apud
1250 4114 1694 4194 Chrysostomum

123 4228 511 4297 corrigendum
537 4225 590 4279 in
615 4222 1016 4279 Commentario
1038 4221 1091 4274 in
1121 4218 1337 4274 Isaiam.

196 4319 311 4374 Col.
334 4315 441 4370 279
481 4317 524 4369 A
564 4315 652 4369 Id.
680 4312 894 4366 Fuisset
932 4310 1239 4377 cruciﬁxus.
1281 4304 1407 4359 Ilaec
1440 4305 1698 4359 immuta-

1796 3120 1938 3166 esset
1964 3111 2313 3179 manuscripti
2355 3111 2649 3181 scriptura,
2689 3111 2900 3163 ἐκείνου
2936 3111 3063 3181 legit
3105 3111 3373 3179 interpres

1794 3217 1893 3271 pro
1927 3202 2170 3267 ἐκείνων,
2201 3213 2481 3272 propterea
2519 3205 2702 3271 vertit,
2765 3221 2784 3254 ι
2815 3219 2925 3273 quo
2973 3218 3077 3257 uno
3117 3203 3374 3275 deinceps

1795 3309 1957 3349 nemo
2002 3294 2184 3349 senior
2222 3295 2378 3348 vixit.
2410 3313 2429 3347 ι

1867 3405 1983 3462 Col.
2032 3405 2139 3460 290
2191 3406 2233 3460 Β
2277 3407 2328 3460 1.
2376 3406 2481 3471 Qui
2527 3406 2660 3462 loco.
2703 3406 2903 3461 Eadem
2957 3407 3271 3477 legebantur
3318 3411 3373 3464 in

1797 3499 1898 3564 F.;
1960 3499 2207 3553 ediderat
2270 3508 2446 3552 tamen
2501 3498 2804 3566 interpres,
2872 3501 3015 3567 «qui
3063 3516 3159 3570 pro
3219 3513 3375 3557 eruto

1797 3589 1955 3643 oculo
1984 3590 2238 3653 consulit,
2268 3598 2326 3642 ut
2355 3589 2582 3643 alterum
2602 3590 2793 3645 ollerat
2817 3609 2836 3642 ι
2869 3601 2957 3645 :at
2988 3593 3087 3645 hoc
3110 3609 3374 3660 nusquam

1797 3679 2026 3749 legimus
2074 3680 2126 3733 in
2168 3678 2462 3751 Evangelio
2498 3705 2509 3737 :
2542 3681 2635 3735 sed
2694 3690 2905 3735 tantum
2956 3672 3143 3737 Matth.
3185 3699 3236 3748 ν,
3281 3684 3375 3746 59.

1798 3771 2021 3840 opponit
2073 3769 2341 3835 Christus,
2402 3768 2527 3824 Non
2578 3773 2816 3824 resistere
2861 3770 3023 3836 malo,
3067 3774 3156 3825 sed
3185 3772 3375 3842 siquis

1798 3863 2108 3930 percusserit
2133 3863 2187 3916 in
2211 3864 2477 3916 dexteram
2509 3862 2785 3916 maxillam
2820 3873 2987 3924 tuam,
3023 3865 3196 3933 praebe
3217 3864 3297 3917 illi
3326 3876 3374 3918 et

1802 3957 2022 4007 atteram
2050 3969 2069 4006 :
2102 3954 2174 4007 illi
2222 3954 2357 4021 legis
2389 3955 2586 4008 veteris
2620 3963 2902 4028 praecepto
2955 3954 3178 4009 Levilici
3225 3969 3373 4018 xxrv,

1798 4043 1869 4097 νο
1910 4061 1925 4097 :
1974 4043 2316 4113 Ὀφθαλμὸν
2373 4044 2508 4099 ἀντὶ
2566 4044 2907 4114 ὀφθαλμοῦ,
2970 4044 3186 4099 ὀδόντα
3240 4047 3377 4100 ἀντὶ

1800 4135 2067 4201 όδόντοςο
2129 4136 2334 4189 καθότι
2380 4135 2457 4189 ἂν
2495 4133 2579 4200 δῷ
2616 4133 2827 4205 μῶμον
2876 4135 3183 4206 ἀνθρώπῳ,
3223 4137 3377 4190 οὕτω

1799 4225 2120 4294 δοθήσεται
2167 4224 2346 4291 αὐτῷ’
2399 4225 2626 4280 Oculum
2672 4244 2766 4295 pro
2815 4227 2990 4289 oculo,
3043 4229 3245 4281 dentem
3280 4244 3377 4296 pro

1801 4318 1983 4381 dente;
2011 4317 2143 4370 sicut
2173 4317 2374 4370 dederit
2403 4317 2667 4370 maculam
2693 4317 2918 4382 homini,
2946 4318 3021 4370 sic
3052 4319 3264 4371 dabitur
3288 4317 3376 4380 ei;

124 4414 331 4475 vimus,
370 4417 429 4461 ut
465 4414 836 4477 agnoscantur
862 4404 1029 4457 verba
1077 4398 1342 4469 Apostoli,
1372 4397 1414 4450 ll
1445 4395 1695 4451 Corinth.

1805 4419 1860 4462 et
1891 4408 2286 4462 Deuteronomii
2319 4423 2437 4471 xxx,
2468 4406 2559 4461 2!.
2608 4409 2761 4477 Apud
2805 4408 3149 4476 Procopium,
3183 4423 3232 4476 p.
3265 4406 3371 4460 6i:

124 4519 249 4566 xm,
283 4501 319 4554 4
349 4518 363 4554 :
403 4517 422 4551 ι
450 4498 583 4552 Nam
609 4507 664 4552 et
698 4493 988 4551 cruciﬁxus
1019 4502 1102 4546 est
1135 4507 1202 4546 ex
1235 4490 1567 4551 inlirmitate,
1604 4488 1699 4541 sed

124 4596 262 4649 vivit
301 4607 372 4648 ex
416 4592 613 4645 virtute
666 4587 782 4641 Dei.
808 4605 828 4638 ι
867 4585 998 4639 Item
1051 4583 1203 4647 illud,
1247 4578 1705 4635 ὲναποθανεῖσθαι

122 4687 259 4759 γάρ,
294 4684 437 4754 quod
468 4689 710 4736 verterat
739 4678 975 4734 Tilman.
1011 4695 1029 4727 ι
1060 4674 1303 4729 Peccatis
1329 4674 1472 4728 enim
1505 4673 1704 4725 nostris

126 4785 378 4831 mortuus
404 4781 507 4837 est,
552 4779 688 4824 teste
721 4767 1027 4835 Scriptura,
1060 4783 1078 4815 ι
1130 4778 1238 4817 non
1265 4761 1704 4815 animadvertens

124 4883 252 4922 esse
308 4865 471 4918 verba
515 4860 716 4916 Christi
751 4856 973 4913 Joannis
1020 4870 1098 4920 ιιι,
1154 4852 1247 4907 25.
1297 4851 1536 4919 Denique
1594 4859 1700 4902 tam

124 4958 297 5013 multa
351 4962 508 5009 erant
550 4949 909 5016 emendanda,
960 4956 1017 5000 ut
1071 4949 1198 5001 dum
1240 4954 1493 4999 currente
1524 4943 1702 5012 ῖρτωιο

123 5047 628 5119 interpretationem
690 5045 832 5098 hanc
877 5053 1247 5103 recensemus,
1300 5037 1701 5108 quamplurima

125 5156 225 5195 nos
284 5136 601 5208 eﬂ'ugerint,
646 5133 950 5204 cujusmodi
989 5141 1074 5185 est
1112 5129 1239 5184 illud
1275 5129 1417 5197 quod
1461 5127 1704 5196 proxime

122 5234 394 5303 sequitur,
411 5227 501 5282 διὰ
527 5226 830 5297 φιλοξενίαν
852 5223 1135 5285 ἀντλοῦσα,
1163 5236 1261 5292 pro
1286 5236 1392 5289 quo
1416 5231 1704 5276 annotarat

122 5328 403 5391 interpres
438 5317 1036 5389 legendum,‘deoﬁoa,
1077 5317 1496 5384 scripseratque,
1537 5331 1555 5362 ι
1583 5323 1704 5365 stu-

122 5419 214 5472 dio
267 5412 653 5483 hospitalitatis
707 5412 845 5466 mire
900 5408 1198 5464 clllot'ttit.)
1272 5409 1448 5476 Atque
1492 5405 1703 5459 ἀντλεῖν

119 5507 347 5578 quidem
386 5502 599 5571 vulgata
652 5501 847 5557 Lexica
888 5509 1164 5569 exponunt
1211 5498 1503 5566 aliquando
1555 5516 1572 5548 ι
1603 5513 1702 5551 ex-

120 5598 347 5651 ltuut'il‘e
375 5593 640 5656 laborem,
666 5610 685 5643 ι
720 5591 805 5645 vel
840 5609 859 5642 ι
888 5590 1197 5655 exantlare;
1231 5608 1249 5641 ι
1288 5589 1380 5644 sed
1406 5589 1520 5643 loco
1545 5604 1706 5642 accn-

118 5695 295 5748 ratius
328 5701 570 5752 expenso
605 5689 998 5742 emendandum
1033 5701 1316 5743 censemus
1337 5727 1351 5753 ,
1414 5704 1430 5736 ι
1459 5685 1700 5751 hospita-

1807 4518 1826 4552 ι
1859 4500 1960 4566 Qui
1992 4514 2101 4554 non
2123 4498 2236 4567 jam
2269 4498 2482 4553 oculum
2510 4515 2606 4568 pro
2628 4500 2787 4554 oculo
2820 4498 3074 4563 ell'odere,
3096 4501 3188 4553 sed
3215 4514 3375 4552 unam

1799 4592 2074 4647 maxillam
2128 4591 2346 4644 ferienti
2395 4590 2617 4645 alteram
2666 4592 2831 4644 etiam
2865 4591 3140 4659 porrigere
3177 4604 3376 4643 consu-

1799 4682 1876 4736 lat
1899 4683 1923 4736 ?
1946 4702 1965 4734 ι
2004 4680 2171 4735 Paulo
2198 4687 2318 4750 post
2364 4679 2791 4754 μετεωρίζεσθαι
2828 4680 2927 4750 τὴν
2955 4679 3192 4733 διάνοιαν
3220 4680 3376 4747 dixit,

1803 4784 1860 4826 ut
1886 4783 2075 4827 auctor
2097 4773 2219 4827 lihri
2254 4789 2291 4825 II
2334 4770 2767 4824 Machabaeorum
2805 4784 2858 4834 v,
2892 4770 2978 4833 I7,
3014 4773 3079 4823 de
3110 4770 3378 4824 Antiocho

1798 4880 1923 4935 rege
1959 4902 1975 4920 .
2004 4865 2114 4919 Καὶ
2168 4860 2566 4933 ἐμετεωρίᾷτο
2632 4860 2747 4929 τὴν
2810 4859 3082 4913 διάνοιαν
3139 4862 3174 4913 ό
3246 4860 3377 4915 Ἀν-

1802 4956 2021 5025 τίοχος’
2060 4955 2130 5009 Et
2159 4955 2382 5008 elevatus
2407 4963 2480 5005 est
2504 4961 2671 5006 mente
2696 4953 3005 5008 Antiochus.

1873 5045 2008 5104 Ibid.
2070 5047 2158 5101 13.
2223 5044 2416 5098 Verum
2481 5044 2538 5097 in
2589 5044 2752 5097 animi
2817 5058 3026 5111 prepos.
3078 5042 3377 5095 Annotarat

1804 5139 2069 5207 interpres
2118 5136 2361 5191 mutilam
2393 5151 2515 5190 esse
2550 5134 2689 5188 hanc
2722 5133 3041 5203 particulam
3068 5175 3083 5199 ,
3114 5146 3274 5201 quam
3302 5132 3374 5186 ita

1800 5231 2087 5287 vertebat:
2116 5228 2209 5283 tltt
2242 5228 2518 5283 sumendis
2558 5226 2751 5282 eduliis
2778 5241 2845 5282 ne
2886 5225 2957 5279 sit
2991 5239 3251 5294 spurcus,
3284 5234 3377 5277 aut

1804 5324 1998 5387 fmdus,
2032 5322 2125 5376 sed
2153 5321 2301 5375 cordi
2337 5334 2455 5384 suo,
2488 5333 2552 5373 ac
2585 5320 2781 5372 mentis
2813 5314 3161 5371 dcstinationi
3192 5315 3379 5383 impri-

1800 5422 1933 5479 mat,
1987 5411 2112 5480 quia
2165 5409 2445 5471 Dominus,
2478 5426 2497 5459 ι
2563 5415 2668 5462 etc.
2713 5409 2827 5462 Imo
2875 5407 3221 5477 pollutionem
3268 5420 3373 5459 non

1799 5519 1922 5558 esse
1955 5503 2068 5555 vnlt
2101 5501 2155 5555 in
2194 5500 2350 5566 cibis,
2384 5510 2436 5552 ut
2474 5498 2923 5553 Constitutionum
2959 5496 3372 5551 monasticarum

1799 5608 1919 5660 cap.
1949 5592 2021 5646 26
2048 5591 2124 5645 ait
2163 5607 2261 5645 nos
2292 5605 2321 5643 a
2355 5589 2489 5643 cibis
2521 5588 2813 5652 abstinere,
2851 5603 2955 5643 non
2982 5597 3038 5643 ut
3069 5585 3373 5641 Judaaorum

1801 5686 1935 5739 ritus
1980 5697 2288 5750 sequamur,
2340 5680 2401 5732 οὐ
2451 5678 2558 5745 γὰρ
2602 5678 2708 5734 τῶν
2753 5679 3007 5733 τοιούτων
3059 5675 3375 5736 ἀπεγόαεθα
