3816 6210
460 334 596 395 £991

1628 304 1835 362 ΝΟΤίΕ
1877 297 2271 357 FltONTONlS
2311 295 2547 351 θυρίδι

3594 274 3734 332 1099.

468 447 866 510 Ἰουδαῖζοντες,
902 436 1038 494 ἀλλὰ
1064 437 1161 506 τῆς
1194 429 1403 501 τρυφῆς
1434 426 1531 497 τὴν
1566 419 1883 493 πλησμονὴν
1914 413 2043 486 φεύ-

2210 410 2419 477 :signet.
2470 407 2647 462 Porro
2681 402 2824 473 apud
2869 398 3187 469 ProcOpinm
3237 395 3427 449 lacuna
3458 401 3559 452 est,
3612 406 3737 459 qua:

2265 502 2274 510 .
2396 498 2434 510 π
2501 497 2574 510 un
2609 494 2645 510 Α
2713 509 2786 510 ν.-
2835 501 2981 510 .--,-η
3039 489 3232 510 -__._I-._:
3286 495 3461 510 ...ιιι-υ..
3570 485 3609 510 nt
3656 485 3734 510 ἶ...

458 556 669 614 γοντες,
729 556 747 589 ι
777 533 868 590 sed
893 542 953 587 ιιι
981 527 1301 585 deliciarum
1329 518 1672 577 saturitatem
1704 512 2032 581 fugiamusu

459 600 522 692 et
570 600 902 700 Augustinus
956 621 1051 676 lib.
1106 619 1178 674 50
1227 613 1424 671 Contra
1468 608 1730 663 Faustum
1793 618 1914 672 cap.
1964 600 2038 654 5:

465 719 801 782 (Christiani
864 709 1163 770 adornandi
1227 703 1475 774 corporis
1545 713 1757 760 causa,
1823 702 2045 763 propter

466 815 703 872 animam
757 809 825 863 ab
869 799 1278 860 irrationalibus
1341 793 1578 850 motibus
1632 785 2042 843 humiliandam.

470 925 579 966 non
611 905 754 976 quod
784 903 874 956 illa
908 911 1029 954 esse
1072 891 1350 950 immunda
1380 889 1626 949 credant,
1662 896 1767 936 non
1809 878 1979 934 solum
2015 890 2046 927 a

466 968 741 1060 carnibus,
770 1007 956 1048 verum
984 1004 1015 1043 a
1047 983 1370 1055 quibusdam
1399 979 1564 1035 etiam
1594 985 1752 1029 terrae
1785 968 2049 1025 fructibus

465 1091 760 1148 abstinent.
794 1103 813 1136 ι
876 1080 1045 1137 Paulo
1091 1076 1233 1131 infra
1295 1073 1496 1126 citatur
1535 1068 1688 1122 locus
1726 1060 2047 1119 Proverbia-

467 1199 588 1238 rum
612 1196 736 1238 xxv.
771 1174 859 1239 12,
890 1170 1073 1226 verbis
1105 1163 1360 1221 nonnihil
1386 1159 1658 1221 diversis;
1689 1157 1760 1210 ita
1794 1152 1940 1208 enim
1967 1162 2051 1204 est

467 1271 609 1343 apud
648 1265 791 1323 LXX
820 1283 834 1318 :
862 1266 966 1328 Είς
996 1257 1241 1313 ἐνώτιον
1268 1250 1545 1325 χρυσοῦν
1569 1246 1822 1316 σάρδιον
1861 1245 2050 1343 italu-

465 1329 639 1429 τελὲς
680 1358 933 1413 dedatur
969 1352 1151 1422 λόγος
1177 1346 1370 1417 σοφὸς
1408 1347 1496 1409 είς
1529 1340 1790 1407 εὐήκοον
1816 1329 1945 1399 οὖς·
1985 1330 2053 1386 In

467 1472 684 1512 auream
727 1454 965 1505 inaurem
1023 1443 1263 1499 sardium
1306 1438 1602 1506 pretiosum
1652 1431 1876 1501 ligatum
1928 1434 2052 1479 est:

471 1561 640 1600 sermo
677 1542 883 1609 sapiens
921 1536 978 1589 in
1031 1546 1213 1586 aurem
1254 1527 1597 1582 obedientem.
1649 1519 1806 1590 Apud
1854 1515 2057 1570 Preco-

471 1639 619 1709 pium
654 1648 749 1702 pro
796 1650 814 1682 «
845 1629 1069 1684 verbum
1107 1621 1429 1693 pretiosum,
1453 1636 1471 1668 ι
1500 1614 1749 1684 legimus,
1784 1628 1803 1661 «
1834 1612 2055 1663 verbum

473 1704 784 1797 operosum,
821 1739 841 1773 ι
881 1718 1012 1772 vitio
1044 1715 1278 1769 fortasse
1313 1704 1654 1781 typographi.

544 1817 664 1874 Col.
694 1814 802 1869 2M
828 1811 870 1864 Β
913 1809 969 1864 8.
1018 1803 1139 1859 Vidi
1165 1802 1302 1857 enim
1327 1812 1395 1855 te.
1443 1792 1848 1852 Emendandum
1879 1799 1964 1843 est
1993 1801 2058 1841 ex

478 1912 650 1967 altero
676 1906 846 1976 Regio
890 1902 955 1956 Η.
984 1909 1037 1954 et
1062 1897 1104 1953 ι.
1141 1896 1285 1965 quod
1331 1903 1614 1962 perperam
1656 1902 1723 1941 ex
1753 1882 1820 1938 F.
1856 1880 2058 1935 editum

475 2013 582 2070 est,
611 1971 983 2056 unde'Latine
1015 1992 1130 2046 tunc
1159 1988 1424 2041 eduxerat
1452 1980 1794 2039 Tilmannus,
1831 1971 2062 2027 «Videns

477 2096 622 2151 enim
668 2089 777 2144 vidi
830 2099 1040 2140 morum
1096 2078 1424 2149 gravitatem
1485 2073 1538 2125 in
1587 2084 1787 2124 arcana
1840 2064 2062 2126 canitie,

477 2201 599 2258 quin
643 2193 697 2237 ct
740 2178 897 2236 senili
932 2190 1094 2231 sensu
1144 2169 1370 2241 praedita
1440 2173 1571 2219 est:
1614 2181 1632 2214 ι
1663 2171 1718 2215 at
1742 2174 1868 2213 vera
1906 2156 2065 2212 lectio

476 2247 666 2345 exigit,
724 2269 802 2341 τῷ
857 2267 967 2338 γὰρ
1028 2263 1337 2334 φρονήματι
1403 2256 1625 2328 ἑώρακα
1701 2247 2066 2324 πρεσϐυτικὸν

480 2340 820 2437 τυίχάνοντα
862 2363 890 2413 ὁ
943 2358 1157 2430 βλέπων
1206 2352 1304 2424 τὴν
1369 2348 1674 2420 σεμνότητα
1716 2345 1818 2415 τῆς
1877 2345 1936 2396 ἐν
1989 2340 2068 2411 τῷ

482 2435 714 2532 κρυπτῷ
761 2453 969 2514 πολιᾶς.
1023 2446 1318 2514 Procopius
1342 2441 1481 2497 dixit
1507 2455 1562 2510 p.
1612 2438 1718 2492 66:
1756 2437 1909 2489 Ἐπεὶ
1973 2435 2069 2487 καὶ

483 2524 622 2624 πρὸς
666 2524 934 2618 ’ίερεμιαν
964 2539 1108 2594 οὕτω
1135 2535 1427 2605 διελέγετο,
1477 2535 1552 2603 μὴ
1593 2531 1754 2599 λέγε,
1803 2529 1886 2582 ὅτι
1933 2524 2067 2580 νεώ-

483 2616 643 2714 τερός
673 2616 812 2709 εἰμι,
847 2634 1063 2695 δεικνὺς
1111 2630 1187 2702 μὴ
1225 2624 1391 2682 οὖσαν
1433 2627 1491 2680 ὲν
1531 2621 1681 2693 αὐτῷ
1709 2621 1940 2691 νεότητα
1980 2616 2071 2671 διὰ

484 2710 586 2807 τὴν
614 2733 713 2802 τῆς
742 2727 981 2788 διανοίας
1004 2721 1305 2776 τελείωσιν.
1346 2719 1425 2773 lta
1460 2714 1725 2785 explenda
1746 2722 1832 2767 est
1863 2710 1972 2765 illic
2001 2723 2067 2763 ex

489 2806 695 2881 Basilio
735 2824 954 2884 lacuna,
1003 2826 1065 2872 ut
1117 2813 1357 2885 coniecit
1410 2807 1760 2866 doctissimus
1803 2806 2073 2871 interpres

487 2916 769 2973 Curterius
798 2936 810 2969 :
849 2930 869 2964 ι
899 2909 1181 2980 Siquidem
1212 2914 1270 2960 et
1300 2903 1563 2959 Dominus
1595 2900 1728 2969 ipse,
1755 2911 1876 2952 cum
1919 2893 2074 2950 Jere-

488 3010 659 3067 miam
725 3004 1065 3070 conveniret,
1128 3012 1196 3054 ne
1249 3011 1309 3052 se
1353 2995 1627 3065 iuniorem
1674 3004 1796 3046 esse
1847 2988 2069 3050 diceret,

491 3102 793 3178 prohibuit,
830 3111 891 3156 ut
931 3098 1186 3168 iuvenem
1238 3109 1345 3148 non
1401 3104 1524 3146 esse
1563 3086 1657 3159 qui
1696 3083 1889 3141 mentis
1930 3090 2073 3136 esset
2099 3105 2144 3162 ο

490 3172 649 3253 senili
716 3189 1056 3265 perfeCIione
1117 3185 1418 3256 praeditus,
1483 3176 1817 3236 ostenderet.
1848 3194 1867 3227 ι
1927 3172 2075 3227 Dixit

487 3261 767 3350 Basilius,
815 3278 1009 3334 πολιὰν
1047 3279 1105 3330 ὲν
1133 3273 1211 3346 τῷ
1249 3270 1502 3345 κρυπτῷ,
1548 3277 1607 3324 ιιι
1650 3264 1940 3335 Apostolus
1966 3261 2078 3350 Rs-

491 3392 640 3433 man.
696 3348 759 3438 ιι,
808 3370 917 3427 29:
954 3365 1096 3421 Ἀλλ’
1125 3366 1154 3418 ὁ
1185 3365 1245 3416 ὲν
1277 3360 1354 3432 τῷ
1382 3356 1611 3431 κρυπτῷ
1665 3353 1938 3416 Ἰουδαῖος,
1980 3348 2078 3403 καὶ

493 3461 768 3539 περιτομὴ
818 3457 1073 3531 καρδίαςο
1123 3472 1141 3504 «
1173 3450 1276 3506 Sed
1308 3450 1398 3520 qui
1428 3448 1483 3502 in
1514 3444 1834 3502 abscondito
1862 3439 2080 3496 Iudaeus

495 3531 606 3624 esi,
660 3531 719 3610 et
751 3531 1121 3611 .circumcisio
1177 3543 1395 3606 cordis;
1428 3559 1447 3593 ι
1504 3549 1561 3594 et
1608 3536 1843 3592 Matthaei
1884 3549 1960 3596 vi,
1988 3531 2023 3586 4
2061 3549 2076 3585 :

501 3650 572 3705 ὀ
605 3644 810 3716 Πατήρ
853 3658 992 3707 σου,
1034 3641 1067 3693 ὁ
1094 3635 1347 3704 ,βλέπων
1391 3634 1460 3687 ὲν
1490 3629 1570 3697 τῷ
1596 3626 1837 3700 κρυπτῷ
1857 3643 1872 3657 ο
1916 3624 2082 3679 Pater

497 3753 623 3799 tuus
652 3741 743 3807 qui
763 3737 898 3793 videt
924 3736 980 3788 in
1011 3729 1344 3786 abscondito.
1385 3723 1497 3780 Sub
1522 3723 1682 3777 linem
1709 3720 1917 3791 pagina:
1945 3717 2084 3771 alter

496 3833 653 3889 locus
715 3837 802 3884 est
868 3841 900 3881 a
952 3823 1113 3878 nobis
1167 3821 1457 3876 restitutus
1505 3814 1651 3885 apud
1707 3813 2082 3881 interpretem,

498 3921 787 3994 expunctis
815 3918 944 3982 illis,
999 3935 1018 3968 «
1045 3924 1259 3970 suamet
1303 3907 1629 3966 auctoritate
1649 3944 1664 3969 ,
1697 3919 1793 3975 per
1818 3918 1940 3972 quae
1968 3901 2083 3956 sin-

505 3991 617 4087 guli
650 4012 753 4068 sibi
777 4017 1005 4082 possunt
1037 4006 1308 4061 asciscere
1350 4001 1580 4055 suismet
1619 3997 1800 4060 factis,
1831 4004 1884 4049 et
1910 3992 1976 4048 ab
2006 3991 2086 4047 eis

502 4085 746 4175 arripere
795 4110 1119 4172 potestatem
1177 4092 1513 4150 dominandi.
1548 4110 1567 4142 ι
1633 4087 1751 4144 Non
1801 4088 1947 4142 enim
2014 4085 2088 4139 ait

503 4196 739 4254 Basilius
776 4193 1028 4247 illusores
1058 4195 1376 4256 arrepturos
1402 4188 1724 4252 potestatem
1753 4175 2086 4239 dominandi,

502 4288 591 4343 vel
621 4300 740 4342 eam
769 4281 931 4337 factis
959 4278 1072 4334 suis
1099 4278 1201 4333 sibi
1228 4276 1499 4330 ascituros
1528 4289 1542 4325 :
1576 4269 1668 4325 sed
1700 4270 1848 4340 ipsos
1878 4265 2090 4322 Iudaeos

503 4379 683 4452 potius
710 4371 947 4445 peccatis
986 4369 1100 4425 suis
1125 4366 1541 4438 promerituros,
1572 4370 1631 4414 ut
1658 4358 1788 4429 iugo
1816 4358 2087 4413 barbaro-

509 4447 629 4527 rum
658 4466 1044 4537 subiiciantur.
1095 4460 1294 4516 Verum
1338 4471 1403 4511 ex
1436 4454 1647 4508 duobus
1678 4466 1811 4504 mss.
1845 4448 1914 4503 Η.
1952 4459 2009 4502 et
2046 4447 2086 4501 Ι.

506 4556 905 4618 emendandum
946 4560 1032 4607 est
1059 4550 1116 4604 in
1152 4549 1345 4605 Graeco
1382 4564 1396 4601 :
1447 4542 1708 4610 Ἀλλ’,ἀφ’
1739 4539 1948 4594 ἑαυτῶν
1983 4539 2088 4611 ἔφη

507 4650 843 4727 κυριεύσειν,
883 4641 944 4711 ἐξ
975 4638 1051 4700 ὧν
1072 4643 1308 4705 ἕκαστος
1335 4636 1514 4708 ἑαυτῷ
1536 4634 1625 4690 διὰ
1654 4634 1761 4689 τῶν
1789 4633 1992 4706 ἔργων,
2040 4642 2096 4687 et

509 4722 652 4812 apud
693 4735 1016 4805 Procopium
1064 4749 1116 4802 p.
1156 4730 1224 4785 66
1250 4750 1264 4785 :
1295 4726 1624 4800 Κυριεύσειν
1667 4725 1832 4796 φησὶν
1861 4722 2093 4776 ἑκάστου

510 4833 573 4890 τὸ
596 4827 952 4904 κυριευθῆναι
979 4841 1040 4878 π.
1066 4841 1121 4877 α.
1156 4821 1206 4875 δ.
1240 4838 1292 4875 τ.
1337 4820 1460 4890 ὲργ.
1498 4814 1910 4886 ἐπισπωμένου·
1950 4832 1969 4865 «
1994 4813 2095 4881 Qui

514 4930 584 4983 ab
648 4934 974 4993 unoquoque
1026 4918 1094 4973 ad
1153 4912 1469 4971 dominandi
1520 4910 1798 4965 licentiam
1846 4908 2101 4979 operibus

514 5018 883 5078 attrahantur.
910 5030 931 5064 ι
1719 4995 1723 4999 ’

587 5108 703 5164 Col.
740 5104 847 5161 298
874 5104 921 5157 Α
948 5099 1121 5156 11.Ιη
1143 5113 1323 5153 eorum
1343 5103 1540 5165 partes.
1578 5092 1850 5149 Omiserat
1875 5089 2101 5144 verbum

517 5198 901 5277 προσεχώρουν
923 5195 1214 5259 interpres,
1240 5189 1383 5259 quod
1411 5196 1595 5257 aptum
1627 5195 1708 5240 est
1742 5183 1807 5237 ad
1836 5182 2102 5236 factiones

517 5272 578 5352 et
603 5291 824 5348 dissidia
857 5285 1239 5342 seditiosorum
1261 5320 1277 5346 ,
1318 5278 1414 5349 qui
1441 5288 1681 5346 tempore
1709 5272 2101 5343 Hierosolymi-

519 5396 663 5457 taua:
695 5377 996 5438 obsidionis
1037 5373 1220 5430 omnia
1252 5370 1566 5433 turbabant,
1602 5366 1890 5421 indicanda
1925 5383 1938 5417 :
1980 5364 2101 5417 vide

521 5451 812 5543 losepbum
841 5469 935 5523 lib.
977 5481 1034 5533 v,
1062 5480 1114 5519 vr
1139 5473 1196 5517 et
1218 5476 1291 5515 vn
1338 5458 1416 5513 De
1443 5456 1577 5511 bello
1602 5454 1853 5508 Judaico.
1895 5451 2103 5507 Rursus

521 5564 746 5639 χλανίδα
798 5558 1337 5631 «paludamentum;
1408 5551 1706 5616 vertimus,
1764 5563 1869 5603 non
1939 5566 1956 5597 «
1989 5556 2100 5600 tor-

525 5673 752 5729 quem,»
812 5668 909 5708 seu
970 5648 1259 5705 amiculum
1314 5654 1576 5716 pertenue
1619 5657 1683 5695 ac
1735 5635 2100 5701 molliculum,

529 5750 672 5807 quod
712 5742 976 5811 eiusmodi
1009 5751 1236 5796 ornatus
1290 5749 1384 5792 aut
1431 5734 1599 5791 vestis
1651 5733 1946 5804 principem
1996 5744 2099 5783 non

2148 515 2213 553 ex
2264 502 2366 553 hoc
2396 497 2577 552 Basilii
2606 494 2798 551 Graeco
2835 501 2986 547 textu
3030 489 3236 558 expleri
3286 495 3509 555 potest,
3569 485 3610 536 si
3656 485 3737 535 ita

2148 595 2387 658 legamus
2428 603 2480 657 p.
2533 586 2600 640 67
2635 602 2649 637 :
2682 581 2943 653 Γαμικῶν
2985 578 3327 649 ἐνδυμάτων,
3379 574 3475 629 καὶ
3531 573 3742 642 κόσμου

2143 680 2237 734 τοῦ
2270 682 2573 755 πρέποντος
2618 674 3007 747 ἐστερημένον,
3052 669 3407 742 πτωχεύοντα
3434 665 3744 738 βρωμάτων

2147 769 2564 843 πνευματικῶν
2615 766 2763 833 «Qui
2818 764 3151 835 nuptialibus
3204 761 3452 815 vestibus
3516 768 3739 819 careat,

2148 865 2238 934 qui
2304 862 2515 918 decenti
2570 860 2643 914 sit
2690 857 2838 912 cultu
2882 856 3200 920 destitutus,
3253 863 3308 907 et
3364 849 3734 922 Spiritualium

2149 957 2396 1010 ciborum
2425 952 2651 1022 penuria
2682 949 2914 1015 laboret,
2940 957 2995 1002 et
3025 962 3210 1002 verum
3245 959 3465 1013 panem,
3494 963 3513 994 ι
3558 952 3665 994 etc.

2220 1047 2354 1103 Ibid.
2381 1046 2423 1102 C
2456 1046 2510 1100 5.
2557 1042 2860 1108 Τουτέστι,
2918 1039 2988 1093 τὸ
3041 1037 3436 1108 σιτομέτριον.
3490 1034 3615 1087 Ilaec
3648 1031 3753 1085 ab-

2150 1149 2308 1194 erant
2334 1156 2363 1191 a
2393 1153 2494 1192 ms.
2524 1135 2626 1201 F.;
2674 1149 2781 1187 non
2814 1133 2944 1187 item
2973 1130 3043 1184 ab
3074 1128 3139 1183 Η.
3172 1137 3227 1183 et
3252 1127 3291 1181 ι.
3327 1126 3538 1181 Idcirco
3574 1126 3753 1176 inter-

2165 1231 2337 1301 pretis
2399 1229 2579 1284 verbis
2616 1225 2936 1298 adiecimus,
2989 1221 3143 1276 «hoc
3190 1229 3306 1282 cst,
3366 1215 3536 1272 tritici
3596 1230 3755 1269 inen-

2156 1336 2302 1374 Slll'll.
2344 1340 2363 1371 l

2227 1411 2345 1465 Col.
2399 1408 2503 1465 299
2559 1407 2599 1460 Β
2639 1407 2692 1462 5.
2746 1405 2871 1460 Non
2925 1403 3312 1458 contradicunt.
3370 1398 3500 1454 Haec
3550 1395 3755 1451 omissa

2159 1504 2377 1559 fuerant
2405 1503 2472 1556 ab
2506 1501 2839 1568 interprete,
2897 1512 3020 1567 quae
3067 1504 3180 1550 tres
3219 1504 3401 1547 tamen
3455 1505 3593 1545 mss.
3647 1503 3757 1542 uno

2159 1608 2424 1649 consensu
2477 1592 2757 1646 exhibent.
2829 1588 2933 1645 Ubi
2995 1586 3233 1643 notanda
3298 1585 3546 1657 probitas
3610 1581 3761 1636 illius

2160 1686 2364 1749 saeculi,
2417 1698 2525 1753 quo
2574 1681 2933 1751 seiungebant
2997 1694 3057 1734 se
3102 1680 3171 1734 ab
3226 1677 3372 1761 omni
3425 1676 3759 1746 dignitatum

2090 1762 2132 1817 Β
2162 1777 2663 1834 ecclesiasticarum
2694 1774 2901 1827 ambitu
2941 1773 3043 1827 viri
3078 1772 3275 1836 sancti,
3319 1770 3465 1840 quod
3487 1778 3543 1823 et
3575 1784 3763 1824 exciu—

2162 1870 2249 1940 plo
2274 1884 2374 1924 suo
2404 1865 2752 1922 continuavit
2776 1863 2835 1918 S.
2864 1862 3105 1918 Joannes
3132 1862 3568 1928 Chrvsostomus
3589 1901 3606 1925 ,
3637 1876 3761 1913 cum

2165 1961 2289 2031 fuga
2320 1957 2616 2014 consulens
2649 1953 2776 2020 sibi,
2809 1952 3110 2008 occultavit
3148 1965 3227 2016 se,
3271 1964 3339 2004 ne
3368 1950 3436 2003 ad
3473 1948 3767 2018 episcopa-

2171 2063 2282 2106 tum
2318 2057 2755 2120 promoveretur,
2807 2056 2863 2101 et
2906 2045 3109 2099 librum
3161 2040 3501 2097 delensionis
3534 2054 3655 2092 sum
3697 2038 3764 2090 ad

2167 2141 2428 2197 Basiliam
2475 2139 2683 2194 socium
2721 2147 2775 2192 et
2815 2133 3262 2192 contubernalem
3308 2147 3467 2186 suum
3518 2129 3767 2199 scripsit,

2167 2249 2275 2304 quo
2306 2233 2451 2287 inter
2477 2231 2581 2285 alia
2612 2229 2963 2286 difﬁcultates
3005 2224 3257 2297 exponit,
3292 2224 3494 2293 quibus
3521 2221 3767 2291 episcopi

2170 2340 2365 2380 munus
2386 2324 2671 2378 obsessum
2709 2331 2835 2386 est,
2884 2318 3039 2374 libris
3068 2334 3163 2373 sex
3199 2314 3275 2370 De
3320 2312 3649 2378 sacerdotio,
3713 2321 3773 2363 ut

2171 2417 2336 2472 tradit
2372 2417 2648 2481 Socrates,
2684 2414 2776 2471 lib.
2814 2430 2867 2468 vr
2915 2412 3147 2478 Histor.,
3207 2425 3326 2485 cap.
3380 2409 3435 2462 3.
3499 2406 3765 2461 Testatur

2171 2509 2336 2564 etiam
2369 2507 2511 2562 idem
2540 2505 2670 2560 illud
2694 2504 2932 2559 studium
2965 2501 3204 2572 fugiendi
3236 2498 3590 2569 episcopatus
3622 2496 3763 2564 apud

2170 2610 2385 2656 veteres
2413 2598 2641 2669 epistola
2696 2596 2784 2651 illa
2840 2594 3057 2651 concilii
3098 2591 3371 2647 Valentini
3422 2591 3491 2644 ad
3538 2588 3770 2657 Foroiu-

2177 2695 2362 2756 liens.,
2394 2706 2502 2761 qua
2535 2688 2815 2745 declarant
2855 2686 3120 2758 quosdam
3160 2684 3391 2738 horrore
3420 2678 3753 2748 suscipiendi

2177 2783 2468 2839 sacerdotii
2532 2796 2651 2837 sese
2696 2779 2916 2849 aliquod
2962 2775 3303 2833 commisisse
3335 2772 3603 2827 delictum
3650 2784 3768 2824 esse

2176 2873 2476 2937 confessos,
2503 2871 2656 2940 cuius
2688 2871 2865 2942 gratia
2893 2876 3117 2939 possent
3156 2867 3225 2921 ab
3256 2864 3347 2919 illo
3375 2863 3603 2934 depelli.
3636 2863 3761 2915 Am-

2183 2966 2400 3020 brosius
2455 2962 2619 3017 etiam
2680 2969 2741 3015 ut
2796 2958 3111 3029 dignitatem
3175 2955 3459 3025 effugeret,
3527 2952 3765 3008 credulis

2177 3056 2346 3109 voluit
2374 3064 2428 3109 et
2460 3053 2763 3122 impudicus
2790 3050 2984 3105 videri.
3020 3046 3154 3103 Vide
3195 3046 3505 3108 Paulinum,
3567 3045 3623 3093 'n
3655 3045 3771 3110 eius

2185 3150 2327 3215 Vita,
2351 3157 2404 3202 et
2427 3145 2741 3209 Baronium,
2783 3159 2872 3199 an.
2903 3142 3029 3208 574,
3055 3140 3108 3195 6.

2248 3242 2380 3297 Ibid.
2441 3239 2530 3295 1'5.
2586 3238 2657 3292 Τὸ
2699 3235 2870 3302 ἄξιος
2916 3230 3091 3289 εἶναι.
3132 3232 3483 3289 Contrarium
3523 3237 3771 3286 eliciebat

2177 3351 2240 3391 ex
2293 3334 2377 3388 his
2435 3331 2617 3386 verbis
2669 3330 2977 3398 interpres,
3058 3325 3312 3381 «docens
3369 3323 3660 3394 indignum
3718 3337 3773 3377 se

2178 3441 2331 3491 esse,
2366 3425 2457 3495 qui
2506 3418 3072 3493 praesiderelziatqui
3124 3420 3227 3473 hoc
3281 3417 3398 3488 ipso
3442 3430 3506 3471 se
3553 3415 3772 3484 dignum

2180 3534 2305 3574 esse
2341 3514 2704 3577 ostendebat,
2750 3512 2895 3583 quod
2928 3509 3153 3565 humilis
3188 3522 3253 3562 ac
3285 3506 3569 3561 modestus
3610 3516 3772 3561 esset.

2251 3610 2387 3665 Ibid.
2442 3608 2485 3663 Ι)
2530 3607 2586 3662 5.
2633 3605 2862 3661 Μεσταὶ
2911 3601 3187 3672 ἀνομίας.
3231 3599 3645 3654 Emendandum
3691 3596 3777 3651 hic

2187 3702 2326 3775 μετὰ
2352 3701 2607 3773 ἀνομίας,
2636 3714 2757 3769 qua:
2785 3684 2935 3751 varia
2968 3694 3151 3760 lectio,
3178 3695 3229 3746 in
3257 3692 3504 3763 margine
3530 3706 3770 3760 apogra-

2186 3798 2277 3867 phi
2305 3795 2511 3860 addita,
2539 3790 2879 3867 praeferenda
2907 3787 3012 3843 fuit
3042 3787 3233 3853 alteri;
3268 3798 3505 3853 eamque
3531 3782 3780 3853 sequitur

2185 3884 2587 3957 interpretatio.

2257 3978 2378 4034 Col.
2408 3975 2515 4032 502
2536 3976 2580 4028 Α
2601 3972 2656 4028 8.
2690 3971 2821 4027 Cum
2850 3986 3029 4027 eorum
3078 3967 3280 4036 lingua.
3322 3964 3623 4036 Coniunxit
3662 3977 3780 4018 cum

2189 4071 2355 4126 verbo
2390 4065 2717 4135 ἀντιλέγειν,
2770 4079 2875 4119 non
2919 4078 3043 4118 cum
3087 4060 3320 4132 μελετᾷ,
3366 4073 3559 4113 vocem
3608 4054 3782 4126 γλὼσο

2194 4179 2294 4234 σης
2349 4163 2639 4229 interpres,
2700 4171 2803 4211 nec
2875 4155 3257 4209 animadvertit
3309 4152 3452 4223 apud
3514 4150 3776 4204 Davident

2193 4254 2429 4322 linguam
2479 4250 2585 4303 dici
2641 4246 2893 4318 μελετᾷν,
2970 4244 3108 4314 psal.
3163 4259 3350 4307 πτειν,
3413 4241 3528 4295 9.8:
3564 4239 3683 4295 Καὶ
3744 4238 3780 4306 ὴ

2193 4341 2447 4415 γλῶσσά
2493 4357 2614 4410 μου
2647 4335 2970 4409 μελετήσει
3018 4334 3135 4404 τὴν
3184 4334 3583 4399 δικαιοσύνην
3634 4347 3783 4387 σοιν

2120 4434 2263 4506 DEt
2341 4433 2522 4500 lingua
2599 4446 2714 4483 mea
2772 4428 3109 4482 meditabitur
3147 4426 3419 4495 justitiam
3476 4434 3669 4486 tuam;
3740 4433 3786 4476 et

2192 4542 2378 4595 xxxvi,
2406 4526 2475 4580 20
2498 4540 2513 4578 :
2535 4524 2610 4579 0s
2641 4523 2782 4592 justi
2810 4521 3153 4576 meditabitur
3182 4518 3525 4589 sapientiam,
3546 4518 3640 4573 ubi
3667 4532 3785 4586 per—

2192 4635 2375 4689 peram
2424 4619 2479 4673 in
2552 4615 2896 4672 Germanicis
2954 4612 3145 4667 Bibliis
3199 4614 3454 4675 vertitur,
3528 4610 3783 4663 «curabit

2194 4710 2536 4782 sapientiam,
2570 4725 2590 4759 ι
2656 4721 2764 4761 non
2798 4704 2941 4759 enim
2978 4713 3063 4757 est
3100 4700 3274 4773 μέλει,
3307 4700 3402 4755 sed
3436 4698 3783 4769 μελετήσει,

2198 4801 2477 4872 inquibus
2526 4798 2663 4852 locis
2708 4799 2934 4850 verbum
2985 4793 3270 4848 Hebraeum
3313 4802 3422 4853 mn
3461 4807 3570 4845 non
3616 4792 3783 4847 solum

2206 4892 2547 4950 «meditari.
2591 4899 2772 4955 sonat,
2809 4888 2906 4943 sed
2936 4887 3103 4940 etiam
3138 4904 3157 4935 ι
3189 4885 3522 4938 mussitare:
3557 4900 3576 4932 ι
3609 4882 3788 4952 itaque

2199 4989 2361 5042 etiam
2392 4986 2600 5055 psalmo
2625 4999 2781 5047 cxnr,
2827 4981 2915 5047 15,
2953 4981 3158 5049 φωνεῖν
3183 4979 3432 5042 vertitur,
3472 4977 3545 5029 οὐ
3588 4975 3785 5046 φωνή-

2199 5092 2426 5134 σουσιν
2459 5076 2529 5129 ἐν
2562 5073 2645 5140 τῷ
2680 5072 2937 5143 λάρυγγι
2976 5068 3197 5135 αὐτῶν,
3246 5085 3350 5123 non
3392 5069 3697 5121 clamabunt
3741 5070 3785 5118 in

2199 5179 2408 5242 gutture
2432 5184 2551 5220 suo.
2588 5164 2799 5219 Idcirco
2829 5163 2917 5216 hic
2940 5160 3250 5215 delevimus
3290 5157 3380 5211 illa
3421 5160 3588 5212 verba
3622 5159 3782 5211 inter-

2201 5260 2369 5333 pretis
2394 5276 2409 5311 :
2438 5273 2461 5310 «
2490 5265 2548 5310 ut
2582 5253 2979 5309 meditarentur
3034 5260 3195 5306 nocte
3249 5264 3313 5303 ac
3358 5249 3443 5303 die
3488 5248 3666 5323 legem
3698 5250 3785 5303 Do—

2199 5351 2544 5421 mini,lingua
2582 5362 2770 5402 eorum
2809 5344 3238 5400 contradicebat.
3271 5362 3292 5395 s
3616 5319 3622 5323 .

2268 5444 2406 5501 lbid.
2469 5441 2512 5497 C
2576 5440 2633 5494 2.
2702 5437 2857 5503 Quod
2938 5435 3187 5507 populus.
3257 5431 3575 5488 Cavendum
3632 5433 3787 5485 inter-

2203 5542 2364 5611 preti,
2398 5553 2465 5593 ne
2491 5534 2791 5592 similitudo
2833 5547 3028 5587 vocum
3060 5547 3183 5585 eum
3220 5528 3392 5594 fallat,
3426 5539 3487 5581 ut
3532 5528 3638 5581 hoc
3676 5527 3783 5581 loco

2197 5634 2258 5685 τὸ
2289 5632 2529 5693 ἀνίατον,
2592 5647 2610 5678 «
2638 5624 2937 5680 incurabile
2982 5623 3248 5690 malum,»
3301 5619 3638 5675 existimavit
3677 5630 3780 5676 esse

2203 5722 2350 5794 7:195
2404 5720 2463 5773 τὸ
2511 5719 2664 5788 ἁνιᾷν
2722 5718 2863 5785 quod
2915 5724 3032 5782 est,
3091 5711 3447 5795 imolestiam
3506 5711 3776 5779 inferre,»
