  <div class='ocr_page' id='page_1' title='image "/cluster/home/n/w/nwhite01/storage/ocr_20150623/30/nnc1.0046978810/568.png"; bbox 0 0 3816 6210; ppageno 0'>
   <div class='ocr_carea' id='block_1_1' title="bbox 191 273 334 332">
    <p class='ocr_par' dir='ltr' id='par_1_1' title="bbox 191 273 334 332">
     <span class='ocr_line' id='line_1_1' title="bbox 191 273 334 332; baseline 0.042 -6"><span class='ocrx_word' id='word_1_1' title='bbox 191 273 334 332; x_wconf 77' lang='grc'><strong>1095</strong></span> 
     </span>
    </p>
   </div>
   <div class='ocr_carea' id='block_1_2' title="bbox 1390 283 2266 347">
    <p class='ocr_par' dir='ltr' id='par_1_2' title="bbox 1390 283 2266 347">
     <span class='ocr_line' id='line_1_2' title="bbox 1390 283 2266 347; baseline 0.011 -10"><span class='ocrx_word' id='word_1_2' title='bbox 1390 283 1481 338; x_wconf 84' lang='lat' dir='ltr'><strong>AD</strong></span> <span class='ocrx_word' id='word_1_3' title='bbox 1516 283 1867 343; x_wconf 71' lang='lat' dir='ltr'><strong>COMMENT.</strong></span> <span class='ocrx_word' id='word_1_4' title='bbox 1909 288 1976 343; x_wconf 90' lang='lat' dir='ltr'><strong>IN</strong></span> <span class='ocrx_word' id='word_1_5' title='bbox 2012 288 2266 347; x_wconf 78' lang='lat' dir='ltr'><strong>ISAIAM.</strong></span> 
     </span>
    </p>
   </div>
   <div class='ocr_carea' id='block_1_3' title="bbox 3322 311 3461 367">
    <p class='ocr_par' dir='ltr' id='par_1_3' title="bbox 3322 311 3461 367">
     <span class='ocr_line' id='line_1_3' title="bbox 3322 311 3461 367; baseline 0.022 -2"><span class='ocrx_word' id='word_1_6' title='bbox 3322 311 3461 367; x_wconf 73' lang='grc'><strong>1094</strong></span> 
     </span>
    </p>
   </div>
   <div class='ocr_carea' id='block_1_4' title="bbox 184 390 3469 482">
    <p class='ocr_par' dir='ltr' id='par_1_4' title="bbox 184 390 3469 482">
     <span class='ocr_line' id='line_1_4' title="bbox 184 390 3469 482; baseline 0.012 -41"><span class='ocrx_word' id='word_1_7' title='bbox 184 390 537 461; x_wconf 74' lang='lat' dir='ltr'><strong>scripsitque,</strong></span> <span class='ocrx_word' id='word_1_8' title='bbox 576 408 597 443; x_wconf 77' lang='grc' dir='ltr'><strong>ι</strong></span> <span class='ocrx_word' id='word_1_9' title='bbox 623 391 801 461; x_wconf 86' lang='lat' dir='ltr'><strong>populi</strong></span> <span class='ocrx_word' id='word_1_10' title='bbox 826 406 972 463; x_wconf 84' lang='lat' dir='ltr'><strong>aegre</strong></span> <span class='ocrx_word' id='word_1_11' title='bbox 1013 392 1262 459; x_wconf 89' lang='lat' dir='ltr'><strong>ferentis,</strong></span> <span class='ocrx_word' id='word_1_12' title='bbox 1299 398 1443 464; x_wconf 91' lang='lat' dir='ltr'><strong>quod</strong></span> <span class='ocrx_word' id='word_1_13' title='bbox 1479 400 1769 467; x_wconf 80' lang='lat' dir='ltr'><strong>reSponde-</strong></span> <span class='ocrx_word' id='word_1_14' title='bbox 1803 406 1847 460; x_wconf 81' lang='grc' dir='ltr'><strong>Α</strong></span> <span class='ocrx_word' id='word_1_15' title='bbox 1872 401 2060 456; x_wconf 77' lang='grc' dir='ltr'>αὑτὸν</span> <span class='ocrx_word' id='word_1_16' title='bbox 2077 404 2149 457; x_wconf 64' lang='grc' dir='ltr'><strong>ἐν</strong></span> <span class='ocrx_word' id='word_1_17' title='bbox 2166 403 2240 474; x_wconf 79' lang='grc' dir='ltr'>τῇ</span> <span class='ocrx_word' id='word_1_18' title='bbox 2265 405 2369 477; x_wconf 77' lang='grc' dir='ltr'><strong>γῇ.</strong></span> <span class='ocrx_word' id='word_1_19' title='bbox 2394 406 2461 462; x_wconf 86' lang='lat' dir='ltr'><strong>Et</strong></span> <span class='ocrx_word' id='word_1_20' title='bbox 2488 409 2693 466; x_wconf 81' lang='lat' dir='ltr'><strong>beatum</strong></span> <span class='ocrx_word' id='word_1_21' title='bbox 2714 413 2878 482; x_wconf 81' lang='lat' dir='ltr'><strong>faciat</strong></span> <span class='ocrx_word' id='word_1_22' title='bbox 2898 434 3015 471; x_wconf 84' lang='lat' dir='ltr'><strong>eum</strong></span> <span class='ocrx_word' id='word_1_23' title='bbox 3045 419 3098 473; x_wconf 86' lang='lat' dir='ltr'><strong>in</strong></span> <span class='ocrx_word' id='word_1_24' title='bbox 3124 428 3287 477; x_wconf 84' lang='lat' dir='ltr'><strong>terra.</strong></span> <span class='ocrx_word' id='word_1_25' title='bbox 3313 423 3469 480; x_wconf 83' lang='lat' dir='ltr'><strong>Chal-</strong></span> 
     </span>
    </p>
   </div>
   <div class='ocr_carea' id='block_1_5' title="bbox 185 480 1776 558">
    <p class='ocr_par' dir='ltr' id='par_1_5' title="bbox 185 480 1776 558">
     <span class='ocr_line' id='line_1_5' title="bbox 185 480 1776 558; baseline 0.004 -23"><span class='ocrx_word' id='word_1_26' title='bbox 185 480 279 535; x_wconf 91' lang='lat' dir='ltr'><strong>rit.</strong></span> <span class='ocrx_word' id='word_1_27' title='bbox 311 500 333 533; x_wconf 71' lang='grc' dir='ltr'><strong>ι</strong></span> <span class='ocrx_word' id='word_1_28' title='bbox 384 481 548 550; x_wconf 89' lang='lat' dir='ltr'><strong>Atqui</strong></span> <span class='ocrx_word' id='word_1_29' title='bbox 599 480 815 536; x_wconf 84' lang='grc' dir='ltr'>ἀνίατον</span> <span class='ocrx_word' id='word_1_30' title='bbox 865 491 949 538; x_wconf 91' lang='lat' dir='ltr'><strong>est</strong></span> <span class='ocrx_word' id='word_1_31' title='bbox 979 483 1040 536; x_wconf 82' lang='grc' dir='ltr'><strong>τὸ</strong></span> <span class='ocrx_word' id='word_1_32' title='bbox 1089 483 1270 537; x_wconf 76' lang='grc' dir='ltr'>ἰᾶσθαι</span> <span class='ocrx_word' id='word_1_33' title='bbox 1327 484 1402 556; x_wconf 86' lang='grc' dir='ltr'>μὴ</span> <span class='ocrx_word' id='word_1_34' title='bbox 1445 486 1776 558; x_wconf 79' lang='grc' dir='ltr'><strong>δυνάμενον,</strong></span> 
     </span>
    </p>
   </div>
   <div class='ocr_carea' id='block_1_6' title="bbox 188 569 1771 648">
    <p class='ocr_par' dir='ltr' id='par_1_6' title="bbox 188 569 1771 648">
     <span class='ocr_line' id='line_1_6' title="bbox 188 569 1771 648; baseline 0.009 -28"><span class='ocrx_word' id='word_1_35' title='bbox 188 585 210 620; x_wconf 77' lang='grc' dir='ltr'><strong>ι</strong></span> <span class='ocrx_word' id='word_1_36' title='bbox 239 569 389 640; x_wconf 88' lang='lat' dir='ltr'><strong>quod</strong></span> <span class='ocrx_word' id='word_1_37' title='bbox 439 571 621 626; x_wconf 82' lang='lat' dir='ltr'><strong>sanari</strong></span> <span class='ocrx_word' id='word_1_38' title='bbox 665 587 773 626; x_wconf 88' lang='lat' dir='ltr'><strong>non</strong></span> <span class='ocrx_word' id='word_1_39' title='bbox 817 580 1015 642; x_wconf 90' lang='lat' dir='ltr'><strong>potest.</strong></span> <span class='ocrx_word' id='word_1_40' title='bbox 1046 592 1066 625; x_wconf 75' lang='grc' dir='ltr'><strong>ι</strong></span> <span class='ocrx_word' id='word_1_41' title='bbox 1127 572 1234 628; x_wconf 85' lang='lat' dir='ltr'><strong>Sed</strong></span> <span class='ocrx_word' id='word_1_42' title='bbox 1278 577 1527 643; x_wconf 91' lang='lat' dir='ltr'><strong>sequenti</strong></span> <span class='ocrx_word' id='word_1_43' title='bbox 1573 580 1771 648; x_wconf 79' lang='lat' dir='ltr'><strong>pagina</strong></span> 
     </span>
    </p>
   </div>
   <div class='ocr_carea' id='block_1_7' title="bbox 186 661 1774 733">
    <p class='ocr_par' dir='ltr' id='par_1_7' title="bbox 186 661 1774 733">
     <span class='ocr_line' id='line_1_7' title="bbox 186 661 1774 733; baseline 0.006 -18"><span class='ocrx_word' id='word_1_44' title='bbox 186 671 338 716; x_wconf 90' lang='lat' dir='ltr'><strong>recte</strong></span> <span class='ocrx_word' id='word_1_45' title='bbox 386 661 488 717; x_wconf 88' lang='lat' dir='ltr'><strong>hoc</strong></span> <span class='ocrx_word' id='word_1_46' title='bbox 536 661 939 731; x_wconf 74' lang='lat' dir='ltr'><strong>animadvertit,</strong></span> <span class='ocrx_word' id='word_1_47' title='bbox 988 663 1205 717; x_wconf 79' lang='grc' dir='ltr'>ἀνίατον</span> <span class='ocrx_word' id='word_1_48' title='bbox 1241 664 1512 733; x_wconf 81' lang='grc' dir='ltr'>νοσοῦσιν,</span> <span class='ocrx_word' id='word_1_49' title='bbox 1574 686 1594 719; x_wconf 78' lang='grc' dir='ltr'><strong>ι</strong></span> <span class='ocrx_word' id='word_1_50' title='bbox 1622 669 1774 724; x_wconf 90' lang='lat' dir='ltr'><strong>insa-</strong></span> 
     </span>
    </p>
   </div>
   <div class='ocr_carea' id='block_1_8' title="bbox 184 750 1213 824">
    <p class='ocr_par' dir='ltr' id='par_1_8' title="bbox 184 750 1213 824">
     <span class='ocr_line' id='line_1_8' title="bbox 184 750 1213 824; baseline 0.002 -17"><span class='ocrx_word' id='word_1_51' title='bbox 184 752 441 809; x_wconf 71' lang='lat' dir='ltr'><strong>tiabiliter</strong></span> <span class='ocrx_word' id='word_1_52' title='bbox 476 762 759 824; x_wconf 69' lang='lat' dir='ltr'><strong>aegrotant.</strong></span> <span class='ocrx_word' id='word_1_53' title='bbox 796 775 817 807; x_wconf 72' lang='grc' dir='ltr'><strong>ι</strong></span> <span class='ocrx_word' id='word_1_54' title='bbox 1210 750 1213 751; x_wconf 48' lang='grc'><strong><em>⁷</em></strong></span> 
     </span>
    </p>
   </div>
   <div class='ocr_carea' id='block_1_9' title="bbox 256 842 1774 916">
    <p class='ocr_par' dir='ltr' id='par_1_9' title="bbox 256 842 1774 916">
     <span class='ocr_line' id='line_1_9' title="bbox 256 842 1774 916; baseline 0.005 -16"><span class='ocrx_word' id='word_1_55' title='bbox 256 842 380 900; x_wconf 83' lang='lat' dir='ltr'><strong>Col.</strong></span> <span class='ocrx_word' id='word_1_56' title='bbox 404 843 509 899; x_wconf 76' lang='grc'><strong>505</strong></span> <span class='ocrx_word' id='word_1_57' title='bbox 533 843 577 897; x_wconf 90' lang='grc' dir='ltr'><strong>Β</strong></span> <span class='ocrx_word' id='word_1_58' title='bbox 609 845 699 900; x_wconf 78' lang='grc'><strong>1⁵5.</strong></span> <span class='ocrx_word' id='word_1_59' title='bbox 741 845 1058 916; x_wconf 79' lang='lat' dir='ltr'><strong>Signi/icore</strong></span> <span class='ocrx_word' id='word_1_60' title='bbox 1089 847 1376 904; x_wconf 78' lang='lat' dir='ltr'><strong>Christum.</strong></span> <span class='ocrx_word' id='word_1_61' title='bbox 1418 850 1774 909; x_wconf 84' lang='lat' dir='ltr'><strong>Restituimus</strong></span> 
     </span>
    </p>
   </div>
   <div class='ocr_carea' id='block_1_10' title="bbox 182 933 1770 1012">
    <p class='ocr_par' dir='ltr' id='par_1_10' title="bbox 182 933 1770 1012">
     <span class='ocr_line' id='line_1_10' title="bbox 182 933 1770 1012; baseline 0.006 -24"><span class='ocrx_word' id='word_1_62' title='bbox 182 933 333 988; x_wconf 87' lang='lat' dir='ltr'><strong>hunc</strong></span> <span class='ocrx_word' id='word_1_63' title='bbox 360 933 540 989; x_wconf 89' lang='lat' dir='ltr'><strong>locum</strong></span> <span class='ocrx_word' id='word_1_64' title='bbox 569 950 638 990; x_wconf 78' lang='lat' dir='ltr'><strong>ex</strong></span> <span class='ocrx_word' id='word_1_65' title='bbox 664 935 836 991; x_wconf 87' lang='lat' dir='ltr'><strong>altero</strong></span> <span class='ocrx_word' id='word_1_66' title='bbox 867 937 1036 1007; x_wconf 82' lang='lat' dir='ltr'><strong>Regio</strong></span> <span class='ocrx_word' id='word_1_67' title='bbox 1061 937 1132 994; x_wconf 84' lang='lat' dir='ltr'><strong>ll.</strong></span> <span class='ocrx_word' id='word_1_68' title='bbox 1162 951 1217 994; x_wconf 90' lang='lat' dir='ltr'><strong>et</strong></span> <span class='ocrx_word' id='word_1_69' title='bbox 1242 940 1509 1011; x_wconf 84' lang='lat' dir='ltr'><strong>Anglicis,</strong></span> <span class='ocrx_word' id='word_1_70' title='bbox 1543 942 1598 996; x_wconf 90' lang='lat' dir='ltr'><strong>in</strong></span> <span class='ocrx_word' id='word_1_71' title='bbox 1634 958 1770 1012; x_wconf 91' lang='lat' dir='ltr'><strong>quo-</strong></span> 
     </span>
    </p>
   </div>
   <div class='ocr_carea' id='block_1_11' title="bbox 183 1023 1770 1103">
    <p class='ocr_par' dir='ltr' id='par_1_11' title="bbox 183 1023 1770 1103">
     <span class='ocr_line' id='line_1_11' title="bbox 183 1023 1770 1103; baseline 0.01 -28"><span class='ocrx_word' id='word_1_72' title='bbox 183 1038 306 1076; x_wconf 88' lang='lat' dir='ltr'><strong>rum</strong></span> <span class='ocrx_word' id='word_1_73' title='bbox 357 1038 466 1078; x_wconf 86' lang='lat' dir='ltr'><strong>uno</strong></span> <span class='ocrx_word' id='word_1_74' title='bbox 492 1023 775 1093; x_wconf 81' lang='lat' dir='ltr'><strong>legebatur</strong></span> <span class='ocrx_word' id='word_1_75' title='bbox 803 1027 902 1098; x_wconf 86' lang='grc' dir='ltr'><strong>τὴν</strong></span> <span class='ocrx_word' id='word_1_76' title='bbox 956 1029 1085 1100; x_wconf 80' lang='grc' dir='ltr'>περὶ</span> <span class='ocrx_word' id='word_1_77' title='bbox 1116 1030 1337 1094; x_wconf 82' lang='grc' dir='ltr'>αὐτούς’</span> <span class='ocrx_word' id='word_1_78' title='bbox 1376 1041 1432 1086; x_wconf 87' lang='lat' dir='ltr'><strong>at</strong></span> <span class='ocrx_word' id='word_1_79' title='bbox 1476 1033 1770 1103; x_wconf 89' lang='lat' dir='ltr'><strong>Procopius</strong></span> 
     </span>
    </p>
   </div>
   <div class='ocr_carea' id='block_1_12' title="bbox 178 1113 1764 1197">
    <p class='ocr_par' dir='ltr' id='par_1_12' title="bbox 178 1113 1764 1197">
     <span class='ocr_line' id='line_1_12' title="bbox 178 1113 1764 1197; baseline 0.011 -35"><span class='ocrx_word' id='word_1_80' title='bbox 178 1113 585 1182; x_wconf 73' lang='lat' dir='ltr'><strong>compendiose,</strong></span> <span class='ocrx_word' id='word_1_81' title='bbox 739 1115 803 1187; x_wconf 84' lang='grc' dir='ltr'>δὴ</span> <span class='ocrx_word' id='word_1_82' title='bbox 856 1118 1113 1183; x_wconf 78' lang='grc' dir='ltr'><strong>ποικίλως</strong></span> <span class='ocrx_word' id='word_1_83' title='bbox 1165 1122 1459 1176; x_wconf 74' lang='grc' dir='ltr'>ἐπινοεῖται</span> <span class='ocrx_word' id='word_1_84' title='bbox 1510 1125 1764 1197; x_wconf 64' lang='grc' dir='ltr'>Χριστός</span> 
     </span>
    </p>
   </div>
   <div class='ocr_carea' id='block_1_13' title="bbox 183 1201 1762 1283">
    <p class='ocr_par' dir='ltr' id='par_1_13' title="bbox 183 1201 1762 1283">
     <span class='ocr_line' id='line_1_13' title="bbox 183 1201 1762 1283; baseline 0.012 -35"><span class='ocrx_word' id='word_1_85' title='bbox 183 1216 203 1248; x_wconf 78' lang='grc' dir='ltr'><strong>ι</strong></span> <span class='ocrx_word' id='word_1_86' title='bbox 228 1201 432 1269; x_wconf 89' lang='lat' dir='ltr'><strong>quibus</strong></span> <span class='ocrx_word' id='word_1_87' title='bbox 463 1202 616 1257; x_wconf 90' lang='lat' dir='ltr'><strong>varie</strong></span> <span class='ocrx_word' id='word_1_88' title='bbox 664 1202 962 1274; x_wconf 83' lang='lat' dir='ltr'><strong>signiﬁcari</strong></span> <span class='ocrx_word' id='word_1_89' title='bbox 1012 1207 1287 1263; x_wconf 84' lang='lat' dir='ltr'><strong>Christum</strong></span> <span class='ocrx_word' id='word_1_90' title='bbox 1337 1212 1707 1283; x_wconf 81' lang='lat' dir='ltr'><strong>intelligimus.</strong></span> <span class='ocrx_word' id='word_1_91' title='bbox 1742 1234 1762 1267; x_wconf 75' lang='grc' dir='ltr'><strong>ι</strong></span> 
     </span>
    </p>
   </div>
   <div class='ocr_carea' id='block_1_14' title="bbox 177 1290 1763 1371">
    <p class='ocr_par' dir='ltr' id='par_1_14' title="bbox 177 1290 1763 1371">
     <span class='ocr_line' id='line_1_14' title="bbox 177 1290 1763 1371; baseline 0.011 -27"><span class='ocrx_word' id='word_1_92' title='bbox 177 1290 238 1347; x_wconf 87' lang='lat' dir='ltr'><strong>lu</strong></span> <span class='ocrx_word' id='word_1_93' title='bbox 268 1293 334 1348; x_wconf 85' lang='lat' dir='ltr'><strong>F.</strong></span> <span class='ocrx_word' id='word_1_94' title='bbox 382 1294 591 1350; x_wconf 78' lang='lat' dir='ltr'><strong>calamo</strong></span> <span class='ocrx_word' id='word_1_95' title='bbox 640 1307 925 1352; x_wconf 86' lang='lat' dir='ltr'><strong>exaratum</strong></span> <span class='ocrx_word' id='word_1_96' title='bbox 976 1301 1180 1370; x_wconf 86' lang='lat' dir='ltr'><strong>reperit</strong></span> <span class='ocrx_word' id='word_1_97' title='bbox 1229 1301 1569 1371; x_wconf 83' lang='lat' dir='ltr'><strong>Tilntannus,</strong></span> <span class='ocrx_word' id='word_1_98' title='bbox 1620 1309 1763 1362; x_wconf 81' lang='grc' dir='ltr'>κατὰ</span> 
     </span>
    </p>
   </div>
   <div class='ocr_carea' id='block_1_15' title="bbox 175 1383 1765 1462">
    <p class='ocr_par' dir='ltr' id='par_1_15' title="bbox 175 1383 1765 1462">
     <span class='ocr_line' id='line_1_15' title="bbox 175 1383 1765 1462; baseline 0.01 -25"><span class='ocrx_word' id='word_1_99' title='bbox 175 1384 437 1456; x_wconf 82' lang='grc' dir='ltr'>ποικίλην</span> <span class='ocrx_word' id='word_1_100' title='bbox 464 1383 563 1456; x_wconf 80' lang='grc' dir='ltr'><strong>τὴν</strong></span> <span class='ocrx_word' id='word_1_101' title='bbox 585 1384 712 1457; x_wconf 79' lang='grc' dir='ltr'>περὶ</span> <span class='ocrx_word' id='word_1_102' title='bbox 734 1388 961 1454; x_wconf 78' lang='grc' dir='ltr'>ἑαυτοὺς</span> <span class='ocrx_word' id='word_1_103' title='bbox 984 1391 1313 1462; x_wconf 80' lang='grc' dir='ltr'>συμϐουλίαν</span> <span class='ocrx_word' id='word_1_104' title='bbox 1334 1396 1430 1449; x_wconf 79' lang='grc' dir='ltr'>καὶ</span> <span class='ocrx_word' id='word_1_105' title='bbox 1460 1395 1705 1452; x_wconf 77' lang='grc' dir='ltr'>ἐπίνοιαν</span> <span class='ocrx_word' id='word_1_106' title='bbox 1736 1402 1765 1454; x_wconf 86' lang='grc' dir='ltr'>ὁ</span> 
     </span>
    </p>
   </div>
   <div class='ocr_carea' id='block_1_16' title="bbox 173 1475 1763 1549">
    <p class='ocr_par' dir='ltr' id='par_1_16' title="bbox 173 1475 1763 1549">
     <span class='ocr_line' id='line_1_16' title="bbox 173 1475 1763 1549; baseline 0.009 -21"><span class='ocrx_word' id='word_1_107' title='bbox 173 1476 446 1549; x_wconf 84' lang='grc' dir='ltr'>Χριστός·</span> <span class='ocrx_word' id='word_1_108' title='bbox 504 1475 760 1534; x_wconf 67' lang='lat' dir='ltr'><strong>«Cuncta</strong></span> <span class='ocrx_word' id='word_1_109' title='bbox 805 1478 1012 1535; x_wconf 89' lang='lat' dir='ltr'><strong>faciunt</strong></span> <span class='ocrx_word' id='word_1_110' title='bbox 1064 1483 1133 1537; x_wconf 88' lang='lat' dir='ltr'><strong>ad</strong></span> <span class='ocrx_word' id='word_1_111' title='bbox 1186 1484 1569 1541; x_wconf 80' lang='lat' dir='ltr'><strong>multiformem</strong></span> <span class='ocrx_word' id='word_1_112' title='bbox 1620 1489 1763 1543; x_wconf 84' lang='lat' dir='ltr'><strong>illam</strong></span> 
     </span>
    </p>
   </div>
   <div class='ocr_carea' id='block_1_17' title="bbox 176 1569 1759 1635">
    <p class='ocr_par' dir='ltr' id='par_1_17' title="bbox 176 1569 1759 1635">
     <span class='ocr_line' id='line_1_17' title="bbox 176 1569 1759 1635; baseline 0.008 -13"><span class='ocrx_word' id='word_1_113' title='bbox 176 1577 383 1622; x_wconf 85' lang='lat' dir='ltr'><strong>contra</strong></span> <span class='ocrx_word' id='word_1_114' title='bbox 411 1577 583 1624; x_wconf 82' lang='lat' dir='ltr'><strong>semet</strong></span> <span class='ocrx_word' id='word_1_115' title='bbox 613 1569 1072 1627; x_wconf 83' lang='lat' dir='ltr'><strong>consultationem</strong></span> <span class='ocrx_word' id='word_1_116' title='bbox 1108 1582 1163 1630; x_wconf 90' lang='lat' dir='ltr'><strong>et</strong></span> <span class='ocrx_word' id='word_1_117' title='bbox 1193 1574 1516 1633; x_wconf 89' lang='lat' dir='ltr'><strong>molitiones.</strong></span> <span class='ocrx_word' id='word_1_118' title='bbox 1545 1597 1566 1630; x_wconf 75' lang='grc' dir='ltr'><strong>ι</strong></span> <span class='ocrx_word' id='word_1_119' title='bbox 1616 1573 1759 1635; x_wconf 89' lang='lat' dir='ltr'><strong>ldem</strong></span> 
     </span>
    </p>
   </div>
   <div class='ocr_carea' id='block_1_18' title="bbox 172 1658 1761 1737">
    <p class='ocr_par' dir='ltr' id='par_1_18' title="bbox 172 1658 1761 1737">
     <span class='ocr_line' id='line_1_18' title="bbox 172 1658 1761 1737; baseline 0.01 -26"><span class='ocrx_word' id='word_1_120' title='bbox 172 1658 346 1726; x_wconf 88' lang='lat' dir='ltr'><strong>paulo</strong></span> <span class='ocrx_word' id='word_1_121' title='bbox 371 1667 494 1728; x_wconf 84' lang='lat' dir='ltr'><strong>post</strong></span> <span class='ocrx_word' id='word_1_122' title='bbox 527 1660 843 1731; x_wconf 84' lang='lat' dir='ltr'><strong>scripserat,</strong></span> <span class='ocrx_word' id='word_1_123' title='bbox 907 1680 927 1715; x_wconf 80' lang='grc' dir='ltr'><strong>ι</strong></span> <span class='ocrx_word' id='word_1_124' title='bbox 957 1662 1194 1720; x_wconf 88' lang='lat' dir='ltr'><strong>Dimidia</strong></span> <span class='ocrx_word' id='word_1_125' title='bbox 1219 1666 1363 1721; x_wconf 91' lang='lat' dir='ltr'><strong>enim</strong></span> <span class='ocrx_word' id='word_1_126' title='bbox 1394 1668 1517 1724; x_wconf 89' lang='lat' dir='ltr'><strong>mali</strong></span> <span class='ocrx_word' id='word_1_127' title='bbox 1546 1685 1672 1737; x_wconf 89' lang='lat' dir='ltr'><strong>pars</strong></span> <span class='ocrx_word' id='word_1_128' title='bbox 1701 1687 1761 1727; x_wconf 90' lang='lat' dir='ltr'><strong>se</strong></span> 
     </span>
    </p>
   </div>
   <div class='ocr_carea' id='block_1_19' title="bbox 168 1745 1834 1828">
    <p class='ocr_par' dir='ltr' id='par_1_19' title="bbox 168 1745 1834 1828">
     <span class='ocr_line' id='line_1_19' title="bbox 168 1745 1834 1828; baseline 0.01 -25"><span class='ocrx_word' id='word_1_129' title='bbox 168 1749 323 1804; x_wconf 86' lang='lat' dir='ltr'><strong>stitit</strong></span> <span class='ocrx_word' id='word_1_130' title='bbox 381 1749 526 1806; x_wconf 88' lang='lat' dir='ltr'><strong>intra</strong></span> <span class='ocrx_word' id='word_1_131' title='bbox 572 1761 854 1822; x_wconf 89' lang='lat' dir='ltr'><strong>peccatum</strong></span> <span class='ocrx_word' id='word_1_132' title='bbox 910 1753 967 1807; x_wconf 92' lang='lat' dir='ltr'><strong>in</strong></span> <span class='ocrx_word' id='word_1_133' title='bbox 1025 1753 1143 1825; x_wconf 89' lang='lat' dir='ltr'><strong>ipso</strong></span> <span class='ocrx_word' id='word_1_134' title='bbox 1196 1759 1407 1828; x_wconf 88' lang='lat' dir='ltr'><strong>peracri</strong></span> <span class='ocrx_word' id='word_1_135' title='bbox 1472 1760 1761 1818; x_wconf 85' lang='lat' dir='ltr'><strong>voluntatis</strong></span> <span class='ocrx_word' id='word_1_136' title='bbox 1791 1745 1834 1800; x_wconf 83' lang='grc' dir='ltr'>Β</span> 
     </span>
    </p>
   </div>
   <div class='ocr_carea' id='block_1_20' title="bbox 170 1839 1756 1923">
    <p class='ocr_par' dir='ltr' id='par_1_20' title="bbox 170 1839 1756 1923">
     <span class='ocr_line' id='line_1_20' title="bbox 170 1839 1756 1923; baseline 0.006 -29"><span class='ocrx_word' id='word_1_137' title='bbox 170 1839 410 1897; x_wconf 73' lang='lat' dir='ltr'><strong>affectu:</strong></span> <span class='ocrx_word' id='word_1_138' title='bbox 443 1860 463 1894; x_wconf 77' lang='grc' dir='ltr'><strong>ι</strong></span> <span class='ocrx_word' id='word_1_139' title='bbox 492 1842 590 1897; x_wconf 90' lang='lat' dir='ltr'><strong>sed</strong></span> <span class='ocrx_word' id='word_1_140' title='bbox 620 1843 808 1899; x_wconf 88' lang='lat' dir='ltr'><strong>aberat</strong></span> <span class='ocrx_word' id='word_1_141' title='bbox 833 1859 866 1900; x_wconf 90' lang='lat' dir='ltr'><strong>a</strong></span> <span class='ocrx_word' id='word_1_142' title='bbox 898 1842 1069 1914; x_wconf 85' lang='lat' dir='ltr'><strong>Regio</strong></span> <span class='ocrx_word' id='word_1_143' title='bbox 1110 1845 1174 1901; x_wconf 89' lang='lat' dir='ltr'><strong>F.</strong></span> <span class='ocrx_word' id='word_1_144' title='bbox 1199 1849 1343 1918; x_wconf 85' lang='lat' dir='ltr'><strong>quod</strong></span> <span class='ocrx_word' id='word_1_145' title='bbox 1373 1849 1511 1906; x_wconf 91' lang='lat' dir='ltr'><strong>alius</strong></span> <span class='ocrx_word' id='word_1_146' title='bbox 1541 1850 1608 1906; x_wconf 72' lang='lat' dir='ltr'><strong>ll.</strong></span> <span class='ocrx_word' id='word_1_147' title='bbox 1631 1868 1756 1923; x_wconf 84' lang='lat' dir='ltr'><strong>sug-</strong></span> 
     </span>
    </p>
   </div>
   <div class='ocr_carea' id='block_1_21' title="bbox 167 1933 1758 2012">
    <p class='ocr_par' dir='ltr' id='par_1_21' title="bbox 167 1933 1758 2012">
     <span class='ocr_line' id='line_1_21' title="bbox 167 1933 1758 2012; baseline 0.007 -26"><span class='ocrx_word' id='word_1_148' title='bbox 167 1933 351 2000; x_wconf 77' lang='lat' dir='ltr'><strong>gessit</strong></span> <span class='ocrx_word' id='word_1_149' title='bbox 379 1944 434 1989; x_wconf 89' lang='lat' dir='ltr'><strong>et</strong></span> <span class='ocrx_word' id='word_1_150' title='bbox 464 1937 833 2006; x_wconf 83' lang='lat' dir='ltr'><strong>apographum</strong></span> <span class='ocrx_word' id='word_1_151' title='bbox 877 1934 1187 2006; x_wconf 79' lang='lat' dir='ltr'><strong>Anglicum,</strong></span> <span class='ocrx_word' id='word_1_152' title='bbox 1214 1940 1365 2007; x_wconf 88' lang='lat' dir='ltr'><strong>quod</strong></span> <span class='ocrx_word' id='word_1_153' title='bbox 1414 1942 1541 2012; x_wconf 87' lang='lat' dir='ltr'><strong>quia</strong></span> <span class='ocrx_word' id='word_1_154' title='bbox 1579 1943 1758 1998; x_wconf 90' lang='lat' dir='ltr'><strong>minus</strong></span> 
     </span>
    </p>
   </div>
   <div class='ocr_carea' id='block_1_22' title="bbox 167 2024 1759 2103">
    <p class='ocr_par' dir='ltr' id='par_1_22' title="bbox 167 2024 1759 2103">
     <span class='ocr_line' id='line_1_22' title="bbox 167 2024 1759 2103; baseline 0.008 -26"><span class='ocrx_word' id='word_1_155' title='bbox 167 2024 454 2094; x_wconf 83' lang='lat' dir='ltr'><strong>eleganter</strong></span> <span class='ocrx_word' id='word_1_156' title='bbox 496 2025 762 2096; x_wconf 87' lang='lat' dir='ltr'><strong>scriptum</strong></span> <span class='ocrx_word' id='word_1_157' title='bbox 811 2034 952 2093; x_wconf 86' lang='lat' dir='ltr'><strong>erat,</strong></span> <span class='ocrx_word' id='word_1_158' title='bbox 992 2043 1174 2099; x_wconf 68' lang='lat' dir='ltr'><strong>operte</strong></span> <span class='ocrx_word' id='word_1_159' title='bbox 1220 2032 1621 2103; x_wconf 77' lang='lat' dir='ltr'><strong>typographicze</strong></span> <span class='ocrx_word' id='word_1_160' title='bbox 1650 2033 1759 2090; x_wconf 73' lang='lat' dir='ltr'><strong>lte-</strong></span> 
     </span>
    </p>
   </div>
   <div class='ocr_carea' id='block_1_23' title="bbox 166 2116 1757 2192">
    <p class='ocr_par' dir='ltr' id='par_1_23' title="bbox 166 2116 1757 2192">
     <span class='ocr_line' id='line_1_23' title="bbox 166 2116 1757 2192; baseline 0.008 -23"><span class='ocrx_word' id='word_1_161' title='bbox 166 2116 326 2183; x_wconf 79' lang='lat' dir='ltr'><strong>gium</strong></span> <span class='ocrx_word' id='word_1_162' title='bbox 378 2116 624 2172; x_wconf 85' lang='lat' dir='ltr'><strong>codicem</strong></span> <span class='ocrx_word' id='word_1_163' title='bbox 673 2119 830 2187; x_wconf 83' lang='lat' dir='ltr'><strong>sequi</strong></span> <span class='ocrx_word' id='word_1_164' title='bbox 884 2119 1219 2188; x_wconf 86' lang='lat' dir='ltr'><strong>maluerunt,</strong></span> <span class='ocrx_word' id='word_1_165' title='bbox 1286 2123 1517 2192; x_wconf 87' lang='lat' dir='ltr'><strong>ideoque</strong></span> <span class='ocrx_word' id='word_1_166' title='bbox 1572 2124 1757 2181; x_wconf 66' lang='lat' dir='ltr'><strong>Graece</strong></span> 
     </span>
    </p>
   </div>
   <div class='ocr_carea' id='block_1_24' title="bbox 165 2206 1750 2282">
    <p class='ocr_par' dir='ltr' id='par_1_24' title="bbox 165 2206 1750 2282">
     <span class='ocr_line' id='line_1_24' title="bbox 165 2206 1750 2282; baseline 0.008 -22"><span class='ocrx_word' id='word_1_167' title='bbox 165 2206 475 2262; x_wconf 87' lang='lat' dir='ltr'><strong>omiserunt</strong></span> <span class='ocrx_word' id='word_1_168' title='bbox 496 2207 650 2276; x_wconf 91' lang='lat' dir='ltr'><strong>illud,</strong></span> <span class='ocrx_word' id='word_1_169' title='bbox 681 2210 823 2279; x_wconf 91' lang='lat' dir='ltr'><strong>quod</strong></span> <span class='ocrx_word' id='word_1_170' title='bbox 852 2210 1165 2282; x_wconf 87' lang='lat' dir='ltr'><strong>interpretis</strong></span> <span class='ocrx_word' id='word_1_171' title='bbox 1194 2214 1373 2269; x_wconf 84' lang='lat' dir='ltr'><strong>verbis</strong></span> <span class='ocrx_word' id='word_1_172' title='bbox 1395 2216 1706 2271; x_wconf 87' lang='lat' dir='ltr'><strong>addideram</strong></span> <span class='ocrx_word' id='word_1_173' title='bbox 1735 2239 1750 2275; x_wconf 89' lang='lat'><strong>:</strong></span> 
     </span>
    </p>
   </div>
   <div class='ocr_carea' id='block_1_25' title="bbox 172 2299 1753 2374">
    <p class='ocr_par' dir='ltr' id='par_1_25' title="bbox 172 2299 1753 2374">
     <span class='ocr_line' id='line_1_25' title="bbox 172 2299 1753 2374; baseline 0.009 -24"><span class='ocrx_word' id='word_1_174' title='bbox 172 2318 193 2349; x_wconf 79' lang='grc' dir='ltr'><strong>ι</strong></span> <span class='ocrx_word' id='word_1_175' title='bbox 232 2299 498 2354; x_wconf 85' lang='lat' dir='ltr'><strong>Est&#39;enim</strong></span> <span class='ocrx_word' id='word_1_176' title='bbox 537 2299 776 2369; x_wconf 87' lang='lat' dir='ltr'><strong>perfecta</strong></span> <span class='ocrx_word' id='word_1_177' title='bbox 798 2302 1022 2369; x_wconf 89' lang='lat' dir='ltr'><strong>malitia,</strong></span> <span class='ocrx_word' id='word_1_178' title='bbox 1046 2318 1172 2360; x_wconf 84' lang='lat' dir='ltr'><strong>cum</strong></span> <span class='ocrx_word' id='word_1_179' title='bbox 1196 2306 1334 2374; x_wconf 90' lang='lat' dir='ltr'><strong>quis,</strong></span> <span class='ocrx_word' id='word_1_180' title='bbox 1363 2326 1382 2359; x_wconf 75' lang='grc' dir='ltr'><strong>ι</strong></span> <span class='ocrx_word' id='word_1_181' title='bbox 1415 2317 1523 2363; x_wconf 90' lang='lat' dir='ltr'><strong>etc.</strong></span> <span class='ocrx_word' id='word_1_182' title='bbox 1558 2309 1753 2365; x_wconf 89' lang='grc' dir='ltr'>Τελεία</span> 
     </span>
    </p>
   </div>
   <div class='ocr_carea' id='block_1_26' title="bbox 165 2390 1748 2471">
    <p class='ocr_par' dir='ltr' id='par_1_26' title="bbox 165 2390 1748 2471">
     <span class='ocr_line' id='line_1_26' title="bbox 165 2390 1748 2471; baseline 0.008 -28"><span class='ocrx_word' id='word_1_183' title='bbox 165 2390 283 2462; x_wconf 68' lang='grc' dir='ltr'><strong>γὰρ</strong></span> <span class='ocrx_word' id='word_1_184' title='bbox 313 2391 481 2445; x_wconf 86' lang='grc' dir='ltr'>κακία</span> <span class='ocrx_word' id='word_1_185' title='bbox 513 2392 575 2445; x_wconf 80' lang='grc' dir='ltr'><strong>τὸ</strong></span> <span class='ocrx_word' id='word_1_186' title='bbox 618 2393 712 2445; x_wconf 81' lang='grc' dir='ltr'><strong>καὶ</strong></span> <span class='ocrx_word' id='word_1_187' title='bbox 748 2392 942 2466; x_wconf 82' lang='grc' dir='ltr'>γνώμῃ</span> <span class='ocrx_word' id='word_1_188' title='bbox 971 2396 1066 2449; x_wconf 77' lang='grc' dir='ltr'><strong>καὶ</strong></span> <span class='ocrx_word' id='word_1_189' title='bbox 1093 2395 1354 2468; x_wconf 86' lang='grc' dir='ltr'>πράξεσιν</span> <span class='ocrx_word' id='word_1_190' title='bbox 1383 2400 1716 2471; x_wconf 72' lang='grc' dir='ltr'>ἁμαρτάνειν</span> <span class='ocrx_word' id='word_1_191' title='bbox 1735 2420 1748 2434; x_wconf 88' lang='grc'><strong>·</strong></span> 
     </span>
    </p>
   </div>
   <div class='ocr_carea' id='block_1_27' title="bbox 162 2482 1752 2562">
    <p class='ocr_par' dir='ltr' id='par_1_27' title="bbox 162 2482 1752 2562">
     <span class='ocr_line' id='line_1_27' title="bbox 162 2482 1752 2562; baseline 0.009 -27"><span class='ocrx_word' id='word_1_192' title='bbox 162 2484 347 2554; x_wconf 72' lang='grc' dir='ltr'>ἣμισυ</span> <span class='ocrx_word' id='word_1_193' title='bbox 381 2483 439 2536; x_wconf 85' lang='grc' dir='ltr'>δὲ</span> <span class='ocrx_word' id='word_1_194' title='bbox 476 2482 594 2539; x_wconf 81' lang='grc' dir='ltr'>τοῦ.</span> <span class='ocrx_word' id='word_1_195' title='bbox 643 2483 737 2539; x_wconf 87' lang='lat' dir='ltr'><strong>Sic</strong></span> <span class='ocrx_word' id='word_1_196' title='bbox 769 2486 912 2539; x_wconf 91' lang='lat' dir='ltr'><strong>enim</strong></span> <span class='ocrx_word' id='word_1_197' title='bbox 952 2496 1069 2541; x_wconf 86' lang='lat' dir='ltr'><strong>erat</strong></span> <span class='ocrx_word' id='word_1_198' title='bbox 1098 2487 1156 2542; x_wconf 89' lang='lat' dir='ltr'><strong>in</strong></span> <span class='ocrx_word' id='word_1_199' title='bbox 1188 2487 1256 2542; x_wconf 85' lang='grc' dir='ltr'><strong>Η.</strong></span> <span class='ocrx_word' id='word_1_200' title='bbox 1285 2498 1340 2545; x_wconf 90' lang='lat' dir='ltr'><strong>et</strong></span> <span class='ocrx_word' id='word_1_201' title='bbox 1375 2490 1585 2562; x_wconf 87' lang='lat' dir='ltr'><strong>Anglic.</strong></span> <span class='ocrx_word' id='word_1_202' title='bbox 1617 2494 1752 2549; x_wconf 88' lang='lat' dir='ltr'><strong>llinc</strong></span> 
     </span>
    </p>
   </div>
   <div class='ocr_carea' id='block_1_28' title="bbox 161 2574 1748 2654">
    <p class='ocr_par' dir='ltr' id='par_1_28' title="bbox 161 2574 1748 2654">
     <span class='ocr_line' id='line_1_28' title="bbox 161 2574 1748 2654; baseline 0.008 -26"><span class='ocrx_word' id='word_1_203' title='bbox 161 2574 525 2643; x_wconf 84' lang='lat' dir='ltr'><strong>corrigendus</strong></span> <span class='ocrx_word' id='word_1_204' title='bbox 561 2586 645 2630; x_wconf 89' lang='lat' dir='ltr'><strong>est</strong></span> <span class='ocrx_word' id='word_1_205' title='bbox 683 2574 930 2647; x_wconf 91' lang='lat' dir='ltr'><strong>Procopii</strong></span> <span class='ocrx_word' id='word_1_206' title='bbox 972 2577 1414 2637; x_wconf 88' lang='lat' dir='ltr'><strong>Commentarius</strong></span> <span class='ocrx_word' id='word_1_207' title='bbox 1443 2598 1501 2653; x_wconf 91' lang='lat' dir='ltr'><strong>p.</strong></span> <span class='ocrx_word' id='word_1_208' title='bbox 1532 2583 1624 2650; x_wconf 85' lang='lat'><strong>68,</strong></span> <span class='ocrx_word' id='word_1_209' title='bbox 1658 2587 1748 2654; x_wconf 92' lang='lat' dir='ltr'><strong>qui</strong></span> 
     </span>
    </p>
   </div>
   <div class='ocr_carea' id='block_1_29' title="bbox 164 2665 1748 2739">
    <p class='ocr_par' dir='ltr' id='par_1_29' title="bbox 164 2665 1748 2739">
     <span class='ocr_line' id='line_1_29' title="bbox 164 2665 1748 2739; baseline 0.008 -21"><span class='ocrx_word' id='word_1_210' title='bbox 164 2666 289 2719; x_wconf 70' lang='lat' dir='ltr'><strong>lucc</strong></span> <span class='ocrx_word' id='word_1_211' title='bbox 339 2665 392 2719; x_wconf 93' lang='lat' dir='ltr'><strong>in</strong></span> <span class='ocrx_word' id='word_1_212' title='bbox 424 2667 802 2734; x_wconf 90' lang='lat' dir='ltr'><strong>compendium</strong></span> <span class='ocrx_word' id='word_1_213' title='bbox 850 2669 1056 2739; x_wconf 82' lang='lat' dir='ltr'><strong>redegit</strong></span> <span class='ocrx_word' id='word_1_214' title='bbox 1089 2687 1102 2721; x_wconf 88' lang='lat'><strong>:</strong></span> <span class='ocrx_word' id='word_1_215' title='bbox 1134 2671 1196 2724; x_wconf 86' lang='grc' dir='ltr'><strong>τὸ</strong></span> <span class='ocrx_word' id='word_1_216' title='bbox 1234 2671 1438 2727; x_wconf 82' lang='grc' dir='ltr'>τέλειον</span> <span class='ocrx_word' id='word_1_217' title='bbox 1473 2673 1644 2729; x_wconf 79' lang='grc' dir='ltr'>εἰπὼν</span> <span class='ocrx_word' id='word_1_218' title='bbox 1691 2678 1748 2730; x_wconf 86' lang='grc' dir='ltr'>ὲν</span> 
     </span>
    </p>
   </div>
   <div class='ocr_carea' id='block_1_30' title="bbox 160 2754 1746 2840">
    <p class='ocr_par' dir='ltr' id='par_1_30' title="bbox 160 2754 1746 2840">
     <span class='ocr_line' id='line_1_30' title="bbox 160 2754 1746 2840; baseline 0.009 -33"><span class='ocrx_word' id='word_1_219' title='bbox 160 2754 360 2828; x_wconf 68' lang='grc' dir='ltr'>κακίᾳ,</span> <span class='ocrx_word' id='word_1_220' title='bbox 397 2757 479 2810; x_wconf 84' lang='grc' dir='ltr'><strong>σοί</strong></span> <span class='ocrx_word' id='word_1_221' title='bbox 505 2757 565 2810; x_wconf 86' lang='grc' dir='ltr'><strong>τὸ</strong></span> <span class='ocrx_word' id='word_1_222' title='bbox 595 2757 780 2812; x_wconf 87' lang='grc' dir='ltr'>λεῖπον</span> <span class='ocrx_word' id='word_1_223' title='bbox 825 2758 884 2824; x_wconf 75' lang='grc' dir='ltr'>ἐξ</span> <span class='ocrx_word' id='word_1_224' title='bbox 926 2760 1190 2830; x_wconf 79' lang='grc' dir='ltr'>ἀναλόγου</span> <span class='ocrx_word' id='word_1_225' title='bbox 1223 2765 1497 2819; x_wconf 85' lang='grc' dir='ltr'>κατέλιπε.</span> <span class='ocrx_word' id='word_1_226' title='bbox 1534 2767 1606 2821; x_wconf 88' lang='grc' dir='ltr'>Τὸ</span> <span class='ocrx_word' id='word_1_227' title='bbox 1636 2769 1746 2840; x_wconf 79' lang='grc' dir='ltr'><strong>γὰρ</strong></span> 
     </span>
    </p>
   </div>
   <div class='ocr_carea' id='block_1_31' title="bbox 158 2847 1534 2928">
    <p class='ocr_par' dir='ltr' id='par_1_31' title="bbox 158 2847 1534 2928">
     <span class='ocr_line' id='line_1_31' title="bbox 158 2847 1534 2928; baseline 0.007 -26"><span class='ocrx_word' id='word_1_228' title='bbox 158 2848 333 2921; x_wconf 67' lang='grc' dir='ltr'>ἔργον</span> <span class='ocrx_word' id='word_1_229' title='bbox 357 2847 573 2915; x_wconf 80' lang='grc' dir='ltr'>τελειοῖ,</span> <span class='ocrx_word' id='word_1_230' title='bbox 605 2851 639 2920; x_wconf 86' lang='grc' dir='ltr'><strong>ή</strong></span> <span class='ocrx_word' id='word_1_231' title='bbox 670 2849 728 2903; x_wconf 85' lang='grc' dir='ltr'>δὲ</span> <span class='ocrx_word' id='word_1_232' title='bbox 759 2850 858 2922; x_wconf 83' lang='grc' dir='ltr'>τῆς</span> <span class='ocrx_word' id='word_1_233' title='bbox 884 2851 1121 2917; x_wconf 83' lang='grc' dir='ltr'>διανοίας</span> <span class='ocrx_word' id='word_1_234' title='bbox 1143 2854 1287 2927; x_wconf 86' lang='grc' dir='ltr'>ὁρμὴ</span> <span class='ocrx_word' id='word_1_235' title='bbox 1317 2857 1534 2928; x_wconf 84' lang='grc' dir='ltr'>ἀτελής.</span> 
     </span>
    </p>
   </div>
   <div class='ocr_carea' id='block_1_32' title="bbox 236 2938 1744 3021">
    <p class='ocr_par' dir='ltr' id='par_1_32' title="bbox 236 2938 1744 3021">
     <span class='ocr_line' id='line_1_32' title="bbox 236 2938 1744 3021; baseline 0.008 -27"><span class='ocrx_word' id='word_1_236' title='bbox 236 2938 355 2994; x_wconf 90' lang='lat' dir='ltr'><strong>Col.</strong></span> <span class='ocrx_word' id='word_1_237' title='bbox 383 2939 492 2997; x_wconf 77' lang='lat'><strong>305</strong></span> <span class='ocrx_word' id='word_1_238' title='bbox 512 2941 554 2996; x_wconf 89' lang='lat' dir='ltr'>C</span> <span class='ocrx_word' id='word_1_239' title='bbox 583 2943 670 2998; x_wconf 76' lang='lat' dir='ltr'><strong>l5.</strong></span> <span class='ocrx_word' id='word_1_240' title='bbox 709 2943 819 2997; x_wconf 79' lang='grc' dir='ltr'><strong>Καὶ</strong></span> <span class='ocrx_word' id='word_1_241' title='bbox 853 2944 923 2999; x_wconf 80' lang='grc' dir='ltr'><strong>ἐν</strong></span> <span class='ocrx_word' id='word_1_242' title='bbox 948 2945 1100 3015; x_wconf 80' lang='grc' dir='ltr'>ἐμοί.</span> <span class='ocrx_word' id='word_1_243' title='bbox 1124 2945 1249 3001; x_wconf 75' lang='lat' dir='ltr'><strong>Hmc</strong></span> <span class='ocrx_word' id='word_1_244' title='bbox 1281 2949 1505 3005; x_wconf 85' lang='lat' dir='ltr'><strong>aberant</strong></span> <span class='ocrx_word' id='word_1_245' title='bbox 1530 2951 1597 3004; x_wconf 92' lang='lat' dir='ltr'><strong>ab</strong></span> <span class='ocrx_word' id='word_1_246' title='bbox 1614 2966 1744 3021; x_wconf 89' lang='lat' dir='ltr'><strong>apo-</strong></span> 
     </span>
    </p>
   </div>
   <div class='ocr_carea' id='block_1_33' title="bbox 158 3031 1738 3107">
    <p class='ocr_par' dir='ltr' id='par_1_33' title="bbox 158 3031 1738 3107">
     <span class='ocr_line' id='line_1_33' title="bbox 158 3031 1738 3107; baseline 0.007 -22"><span class='ocrx_word' id='word_1_247' title='bbox 158 3032 373 3101; x_wconf 84' lang='lat' dir='ltr'><strong>grapho</strong></span> <span class='ocrx_word' id='word_1_248' title='bbox 399 3031 612 3102; x_wconf 81' lang='lat' dir='ltr'><strong>Anglic.</strong></span> <span class='ocrx_word' id='word_1_249' title='bbox 648 3049 770 3104; x_wconf 74' lang='lat' dir='ltr'><strong>quae</strong></span> <span class='ocrx_word' id='word_1_250' title='bbox 809 3050 877 3090; x_wconf 80' lang='lat' dir='ltr'><strong>ex</strong></span> <span class='ocrx_word' id='word_1_251' title='bbox 932 3037 1095 3107; x_wconf 89' lang='lat' dir='ltr'><strong>regiis</strong></span> <span class='ocrx_word' id='word_1_252' title='bbox 1155 3054 1283 3096; x_wconf 90' lang='lat' dir='ltr'><strong>mss.</strong></span> <span class='ocrx_word' id='word_1_253' title='bbox 1320 3039 1382 3097; x_wconf 90' lang='lat' dir='ltr'><strong>F.</strong></span> <span class='ocrx_word' id='word_1_254' title='bbox 1425 3052 1479 3096; x_wconf 86' lang='lat' dir='ltr'><strong>et</strong></span> <span class='ocrx_word' id='word_1_255' title='bbox 1518 3042 1582 3097; x_wconf 90' lang='lat' dir='ltr'><strong>H.</strong></span> <span class='ocrx_word' id='word_1_256' title='bbox 1617 3053 1670 3098; x_wconf 92' lang='lat' dir='ltr'><strong>et</strong></span> <span class='ocrx_word' id='word_1_257' title='bbox 1696 3041 1738 3096; x_wconf 89' lang='grc' dir='ltr'><strong>Ι.</strong></span> 
     </span>
    </p>
   </div>
   <div class='ocr_carea' id='block_1_34' title="bbox 158 3117 1738 3196">
    <p class='ocr_par' dir='ltr' id='par_1_34' title="bbox 158 3117 1738 3196">
     <span class='ocr_line' id='line_1_34' title="bbox 158 3117 1738 3196; baseline 0.008 -20"><span class='ocrx_word' id='word_1_258' title='bbox 158 3117 491 3179; x_wconf 83' lang='lat' dir='ltr'><strong>addidimus.</strong></span> <span class='ocrx_word' id='word_1_259' title='bbox 517 3125 671 3194; x_wconf 80' lang='lat' dir='ltr'><strong>Apud</strong></span> <span class='ocrx_word' id='word_1_260' title='bbox 687 3124 950 3182; x_wconf 87' lang='lat' dir='ltr'><strong>Joannem</strong></span> <span class='ocrx_word' id='word_1_261' title='bbox 977 3143 1088 3194; x_wconf 72' lang='lat' dir='ltr'><strong>xxv,</strong></span> <span class='ocrx_word' id='word_1_262' title='bbox 1119 3129 1211 3196; x_wconf 85' lang='lat'><strong>50,</strong></span> <span class='ocrx_word' id='word_1_263' title='bbox 1237 3141 1447 3187; x_wconf 91' lang='lat' dir='ltr'><strong>tantum</strong></span> <span class='ocrx_word' id='word_1_264' title='bbox 1475 3134 1738 3190; x_wconf 83' lang='lat' dir='ltr'><strong>habetur:</strong></span> 
     </span>
    </p>
   </div>
   <div class='ocr_carea' id='block_1_35' title="bbox 157 3215 1743 3288">
    <p class='ocr_par' dir='ltr' id='par_1_35' title="bbox 157 3215 1743 3288">
     <span class='ocr_line' id='line_1_35' title="bbox 157 3215 1743 3288; baseline 0.007 -18"><span class='ocrx_word' id='word_1_265' title='bbox 157 3215 278 3271; x_wconf 72' lang='lat' dir='ltr'><strong>Kal</strong></span> <span class='ocrx_word' id='word_1_266' title='bbox 308 3216 379 3270; x_wconf 79' lang='grc' dir='ltr'><strong>ἐν</strong></span> <span class='ocrx_word' id='word_1_267' title='bbox 409 3216 541 3286; x_wconf 77' lang='grc' dir='ltr'>ἐμοὶ</span> <span class='ocrx_word' id='word_1_268' title='bbox 572 3219 684 3272; x_wconf 80' lang='grc' dir='ltr'>οὐκ</span> <span class='ocrx_word' id='word_1_269' title='bbox 720 3218 845 3288; x_wconf 82' lang='grc' dir='ltr'>ἔχει</span> <span class='ocrx_word' id='word_1_270' title='bbox 882 3219 1082 3275; x_wconf 81' lang='grc' dir='ltr'><strong>οὐδέν’</strong></span> <span class='ocrx_word' id='word_1_271' title='bbox 1136 3222 1204 3276; x_wconf 84' lang='lat' dir='ltr'><strong>Et</strong></span> <span class='ocrx_word' id='word_1_272' title='bbox 1243 3224 1295 3277; x_wconf 82' lang='lat' dir='ltr'><strong>in</strong></span> <span class='ocrx_word' id='word_1_273' title='bbox 1332 3241 1412 3278; x_wconf 87' lang='lat' dir='ltr'><strong>me</strong></span> <span class='ocrx_word' id='word_1_274' title='bbox 1457 3242 1559 3280; x_wconf 86' lang='lat' dir='ltr'><strong>non</strong></span> <span class='ocrx_word' id='word_1_275' title='bbox 1591 3227 1743 3281; x_wconf 83' lang='lat' dir='ltr'><strong>habet</strong></span> 
     </span>
    </p>
   </div>
   <div class='ocr_carea' id='block_1_36' title="bbox 153 3308 1740 3378">
    <p class='ocr_par' dir='ltr' id='par_1_36' title="bbox 153 3308 1740 3378">
     <span class='ocr_line' id='line_1_36' title="bbox 153 3308 1740 3378; baseline 0.008 -17"><span class='ocrx_word' id='word_1_276' title='bbox 153 3310 466 3378; x_wconf 82' lang='lat' dir='ltr'><strong>quidquam.</strong></span> <span class='ocrx_word' id='word_1_277' title='bbox 501 3308 753 3365; x_wconf 84' lang='lat' dir='ltr'><strong>Testatur</strong></span> <span class='ocrx_word' id='word_1_278' title='bbox 783 3321 961 3366; x_wconf 87' lang='lat' dir='ltr'><strong>tamen</strong></span> <span class='ocrx_word' id='word_1_279' title='bbox 986 3312 1303 3370; x_wconf 89' lang='lat' dir='ltr'><strong>Theodorus</strong></span> <span class='ocrx_word' id='word_1_280' title='bbox 1334 3315 1479 3372; x_wconf 82' lang='lat' dir='ltr'><strong>Beza</strong></span> <span class='ocrx_word' id='word_1_281' title='bbox 1506 3318 1560 3372; x_wconf 91' lang='lat' dir='ltr'><strong>in</strong></span> <span class='ocrx_word' id='word_1_282' title='bbox 1606 3319 1740 3374; x_wconf 81' lang='lat' dir='ltr'><strong>duo-</strong></span> 
     </span>
    </p>
   </div>
   <div class='ocr_carea' id='block_1_37' title="bbox 154 3400 1739 3474">
    <p class='ocr_par' dir='ltr' id='par_1_37' title="bbox 154 3400 1739 3474">
     <span class='ocr_line' id='line_1_37' title="bbox 154 3400 1739 3474; baseline 0.006 -19"><span class='ocrx_word' id='word_1_283' title='bbox 154 3402 264 3457; x_wconf 87' lang='lat' dir='ltr'><strong>bus</strong></span> <span class='ocrx_word' id='word_1_284' title='bbox 306 3400 703 3472; x_wconf 79' lang='lat' dir='ltr'><strong>exemplaribus</strong></span> <span class='ocrx_word' id='word_1_285' title='bbox 749 3401 883 3457; x_wconf 83' lang='lat' dir='ltr'><strong>Novi</strong></span> <span class='ocrx_word' id='word_1_286' title='bbox 926 3402 1258 3460; x_wconf 85' lang='lat' dir='ltr'><strong>Testatnenti</strong></span> <span class='ocrx_word' id='word_1_287' title='bbox 1309 3407 1499 3474; x_wconf 88' lang='lat' dir='ltr'><strong>fuisse,</strong></span> <span class='ocrx_word' id='word_1_288' title='bbox 1547 3420 1608 3464; x_wconf 91' lang='lat' dir='ltr'><strong>ut</strong></span> <span class='ocrx_word' id='word_1_289' title='bbox 1650 3410 1739 3466; x_wconf 90' lang='lat' dir='ltr'><strong>bic</strong></span> 
     </span>
    </p>
   </div>
   <div class='ocr_carea' id='block_1_38' title="bbox 153 3493 1735 3569">
    <p class='ocr_par' dir='ltr' id='par_1_38' title="bbox 153 3493 1735 3569">
     <span class='ocr_line' id='line_1_38' title="bbox 153 3493 1735 3569; baseline 0.006 -21"><span class='ocrx_word' id='word_1_290' title='bbox 153 3493 292 3565; x_wconf 80' lang='lat' dir='ltr'><strong>legit</strong></span> <span class='ocrx_word' id='word_1_291' title='bbox 332 3493 586 3560; x_wconf 86' lang='lat' dir='ltr'><strong>Basilius,</strong></span> <span class='ocrx_word' id='word_1_292' title='bbox 648 3494 745 3565; x_wconf 79' lang='grc' dir='ltr'><strong>οὐχ</strong></span> <span class='ocrx_word' id='word_1_293' title='bbox 800 3497 1046 3569; x_wconf 85' lang='grc' dir='ltr'>εὑρήσει,</span> <span class='ocrx_word' id='word_1_294' title='bbox 1114 3516 1131 3549; x_wconf 84' lang='lat' dir='ltr'><strong>t</strong></span> <span class='ocrx_word' id='word_1_295' title='bbox 1166 3514 1270 3552; x_wconf 82' lang='lat' dir='ltr'><strong>non</strong></span> <span class='ocrx_word' id='word_1_296' title='bbox 1320 3500 1619 3556; x_wconf 65' lang='lat' dir='ltr'><strong>inveniet.»</strong></span> <span class='ocrx_word' id='word_1_297' title='bbox 1657 3502 1735 3557; x_wconf 87' lang='lat' dir='ltr'><strong>lta</strong></span> 
     </span>
    </p>
   </div>
   <div class='ocr_carea' id='block_1_39' title="bbox 154 3586 1731 3657">
    <p class='ocr_par' dir='ltr' id='par_1_39' title="bbox 154 3586 1731 3657">
     <span class='ocr_line' id='line_1_39' title="bbox 154 3586 1731 3657; baseline 0.006 -17"><span class='ocrx_word' id='word_1_298' title='bbox 154 3586 484 3655; x_wconf 84' lang='lat' dir='ltr'><strong>loquebatur</strong></span> <span class='ocrx_word' id='word_1_299' title='bbox 525 3594 580 3641; x_wconf 91' lang='lat' dir='ltr'><strong>et</strong></span> <span class='ocrx_word' id='word_1_300' title='bbox 621 3587 812 3641; x_wconf 90' lang='lat' dir='ltr'><strong>beatus</strong></span> <span class='ocrx_word' id='word_1_301' title='bbox 873 3586 1137 3643; x_wconf 88' lang='lat' dir='ltr'><strong>Martinus</strong></span> <span class='ocrx_word' id='word_1_302' title='bbox 1187 3595 1350 3646; x_wconf 90' lang='lat' dir='ltr'><strong>morti</strong></span> <span class='ocrx_word' id='word_1_303' title='bbox 1402 3594 1680 3657; x_wconf 70' lang='lat' dir='ltr'><strong>proximus</strong></span> <span class='ocrx_word' id='word_1_304' title='bbox 1718 3614 1731 3650; x_wconf 91' lang='lat'><strong><em>:</em></strong></span> 
     </span>
    </p>
   </div>
   <div class='ocr_carea' id='block_1_40' title="bbox 155 3675 1733 3743">
    <p class='ocr_par' dir='ltr' id='par_1_40' title="bbox 155 3675 1733 3743">
     <span class='ocr_line' id='line_1_40' title="bbox 155 3675 1733 3743; baseline 0.009 -17"><span class='ocrx_word' id='word_1_305' title='bbox 155 3696 178 3726; x_wconf 75' lang='grc' dir='ltr'><strong>ι</strong></span> <span class='ocrx_word' id='word_1_306' title='bbox 205 3675 346 3743; x_wconf 86' lang='lat' dir='ltr'><strong>Quid</strong></span> <span class='ocrx_word' id='word_1_307' title='bbox 378 3676 580 3743; x_wconf 87' lang='lat' dir='ltr'><strong>adstas,</strong></span> <span class='ocrx_word' id='word_1_308' title='bbox 632 3683 853 3731; x_wconf 88' lang='lat' dir='ltr'><strong>eruenta</strong></span> <span class='ocrx_word' id='word_1_309' title='bbox 889 3677 1101 3732; x_wconf 85' lang='lat' dir='ltr'><strong>bestia?</strong></span> <span class='ocrx_word' id='word_1_310' title='bbox 1130 3677 1270 3733; x_wconf 86' lang='lat' dir='ltr'><strong>Nihil</strong></span> <span class='ocrx_word' id='word_1_311' title='bbox 1312 3681 1366 3734; x_wconf 94' lang='lat' dir='ltr'><strong>in</strong></span> <span class='ocrx_word' id='word_1_312' title='bbox 1406 3697 1493 3737; x_wconf 89' lang='lat' dir='ltr'><strong>me</strong></span> <span class='ocrx_word' id='word_1_313' title='bbox 1532 3681 1733 3740; x_wconf 79' lang='lat' dir='ltr'><strong>funesti</strong></span> 
     </span>
    </p>
   </div>
   <div class='ocr_carea' id='block_1_41' title="bbox 152 3764 1274 3837">
    <p class='ocr_par' dir='ltr' id='par_1_41' title="bbox 152 3764 1274 3837">
     <span class='ocr_line' id='line_1_41' title="bbox 152 3764 1274 3837; baseline 0.004 -18"><span class='ocrx_word' id='word_1_314' title='bbox 152 3766 418 3837; x_wconf 85' lang='lat' dir='ltr'><strong>reperies.</strong></span> <span class='ocrx_word' id='word_1_315' title='bbox 444 3784 464 3817; x_wconf 74' lang='grc' dir='ltr'><strong>ι</strong></span> <span class='ocrx_word' id='word_1_316' title='bbox 501 3765 734 3820; x_wconf 88' lang='lat' dir='ltr'><strong>Severus</strong></span> <span class='ocrx_word' id='word_1_317' title='bbox 762 3766 816 3820; x_wconf 91' lang='lat' dir='ltr'><strong>in</strong></span> <span class='ocrx_word' id='word_1_318' title='bbox 851 3764 974 3820; x_wconf 84' lang='lat' dir='ltr'><strong>Vita</strong></span> <span class='ocrx_word' id='word_1_319' title='bbox 1002 3767 1065 3822; x_wconf 91' lang='lat' dir='ltr'><strong>S.</strong></span> <span class='ocrx_word' id='word_1_320' title='bbox 1103 3768 1274 3824; x_wconf 81' lang='lat' dir='ltr'><strong>Mart.</strong></span> 
     </span>
    </p>
   </div>
   <div class='ocr_carea' id='block_1_42' title="bbox 224 3855 1732 3935">
    <p class='ocr_par' dir='ltr' id='par_1_42' title="bbox 224 3855 1732 3935">
     <span class='ocr_line' id='line_1_42' title="bbox 224 3855 1732 3935; baseline 0.007 -23"><span class='ocrx_word' id='word_1_321' title='bbox 224 3855 343 3912; x_wconf 87' lang='lat' dir='ltr'><strong>Col.</strong></span> <span class='ocrx_word' id='word_1_322' title='bbox 384 3856 489 3913; x_wconf 77' lang='lat'><strong>507</strong></span> <span class='ocrx_word' id='word_1_323' title='bbox 538 3856 583 3910; x_wconf 91' lang='lat' dir='ltr'><strong>D</strong></span> <span class='ocrx_word' id='word_1_324' title='bbox 613 3858 667 3911; x_wconf 80' lang='lat' dir='ltr'><strong>l.</strong></span> <span class='ocrx_word' id='word_1_325' title='bbox 707 3856 980 3913; x_wconf 87' lang='lat' dir='ltr'><strong>Semitam.</strong></span> <span class='ocrx_word' id='word_1_326' title='bbox 1008 3857 1107 3915; x_wconf 84' lang='lat' dir='ltr'><strong>Hic</strong></span> <span class='ocrx_word' id='word_1_327' title='bbox 1130 3863 1417 3929; x_wconf 85' lang='lat' dir='ltr'><strong>repetierat</strong></span> <span class='ocrx_word' id='word_1_328' title='bbox 1463 3864 1732 3935; x_wconf 89' lang='lat' dir='ltr'><strong>interpres</strong></span> 
     </span>
    </p>
   </div>
   <div class='ocr_carea' id='block_1_43' title="bbox 147 3948 1729 4026">
    <p class='ocr_par' dir='ltr' id='par_1_43' title="bbox 147 3948 1729 4026">
     <span class='ocr_line' id='line_1_43' title="bbox 147 3948 1729 4026; baseline 0.006 -23"><span class='ocrx_word' id='word_1_329' title='bbox 147 3949 296 4004; x_wconf 84' lang='lat' dir='ltr'><strong>banc</strong></span> <span class='ocrx_word' id='word_1_330' title='bbox 316 3948 638 4004; x_wconf 89' lang='lat' dir='ltr'><strong>sententiam</strong></span> <span class='ocrx_word' id='word_1_331' title='bbox 663 3957 917 4017; x_wconf 91' lang='lat' dir='ltr'><strong>tanquam</strong></span> <span class='ocrx_word' id='word_1_332' title='bbox 954 3960 1132 4006; x_wconf 82' lang='lat' dir='ltr'><strong>textus</strong></span> <span class='ocrx_word' id='word_1_333' title='bbox 1156 3963 1391 4022; x_wconf 87' lang='lat' dir='ltr'><strong>partem,</strong></span> <span class='ocrx_word' id='word_1_334' title='bbox 1411 3971 1586 4026; x_wconf 86' lang='lat' dir='ltr'><strong>neque</strong></span> <span class='ocrx_word' id='word_1_335' title='bbox 1607 3974 1729 4012; x_wconf 84' lang='lat' dir='ltr'><strong>cum</strong></span> 
     </span>
    </p>
   </div>
   <div class='ocr_carea' id='block_1_44' title="bbox 145 4040 1731 4111">
    <p class='ocr_par' dir='ltr' id='par_1_44' title="bbox 145 4040 1731 4111">
     <span class='ocr_line' id='line_1_44' title="bbox 145 4040 1731 4111; baseline 0.006 -17"><span class='ocrx_word' id='word_1_336' title='bbox 145 4040 476 4111; x_wconf 63' lang='lat' dir='ltr'><strong>praecedenti</strong></span> <span class='ocrx_word' id='word_1_337' title='bbox 495 4041 740 4095; x_wconf 87' lang='lat' dir='ltr'><strong>membro</strong></span> <span class='ocrx_word' id='word_1_338' title='bbox 767 4041 1120 4111; x_wconf 83' lang='lat' dir='ltr'><strong>conjunxerat</strong></span> <span class='ocrx_word' id='word_1_339' title='bbox 1144 4059 1158 4108; x_wconf 94' lang='lat'><strong>;</strong></span> <span class='ocrx_word' id='word_1_340' title='bbox 1184 4045 1284 4099; x_wconf 85' lang='lat' dir='ltr'><strong>hoc</strong></span> <span class='ocrx_word' id='word_1_341' title='bbox 1307 4046 1448 4099; x_wconf 89' lang='lat' dir='ltr'><strong>enim</strong></span> <span class='ocrx_word' id='word_1_342' title='bbox 1479 4048 1582 4103; x_wconf 89' lang='lat' dir='ltr'><strong>sibi</strong></span> <span class='ocrx_word' id='word_1_343' title='bbox 1616 4050 1731 4103; x_wconf 88' lang='lat' dir='ltr'><strong>vult</strong></span> 
     </span>
    </p>
   </div>
   <div class='ocr_carea' id='block_1_45' title="bbox 147 4130 1725 4203">
    <p class='ocr_par' dir='ltr' id='par_1_45' title="bbox 147 4130 1725 4203">
     <span class='ocr_line' id='line_1_45' title="bbox 147 4130 1725 4203; baseline 0.007 -20"><span class='ocrx_word' id='word_1_344' title='bbox 147 4140 362 4197; x_wconf 84' lang='lat' dir='ltr'><strong>auctor,</strong></span> <span class='ocrx_word' id='word_1_345' title='bbox 393 4143 508 4194; x_wconf 91' lang='lat' dir='ltr'><strong>eos,</strong></span> <span class='ocrx_word' id='word_1_346' title='bbox 548 4130 639 4197; x_wconf 87' lang='lat' dir='ltr'><strong>qui</strong></span> <span class='ocrx_word' id='word_1_347' title='bbox 680 4141 876 4200; x_wconf 62' lang='lat' dir='ltr'><strong>praeter</strong></span> <span class='ocrx_word' id='word_1_348' title='bbox 907 4134 1156 4187; x_wconf 90' lang='lat' dir='ltr'><strong>meritum</strong></span> <span class='ocrx_word' id='word_1_349' title='bbox 1191 4135 1431 4203; x_wconf 87' lang='lat' dir='ltr'><strong>laudant,</strong></span> <span class='ocrx_word' id='word_1_350' title='bbox 1473 4140 1725 4195; x_wconf 85' lang='lat' dir='ltr'><strong>semitam</strong></span> 
     </span>
    </p>
   </div>
   <div class='ocr_carea' id='block_1_46' title="bbox 145 4220 1724 4299">
    <p class='ocr_par' dir='ltr' id='par_1_46' title="bbox 145 4220 1724 4299">
     <span class='ocr_line' id='line_1_46' title="bbox 145 4220 1724 4299; baseline 0.006 -25"><span class='ocrx_word' id='word_1_351' title='bbox 145 4220 346 4289; x_wconf 86' lang='lat' dir='ltr'><strong>pedum</strong></span> <span class='ocrx_word' id='word_1_352' title='bbox 383 4221 748 4286; x_wconf 91' lang='lat' dir='ltr'><strong>conturbare,</strong></span> <span class='ocrx_word' id='word_1_353' title='bbox 786 4230 839 4276; x_wconf 93' lang='lat' dir='ltr'><strong>et</strong></span> <span class='ocrx_word' id='word_1_354' title='bbox 875 4232 933 4276; x_wconf 93' lang='lat' dir='ltr'><strong>ut</strong></span> <span class='ocrx_word' id='word_1_355' title='bbox 971 4223 1048 4277; x_wconf 88' lang='lat' dir='ltr'><strong>ait</strong></span> <span class='ocrx_word' id='word_1_356' title='bbox 1097 4223 1428 4296; x_wconf 88' lang='lat' dir='ltr'><strong>Procopius,</strong></span> <span class='ocrx_word' id='word_1_357' title='bbox 1462 4228 1724 4299; x_wconf 82' lang='grc' dir='ltr'>Συνέχεον</span> 
     </span>
    </p>
   </div>
   <div class='ocr_carea' id='block_1_47' title="bbox 142 4309 1723 4388">
    <p class='ocr_par' dir='ltr' id='par_1_47' title="bbox 142 4309 1723 4388">
     <span class='ocr_line' id='line_1_47' title="bbox 142 4309 1723 4388; baseline 0.007 -25"><span class='ocrx_word' id='word_1_358' title='bbox 142 4309 327 4364; x_wconf 82' lang='grc' dir='ltr'>αὐτῶν</span> <span class='ocrx_word' id='word_1_359' title='bbox 364 4310 465 4375; x_wconf 82' lang='grc' dir='ltr'>τὰς</span> <span class='ocrx_word' id='word_1_360' title='bbox 501 4311 675 4379; x_wconf 79' lang='grc' dir='ltr'>ὁδοὺς,</span> <span class='ocrx_word' id='word_1_361' title='bbox 706 4314 828 4376; x_wconf 86' lang='grc' dir='ltr'>ταῖς</span> <span class='ocrx_word' id='word_1_362' title='bbox 864 4316 1043 4376; x_wconf 81' lang='grc' dir='ltr'>σκιαῖς</span> <span class='ocrx_word' id='word_1_363' title='bbox 1091 4316 1445 4388; x_wconf 80' lang='grc' dir='ltr'>ὲναπομεῖναι</span> <span class='ocrx_word' id='word_1_364' title='bbox 1471 4318 1723 4374; x_wconf 81' lang='grc' dir='ltr'>κελεύον-</span> 
     </span>
    </p>
   </div>
   <div class='ocr_carea' id='block_1_48' title="bbox 140 4401 1800 4484">
    <p class='ocr_par' dir='ltr' id='par_1_48' title="bbox 140 4401 1800 4484">
     <span class='ocr_line' id='line_1_48' title="bbox 140 4401 1800 4484; baseline 0.007 -28"><span class='ocrx_word' id='word_1_365' title='bbox 140 4418 258 4466; x_wconf 83' lang='grc' dir='ltr'>τες.</span> <span class='ocrx_word' id='word_1_366' title='bbox 297 4420 316 4453; x_wconf 80' lang='grc' dir='ltr'><strong>ι</strong></span> <span class='ocrx_word' id='word_1_367' title='bbox 343 4401 467 4456; x_wconf 76' lang='lat' dir='ltr'><strong>Vias</strong></span> <span class='ocrx_word' id='word_1_368' title='bbox 495 4416 680 4457; x_wconf 89' lang='lat' dir='ltr'><strong>eorum</strong></span> <span class='ocrx_word' id='word_1_369' title='bbox 701 4401 1117 4471; x_wconf 87' lang='lat' dir='ltr'><strong>confundebant,</strong></span> <span class='ocrx_word' id='word_1_370' title='bbox 1146 4409 1237 4474; x_wconf 93' lang='lat' dir='ltr'><strong>qui</strong></span> <span class='ocrx_word' id='word_1_371' title='bbox 1274 4409 1479 4464; x_wconf 83' lang='lat' dir='ltr'><strong>umbris</strong></span> <span class='ocrx_word' id='word_1_372' title='bbox 1504 4413 1723 4481; x_wconf 85' lang='lat' dir='ltr'><strong>acquie-</strong></span> <span class='ocrx_word' id='word_1_373' title='bbox 1755 4426 1800 4484; x_wconf 80' lang='grc' dir='ltr'>ι)</span> 
     </span>
    </p>
   </div>
   <div class='ocr_carea' id='block_1_49' title="bbox 141 4491 1723 4570">
    <p class='ocr_par' dir='ltr' id='par_1_49' title="bbox 141 4491 1723 4570">
     <span class='ocr_line' id='line_1_49' title="bbox 141 4491 1723 4570; baseline 0.009 -24"><span class='ocrx_word' id='word_1_374' title='bbox 141 4507 300 4547; x_wconf 86' lang='lat' dir='ltr'><strong>scere</strong></span> <span class='ocrx_word' id='word_1_375' title='bbox 332 4491 639 4563; x_wconf 87' lang='lat' dir='ltr'><strong>jubebant;</strong></span> <span class='ocrx_word' id='word_1_376' title='bbox 674 4512 693 4545; x_wconf 79' lang='grc' dir='ltr'><strong>ι</strong></span> <span class='ocrx_word' id='word_1_377' title='bbox 732 4493 996 4564; x_wconf 88' lang='lat' dir='ltr'><strong>siquidem</strong></span> <span class='ocrx_word' id='word_1_378' title='bbox 1027 4496 1088 4549; x_wconf 75' lang='grc' dir='ltr'>τὸ</span> <span class='ocrx_word' id='word_1_379' title='bbox 1128 4499 1482 4570; x_wconf 78' lang='grc' dir='ltr'>μακαρίζειν,</span> <span class='ocrx_word' id='word_1_380' title='bbox 1510 4504 1613 4558; x_wconf 85' lang='lat' dir='ltr'><strong>etsi</strong></span> <span class='ocrx_word' id='word_1_381' title='bbox 1654 4506 1723 4560; x_wconf 88' lang='lat' dir='ltr'><strong>ad</strong></span> 
     </span>
    </p>
   </div>
   <div class='ocr_carea' id='block_1_50' title="bbox 142 4583 1723 4655">
    <p class='ocr_par' dir='ltr' id='par_1_50' title="bbox 142 4583 1723 4655">
     <span class='ocr_line' id='line_1_50' title="bbox 142 4583 1723 4655; baseline 0.009 -17"><span class='ocrx_word' id='word_1_382' title='bbox 142 4583 377 4641; x_wconf 84' lang='lat' dir='ltr'><strong>verbum</strong></span> <span class='ocrx_word' id='word_1_383' title='bbox 400 4598 790 4655; x_wconf 88' lang='lat' dir='ltr'><strong>nonnunquam</strong></span> <span class='ocrx_word' id='word_1_384' title='bbox 811 4596 972 4641; x_wconf 89' lang='lat' dir='ltr'><strong>sonat</strong></span> <span class='ocrx_word' id='word_1_385' title='bbox 994 4587 1209 4643; x_wconf 89' lang='lat' dir='ltr'><strong>beatum</strong></span> <span class='ocrx_word' id='word_1_386' title='bbox 1239 4592 1460 4647; x_wconf 86' lang='lat' dir='ltr'><strong>reddere</strong></span> <span class='ocrx_word' id='word_1_387' title='bbox 1491 4595 1571 4649; x_wconf 89' lang='lat' dir='ltr'><strong>vel</strong></span> <span class='ocrx_word' id='word_1_388' title='bbox 1601 4596 1723 4651; x_wconf 87' lang='lat' dir='ltr'><strong>bea-</strong></span> 
     </span>
    </p>
   </div>
   <div class='ocr_carea' id='block_1_51' title="bbox 144 4675 1719 4753">
    <p class='ocr_par' dir='ltr' id='par_1_51' title="bbox 144 4675 1719 4753">
     <span class='ocr_line' id='line_1_51' title="bbox 144 4675 1719 4753; baseline 0.008 -24"><span class='ocrx_word' id='word_1_389' title='bbox 144 4675 377 4739; x_wconf 87' lang='lat' dir='ltr'><strong>tilicare,</strong></span> <span class='ocrx_word' id='word_1_390' title='bbox 405 4683 465 4729; x_wconf 93' lang='lat' dir='ltr'><strong>ut</strong></span> <span class='ocrx_word' id='word_1_391' title='bbox 514 4675 759 4731; x_wconf 86' lang='lat' dir='ltr'><strong>ediderat</strong></span> <span class='ocrx_word' id='word_1_392' title='bbox 807 4677 1108 4747; x_wconf 89' lang='lat' dir='ltr'><strong>interpres;</strong></span> <span class='ocrx_word' id='word_1_393' title='bbox 1168 4679 1485 4753; x_wconf 88' lang='lat' dir='ltr'><strong>plerumque</strong></span> <span class='ocrx_word' id='word_1_394' title='bbox 1541 4696 1719 4742; x_wconf 83' lang='lat' dir='ltr'><strong>tamen</strong></span> 
     </span>
    </p>
   </div>
   <div class='ocr_carea' id='block_1_52' title="bbox 1882 495 3462 574">
    <p class='ocr_par' dir='ltr' id='par_1_52' title="bbox 1882 495 3462 574">
     <span class='ocr_line' id='line_1_52' title="bbox 1882 495 3462 574; baseline 0.018 -28"><span class='ocrx_word' id='word_1_395' title='bbox 1882 495 1999 548; x_wconf 70' lang='lat' dir='ltr'><strong>duca</strong></span> <span class='ocrx_word' id='word_1_396' title='bbox 2025 496 2205 552; x_wconf 89' lang='lat' dir='ltr'><strong>versio</strong></span> <span class='ocrx_word' id='word_1_397' title='bbox 2236 498 2455 565; x_wconf 90' lang='lat' dir='ltr'><strong>ibidem,</strong></span> <span class='ocrx_word' id='word_1_398' title='bbox 2481 498 2553 555; x_wconf 87' lang='lat' dir='ltr'><strong>Et</strong></span> <span class='ocrx_word' id='word_1_399' title='bbox 2580 503 2724 558; x_wconf 89' lang='lat' dir='ltr'><strong>dabit</strong></span> <span class='ocrx_word' id='word_1_400' title='bbox 2743 506 2792 559; x_wconf 79' lang='lat' dir='ltr'><strong>ei</strong></span> <span class='ocrx_word' id='word_1_401' title='bbox 2822 507 3193 566; x_wconf 77' lang='lat' dir='ltr'><strong>beatitudinem</strong></span> <span class='ocrx_word' id='word_1_402' title='bbox 3217 513 3273 567; x_wconf 85' lang='lat' dir='ltr'><strong>in</strong></span> <span class='ocrx_word' id='word_1_403' title='bbox 3296 524 3462 574; x_wconf 83' lang='lat' dir='ltr'><strong>terra.</strong></span> 
     </span>
    </p>
   </div>
   <div class='ocr_carea' id='block_1_53' title="bbox 1880 584 3054 658">
    <p class='ocr_par' dir='ltr' id='par_1_53' title="bbox 1880 584 3054 658">
     <span class='ocr_line' id='line_1_53' title="bbox 1880 584 3054 658; baseline 0.015 -21"><span class='ocrx_word' id='word_1_404' title='bbox 1880 584 1938 639; x_wconf 91' lang='lat' dir='ltr'><strong>S.</strong></span> <span class='ocrx_word' id='word_1_405' title='bbox 1970 585 2346 658; x_wconf 83' lang='lat' dir='ltr'><strong>Hieronymus,</strong></span> <span class='ocrx_word' id='word_1_406' title='bbox 2385 600 2437 645; x_wconf 77' lang='lat' dir='ltr'><strong>et</strong></span> <span class='ocrx_word' id='word_1_407' title='bbox 2466 593 2648 648; x_wconf 77' lang='lat' dir='ltr'><strong>beatus</strong></span> <span class='ocrx_word' id='word_1_408' title='bbox 2683 599 2788 652; x_wconf 85' lang='lat' dir='ltr'><strong>erit</strong></span> <span class='ocrx_word' id='word_1_409' title='bbox 2822 600 2877 653; x_wconf 82' lang='lat' dir='ltr'><strong>in</strong></span> <span class='ocrx_word' id='word_1_410' title='bbox 2909 609 3054 656; x_wconf 83' lang='lat' dir='ltr'><strong>terra</strong></span> 
     </span>
    </p>
   </div>
   <div class='ocr_carea' id='block_1_54' title="bbox 1946 676 3462 760">
    <p class='ocr_par' dir='ltr' id='par_1_54' title="bbox 1946 676 3462 760">
     <span class='ocr_line' id='line_1_54' title="bbox 1946 676 3462 760; baseline 0.014 -28"><span class='ocrx_word' id='word_1_411' title='bbox 1946 676 2064 734; x_wconf 89' lang='lat' dir='ltr'><strong>Col.</strong></span> <span class='ocrx_word' id='word_1_412' title='bbox 2101 678 2207 733; x_wconf 77' lang='lat' dir='ltr'><strong>5l5</strong></span> <span class='ocrx_word' id='word_1_413' title='bbox 2271 682 2317 734; x_wconf 87' lang='lat' dir='ltr'><strong>A</strong></span> <span class='ocrx_word' id='word_1_414' title='bbox 2356 682 2444 737; x_wconf 71' lang='grc'><strong>14.</strong></span> <span class='ocrx_word' id='word_1_415' title='bbox 2495 687 2615 741; x_wconf 84' lang='lat' dir='ltr'><strong>Non</strong></span> <span class='ocrx_word' id='word_1_416' title='bbox 2660 690 2800 743; x_wconf 85' lang='lat' dir='ltr'><strong>enim</strong></span> <span class='ocrx_word' id='word_1_417' title='bbox 2838 700 2915 745; x_wconf 77' lang='lat' dir='ltr'><strong>est</strong></span> <span class='ocrx_word' id='word_1_418' title='bbox 2940 691 3113 760; x_wconf 85' lang='lat' dir='ltr'><strong>judic.</strong></span> <span class='ocrx_word' id='word_1_419' title='bbox 3149 693 3462 754; x_wconf 89' lang='lat' dir='ltr'><strong>Leetionem</strong></span> 
     </span>
    </p>
   </div>
   <div class='ocr_carea' id='block_1_55' title="bbox 1875 767 3458 854">
    <p class='ocr_par' dir='ltr' id='par_1_55' title="bbox 1875 767 3458 854">
     <span class='ocr_line' id='line_1_55' title="bbox 1875 767 3458 854; baseline 0.015 -34"><span class='ocrx_word' id='word_1_420' title='bbox 1875 767 2017 823; x_wconf 87' lang='lat' dir='ltr'><strong>hanc</strong></span> <span class='ocrx_word' id='word_1_421' title='bbox 2060 769 2120 824; x_wconf 85' lang='lat' dir='ltr'><strong>F.</strong></span> <span class='ocrx_word' id='word_1_422' title='bbox 2151 787 2253 827; x_wconf 88' lang='lat' dir='ltr'><strong>ms.</strong></span> <span class='ocrx_word' id='word_1_423' title='bbox 2297 775 2639 843; x_wconf 80' lang='lat' dir='ltr'><strong>exprimebat</strong></span> <span class='ocrx_word' id='word_1_424' title='bbox 2680 781 2762 834; x_wconf 88' lang='lat' dir='ltr'><strong>bis</strong></span> <span class='ocrx_word' id='word_1_425' title='bbox 2786 784 2966 839; x_wconf 88' lang='lat' dir='ltr'><strong>verbis</strong></span> <span class='ocrx_word' id='word_1_426' title='bbox 3011 781 3351 854; x_wconf 86' lang='lat' dir='ltr'><strong>Tilmannus,</strong></span> <span class='ocrx_word' id='word_1_427' title='bbox 3381 791 3458 843; x_wconf 79' lang='grc' dir='ltr'><strong>Οὐ</strong></span> 
     </span>
    </p>
   </div>
   <div class='ocr_carea' id='block_1_56' title="bbox 1873 858 3459 952">
    <p class='ocr_par' dir='ltr' id='par_1_56' title="bbox 1873 858 3459 952">
     <span class='ocr_line' id='line_1_56' title="bbox 1873 858 3459 952; baseline 0.015 -41"><span class='ocrx_word' id='word_1_428' title='bbox 1873 858 1982 931; x_wconf 85' lang='grc' dir='ltr'><strong>γὰρ</strong></span> <span class='ocrx_word' id='word_1_429' title='bbox 2010 861 2105 914; x_wconf 81' lang='grc' dir='ltr'>τοῦ</span> <span class='ocrx_word' id='word_1_430' title='bbox 2139 863 2416 934; x_wconf 81' lang='grc' dir='ltr'>κρίνοντός</span> <span class='ocrx_word' id='word_1_431' title='bbox 2460 867 2576 923; x_wconf 81' lang='grc' dir='ltr'>ἐστι</span> <span class='ocrx_word' id='word_1_432' title='bbox 2614 870 2754 940; x_wconf 87' lang='grc' dir='ltr'>μετὰ</span> <span class='ocrx_word' id='word_1_433' title='bbox 2776 873 2885 929; x_wconf 87' lang='grc' dir='ltr'>τῶν</span> <span class='ocrx_word' id='word_1_434' title='bbox 2927 878 3263 948; x_wconf 82' lang='grc' dir='ltr'>κρινομένων</span> <span class='ocrx_word' id='word_1_435' title='bbox 3306 879 3459 952; x_wconf 80' lang='grc' dir='ltr'>ἔρχε-</span> 
     </span>
    </p>
   </div>
   <div class='ocr_carea' id='block_1_57' title="bbox 1874 949 3459 1042">
    <p class='ocr_par' dir='ltr' id='par_1_57' title="bbox 1874 949 3459 1042">
     <span class='ocr_line' id='line_1_57' title="bbox 1874 949 3459 1042; baseline 0.016 -41"><span class='ocrx_word' id='word_1_436' title='bbox 1874 949 1998 1003; x_wconf 88' lang='grc' dir='ltr'>σθαι</span> <span class='ocrx_word' id='word_1_437' title='bbox 2043 951 2184 1023; x_wconf 85' lang='grc' dir='ltr'>πρὸς</span> <span class='ocrx_word' id='word_1_438' title='bbox 2224 955 2428 1026; x_wconf 86' lang='grc' dir='ltr'>κρίσιν,</span> <span class='ocrx_word' id='word_1_439' title='bbox 2459 958 2595 1013; x_wconf 83' lang='grc' dir='ltr'><strong>ἀλλὰ</strong></span> <span class='ocrx_word' id='word_1_440' title='bbox 2642 961 2782 1031; x_wconf 85' lang='grc' dir='ltr'>μετὰ</span> <span class='ocrx_word' id='word_1_441' title='bbox 2827 963 2936 1018; x_wconf 84' lang='grc' dir='ltr'><strong>τῶν</strong></span> <span class='ocrx_word' id='word_1_442' title='bbox 2972 969 3306 1039; x_wconf 80' lang='grc' dir='ltr'>κρινομένων</span> <span class='ocrx_word' id='word_1_443' title='bbox 3338 949 3459 1042; x_wconf 77' lang='grc' dir='ltr'>μετ’</span> 
     </span>
    </p>
   </div>
   <div class='ocr_carea' id='block_1_58' title="bbox 1871 1040 3454 1128">
    <p class='ocr_par' dir='ltr' id='par_1_58' title="bbox 1871 1040 3454 1128">
     <span class='ocr_line' id='line_1_58' title="bbox 1871 1040 3454 1128; baseline 0.016 -36"><span class='ocrx_word' id='word_1_444' title='bbox 1871 1040 2117 1111; x_wconf 82' lang='grc' dir='ltr'><strong>ἀλλήλων</strong></span> <span class='ocrx_word' id='word_1_445' title='bbox 2150 1060 2207 1097; x_wconf 90' lang='grc' dir='ltr'><strong>α.</strong></span> <span class='ocrx_word' id='word_1_446' title='bbox 2243 1061 2302 1096; x_wconf 87' lang='grc' dir='ltr'><strong>π.</strong></span> <span class='ocrx_word' id='word_1_447' title='bbox 2335 1064 2394 1100; x_wconf 92' lang='grc' dir='ltr'><strong>π.</strong></span> <span class='ocrx_word' id='word_1_448' title='bbox 2429 1065 2522 1118; x_wconf 91' lang='grc' dir='ltr'>κρ.</span> <span class='ocrx_word' id='word_1_449' title='bbox 2573 1068 2592 1101; x_wconf 78' lang='grc' dir='ltr'><strong>ι</strong></span> <span class='ocrx_word' id='word_1_450' title='bbox 2624 1050 2741 1105; x_wconf 87' lang='grc' dir='ltr'>Νοιι</span> <span class='ocrx_word' id='word_1_451' title='bbox 2798 1054 2942 1109; x_wconf 91' lang='lat' dir='ltr'><strong>enim</strong></span> <span class='ocrx_word' id='word_1_452' title='bbox 2989 1055 3212 1112; x_wconf 87' lang='lat' dir='ltr'><strong>interest</strong></span> <span class='ocrx_word' id='word_1_453' title='bbox 3233 1040 3454 1128; x_wconf 86' lang='lat' dir='ltr'><strong>jndicis,</strong></span> 
     </span>
    </p>
   </div>
   <div class='ocr_carea' id='block_1_59' title="bbox 1870 1131 3455 1215">
    <p class='ocr_par' dir='ltr' id='par_1_59' title="bbox 1870 1131 3455 1215">
     <span class='ocr_line' id='line_1_59' title="bbox 1870 1131 3455 1215; baseline 0.015 -31"><span class='ocrx_word' id='word_1_454' title='bbox 1870 1147 1993 1185; x_wconf 88' lang='lat' dir='ltr'><strong>cum</strong></span> <span class='ocrx_word' id='word_1_455' title='bbox 2031 1131 2147 1200; x_wconf 86' lang='lat' dir='ltr'><strong>jam</strong></span> <span class='ocrx_word' id='word_1_456' title='bbox 2193 1135 2556 1204; x_wconf 69' lang='lat' dir='ltr'><strong>prtejudicatis</strong></span> <span class='ocrx_word' id='word_1_457' title='bbox 2588 1143 2776 1199; x_wconf 88' lang='lat' dir='ltr'><strong>venire</strong></span> <span class='ocrx_word' id='word_1_458' title='bbox 2805 1145 2874 1198; x_wconf 87' lang='lat' dir='ltr'><strong>ad</strong></span> <span class='ocrx_word' id='word_1_459' title='bbox 2911 1146 3196 1215; x_wconf 88' lang='lat' dir='ltr'><strong>judicium,</strong></span> <span class='ocrx_word' id='word_1_460' title='bbox 3224 1162 3282 1204; x_wconf 92' lang='lat' dir='ltr'><strong>ut</strong></span> <span class='ocrx_word' id='word_1_461' title='bbox 3315 1151 3455 1207; x_wconf 89' lang='lat' dir='ltr'><strong>inter</strong></span> 
     </span>
    </p>
   </div>
   <div class='ocr_carea' id='block_1_60' title="bbox 1869 1224 3451 1309">
    <p class='ocr_par' dir='ltr' id='par_1_60' title="bbox 1869 1224 3451 1309">
     <span class='ocr_line' id='line_1_60' title="bbox 1869 1224 3451 1309; baseline 0.014 -33"><span class='ocrx_word' id='word_1_462' title='bbox 1869 1238 1930 1277; x_wconf 91' lang='lat' dir='ltr'><strong>se</strong></span> <span class='ocrx_word' id='word_1_463' title='bbox 1947 1224 2091 1279; x_wconf 86' lang='lat' dir='ltr'><strong>obvii</strong></span> <span class='ocrx_word' id='word_1_464' title='bbox 2124 1227 2233 1280; x_wconf 90' lang='lat' dir='ltr'><strong>sint</strong></span> <span class='ocrx_word' id='word_1_465' title='bbox 2254 1227 2445 1296; x_wconf 88' lang='lat' dir='ltr'><strong>judici.</strong></span> <span class='ocrx_word' id='word_1_466' title='bbox 2469 1250 2488 1282; x_wconf 75' lang='grc' dir='ltr'><strong>ι</strong></span> <span class='ocrx_word' id='word_1_467' title='bbox 2527 1231 2727 1287; x_wconf 80' lang='lat' dir='ltr'><strong>Verum</strong></span> <span class='ocrx_word' id='word_1_468' title='bbox 2754 1236 2932 1304; x_wconf 89' lang='lat' dir='ltr'><strong>aptior</strong></span> <span class='ocrx_word' id='word_1_469' title='bbox 2949 1247 3033 1292; x_wconf 91' lang='lat' dir='ltr'><strong>est</strong></span> <span class='ocrx_word' id='word_1_470' title='bbox 3061 1254 3123 1294; x_wconf 88' lang='lat' dir='ltr'><strong>ea</strong></span> <span class='ocrx_word' id='word_1_471' title='bbox 3143 1283 3157 1307; x_wconf 91' lang='lat'><strong>,</strong></span> <span class='ocrx_word' id='word_1_472' title='bbox 3185 1256 3346 1309; x_wconf 89' lang='lat' dir='ltr'><strong>quam</strong></span> <span class='ocrx_word' id='word_1_473' title='bbox 3381 1258 3451 1298; x_wconf 82' lang='lat' dir='ltr'><strong>ex</strong></span> 
     </span>
    </p>
   </div>
   <div class='ocr_carea' id='block_1_61' title="bbox 1870 1318 3448 1397">
    <p class='ocr_par' dir='ltr' id='par_1_61' title="bbox 1870 1318 3448 1397">
     <span class='ocr_line' id='line_1_61' title="bbox 1870 1318 3448 1397; baseline 0.013 -25"><span class='ocrx_word' id='word_1_474' title='bbox 1870 1318 1936 1373; x_wconf 83' lang='lat' dir='ltr'><strong>ll.</strong></span> <span class='ocrx_word' id='word_1_475' title='bbox 1962 1319 2003 1373; x_wconf 91' lang='grc' dir='ltr'><strong>Ι.</strong></span> <span class='ocrx_word' id='word_1_476' title='bbox 2033 1331 2088 1376; x_wconf 88' lang='lat' dir='ltr'><strong>et</strong></span> <span class='ocrx_word' id='word_1_477' title='bbox 2109 1322 2264 1393; x_wconf 86' lang='lat' dir='ltr'><strong>Angl.</strong></span> <span class='ocrx_word' id='word_1_478' title='bbox 2305 1328 2693 1394; x_wconf 80' lang='lat' dir='ltr'><strong>expressimus.</strong></span> <span class='ocrx_word' id='word_1_479' title='bbox 2737 1329 2875 1397; x_wconf 80' lang='lat' dir='ltr'><strong>Quin</strong></span> <span class='ocrx_word' id='word_1_480' title='bbox 2907 1334 3070 1388; x_wconf 89' lang='lat' dir='ltr'><strong>etiam</strong></span> <span class='ocrx_word' id='word_1_481' title='bbox 3115 1336 3168 1389; x_wconf 92' lang='lat' dir='ltr'><strong>in</strong></span> <span class='ocrx_word' id='word_1_482' title='bbox 3205 1338 3448 1392; x_wconf 88' lang='lat' dir='ltr'><strong>membro</strong></span> 
     </span>
    </p>
   </div>
   <div class='ocr_carea' id='block_1_62' title="bbox 1866 1415 3451 1498">
    <p class='ocr_par' dir='ltr' id='par_1_62' title="bbox 1866 1415 3451 1498">
     <span class='ocr_line' id='line_1_62' title="bbox 1866 1415 3451 1498; baseline 0.013 -35"><span class='ocrx_word' id='word_1_483' title='bbox 1866 1415 2185 1479; x_wconf 69' lang='lat' dir='ltr'><strong>praecedenti</strong></span> <span class='ocrx_word' id='word_1_484' title='bbox 2217 1416 2542 1484; x_wconf 62' lang='lat' dir='ltr'><strong>praeferebat</strong></span> <span class='ocrx_word' id='word_1_485' title='bbox 2571 1420 2633 1476; x_wconf 86' lang='lat' dir='ltr'><strong>F.</strong></span> <span class='ocrx_word' id='word_1_486' title='bbox 2650 1422 2751 1476; x_wconf 87' lang='grc' dir='ltr'><strong>οὐκ</strong></span> <span class='ocrx_word' id='word_1_487' title='bbox 2773 1423 2866 1477; x_wconf 74' lang='grc' dir='ltr'>ἐπὶ</span> <span class='ocrx_word' id='word_1_488' title='bbox 2895 1424 2975 1496; x_wconf 84' lang='grc' dir='ltr'>τῷ</span> <span class='ocrx_word' id='word_1_489' title='bbox 3001 1430 3203 1498; x_wconf 88' lang='grc' dir='ltr'>κρῖναι,</span> <span class='ocrx_word' id='word_1_490' title='bbox 3224 1428 3451 1487; x_wconf 71' lang='grc' dir='ltr'><strong>ἀλλ’ὲπὶ</strong></span> 
     </span>
    </p>
   </div>
   <div class='ocr_carea' id='block_1_63' title="bbox 1863 1499 3449 1584">
    <p class='ocr_par' dir='ltr' id='par_1_63' title="bbox 1863 1499 3449 1584">
     <span class='ocr_line' id='line_1_63' title="bbox 1863 1499 3449 1584; baseline 0.015 -32"><span class='ocrx_word' id='word_1_491' title='bbox 1863 1499 1941 1571; x_wconf 82' lang='grc' dir='ltr'>τῷ</span> <span class='ocrx_word' id='word_1_492' title='bbox 1964 1501 2275 1574; x_wconf 83' lang='grc' dir='ltr'>διακρῖναι·</span> <span class='ocrx_word' id='word_1_493' title='bbox 2309 1526 2327 1557; x_wconf 82' lang='grc' dir='ltr'><strong>ι</strong></span> <span class='ocrx_word' id='word_1_494' title='bbox 2361 1508 2455 1562; x_wconf 88' lang='lat' dir='ltr'><strong>sed</strong></span> <span class='ocrx_word' id='word_1_495' title='bbox 2504 1517 2563 1563; x_wconf 90' lang='lat' dir='ltr'><strong>ut</strong></span> <span class='ocrx_word' id='word_1_496' title='bbox 2612 1510 2749 1568; x_wconf 88' lang='lat' dir='ltr'><strong>alios</strong></span> <span class='ocrx_word' id='word_1_497' title='bbox 2789 1527 3070 1584; x_wconf 88' lang='lat' dir='ltr'><strong>secernat;</strong></span> <span class='ocrx_word' id='word_1_498' title='bbox 3101 1536 3120 1570; x_wconf 73' lang='grc' dir='ltr'><strong>ι</strong></span> <span class='ocrx_word' id='word_1_499' title='bbox 3165 1533 3351 1573; x_wconf 91' lang='lat' dir='ltr'><strong>verum</strong></span> <span class='ocrx_word' id='word_1_500' title='bbox 3394 1521 3449 1575; x_wconf 88' lang='lat' dir='ltr'><strong>in</strong></span> 
     </span>
    </p>
   </div>
   <div class='ocr_carea' id='block_1_64' title="bbox 1861 1591 3447 1679">
    <p class='ocr_par' dir='ltr' id='par_1_64' title="bbox 1861 1591 3447 1679">
     <span class='ocr_line' id='line_1_64' title="bbox 1861 1591 3447 1679; baseline 0.014 -34"><span class='ocrx_word' id='word_1_501' title='bbox 1861 1591 2088 1662; x_wconf 81' lang='lat' dir='ltr'><strong>Anglico</strong></span> <span class='ocrx_word' id='word_1_502' title='bbox 2117 1605 2233 1650; x_wconf 88' lang='lat' dir='ltr'><strong>est:</strong></span> <span class='ocrx_word' id='word_1_503' title='bbox 2262 1597 2376 1651; x_wconf 82' lang='grc' dir='ltr'>ἀλλ’</span> <span class='ocrx_word' id='word_1_504' title='bbox 2403 1600 2500 1652; x_wconf 76' lang='grc' dir='ltr'>ἐπὶ</span> <span class='ocrx_word' id='word_1_505' title='bbox 2524 1600 2603 1672; x_wconf 84' lang='grc' dir='ltr'><strong>τῷ</strong></span> <span class='ocrx_word' id='word_1_506' title='bbox 2630 1602 3003 1677; x_wconf 82' lang='grc' dir='ltr'>διακριθῆναι,</span> <span class='ocrx_word' id='word_1_507' title='bbox 3041 1627 3061 1660; x_wconf 75' lang='grc' dir='ltr'><strong>ι</strong></span> <span class='ocrx_word' id='word_1_508' title='bbox 3088 1611 3181 1665; x_wconf 90' lang='lat' dir='ltr'><strong>sed</strong></span> <span class='ocrx_word' id='word_1_509' title='bbox 3216 1621 3274 1665; x_wconf 93' lang='lat' dir='ltr'><strong>ut</strong></span> <span class='ocrx_word' id='word_1_510' title='bbox 3298 1610 3447 1679; x_wconf 83' lang='lat' dir='ltr'><strong>judi-</strong></span> 
     </span>
    </p>
   </div>
   <div class='ocr_carea' id='block_1_65' title="bbox 1861 1686 3447 1769">
    <p class='ocr_par' dir='ltr' id='par_1_65' title="bbox 1861 1686 3447 1769">
     <span class='ocr_line' id='line_1_65' title="bbox 1861 1686 3447 1769; baseline 0.015 -32"><span class='ocrx_word' id='word_1_511' title='bbox 1861 1686 1947 1739; x_wconf 89' lang='lat' dir='ltr'><strong>cio</strong></span> <span class='ocrx_word' id='word_1_512' title='bbox 1974 1691 2286 1756; x_wconf 87' lang='lat' dir='ltr'><strong>contendat,</strong></span> <span class='ocrx_word' id='word_1_513' title='bbox 2316 1712 2335 1745; x_wconf 74' lang='grc' dir='ltr'><strong>ι</strong></span> <span class='ocrx_word' id='word_1_514' title='bbox 2366 1694 2448 1747; x_wconf 90' lang='lat' dir='ltr'><strong>vel</strong></span> <span class='ocrx_word' id='word_1_515' title='bbox 2482 1713 2501 1745; x_wconf 85' lang='grc' dir='ltr'><strong>ι</strong></span> <span class='ocrx_word' id='word_1_516' title='bbox 2534 1695 2816 1765; x_wconf 88' lang='lat' dir='ltr'><strong>utjudicio</strong></span> <span class='ocrx_word' id='word_1_517' title='bbox 2836 1700 3166 1769; x_wconf 80' lang='lat' dir='ltr'><strong>experiatur.</strong></span> <span class='ocrx_word' id='word_1_518' title='bbox 3210 1720 3229 1754; x_wconf 76' lang='grc' dir='ltr'><strong>ι</strong></span> <span class='ocrx_word' id='word_1_519' title='bbox 3264 1703 3311 1756; x_wconf 85' lang='grc' dir='ltr'><strong>Α</strong></span> <span class='ocrx_word' id='word_1_520' title='bbox 3338 1703 3447 1760; x_wconf 83' lang='lat' dir='ltr'><strong>Re-</strong></span> 
     </span>
    </p>
   </div>
   <div class='ocr_carea' id='block_1_66' title="bbox 1861 1775 3444 1856">
    <p class='ocr_par' dir='ltr' id='par_1_66' title="bbox 1861 1775 3444 1856">
     <span class='ocr_line' id='line_1_66' title="bbox 1861 1775 3444 1856; baseline 0.013 -28"><span class='ocrx_word' id='word_1_521' title='bbox 1861 1775 1948 1843; x_wconf 81' lang='lat' dir='ltr'><strong>gio</strong></span> <span class='ocrx_word' id='word_1_522' title='bbox 1977 1776 2045 1831; x_wconf 77' lang='lat' dir='ltr'><strong>Il.</strong></span> <span class='ocrx_word' id='word_1_523' title='bbox 2090 1780 2234 1836; x_wconf 90' lang='lat' dir='ltr'><strong>istud</strong></span> <span class='ocrx_word' id='word_1_524' title='bbox 2271 1783 2525 1839; x_wconf 89' lang='lat' dir='ltr'><strong>ultimum</strong></span> <span class='ocrx_word' id='word_1_525' title='bbox 2562 1789 2776 1856; x_wconf 89' lang='lat' dir='ltr'><strong>penitus</strong></span> <span class='ocrx_word' id='word_1_526' title='bbox 2808 1791 3018 1845; x_wconf 89' lang='lat' dir='ltr'><strong>aberat.</strong></span> <span class='ocrx_word' id='word_1_527' title='bbox 3050 1792 3131 1846; x_wconf 78' lang='lat' dir='ltr'><strong>Ex</strong></span> <span class='ocrx_word' id='word_1_528' title='bbox 3162 1795 3349 1848; x_wconf 90' lang='lat' dir='ltr'><strong>eodem</strong></span> <span class='ocrx_word' id='word_1_529' title='bbox 3388 1805 3444 1849; x_wconf 89' lang='lat' dir='ltr'><strong>et</strong></span> 
     </span>
    </p>
   </div>
   <div class='ocr_carea' id='block_1_67' title="bbox 1859 1866 3438 1954">
    <p class='ocr_par' dir='ltr' id='par_1_67' title="bbox 1859 1866 3438 1954">
     <span class='ocr_line' id='line_1_67' title="bbox 1859 1866 3438 1954; baseline 0.014 -35"><span class='ocrx_word' id='word_1_530' title='bbox 1859 1866 1898 1920; x_wconf 93' lang='lat' dir='ltr'><strong>l.</strong></span> <span class='ocrx_word' id='word_1_531' title='bbox 1932 1868 1994 1923; x_wconf 86' lang='lat' dir='ltr'><strong>F.</strong></span> <span class='ocrx_word' id='word_1_532' title='bbox 2031 1870 2098 1926; x_wconf 85' lang='lat' dir='ltr'><strong>A.</strong></span> <span class='ocrx_word' id='word_1_533' title='bbox 2134 1873 2925 1953; x_wconf 81' lang='lat' dir='ltr'><strong>addidimusinterpretationi</strong></span> <span class='ocrx_word' id='word_1_534' title='bbox 2964 1884 3159 1953; x_wconf 86' lang='lat' dir='ltr'><strong>pagina</strong></span> <span class='ocrx_word' id='word_1_535' title='bbox 3192 1888 3438 1954; x_wconf 89' lang='lat' dir='ltr'><strong>sequenti</strong></span> 
     </span>
    </p>
   </div>
   <div class='ocr_carea' id='block_1_68' title="bbox 1868 1964 3438 2048">
    <p class='ocr_par' dir='ltr' id='par_1_68' title="bbox 1868 1964 3438 2048">
     <span class='ocr_line' id='line_1_68' title="bbox 1868 1964 3438 2048; baseline 0.013 -35"><span class='ocrx_word' id='word_1_536' title='bbox 1868 1976 1890 2011; x_wconf 81' lang='grc' dir='ltr'><strong>ι</strong></span> <span class='ocrx_word' id='word_1_537' title='bbox 1910 1971 1964 2015; x_wconf 91' lang='lat' dir='ltr'><strong>et</strong></span> <span class='ocrx_word' id='word_1_538' title='bbox 1999 1964 2249 2020; x_wconf 89' lang='lat' dir='ltr'><strong>mercede</strong></span> <span class='ocrx_word' id='word_1_539' title='bbox 2276 1968 2576 2039; x_wconf 87' lang='lat' dir='ltr'><strong>conductis,</strong></span> <span class='ocrx_word' id='word_1_540' title='bbox 2610 1990 2629 2023; x_wconf 79' lang='grc' dir='ltr'><strong>ι</strong></span> <span class='ocrx_word' id='word_1_541' title='bbox 2661 1982 2790 2039; x_wconf 86' lang='lat' dir='ltr'><strong>etc.,</strong></span> <span class='ocrx_word' id='word_1_542' title='bbox 2817 1988 2937 2044; x_wconf 66' lang='lat' dir='ltr'><strong>quas</strong></span> <span class='ocrx_word' id='word_1_543' title='bbox 2970 1976 3183 2032; x_wconf 89' lang='lat' dir='ltr'><strong>fuerant</strong></span> <span class='ocrx_word' id='word_1_544' title='bbox 3207 1989 3438 2048; x_wconf 64' lang='lat' dir='ltr'><strong>praeter-</strong></span> 
     </span>
    </p>
   </div>
   <div class='ocr_carea' id='block_1_69' title="bbox 1858 2053 2040 2108">
    <p class='ocr_par' dir='ltr' id='par_1_69' title="bbox 1858 2053 2040 2108">
     <span class='ocr_line' id='line_1_69' title="bbox 1858 2053 2040 2108; baseline 0.022 -4"><span class='ocrx_word' id='word_1_545' title='bbox 1858 2053 2040 2108; x_wconf 77' lang='lat' dir='ltr'><strong>missa.</strong></span> 
     </span>
    </p>
   </div>
   <div class='ocr_carea' id='block_1_70' title="bbox 1924 2148 3432 2224">
    <p class='ocr_par' dir='ltr' id='par_1_70' title="bbox 1924 2148 3432 2224">
     <span class='ocr_line' id='line_1_70' title="bbox 1924 2148 3432 2224; baseline 0.013 -21"><span class='ocrx_word' id='word_1_546' title='bbox 1924 2148 2042 2203; x_wconf 88' lang='lat' dir='ltr'><strong>Col.</strong></span> <span class='ocrx_word' id='word_1_547' title='bbox 2094 2152 2199 2206; x_wconf 78' lang='grc'><strong>517</strong></span> <span class='ocrx_word' id='word_1_548' title='bbox 2243 2155 2285 2207; x_wconf 91' lang='lat' dir='ltr'><strong>A</strong></span> <span class='ocrx_word' id='word_1_549' title='bbox 2316 2154 2370 2209; x_wconf 89' lang='lat'><strong>8.</strong></span> <span class='ocrx_word' id='word_1_550' title='bbox 2413 2157 2545 2212; x_wconf 81' lang='grc' dir='ltr'><strong>Ἐπὶ</strong></span> <span class='ocrx_word' id='word_1_551' title='bbox 2581 2158 2663 2224; x_wconf 82' lang='grc' dir='ltr'>τῷ</span> <span class='ocrx_word' id='word_1_552' title='bbox 2678 2160 2857 2218; x_wconf 80' lang='grc' dir='ltr'>κάτω.</span> <span class='ocrx_word' id='word_1_553' title='bbox 2895 2162 3116 2219; x_wconf 83' lang='lat' dir='ltr'><strong>Rectius</strong></span> <span class='ocrx_word' id='word_1_554' title='bbox 3144 2165 3198 2219; x_wconf 90' lang='lat' dir='ltr'><strong>in</strong></span> <span class='ocrx_word' id='word_1_555' title='bbox 3224 2165 3365 2221; x_wconf 88' lang='lat' dir='ltr'><strong>ll.et</strong></span> <span class='ocrx_word' id='word_1_556' title='bbox 3389 2164 3432 2222; x_wconf 84' lang='grc' dir='ltr'><strong>Ι.</strong></span> 
     </span>
    </p>
   </div>
   <div class='ocr_carea' id='block_1_71' title="bbox 1853 2240 3434 2330">
    <p class='ocr_par' dir='ltr' id='par_1_71' title="bbox 1853 2240 3434 2330">
     <span class='ocr_line' id='line_1_71' title="bbox 1853 2240 3434 2330; baseline 0.013 -38"><span class='ocrx_word' id='word_1_557' title='bbox 1853 2240 1947 2294; x_wconf 76' lang='grc' dir='ltr'><strong>ἐπὶ</strong></span> <span class='ocrx_word' id='word_1_558' title='bbox 1970 2242 2030 2295; x_wconf 82' lang='grc' dir='ltr'>τὸ</span> <span class='ocrx_word' id='word_1_559' title='bbox 2063 2242 2214 2298; x_wconf 81' lang='grc' dir='ltr'>κάτω</span> <span class='ocrx_word' id='word_1_560' title='bbox 2237 2286 2251 2311; x_wconf 95' lang='grc'><strong>,</strong></span> <span class='ocrx_word' id='word_1_561' title='bbox 2280 2248 2427 2316; x_wconf 89' lang='lat' dir='ltr'><strong>quod</strong></span> <span class='ocrx_word' id='word_1_562' title='bbox 2451 2249 2722 2318; x_wconf 85' lang='lat' dir='ltr'><strong>adjectum</strong></span> <span class='ocrx_word' id='word_1_563' title='bbox 2754 2262 2839 2310; x_wconf 91' lang='lat' dir='ltr'><strong>est</strong></span> <span class='ocrx_word' id='word_1_564' title='bbox 2870 2257 3176 2326; x_wconf 87' lang='lat' dir='ltr'><strong>apographo</strong></span> <span class='ocrx_word' id='word_1_565' title='bbox 3204 2255 3434 2330; x_wconf 87' lang='lat' dir='ltr'><strong>Anglico</strong></span> 
     </span>
    </p>
   </div>
   <div class='ocr_carea' id='block_1_72' title="bbox 1852 2333 3433 2410">
    <p class='ocr_par' dir='ltr' id='par_1_72' title="bbox 1852 2333 3433 2410">
     <span class='ocr_line' id='line_1_72' title="bbox 1852 2333 3433 2410; baseline 0.013 -25"><span class='ocrx_word' id='word_1_566' title='bbox 1852 2333 1940 2386; x_wconf 82' lang='lat' dir='ltr'><strong>hic</strong></span> <span class='ocrx_word' id='word_1_567' title='bbox 1966 2335 2192 2403; x_wconf 90' lang='lat' dir='ltr'><strong>mutilo;</strong></span> <span class='ocrx_word' id='word_1_568' title='bbox 2220 2337 2318 2392; x_wconf 89' lang='lat' dir='ltr'><strong>sed</strong></span> <span class='ocrx_word' id='word_1_569' title='bbox 2366 2342 2734 2410; x_wconf 81' lang='lat' dir='ltr'><strong>expunximus</strong></span> <span class='ocrx_word' id='word_1_570' title='bbox 2761 2359 2792 2398; x_wconf 88' lang='lat' dir='ltr'><strong>a</strong></span> <span class='ocrx_word' id='word_1_571' title='bbox 2822 2346 3069 2400; x_wconf 87' lang='lat' dir='ltr'><strong>versione</strong></span> <span class='ocrx_word' id='word_1_572' title='bbox 3114 2348 3234 2404; x_wconf 86' lang='lat' dir='ltr'><strong>sine</strong></span> <span class='ocrx_word' id='word_1_573' title='bbox 3266 2363 3433 2404; x_wconf 89' lang='lat' dir='ltr'><strong>causa</strong></span> 
     </span>
    </p>
   </div>
   <div class='ocr_carea' id='block_1_73' title="bbox 1853 2425 3428 2508">
    <p class='ocr_par' dir='ltr' id='par_1_73' title="bbox 1853 2425 3428 2508">
     <span class='ocr_line' id='line_1_73' title="bbox 1853 2425 3428 2508; baseline 0.011 -31"><span class='ocrx_word' id='word_1_574' title='bbox 1853 2425 2136 2494; x_wconf 86' lang='lat' dir='ltr'><strong>repetitum</strong></span> <span class='ocrx_word' id='word_1_575' title='bbox 2179 2428 2328 2497; x_wconf 91' lang='lat' dir='ltr'><strong>illud,</strong></span> <span class='ocrx_word' id='word_1_576' title='bbox 2393 2449 2412 2483; x_wconf 78' lang='grc' dir='ltr'>σ</span> <span class='ocrx_word' id='word_1_577' title='bbox 2448 2443 2645 2488; x_wconf 84' lang='lat' dir='ltr'><strong>terram</strong></span> <span class='ocrx_word' id='word_1_578' title='bbox 2677 2449 2888 2491; x_wconf 87' lang='lat' dir='ltr'><strong>versus.</strong></span> <span class='ocrx_word' id='word_1_579' title='bbox 2920 2455 2940 2488; x_wconf 72' lang='grc' dir='ltr'><strong>ι</strong></span> <span class='ocrx_word' id='word_1_580' title='bbox 2984 2436 3150 2494; x_wconf 87' lang='lat' dir='ltr'><strong>Paulo</strong></span> <span class='ocrx_word' id='word_1_581' title='bbox 3182 2450 3305 2508; x_wconf 88' lang='lat' dir='ltr'><strong>post</strong></span> <span class='ocrx_word' id='word_1_582' title='bbox 3335 2441 3428 2496; x_wconf 88' lang='lat' dir='ltr'><strong>ubi</strong></span> 
     </span>
    </p>
   </div>
   <div class='ocr_carea' id='block_1_74' title="bbox 1850 2514 3431 2601">
    <p class='ocr_par' dir='ltr' id='par_1_74' title="bbox 1850 2514 3431 2601">
     <span class='ocr_line' id='line_1_74' title="bbox 1850 2514 3431 2601; baseline 0.015 -34"><span class='ocrx_word' id='word_1_583' title='bbox 1850 2514 1916 2568; x_wconf 87' lang='lat' dir='ltr'><strong>de</strong></span> <span class='ocrx_word' id='word_1_584' title='bbox 1944 2515 2195 2574; x_wconf 88' lang='lat' dir='ltr'><strong>basilisco</strong></span> <span class='ocrx_word' id='word_1_585' title='bbox 2217 2521 2418 2592; x_wconf 89' lang='lat' dir='ltr'><strong>agitur,</strong></span> <span class='ocrx_word' id='word_1_586' title='bbox 2453 2525 2715 2594; x_wconf 91' lang='lat' dir='ltr'><strong>scriptum</strong></span> <span class='ocrx_word' id='word_1_587' title='bbox 2744 2538 2886 2597; x_wconf 90' lang='lat' dir='ltr'><strong>erat,</strong></span> <span class='ocrx_word' id='word_1_588' title='bbox 2930 2548 2949 2581; x_wconf 83' lang='grc' dir='ltr'><strong>ι</strong></span> <span class='ocrx_word' id='word_1_589' title='bbox 2979 2544 3104 2585; x_wconf 92' lang='lat' dir='ltr'><strong>cum</strong></span> <span class='ocrx_word' id='word_1_590' title='bbox 3129 2533 3246 2587; x_wconf 91' lang='lat' dir='ltr'><strong>solo</strong></span> <span class='ocrx_word' id='word_1_591' title='bbox 3267 2548 3431 2601; x_wconf 87' lang='lat' dir='ltr'><strong>aspe-</strong></span> 
     </span>
    </p>
   </div>
   <div class='ocr_carea' id='block_1_75' title="bbox 1848 2615 3430 2691">
    <p class='ocr_par' dir='ltr' id='par_1_75' title="bbox 1848 2615 3430 2691">
     <span class='ocr_line' id='line_1_75' title="bbox 1848 2615 3430 2691; baseline 0.013 -31"><span class='ocrx_word' id='word_1_592' title='bbox 1848 2617 1938 2660; x_wconf 88' lang='lat' dir='ltr'><strong>ctu</strong></span> <span class='ocrx_word' id='word_1_593' title='bbox 1972 2623 2358 2681; x_wconf 89' lang='lat' dir='ltr'><strong>corrumpere;</strong></span> <span class='ocrx_word' id='word_1_594' title='bbox 2390 2633 2409 2666; x_wconf 77' lang='grc' dir='ltr'><strong>ι</strong></span> <span class='ocrx_word' id='word_1_595' title='bbox 2431 2625 2488 2669; x_wconf 90' lang='lat' dir='ltr'><strong>at</strong></span> <span class='ocrx_word' id='word_1_596' title='bbox 2523 2615 2862 2691; x_wconf 82' lang='grc' dir='ltr'>διαφθείρειν</span> <span class='ocrx_word' id='word_1_597' title='bbox 2889 2621 2978 2677; x_wconf 86' lang='lat' dir='ltr'><strong>hic</strong></span> <span class='ocrx_word' id='word_1_598' title='bbox 3004 2632 3129 2678; x_wconf 61' lang='lat' dir='ltr'><strong>esti</strong></span> <span class='ocrx_word' id='word_1_599' title='bbox 3159 2640 3374 2681; x_wconf 87' lang='lat' dir='ltr'><strong>necare.</strong></span> <span class='ocrx_word' id='word_1_600' title='bbox 3406 2645 3430 2681; x_wconf 76' lang='grc' dir='ltr'><strong>ι</strong></span> 
     </span>
    </p>
   </div>
   <div class='ocr_carea' id='block_1_76' title="bbox 1847 2696 3429 2774">
    <p class='ocr_par' dir='ltr' id='par_1_76' title="bbox 1847 2696 3429 2774">
     <span class='ocr_line' id='line_1_76' title="bbox 1847 2696 3429 2774; baseline 0.014 -23"><span class='ocrx_word' id='word_1_601' title='bbox 1847 2696 1967 2752; x_wconf 85' lang='grc' dir='ltr'>Νοιι</span> <span class='ocrx_word' id='word_1_602' title='bbox 1995 2700 2140 2755; x_wconf 88' lang='lat' dir='ltr'><strong>enim</strong></span> <span class='ocrx_word' id='word_1_603' title='bbox 2183 2702 2356 2757; x_wconf 87' lang='lat' dir='ltr'><strong>solum</strong></span> <span class='ocrx_word' id='word_1_604' title='bbox 2392 2705 2584 2774; x_wconf 87' lang='lat' dir='ltr'><strong>inlicit,</strong></span> <span class='ocrx_word' id='word_1_605' title='bbox 2616 2710 2711 2764; x_wconf 87' lang='lat' dir='ltr'><strong>sed</strong></span> <span class='ocrx_word' id='word_1_606' title='bbox 2743 2710 3019 2768; x_wconf 82' lang='lat' dir='ltr'><strong>interﬁcit.</strong></span> <span class='ocrx_word' id='word_1_607' title='bbox 3058 2714 3285 2773; x_wconf 85' lang='lat' dir='ltr'><strong>Plinius.</strong></span> <span class='ocrx_word' id='word_1_608' title='bbox 3327 2718 3429 2773; x_wconf 93' lang='lat' dir='ltr'><strong>lib.</strong></span> 
     </span>
    </p>
   </div>
   <div class='ocr_carea' id='block_1_77' title="bbox 1845 2792 3433 2875">
    <p class='ocr_par' dir='ltr' id='par_1_77' title="bbox 1845 2792 3433 2875">
     <span class='ocr_line' id='line_1_77' title="bbox 1845 2792 3433 2875; baseline 0.015 -34"><span class='ocrx_word' id='word_1_609' title='bbox 1845 2803 2039 2855; x_wconf 79' lang='lat' dir='ltr'><strong>xxvm,</strong></span> <span class='ocrx_word' id='word_1_610' title='bbox 2064 2806 2186 2860; x_wconf 90' lang='lat' dir='ltr'><strong>cap.</strong></span> <span class='ocrx_word' id='word_1_611' title='bbox 2224 2793 2278 2857; x_wconf 76' lang='lat'><strong>4,</strong></span> <span class='ocrx_word' id='word_1_612' title='bbox 2307 2792 2593 2852; x_wconf 75' lang='lat' dir='ltr'><strong>Historiw:</strong></span> <span class='ocrx_word' id='word_1_613' title='bbox 2618 2817 2637 2851; x_wconf 82' lang='grc' dir='ltr'><strong>ι</strong></span> <span class='ocrx_word' id='word_1_614' title='bbox 2661 2800 2924 2869; x_wconf 86' lang='lat' dir='ltr'><strong>Basilisci,</strong></span> <span class='ocrx_word' id='word_1_615' title='bbox 2950 2821 3112 2875; x_wconf 90' lang='lat' dir='ltr'><strong>quam</strong></span> <span class='ocrx_word' id='word_1_616' title='bbox 3128 2808 3290 2863; x_wconf 88' lang='lat' dir='ltr'><strong>etiam</strong></span> <span class='ocrx_word' id='word_1_617' title='bbox 3312 2825 3433 2865; x_wconf 86' lang='lat' dir='ltr'><strong>ser-</strong></span> 
     </span>
    </p>
   </div>
   <div class='ocr_carea' id='block_1_78' title="bbox 1844 2882 3428 2968">
    <p class='ocr_par' dir='ltr' id='par_1_78' title="bbox 1844 2882 3428 2968">
     <span class='ocr_line' id='line_1_78' title="bbox 1844 2882 3428 2968; baseline 0.015 -37"><span class='ocrx_word' id='word_1_618' title='bbox 1844 2890 2037 2949; x_wconf 83' lang='lat' dir='ltr'><strong>pentes</strong></span> <span class='ocrx_word' id='word_1_619' title='bbox 2064 2882 2165 2952; x_wconf 90' lang='lat' dir='ltr'><strong>ipsi</strong></span> <span class='ocrx_word' id='word_1_620' title='bbox 2194 2882 2410 2953; x_wconf 82' lang='lat' dir='ltr'><strong>fugiunt</strong></span> <span class='ocrx_word' id='word_1_621' title='bbox 2450 2889 2584 2944; x_wconf 89' lang='lat' dir='ltr'><strong>alios</strong></span> <span class='ocrx_word' id='word_1_622' title='bbox 2633 2891 2837 2947; x_wconf 79' lang='lat' dir='ltr'><strong>olfactu</strong></span> <span class='ocrx_word' id='word_1_623' title='bbox 2870 2905 3178 2962; x_wconf 89' lang='lat' dir='ltr'><strong>necantem,</strong></span> <span class='ocrx_word' id='word_1_624' title='bbox 3206 2900 3296 2968; x_wconf 94' lang='lat' dir='ltr'><strong>qui</strong></span> <span class='ocrx_word' id='word_1_625' title='bbox 3323 2900 3428 2954; x_wconf 76' lang='lat' dir='ltr'><strong>ho-</strong></span> 
     </span>
    </p>
   </div>
   <div class='ocr_carea' id='block_1_79' title="bbox 1844 2972 3418 3056">
    <p class='ocr_par' dir='ltr' id='par_1_79' title="bbox 1844 2972 3418 3056">
     <span class='ocr_line' id='line_1_79' title="bbox 1844 2972 3418 3056; baseline 0.015 -32"><span class='ocrx_word' id='word_1_626' title='bbox 1844 2972 2071 3040; x_wconf 90' lang='lat' dir='ltr'><strong>minem,</strong></span> <span class='ocrx_word' id='word_1_627' title='bbox 2104 2975 2187 3029; x_wconf 89' lang='lat' dir='ltr'><strong>vel</strong></span> <span class='ocrx_word' id='word_1_628' title='bbox 2227 2976 2272 3031; x_wconf 89' lang='lat' dir='ltr'><strong>si</strong></span> <span class='ocrx_word' id='word_1_629' title='bbox 2309 2980 2540 3047; x_wconf 90' lang='lat' dir='ltr'><strong>aspiciat</strong></span> <span class='ocrx_word' id='word_1_630' title='bbox 2574 2990 2806 3051; x_wconf 88' lang='lat' dir='ltr'><strong>tantum,</strong></span> <span class='ocrx_word' id='word_1_631' title='bbox 2853 2986 3048 3041; x_wconf 89' lang='lat' dir='ltr'><strong>dicitur</strong></span> <span class='ocrx_word' id='word_1_632' title='bbox 3078 2988 3418 3056; x_wconf 87' lang='lat' dir='ltr'><strong>interimere.</strong></span> 
     </span>
    </p>
   </div>
   <div class='ocr_carea' id='block_1_80' title="bbox 1843 3066 3416 3151">
    <p class='ocr_par' dir='ltr' id='par_1_80' title="bbox 1843 3066 3416 3151">
     <span class='ocr_line' id='line_1_80' title="bbox 1843 3066 3416 3151; baseline 0.013 -33"><span class='ocrx_word' id='word_1_633' title='bbox 1843 3066 2164 3135; x_wconf 86' lang='lat' dir='ltr'><strong>sanguinem</strong></span> <span class='ocrx_word' id='word_1_634' title='bbox 2224 3070 2362 3137; x_wconf 88' lang='lat' dir='ltr'><strong>magi</strong></span> <span class='ocrx_word' id='word_1_635' title='bbox 2411 3071 2563 3128; x_wconf 89' lang='lat' dir='ltr'><strong>miris</strong></span> <span class='ocrx_word' id='word_1_636' title='bbox 2593 3072 2844 3130; x_wconf 88' lang='lat' dir='ltr'><strong>laudibus</strong></span> <span class='ocrx_word' id='word_1_637' title='bbox 2882 3077 3214 3134; x_wconf 64' lang='lat' dir='ltr'><strong>celebrant.»</strong></span> <span class='ocrx_word' id='word_1_638' title='bbox 3244 3081 3416 3151; x_wconf 89' lang='lat' dir='ltr'><strong>ldem,</strong></span> 
     </span>
    </p>
   </div>
   <div class='ocr_carea' id='block_1_81' title="bbox 1844 3153 3423 3242">
    <p class='ocr_par' dir='ltr' id='par_1_81' title="bbox 1844 3153 3423 3242">
     <span class='ocr_line' id='line_1_81' title="bbox 1844 3153 3423 3242; baseline 0.016 -36"><span class='ocrx_word' id='word_1_639' title='bbox 1844 3153 1935 3209; x_wconf 89' lang='lat' dir='ltr'><strong>lib.</strong></span> <span class='ocrx_word' id='word_1_640' title='bbox 1963 3172 2084 3222; x_wconf 87' lang='lat' dir='ltr'><strong>vm,</strong></span> <span class='ocrx_word' id='word_1_641' title='bbox 2105 3172 2224 3228; x_wconf 83' lang='lat' dir='ltr'><strong>cap.</strong></span> <span class='ocrx_word' id='word_1_642' title='bbox 2245 3158 2336 3227; x_wconf 74' lang='lat' dir='ltr'><strong>2t,</strong></span> <span class='ocrx_word' id='word_1_643' title='bbox 2372 3173 2582 3229; x_wconf 89' lang='lat' dir='ltr'><strong>narrat,</strong></span> <span class='ocrx_word' id='word_1_644' title='bbox 2612 3176 2667 3219; x_wconf 87' lang='lat' dir='ltr'><strong>et</strong></span> <span class='ocrx_word' id='word_1_645' title='bbox 2699 3164 3056 3237; x_wconf 87' lang='lat' dir='ltr'><strong>Cyrenaicam</strong></span> <span class='ocrx_word' id='word_1_646' title='bbox 3081 3174 3423 3242; x_wconf 82' lang='lat' dir='ltr'><strong>provinciam</strong></span> 
     </span>
    </p>
   </div>
   <div class='ocr_carea' id='block_1_82' title="bbox 1843 3254 3421 3338">
    <p class='ocr_par' dir='ltr' id='par_1_82' title="bbox 1843 3254 3421 3338">
     <span class='ocr_line' id='line_1_82' title="bbox 1843 3254 3421 3338; baseline 0.016 -40"><span class='ocrx_word' id='word_1_647' title='bbox 1843 3259 1969 3299; x_wconf 92' lang='lat' dir='ltr'><strong>cum</strong></span> <span class='ocrx_word' id='word_1_648' title='bbox 2000 3262 2265 3317; x_wconf 87' lang='lat' dir='ltr'><strong>generare</strong></span> <span class='ocrx_word' id='word_1_649' title='bbox 2297 3267 2374 3308; x_wconf 84' lang='lat' dir='ltr'><strong>xu</strong></span> <span class='ocrx_word' id='word_1_650' title='bbox 2417 3254 2710 3325; x_wconf 88' lang='lat' dir='ltr'><strong>digitorum</strong></span> <span class='ocrx_word' id='word_1_651' title='bbox 2752 3275 2862 3315; x_wconf 92' lang='lat' dir='ltr'><strong>non</strong></span> <span class='ocrx_word' id='word_1_652' title='bbox 2891 3263 3122 3332; x_wconf 88' lang='lat' dir='ltr'><strong>amplius</strong></span> <span class='ocrx_word' id='word_1_653' title='bbox 3150 3266 3421 3338; x_wconf 86' lang='lat' dir='ltr'><strong>magnitu-</strong></span> 
     </span>
    </p>
   </div>
   <div class='ocr_carea' id='block_1_83' title="bbox 1842 3334 3420 3424">
    <p class='ocr_par' dir='ltr' id='par_1_83' title="bbox 1842 3334 3420 3424">
     <span class='ocr_line' id='line_1_83' title="bbox 1842 3334 3420 3424; baseline 0.016 -35"><span class='ocrx_word' id='word_1_654' title='bbox 1842 3334 2006 3406; x_wconf 90' lang='lat' dir='ltr'><strong>dine;</strong></span> <span class='ocrx_word' id='word_1_655' title='bbox 2043 3337 2293 3397; x_wconf 69' lang='lat' dir='ltr'><strong>Elianus</strong></span> <span class='ocrx_word' id='word_1_656' title='bbox 2326 3343 2489 3398; x_wconf 87' lang='lat' dir='ltr'><strong>etiam</strong></span> <span class='ocrx_word' id='word_1_657' title='bbox 2524 3345 2617 3404; x_wconf 90' lang='lat' dir='ltr'><strong>lib.</strong></span> <span class='ocrx_word' id='word_1_658' title='bbox 2656 3365 2717 3417; x_wconf 89' lang='grc' dir='ltr'><strong>ιι,</strong></span> <span class='ocrx_word' id='word_1_659' title='bbox 2751 3366 2874 3420; x_wconf 89' lang='lat' dir='ltr'><strong>cap.</strong></span> <span class='ocrx_word' id='word_1_660' title='bbox 2913 3352 2948 3407; x_wconf 85' lang='lat'><strong>5</strong></span> <span class='ocrx_word' id='word_1_661' title='bbox 2975 3392 2989 3416; x_wconf 92' lang='lat'><strong>,</strong></span> <span class='ocrx_word' id='word_1_662' title='bbox 3016 3352 3092 3409; x_wconf 89' lang='lat' dir='ltr'><strong>De</strong></span> <span class='ocrx_word' id='word_1_663' title='bbox 3116 3334 3420 3424; x_wconf 71' lang='lat' dir='ltr'><strong>animalib.,</strong></span> 
     </span>
    </p>
   </div>
   <div class='ocr_carea' id='block_1_84' title="bbox 1841 3432 3422 3521">
    <p class='ocr_par' dir='ltr' id='par_1_84' title="bbox 1841 3432 3422 3521">
     <span class='ocr_line' id='line_1_84' title="bbox 1841 3432 3422 3521; baseline 0.017 -42"><span class='ocrx_word' id='word_1_664' title='bbox 1841 3442 1963 3481; x_wconf 80' lang='lat' dir='ltr'><strong>eum</strong></span> <span class='ocrx_word' id='word_1_665' title='bbox 1993 3443 2113 3485; x_wconf 90' lang='lat' dir='ltr'><strong>esse</strong></span> <span class='ocrx_word' id='word_1_666' title='bbox 2141 3432 2302 3501; x_wconf 91' lang='lat' dir='ltr'><strong>palmi</strong></span> <span class='ocrx_word' id='word_1_667' title='bbox 2331 3434 2667 3505; x_wconf 88' lang='lat' dir='ltr'><strong>longitudine</strong></span> <span class='ocrx_word' id='word_1_668' title='bbox 2716 3444 2930 3512; x_wconf 89' lang='lat' dir='ltr'><strong>scribit,</strong></span> <span class='ocrx_word' id='word_1_669' title='bbox 2957 3447 3215 3521; x_wconf 82' lang='grc' dir='ltr'>Σπιθαμὴ</span> <span class='ocrx_word' id='word_1_670' title='bbox 3241 3450 3297 3504; x_wconf 88' lang='grc' dir='ltr'>δὲ</span> <span class='ocrx_word' id='word_1_671' title='bbox 3322 3453 3422 3507; x_wconf 77' lang='grc' dir='ltr'>τοῦ</span> 
     </span>
    </p>
   </div>
   <div class='ocr_carea' id='block_1_85' title="bbox 1840 3517 3422 3614">
    <p class='ocr_par' dir='ltr' id='par_1_85' title="bbox 1840 3517 3422 3614">
     <span class='ocr_line' id='line_1_85' title="bbox 1840 3517 3422 3614; baseline 0.018 -44"><span class='ocrx_word' id='word_1_672' title='bbox 1840 3517 2156 3588; x_wconf 81' lang='grc' dir='ltr'>βασιλίσκου</span> <span class='ocrx_word' id='word_1_673' title='bbox 2190 3523 2252 3577; x_wconf 82' lang='grc' dir='ltr'><strong>τὸ</strong></span> <span class='ocrx_word' id='word_1_674' title='bbox 2298 3526 2473 3597; x_wconf 87' lang='grc' dir='ltr'>μῆκός</span> <span class='ocrx_word' id='word_1_675' title='bbox 2505 3529 2645 3597; x_wconf 74' lang='grc' dir='ltr'>ἐστι,</span> <span class='ocrx_word' id='word_1_676' title='bbox 2672 3533 2768 3587; x_wconf 76' lang='grc' dir='ltr'>καὶ</span> <span class='ocrx_word' id='word_1_677' title='bbox 2801 3535 2987 3605; x_wconf 85' lang='grc' dir='ltr'>μέντοι</span> <span class='ocrx_word' id='word_1_678' title='bbox 3032 3540 3125 3593; x_wconf 82' lang='grc' dir='ltr'>καὶ</span> <span class='ocrx_word' id='word_1_679' title='bbox 3142 3517 3422 3614; x_wconf 23' lang='grc' dir='ltr'>*θεασάμε-</span> 
     </span>
    </p>
   </div>
   <div class='ocr_carea' id='block_1_86' title="bbox 1837 3612 3421 3706">
    <p class='ocr_par' dir='ltr' id='par_1_86' title="bbox 1837 3612 3421 3706">
     <span class='ocr_line' id='line_1_86' title="bbox 1837 3612 3421 3706; baseline 0.019 -45"><span class='ocrx_word' id='word_1_680' title='bbox 1837 3625 1925 3674; x_wconf 89' lang='grc' dir='ltr'><strong>νος</strong></span> <span class='ocrx_word' id='word_1_681' title='bbox 1948 3613 1976 3664; x_wconf 89' lang='grc' dir='ltr'>ὁ</span> <span class='ocrx_word' id='word_1_682' title='bbox 2006 3612 2113 3666; x_wconf 85' lang='grc' dir='ltr'><strong>τῶν</strong></span> <span class='ocrx_word' id='word_1_683' title='bbox 2135 3613 2613 3706; x_wconf 41' lang='grc' dir='ltr'>ὅφεωνῌμήκιστος</span> <span class='ocrx_word' id='word_1_684' title='bbox 2638 3624 2802 3679; x_wconf 82' lang='grc' dir='ltr'>αὐτὸν</span> <span class='ocrx_word' id='word_1_685' title='bbox 2828 3627 2894 3680; x_wconf 82' lang='grc' dir='ltr'>ὲκ</span> <span class='ocrx_word' id='word_1_686' title='bbox 2918 3630 3016 3701; x_wconf 84' lang='grc' dir='ltr'><strong>τῆς</strong></span> <span class='ocrx_word' id='word_1_687' title='bbox 3044 3631 3139 3686; x_wconf 82' lang='grc' dir='ltr'>τοῦ</span> <span class='ocrx_word' id='word_1_688' title='bbox 3164 3612 3421 3706; x_wconf 80' lang='grc' dir='ltr'>φυσήμα-</span> 
     </span>
    </p>
   </div>
   <div class='ocr_carea' id='block_1_87' title="bbox 1833 3698 3415 3786">
    <p class='ocr_par' dir='ltr' id='par_1_87' title="bbox 1833 3698 3415 3786">
     <span class='ocr_line' id='line_1_87' title="bbox 1833 3698 3415 3786; baseline 0.02 -37"><span class='ocrx_word' id='word_1_689' title='bbox 1833 3714 1926 3761; x_wconf 85' lang='grc' dir='ltr'>τος</span> <span class='ocrx_word' id='word_1_690' title='bbox 1958 3700 2262 3775; x_wconf 77' lang='grc' dir='ltr'>προσϐολῆς</span> <span class='ocrx_word' id='word_1_691' title='bbox 2282 3698 2440 3771; x_wconf 79' lang='grc' dir='ltr'>οὗτός</span> <span class='ocrx_word' id='word_1_692' title='bbox 2467 3710 2605 3763; x_wconf 76' lang='grc' dir='ltr'>ἐστι.</span> <span class='ocrx_word' id='word_1_693' title='bbox 2640 3730 2659 3763; x_wconf 85' lang='grc' dir='ltr'><strong>ι</strong></span> <span class='ocrx_word' id='word_1_694' title='bbox 2695 3713 2789 3769; x_wconf 82' lang='lat' dir='ltr'><strong>Vel</strong></span> <span class='ocrx_word' id='word_1_695' title='bbox 2810 3698 3121 3786; x_wconf 81' lang='lat' dir='ltr'><strong>serpentum</strong></span> <span class='ocrx_word' id='word_1_696' title='bbox 3144 3698 3415 3780; x_wconf 69' lang='lat' dir='ltr'><strong>maximus</strong></span> 
     </span>
    </p>
   </div>
   <div class='ocr_carea' id='block_1_88' title="bbox 1835 3788 3404 3878">
    <p class='ocr_par' dir='ltr' id='par_1_88' title="bbox 1835 3788 3404 3878">
     <span class='ocr_line' id='line_1_88' title="bbox 1835 3788 3404 3878; baseline 0.017 -36"><span class='ocrx_word' id='word_1_697' title='bbox 1835 3788 1977 3844; x_wconf 89' lang='lat' dir='ltr'><strong>illius</strong></span> <span class='ocrx_word' id='word_1_698' title='bbox 1988 3806 2209 3861; x_wconf 88' lang='lat' dir='ltr'><strong>aspectu</strong></span> <span class='ocrx_word' id='word_1_699' title='bbox 2231 3798 2416 3852; x_wconf 89' lang='lat' dir='ltr'><strong>statim</strong></span> <span class='ocrx_word' id='word_1_700' title='bbox 2449 3803 2833 3872; x_wconf 77' lang='lat' dir='ltr'><strong>exspirationis</strong></span> <span class='ocrx_word' id='word_1_701' title='bbox 2853 3809 3078 3878; x_wconf 88' lang='lat' dir='ltr'><strong>appulsu</strong></span> <span class='ocrx_word' id='word_1_702' title='bbox 3100 3816 3404 3871; x_wconf 59' lang='lat' dir='ltr'><strong>torrescit.»</strong></span> 
     </span>
    </p>
   </div>
   <div class='ocr_carea' id='block_1_89' title="bbox 1836 3878 3404 3973">
    <p class='ocr_par' dir='ltr' id='par_1_89' title="bbox 1836 3878 3404 3973">
     <span class='ocr_line' id='line_1_89' title="bbox 1836 3878 3404 3973; baseline 0.019 -39"><span class='ocrx_word' id='word_1_703' title='bbox 1836 3878 1941 3936; x_wconf 89' lang='lat' dir='ltr'><strong>Sed</strong></span> <span class='ocrx_word' id='word_1_704' title='bbox 1976 3882 2069 3939; x_wconf 89' lang='lat' dir='ltr'><strong>lib.</strong></span> <span class='ocrx_word' id='word_1_705' title='bbox 2106 3901 2188 3950; x_wconf 89' lang='lat' dir='ltr'><strong>Ill,</strong></span> <span class='ocrx_word' id='word_1_706' title='bbox 2221 3904 2341 3958; x_wconf 90' lang='lat' dir='ltr'><strong>cap.</strong></span> <span class='ocrx_word' id='word_1_707' title='bbox 2374 3891 2466 3956; x_wconf 78' lang='lat' dir='ltr'><strong>5t,</strong></span> <span class='ocrx_word' id='word_1_708' title='bbox 2495 3893 2808 3952; x_wconf 85' lang='lat' dir='ltr'><strong>basiliscum</strong></span> <span class='ocrx_word' id='word_1_709' title='bbox 2842 3900 2920 3955; x_wconf 89' lang='lat' dir='ltr'><strong>ait</strong></span> <span class='ocrx_word' id='word_1_710' title='bbox 2957 3903 3072 3958; x_wconf 84' lang='lat' dir='ltr'><strong>viso</strong></span> <span class='ocrx_word' id='word_1_711' title='bbox 3103 3904 3404 3973; x_wconf 87' lang='lat' dir='ltr'><strong>gallinaceo</strong></span> 
     </span>
    </p>
   </div>
   <div class='ocr_carea' id='block_1_90' title="bbox 1834 3983 3406 4063">
    <p class='ocr_par' dir='ltr' id='par_1_90' title="bbox 1834 3983 3406 4063">
     <span class='ocr_line' id='line_1_90' title="bbox 1834 3983 3406 4063; baseline 0.018 -38"><span class='ocrx_word' id='word_1_712' title='bbox 1834 3984 2092 4042; x_wconf 90' lang='lat' dir='ltr'><strong>tremere,</strong></span> <span class='ocrx_word' id='word_1_713' title='bbox 2124 3989 2179 4033; x_wconf 88' lang='lat' dir='ltr'><strong>et</strong></span> <span class='ocrx_word' id='word_1_714' title='bbox 2208 3983 2393 4038; x_wconf 85' lang='lat' dir='ltr'><strong>audito</strong></span> <span class='ocrx_word' id='word_1_715' title='bbox 2423 3984 2570 4039; x_wconf 84' lang='lat' dir='ltr'><strong>illius</strong></span> <span class='ocrx_word' id='word_1_716' title='bbox 2600 3998 2786 4055; x_wconf 90' lang='lat' dir='ltr'><strong>cantu,</strong></span> <span class='ocrx_word' id='word_1_717' title='bbox 2822 4000 3030 4050; x_wconf 90' lang='lat' dir='ltr'><strong>terrore</strong></span> <span class='ocrx_word' id='word_1_718' title='bbox 3060 4009 3406 4063; x_wconf 81' lang='lat' dir='ltr'><strong>ccttcussum.</strong></span> 
     </span>
    </p>
   </div>
   <div class='ocr_carea' id='block_1_91' title="bbox 1830 4067 3415 4154">
    <p class='ocr_par' dir='ltr' id='par_1_91' title="bbox 1830 4067 3415 4154">
     <span class='ocr_line' id='line_1_91' title="bbox 1830 4067 3415 4154; baseline 0.02 -36"><span class='ocrx_word' id='word_1_719' title='bbox 1830 4067 1999 4120; x_wconf 85' lang='lat' dir='ltr'><strong>emori</strong></span> <span class='ocrx_word' id='word_1_720' title='bbox 2030 4086 2044 4122; x_wconf 92' lang='lat'><strong>:</strong></span> <span class='ocrx_word' id='word_1_721' title='bbox 2075 4084 2237 4139; x_wconf 91' lang='lat' dir='ltr'><strong>quam</strong></span> <span class='ocrx_word' id='word_1_722' title='bbox 2270 4075 2339 4127; x_wconf 92' lang='lat' dir='ltr'><strong>ob</strong></span> <span class='ocrx_word' id='word_1_723' title='bbox 2385 4090 2603 4133; x_wconf 90' lang='lat' dir='ltr'><strong>causam</strong></span> <span class='ocrx_word' id='word_1_724' title='bbox 2633 4080 2731 4147; x_wconf 89' lang='lat' dir='ltr'><strong>illi,</strong></span> <span class='ocrx_word' id='word_1_725' title='bbox 2763 4084 2854 4151; x_wconf 85' lang='lat' dir='ltr'><strong>qui</strong></span> <span class='ocrx_word' id='word_1_726' title='bbox 2898 4100 2995 4154; x_wconf 91' lang='lat' dir='ltr'><strong>per</strong></span> <span class='ocrx_word' id='word_1_727' title='bbox 3020 4088 3263 4146; x_wconf 88' lang='lat' dir='ltr'><strong>Africam</strong></span> <span class='ocrx_word' id='word_1_728' title='bbox 3309 4092 3415 4149; x_wconf 86' lang='lat' dir='ltr'><strong>iter</strong></span> 
     </span>
    </p>
   </div>
   <div class='ocr_carea' id='block_1_92' title="bbox 1831 4155 3247 4248">
    <p class='ocr_par' dir='ltr' id='par_1_92' title="bbox 1831 4155 3247 4248">
     <span class='ocr_line' id='line_1_92' title="bbox 1831 4155 3247 4248; baseline 0.021 -41"><span class='ocrx_word' id='word_1_729' title='bbox 1831 4155 2057 4223; x_wconf 76' lang='lat' dir='ltr'><strong>faciunt,</strong></span> <span class='ocrx_word' id='word_1_730' title='bbox 2084 4160 2284 4228; x_wconf 85' lang='lat' dir='ltr'><strong>gallum</strong></span> <span class='ocrx_word' id='word_1_731' title='bbox 2309 4164 2518 4222; x_wconf 88' lang='lat' dir='ltr'><strong>itineris</strong></span> <span class='ocrx_word' id='word_1_732' title='bbox 2538 4170 2793 4226; x_wconf 83' lang='lat' dir='ltr'><strong>comitem</strong></span> <span class='ocrx_word' id='word_1_733' title='bbox 2818 4174 2919 4229; x_wconf 90' lang='lat' dir='ltr'><strong>sibi</strong></span> <span class='ocrx_word' id='word_1_734' title='bbox 2944 4175 3247 4248; x_wconf 75' lang='lat' dir='ltr'><strong>adiungunt</strong></span> 
     </span>
    </p>
   </div>
   <div class='ocr_carea' id='block_1_93' title="bbox 1897 4246 3411 4345">
    <p class='ocr_par' dir='ltr' id='par_1_93' title="bbox 1897 4246 3411 4345">
     <span class='ocr_line' id='line_1_93' title="bbox 1897 4246 3411 4345; baseline 0.02 -46"><span class='ocrx_word' id='word_1_735' title='bbox 1897 4246 2013 4301; x_wconf 85' lang='lat' dir='ltr'><strong>Col.</strong></span> <span class='ocrx_word' id='word_1_736' title='bbox 2048 4247 2182 4306; x_wconf 91' lang='lat' dir='ltr'><strong>lbid.</strong></span> <span class='ocrx_word' id='word_1_737' title='bbox 2214 4252 2254 4307; x_wconf 89' lang='lat' dir='ltr'><strong>c</strong></span> <span class='ocrx_word' id='word_1_738' title='bbox 2288 4254 2342 4307; x_wconf 71' lang='grc'><strong>4.</strong></span> <span class='ocrx_word' id='word_1_739' title='bbox 2374 4257 2542 4328; x_wconf 83' lang='lat' dir='ltr'><strong>Atque</strong></span> <span class='ocrx_word' id='word_1_740' title='bbox 2573 4264 2800 4317; x_wconf 82' lang='lat' dir='ltr'><strong>utinam.</strong></span> <span class='ocrx_word' id='word_1_741' title='bbox 2842 4266 2970 4320; x_wconf 77' lang='grc' dir='ltr'>Ειθε</span> <span class='ocrx_word' id='word_1_742' title='bbox 2998 4269 3056 4323; x_wconf 85' lang='grc' dir='ltr'>δὲ</span> <span class='ocrx_word' id='word_1_743' title='bbox 3084 4246 3158 4342; x_wconf 60' lang='grc' dir='ltr'>μὴ</span> <span class='ocrx_word' id='word_1_744' title='bbox 3184 4274 3281 4327; x_wconf 79' lang='grc' dir='ltr'>καὶ</span> <span class='ocrx_word' id='word_1_745' title='bbox 3309 4274 3411 4345; x_wconf 80' lang='grc' dir='ltr'>τῆς</span> 
     </span>
    </p>
   </div>
   <div class='ocr_carea' id='block_1_94' title="bbox 1841 4335 3411 4427">
    <p class='ocr_par' dir='ltr' id='par_1_94' title="bbox 1841 4335 3411 4427">
     <span class='ocr_line' id='line_1_94' title="bbox 1841 4335 3411 4427; baseline 0.021 -40"><span class='ocrx_word' id='word_1_746' title='bbox 1841 4335 2165 4409; x_wconf 82' lang='grc' dir='ltr'>Ἐκκλησίας</span> <span class='ocrx_word' id='word_1_747' title='bbox 2196 4346 2249 4395; x_wconf 81' lang='lat' dir='ltr'><strong>ai</strong></span> <span class='ocrx_word' id='word_1_748' title='bbox 2279 4343 2577 4421; x_wconf 83' lang='grc' dir='ltr'>θυγατέρες</span> <span class='ocrx_word' id='word_1_749' title='bbox 2602 4352 2670 4407; x_wconf 85' lang='grc' dir='ltr'>τὰ</span> <span class='ocrx_word' id='word_1_750' title='bbox 2690 4355 2830 4409; x_wconf 83' lang='grc' dir='ltr'>αὐτὰ</span> <span class='ocrx_word' id='word_1_751' title='bbox 2858 4335 3169 4427; x_wconf 75' lang='grc' dir='ltr'>ἐγκαλοῖντο</span> <span class='ocrx_word' id='word_1_752' title='bbox 3192 4379 3205 4392; x_wconf 89' lang='grc'><strong>·</strong></span> <span class='ocrx_word' id='word_1_753' title='bbox 3232 4364 3309 4419; x_wconf 82' lang='lat' dir='ltr'><strong>sic</strong></span> 
     </span>
    </p>
   </div>
   <div class='ocr_carea' id='block_1_95' title="bbox 1825 4431 3405 4523">
    <p class='ocr_par' dir='ltr' id='par_1_95' title="bbox 1825 4431 3405 4523">
     <span class='ocr_line' id='line_1_95' title="bbox 1825 4431 3405 4523; baseline 0.015 -41"><span class='ocrx_word' id='word_1_754' title='bbox 1825 4431 2055 4498; x_wconf 88' lang='lat' dir='ltr'><strong>gendum</strong></span> <span class='ocrx_word' id='word_1_755' title='bbox 2077 4448 2141 4486; x_wconf 81' lang='lat' dir='ltr'><strong>ex</strong></span> <span class='ocrx_word' id='word_1_756' title='bbox 2166 4433 2230 4491; x_wconf 83' lang='lat' dir='ltr'><strong>ll.</strong></span> <span class='ocrx_word' id='word_1_757' title='bbox 2256 4435 2293 4489; x_wconf 93' lang='lat' dir='ltr'><strong>l.</strong></span> <span class='ocrx_word' id='word_1_758' title='bbox 2322 4439 2414 4502; x_wconf 83' lang='lat' dir='ltr'><strong>A.,</strong></span> <span class='ocrx_word' id='word_1_759' title='bbox 2445 4454 2554 4494; x_wconf 90' lang='lat' dir='ltr'><strong>non</strong></span> <span class='ocrx_word' id='word_1_760' title='bbox 2584 4453 2642 4495; x_wconf 91' lang='lat' dir='ltr'><strong>ut</strong></span> <span class='ocrx_word' id='word_1_761' title='bbox 2671 4454 2793 4498; x_wconf 89' lang='lat' dir='ltr'><strong>erat</strong></span> <span class='ocrx_word' id='word_1_762' title='bbox 2822 4446 2876 4500; x_wconf 92' lang='lat' dir='ltr'><strong>in</strong></span> <span class='ocrx_word' id='word_1_763' title='bbox 2911 4445 2970 4499; x_wconf 85' lang='lat' dir='ltr'><strong>F.</strong></span> <span class='ocrx_word' id='word_1_764' title='bbox 3004 4449 3117 4502; x_wconf 66' lang='grc' dir='ltr'>εἴτε</span> <span class='ocrx_word' id='word_1_765' title='bbox 3141 4449 3198 4503; x_wconf 82' lang='grc' dir='ltr'>δὲ</span> <span class='ocrx_word' id='word_1_766' title='bbox 3225 4457 3323 4523; x_wconf 81' lang='grc' dir='ltr'>μή,</span> <span class='ocrx_word' id='word_1_767' title='bbox 3351 4463 3405 4506; x_wconf 89' lang='lat' dir='ltr'><strong>et</strong></span> 
     </span>
    </p>
   </div>
   <div class='ocr_carea' id='block_1_96' title="bbox 1820 4519 3407 4604">
    <p class='ocr_par' dir='ltr' id='par_1_96' title="bbox 1820 4519 3407 4604">
     <span class='ocr_line' id='line_1_96' title="bbox 1820 4519 3407 4604; baseline 0.016 -33"><span class='ocrx_word' id='word_1_768' title='bbox 1820 4519 2198 4590; x_wconf 77' lang='grc' dir='ltr'>ἐνεκαλοῦντο,</span> <span class='ocrx_word' id='word_1_769' title='bbox 2232 4529 2372 4582; x_wconf 89' lang='lat' dir='ltr'><strong>unde</strong></span> <span class='ocrx_word' id='word_1_770' title='bbox 2401 4533 2668 4598; x_wconf 78' lang='lat' dir='ltr'><strong>expressit</strong></span> <span class='ocrx_word' id='word_1_771' title='bbox 2688 4535 2977 4604; x_wconf 89' lang='lat' dir='ltr'><strong>interpres,</strong></span> <span class='ocrx_word' id='word_1_772' title='bbox 3007 4556 3027 4590; x_wconf 78' lang='grc' dir='ltr'><strong>ι</strong></span> <span class='ocrx_word' id='word_1_773' title='bbox 3046 4541 3253 4595; x_wconf 88' lang='lat' dir='ltr'><strong>Annon</strong></span> <span class='ocrx_word' id='word_1_774' title='bbox 3284 4543 3407 4598; x_wconf 62' lang='lat' dir='ltr'><strong>litim</strong></span> 
     </span>
    </p>
   </div>
   <div class='ocr_carea' id='block_1_97' title="bbox 1819 4612 3404 4693">
    <p class='ocr_par' dir='ltr' id='par_1_97' title="bbox 1819 4612 3404 4693">
     <span class='ocr_line' id='line_1_97' title="bbox 1819 4612 3404 4693; baseline 0.016 -29"><span class='ocrx_word' id='word_1_775' title='bbox 1819 4612 1983 4665; x_wconf 89' lang='lat' dir='ltr'><strong>etiam</strong></span> <span class='ocrx_word' id='word_1_776' title='bbox 2018 4613 2276 4671; x_wconf 72' lang='lat' dir='ltr'><strong>Ecclesia:</strong></span> <span class='ocrx_word' id='word_1_777' title='bbox 2304 4618 2374 4674; x_wconf 91' lang='lat' dir='ltr'><strong>ob</strong></span> <span class='ocrx_word' id='word_1_778' title='bbox 2414 4623 2603 4675; x_wconf 88' lang='lat' dir='ltr'><strong>eadem</strong></span> <span class='ocrx_word' id='word_1_779' title='bbox 2635 4623 2691 4677; x_wconf 90' lang='lat' dir='ltr'><strong>in</strong></span> <span class='ocrx_word' id='word_1_780' title='bbox 2720 4627 2809 4693; x_wconf 88' lang='lat' dir='ltr'><strong>jus</strong></span> <span class='ocrx_word' id='word_1_781' title='bbox 2840 4637 3042 4683; x_wconf 64' lang='lat' dir='ltr'><strong>vocatae</strong></span> <span class='ocrx_word' id='word_1_782' title='bbox 3074 4640 3220 4687; x_wconf 90' lang='lat' dir='ltr'><strong>sunt.</strong></span> <span class='ocrx_word' id='word_1_783' title='bbox 3261 4652 3280 4684; x_wconf 74' lang='grc' dir='ltr'><strong>ι</strong></span> <span class='ocrx_word' id='word_1_784' title='bbox 3323 4634 3404 4689; x_wconf 80' lang='lat' dir='ltr'><strong>Ex</strong></span> 
     </span>
    </p>
   </div>
   <div class='ocr_carea' id='block_1_98' title="bbox 1821 4700 3400 4785">
    <p class='ocr_par' dir='ltr' id='par_1_98' title="bbox 1821 4700 3400 4785">
     <span class='ocr_line' id='line_1_98' title="bbox 1821 4700 3400 4785; baseline 0.016 -31"><span class='ocrx_word' id='word_1_785' title='bbox 1821 4700 2008 4756; x_wconf 90' lang='lat' dir='ltr'><strong>iisdem</strong></span> <span class='ocrx_word' id='word_1_786' title='bbox 2039 4719 2169 4759; x_wconf 91' lang='lat' dir='ltr'><strong>mss.</strong></span> <span class='ocrx_word' id='word_1_787' title='bbox 2195 4706 2474 4765; x_wconf 89' lang='lat' dir='ltr'><strong>codicibus</strong></span> <span class='ocrx_word' id='word_1_788' title='bbox 2498 4715 2838 4770; x_wconf 84' lang='lat' dir='ltr'><strong>correximus</strong></span> <span class='ocrx_word' id='word_1_789' title='bbox 2868 4717 3030 4785; x_wconf 89' lang='lat' dir='ltr'><strong>paulo</strong></span> <span class='ocrx_word' id='word_1_790' title='bbox 3053 4730 3179 4776; x_wconf 90' lang='lat' dir='ltr'><strong>ante</strong></span> <span class='ocrx_word' id='word_1_791' title='bbox 3206 4723 3260 4777; x_wconf 92' lang='lat' dir='ltr'><strong>in</strong></span> <span class='ocrx_word' id='word_1_792' title='bbox 3284 4723 3400 4779; x_wconf 89' lang='lat' dir='ltr'><strong>An-</strong></span> 
     </span>
    </p>
   </div>
   <div class='ocr_carea' id='block_1_99' title="bbox 140 4764 3401 4883">
    <p class='ocr_par' dir='ltr' id='par_1_99' title="bbox 140 4764 3401 4883">
     <span class='ocr_line' id='line_1_99' title="bbox 140 4764 3401 4883; baseline 0.003 -65"><span class='ocrx_word' id='word_1_793' title='bbox 140 4765 360 4819; x_wconf 86' lang='lat' dir='ltr'><strong>beatum</strong></span> <span class='ocrx_word' id='word_1_794' title='bbox 386 4764 627 4835; x_wconf 80' lang='lat' dir='ltr'><strong>iudicare</strong></span> <span class='ocrx_word' id='word_1_795' title='bbox 653 4764 738 4820; x_wconf 86' lang='lat' dir='ltr'><strong>vel</strong></span> <span class='ocrx_word' id='word_1_796' title='bbox 770 4766 1069 4835; x_wconf 82' lang='lat' dir='ltr'><strong>praedicare</strong></span> <span class='ocrx_word' id='word_1_797' title='bbox 1089 4767 1230 4836; x_wconf 82' lang='lat' dir='ltr'><strong>apud</strong></span> <span class='ocrx_word' id='word_1_798' title='bbox 1264 4770 1520 4838; x_wconf 79' lang='lat' dir='ltr'><strong>profanos</strong></span> <span class='ocrx_word' id='word_1_799' title='bbox 1553 4774 1719 4829; x_wconf 85' lang='lat' dir='ltr'><strong>etiam</strong></span> <span class='ocrx_word' id='word_1_800' title='bbox 1815 4790 1956 4860; x_wconf 66' lang='lat' dir='ltr'><strong>gnco</strong></span> <span class='ocrx_word' id='word_1_801' title='bbox 1986 4797 2299 4865; x_wconf 64' lang='lat' dir='ltr'><strong>apogmpho</strong></span> <span class='ocrx_word' id='word_1_802' title='bbox 2332 4764 2836 4872; x_wconf 27' lang='lat' dir='ltr'><strong>mendgggigi‘l‘m;</strong></span> 
     </span>
     <span class='ocr_line' id='line_1_100' title="bbox 142 4856 2013 4883; baseline 0 0"><span class='ocrx_word' id='word_1_803' title='bbox 142 4863 390 4883; x_wconf 57' lang='grc' dir='ltr'><strong>-..λη-ι...</strong></span> <span class='ocrx_word' id='word_1_804' title='bbox 429 4856 688 4883; x_wconf 63' lang='grc' dir='ltr'><strong>..ιηηιηηηι</strong></span> <span class='ocrx_word' id='word_1_805' title='bbox 756 4859 898 4883; x_wconf 58' lang='grc' dir='ltr'><strong>..-λη</strong></span> <span class='ocrx_word' id='word_1_806' title='bbox 949 4859 1214 4883; x_wconf 72' lang='grc' dir='ltr'><strong>Α..ε,.......ιε</strong></span> <span class='ocrx_word' id='word_1_807' title='bbox 1246 4877 1258 4883; x_wconf 95' lang='grc'><strong>-</strong></span> <span class='ocrx_word' id='word_1_808' title='bbox 1299 4860 1486 4883; x_wconf 31' lang='lat' dir='ltr'><strong>DL-.-“</strong></span> <span class='ocrx_word' id='word_1_809' title='bbox 1536 4882 1543 4883; x_wconf 60' lang='lat'><strong><em>,</em></strong></span> <span class='ocrx_word' id='word_1_810' title='bbox 1858 4880 1882 4883; x_wconf 55' lang='grc' dir='ltr'>μ</span> <span class='ocrx_word' id='word_1_811' title='bbox 2010 4882 2013 4883; x_wconf 65' lang='lat'>,</span> 
     </span>
    </p>
   </div>
   <div class='ocr_carea' id='block_1_100' title="bbox 140 4856 1718 4935">
    <p class='ocr_par' dir='ltr' id='par_1_100' title="bbox 140 4856 1718 4935">
     <span class='ocr_line' id='line_1_101' title="bbox 140 4856 1718 4935; baseline 0.008 -26"><span class='ocrx_word' id='word_1_812' title='bbox 140 4863 393 4911; x_wconf 86' lang='lat' dir='ltr'><strong>auctores</strong></span> <span class='ocrx_word' id='word_1_813' title='bbox 428 4856 713 4923; x_wconf 80' lang='lat' dir='ltr'><strong>signiﬁcat,</strong></span> <span class='ocrx_word' id='word_1_814' title='bbox 756 4859 899 4913; x_wconf 91' lang='lat' dir='ltr'><strong>unde</strong></span> <span class='ocrx_word' id='word_1_815' title='bbox 938 4859 1214 4914; x_wconf 85' lang='lat' dir='ltr'><strong>Aristoteli</strong></span> <span class='ocrx_word' id='word_1_816' title='bbox 1245 4877 1262 4915; x_wconf 91' lang='grc' dir='ltr'><strong>ι</strong></span> <span class='ocrx_word' id='word_1_817' title='bbox 1289 4860 1504 4918; x_wconf 82' lang='lat' dir='ltr'><strong>Rhetor.</strong></span> <span class='ocrx_word' id='word_1_818' title='bbox 1531 4882 1718 4935; x_wconf 86' lang='grc' dir='ltr'>μακα-</span> 
     </span>
    </p>
   </div>
   <div class='ocr_carea' id='block_1_101' title="bbox 141 4945 1718 5028">
    <p class='ocr_par' dir='ltr' id='par_1_101' title="bbox 141 4945 1718 5028">
     <span class='ocr_line' id='line_1_102' title="bbox 141 4945 1718 5028; baseline 0.008 -29"><span class='ocrx_word' id='word_1_819' title='bbox 141 4945 341 5018; x_wconf 81' lang='grc' dir='ltr'>ρισμός</span> <span class='ocrx_word' id='word_1_820' title='bbox 369 4955 426 5001; x_wconf 91' lang='lat' dir='ltr'><strong>et</strong></span> <span class='ocrx_word' id='word_1_821' title='bbox 456 4946 876 5018; x_wconf 83' lang='grc' dir='ltr'>εὐδαιμονισμός</span> <span class='ocrx_word' id='word_1_822' title='bbox 908 4949 1236 5007; x_wconf 87' lang='lat' dir='ltr'><strong>laudationis</strong></span> <span class='ocrx_word' id='word_1_823' title='bbox 1273 4955 1557 5026; x_wconf 66' lang='lat' dir='ltr'><strong>praecipuae</strong></span> <span class='ocrx_word' id='word_1_824' title='bbox 1592 4972 1718 5028; x_wconf 85' lang='lat' dir='ltr'><strong>spe-</strong></span> 
     </span>
    </p>
   </div>
   <div class='ocr_carea' id='block_1_102' title="bbox 1814 4880 3400 4967">
    <p class='ocr_par' dir='ltr' id='par_1_102' title="bbox 1814 4880 3400 4967">
     <span class='ocr_line' id='line_1_103' title="bbox 1814 4880 3400 4967; baseline 0.018 -35"><span class='ocrx_word' id='word_1_825' title='bbox 1814 4880 1922 4934; x_wconf 83' lang='grc' dir='ltr'><strong>τῶν</strong></span> <span class='ocrx_word' id='word_1_826' title='bbox 1963 4882 2062 4946; x_wconf 85' lang='grc' dir='ltr'>τὰς</span> <span class='ocrx_word' id='word_1_827' title='bbox 2101 4885 2408 4959; x_wconf 77' lang='grc' dir='ltr'>θυγατέρας</span> <span class='ocrx_word' id='word_1_828' title='bbox 2435 4892 2597 4947; x_wconf 84' lang='grc' dir='ltr'>Σιών.</span> <span class='ocrx_word' id='word_1_829' title='bbox 2636 4895 2744 4950; x_wconf 91' lang='lat' dir='ltr'><strong>Sed</strong></span> <span class='ocrx_word' id='word_1_830' title='bbox 2783 4880 3047 4967; x_wconf 83' lang='lat' dir='ltr'><strong>quamvis</strong></span> <span class='ocrx_word' id='word_1_831' title='bbox 3071 4880 3221 4959; x_wconf 73' lang='lat' dir='ltr'><strong>recte</strong></span> <span class='ocrx_word' id='word_1_832' title='bbox 3265 4909 3400 4963; x_wconf 90' lang='lat' dir='ltr'><strong>scri-</strong></span> 
     </span>
    </p>
   </div>
   <div class='ocr_carea' id='block_1_103' title="bbox 1814 4980 3399 5065">
    <p class='ocr_par' dir='ltr' id='par_1_103' title="bbox 1814 4980 3399 5065">
     <span class='ocr_line' id='line_1_104' title="bbox 1814 4980 3399 5065; baseline 0.018 -40"><span class='ocrx_word' id='word_1_833' title='bbox 1814 4981 1964 5041; x_wconf 91' lang='lat' dir='ltr'><strong>ptum</strong></span> <span class='ocrx_word' id='word_1_834' title='bbox 1993 4986 2166 5044; x_wconf 90' lang='lat' dir='ltr'><strong>esset,</strong></span> <span class='ocrx_word' id='word_1_835' title='bbox 2198 4980 2358 5047; x_wconf 90' lang='lat' dir='ltr'><strong>paulo</strong></span> <span class='ocrx_word' id='word_1_836' title='bbox 2396 4995 2519 5051; x_wconf 90' lang='lat' dir='ltr'><strong>post</strong></span> <span class='ocrx_word' id='word_1_837' title='bbox 2557 4986 2615 5040; x_wconf 91' lang='lat' dir='ltr'><strong>in</strong></span> <span class='ocrx_word' id='word_1_838' title='bbox 2644 4987 2709 5042; x_wconf 87' lang='lat' dir='ltr'><strong>F.</strong></span> <span class='ocrx_word' id='word_1_839' title='bbox 2738 4989 2975 5055; x_wconf 81' lang='grc' dir='ltr'>παιδιαῖς</span> <span class='ocrx_word' id='word_1_840' title='bbox 3010 4994 3301 5065; x_wconf 83' lang='grc' dir='ltr'>ἀσέμνοις,</span> <span class='ocrx_word' id='word_1_841' title='bbox 3338 5013 3399 5053; x_wconf 89' lang='lat' dir='ltr'><strong>se</strong></span> 
     </span>
    </p>
   </div>
   <div class='ocr_carea' id='block_1_104' title="bbox 138 5038 1730 5146">
    <p class='ocr_par' dir='ltr' id='par_1_104' title="bbox 138 5038 1710 5121">
     <span class='ocr_line' id='line_1_105' title="bbox 138 5038 1710 5121; baseline 0.008 -29"><span class='ocrx_word' id='word_1_842' title='bbox 138 5040 255 5094; x_wconf 77' lang='lat' dir='ltr'><strong>cies</strong></span> <span class='ocrx_word' id='word_1_843' title='bbox 268 5048 414 5093; x_wconf 88' lang='lat' dir='ltr'><strong>sunt.</strong></span> <span class='ocrx_word' id='word_1_844' title='bbox 432 5038 523 5094; x_wconf 88' lang='lat' dir='ltr'><strong>Sic</strong></span> <span class='ocrx_word' id='word_1_845' title='bbox 553 5048 607 5093; x_wconf 92' lang='lat' dir='ltr'><strong>et</strong></span> <span class='ocrx_word' id='word_1_846' title='bbox 632 5040 996 5098; x_wconf 86' lang='lat' dir='ltr'><strong>Ecclesiastici</strong></span> <span class='ocrx_word' id='word_1_847' title='bbox 1018 5058 1096 5108; x_wconf 79' lang='grc' dir='ltr'>χι,</span> <span class='ocrx_word' id='word_1_848' title='bbox 1125 5042 1196 5098; x_wconf 77' lang='grc'><strong>50</strong></span> <span class='ocrx_word' id='word_1_849' title='bbox 1232 5061 1247 5099; x_wconf 91' lang='lat'><strong>:</strong></span> <span class='ocrx_word' id='word_1_850' title='bbox 1275 5046 1397 5115; x_wconf 85' lang='grc' dir='ltr'><strong>Πρὸ</strong></span> <span class='ocrx_word' id='word_1_851' title='bbox 1418 5051 1710 5121; x_wconf 77' lang='grc' dir='ltr'>τελευτῆς</span> 
     </span>
    </p>
   </div>
   <div class='ocr_carea' id='block_1_105' title="bbox 1851 5038 3394 5146">
    <p class='ocr_par' dir='ltr' id='par_1_105' title="bbox 1851 5038 3394 5146">
     <span class='ocr_line' id='line_1_106' title="bbox 2152 5038 3394 5065; baseline 0.019 -21"><span class='ocrx_word' id='word_1_852' title='bbox 2152 5038 2162 5044; x_wconf 84' lang='grc'><strong>.</strong></span> <span class='ocrx_word' id='word_1_853' title='bbox 2198 5038 2211 5047; x_wconf 93' lang='grc'><strong>.</strong></span> <span class='ocrx_word' id='word_1_854' title='bbox 2396 5038 2411 5051; x_wconf 89' lang='grc'><strong>.</strong></span> <span class='ocrx_word' id='word_1_855' title='bbox 2480 5038 2485 5039; x_wconf 52' lang='grc' dir='ltr'><strong>ν</strong></span> <span class='ocrx_word' id='word_1_856' title='bbox 2562 5038 2615 5040; x_wconf 44' lang='grc' dir='ltr'><strong>κ-</strong></span> <span class='ocrx_word' id='word_1_857' title='bbox 2644 5038 2667 5041; x_wconf 84' lang='grc'><strong><em>-</em></strong></span> <span class='ocrx_word' id='word_1_858' title='bbox 2695 5038 2707 5042; x_wconf 65' lang='grc' dir='ltr'><strong><em>ν</em></strong></span> <span class='ocrx_word' id='word_1_859' title='bbox 2744 5038 2972 5055; x_wconf 54' lang='lat' dir='ltr'><strong>&quot;mum:</strong></span> <span class='ocrx_word' id='word_1_860' title='bbox 3011 5038 3301 5065; x_wconf 67' lang='grc' dir='ltr'><strong>-ννι-νν-νν</strong></span> <span class='ocrx_word' id='word_1_861' title='bbox 3338 5038 3394 5053; x_wconf 71' lang='grc' dir='ltr'><strong>σν</strong></span> 
     </span>
     <span class='ocr_line' id='line_1_107' title="bbox 1851 5064 3394 5146; baseline 0.018 -30"><span class='ocrx_word' id='word_1_862' title='bbox 1851 5064 2006 5133; x_wconf 69' lang='lat' dir='ltr'><strong>egisse</strong></span> <span class='ocrx_word' id='word_1_863' title='bbox 2027 5069 2545 5143; x_wconf 84' lang='lat' dir='ltr'><strong>putavitinterpres,</strong></span> <span class='ocrx_word' id='word_1_864' title='bbox 2597 5077 2894 5146; x_wconf 84' lang='grc' dir='ltr'>παιδείαις,</span> <span class='ocrx_word' id='word_1_865' title='bbox 2931 5099 2986 5136; x_wconf 71' lang='grc' dir='ltr'><strong>ιε</strong></span> <span class='ocrx_word' id='word_1_866' title='bbox 3006 5085 3204 5142; x_wconf 81' lang='lat' dir='ltr'><strong>dedunt</strong></span> <span class='ocrx_word' id='word_1_867' title='bbox 3242 5089 3394 5143; x_wconf 81' lang='lat' dir='ltr'><strong>inho-</strong></span> 
     </span>
    </p>
   </div>
   <div class='ocr_carea' id='block_1_106' title="bbox 133 5128 1712 5211">
    <p class='ocr_par' dir='ltr' id='par_1_106' title="bbox 133 5128 1712 5211">
     <span class='ocr_line' id='line_1_108' title="bbox 133 5128 1712 5211; baseline 0.01 -28"><span class='ocrx_word' id='word_1_868' title='bbox 133 5130 222 5199; x_wconf 83' lang='grc' dir='ltr'>μὴ</span> <span class='ocrx_word' id='word_1_869' title='bbox 252 5128 537 5200; x_wconf 77' lang='grc' dir='ltr'>μακάριῶ</span> <span class='ocrx_word' id='word_1_870' title='bbox 572 5131 824 5200; x_wconf 81' lang='grc' dir='ltr'>μηδένα.</span> <span class='ocrx_word' id='word_1_871' title='bbox 860 5134 995 5190; x_wconf 85' lang='lat' dir='ltr'><strong>Ante</strong></span> <span class='ocrx_word' id='word_1_872' title='bbox 1029 5145 1250 5191; x_wconf 84' lang='lat' dir='ltr'><strong>mortem</strong></span> <span class='ocrx_word' id='word_1_873' title='bbox 1296 5155 1612 5211; x_wconf 71' lang='lat' dir='ltr'><strong>quamquam</strong></span> <span class='ocrx_word' id='word_1_874' title='bbox 1646 5161 1712 5200; x_wconf 82' lang='lat' dir='ltr'><strong>ne</strong></span> 
     </span>
    </p>
   </div>
   <div class='ocr_carea' id='block_1_107' title="bbox 138 5221 1713 5299">
    <p class='ocr_par' dir='ltr' id='par_1_107' title="bbox 138 5221 1713 5299">
     <span class='ocr_line' id='line_1_109' title="bbox 138 5221 1713 5299; baseline 0.011 -27"><span class='ocrx_word' id='word_1_875' title='bbox 138 5222 324 5275; x_wconf 71' lang='lat' dir='ltr'><strong>laude:</strong></span> <span class='ocrx_word' id='word_1_876' title='bbox 343 5222 622 5276; x_wconf 81' lang='lat' dir='ltr'><strong>hominem.</strong></span> <span class='ocrx_word' id='word_1_877' title='bbox 655 5221 877 5294; x_wconf 80' lang='lat' dir='ltr'><strong>Vulgata</strong></span> <span class='ocrx_word' id='word_1_878' title='bbox 903 5240 1116 5296; x_wconf 83' lang='lat' dir='ltr'><strong>quoque</strong></span> <span class='ocrx_word' id='word_1_879' title='bbox 1131 5225 1282 5284; x_wconf 78' lang='lat' dir='ltr'><strong>Isaiae</strong></span> <span class='ocrx_word' id='word_1_880' title='bbox 1307 5245 1391 5296; x_wconf 89' lang='grc' dir='ltr'>ιιι,</span> <span class='ocrx_word' id='word_1_881' title='bbox 1417 5231 1508 5299; x_wconf 77' lang='grc'><strong>12,</strong></span> <span class='ocrx_word' id='word_1_882' title='bbox 1537 5232 1643 5299; x_wconf 85' lang='lat' dir='ltr'><strong>Qui</strong></span> <span class='ocrx_word' id='word_1_883' title='bbox 1665 5245 1713 5290; x_wconf 82' lang='lat' dir='ltr'><strong>te</strong></span> 
     </span>
    </p>
   </div>
   <div class='ocr_carea' id='block_1_108' title="bbox 138 5312 1705 5392">
    <p class='ocr_par' dir='ltr' id='par_1_108' title="bbox 138 5312 1705 5392">
     <span class='ocr_line' id='line_1_110' title="bbox 138 5312 1705 5392; baseline 0.011 -28"><span class='ocrx_word' id='word_1_884' title='bbox 138 5312 347 5365; x_wconf 82' lang='lat' dir='ltr'><strong>beatum</strong></span> <span class='ocrx_word' id='word_1_885' title='bbox 376 5312 556 5365; x_wconf 83' lang='lat' dir='ltr'><strong>dicunt</strong></span> <span class='ocrx_word' id='word_1_886' title='bbox 580 5313 681 5382; x_wconf 78' lang='lat' dir='ltr'><strong>ipsi</strong></span> <span class='ocrx_word' id='word_1_887' title='bbox 710 5323 759 5368; x_wconf 81' lang='lat' dir='ltr'><strong>te</strong></span> <span class='ocrx_word' id='word_1_888' title='bbox 792 5317 1079 5385; x_wconf 79' lang='lat' dir='ltr'><strong>decipiunt.</strong></span> <span class='ocrx_word' id='word_1_889' title='bbox 1102 5315 1221 5374; x_wconf 78' lang='lat' dir='ltr'><strong>Vox</strong></span> <span class='ocrx_word' id='word_1_890' title='bbox 1255 5321 1457 5392; x_wconf 87' lang='lat' dir='ltr'><strong>quippe</strong></span> <span class='ocrx_word' id='word_1_891' title='bbox 1478 5323 1705 5382; x_wconf 74' lang='lat' dir='ltr'><strong>Hebraea</strong></span> 
     </span>
    </p>
   </div>
   <div class='ocr_carea' id='block_1_109' title="bbox 134 5403 1709 5484">
    <p class='ocr_par' dir='ltr' id='par_1_109' title="bbox 134 5403 1709 5484">
     <span class='ocr_line' id='line_1_111' title="bbox 134 5403 1709 5484; baseline 0.011 -30"><span class='ocrx_word' id='word_1_892' title='bbox 134 5413 271 5462; x_wconf 59' lang='lat' dir='ltr'><strong>1m:</strong></span> <span class='ocrx_word' id='word_1_893' title='bbox 303 5417 408 5457; x_wconf 90' lang='lat' dir='ltr'><strong>non</strong></span> <span class='ocrx_word' id='word_1_894' title='bbox 435 5403 576 5457; x_wconf 89' lang='lat' dir='ltr'><strong>aliud</strong></span> <span class='ocrx_word' id='word_1_895' title='bbox 603 5415 781 5470; x_wconf 82' lang='lat' dir='ltr'><strong>sonat,</strong></span> <span class='ocrx_word' id='word_1_896' title='bbox 832 5418 890 5459; x_wconf 89' lang='lat' dir='ltr'><strong>ut</strong></span> <span class='ocrx_word' id='word_1_897' title='bbox 919 5408 1052 5476; x_wconf 90' lang='lat' dir='ltr'><strong>psal.</strong></span> <span class='ocrx_word' id='word_1_898' title='bbox 1080 5425 1246 5465; x_wconf 81' lang='lat' dir='ltr'><strong>cxuu</strong></span> <span class='ocrx_word' id='word_1_899' title='bbox 1265 5451 1283 5478; x_wconf 92' lang='lat'><strong>,</strong></span> <span class='ocrx_word' id='word_1_900' title='bbox 1310 5413 1418 5467; x_wconf 69' lang='lat'><strong>45:</strong></span> <span class='ocrx_word' id='word_1_901' title='bbox 1460 5415 1709 5484; x_wconf 75' lang='grc' dir='ltr'>Ἐμακάο</span> 
     </span>
    </p>
   </div>
   <div class='ocr_carea' id='block_1_110' title="bbox 131 5494 1712 5573">
    <p class='ocr_par' dir='ltr' id='par_1_110' title="bbox 131 5494 1712 5573">
     <span class='ocr_line' id='line_1_112' title="bbox 131 5494 1712 5573; baseline 0.01 -25"><span class='ocrx_word' id='word_1_902' title='bbox 131 5510 318 5563; x_wconf 81' lang='grc' dir='ltr'>ρισαν</span> <span class='ocrx_word' id='word_1_903' title='bbox 354 5494 464 5548; x_wconf 79' lang='grc' dir='ltr'><strong>τὸν</strong></span> <span class='ocrx_word' id='word_1_904' title='bbox 493 5495 666 5562; x_wconf 74' lang='grc' dir='ltr'>λαόν,</span> <span class='ocrx_word' id='word_1_905' title='bbox 702 5498 906 5552; x_wconf 82' lang='lat' dir='ltr'><strong>beatum</strong></span> <span class='ocrx_word' id='word_1_906' title='bbox 950 5500 1196 5556; x_wconf 79' lang='lat' dir='ltr'><strong>dixerunt</strong></span> <span class='ocrx_word' id='word_1_907' title='bbox 1241 5505 1494 5573; x_wconf 83' lang='lat' dir='ltr'><strong>populum</strong></span> <span class='ocrx_word' id='word_1_908' title='bbox 1528 5523 1546 5561; x_wconf 93' lang='lat'><em>:</em></span> <span class='ocrx_word' id='word_1_909' title='bbox 1581 5525 1712 5564; x_wconf 91' lang='lat' dir='ltr'><strong>non-</strong></span> 
     </span>
    </p>
   </div>
   <div class='ocr_carea' id='block_1_111' title="bbox 138 5588 1711 5658">
    <p class='ocr_par' dir='ltr' id='par_1_111' title="bbox 138 5588 1711 5658">
     <span class='ocr_line' id='line_1_113' title="bbox 138 5588 1711 5658; baseline 0.01 -20"><span class='ocrx_word' id='word_1_910' title='bbox 138 5600 411 5655; x_wconf 86' lang='lat' dir='ltr'><strong>nunquam</strong></span> <span class='ocrx_word' id='word_1_911' title='bbox 461 5596 638 5642; x_wconf 86' lang='lat' dir='ltr'><strong>tamen</strong></span> <span class='ocrx_word' id='word_1_912' title='bbox 692 5588 1017 5658; x_wconf 77' lang='grc' dir='ltr'>μακαρίζειν</span> <span class='ocrx_word' id='word_1_913' title='bbox 1061 5590 1277 5647; x_wconf 82' lang='lat' dir='ltr'><strong>beatum</strong></span> <span class='ocrx_word' id='word_1_914' title='bbox 1327 5594 1502 5652; x_wconf 85' lang='lat' dir='ltr'><strong>facere</strong></span> <span class='ocrx_word' id='word_1_915' title='bbox 1542 5598 1711 5654; x_wconf 86' lang='lat' dir='ltr'><strong>inter-</strong></span> 
     </span>
    </p>
   </div>
   <div class='ocr_carea' id='block_1_112' title="bbox 135 5674 1705 5759">
    <p class='ocr_par' dir='ltr' id='par_1_112' title="bbox 135 5674 1705 5759">
     <span class='ocr_line' id='line_1_114' title="bbox 135 5674 1705 5759; baseline 0.013 -32"><span class='ocrx_word' id='word_1_916' title='bbox 135 5685 379 5746; x_wconf 86' lang='lat' dir='ltr'><strong>pretatur</strong></span> <span class='ocrx_word' id='word_1_917' title='bbox 406 5674 536 5732; x_wconf 86' lang='lat' dir='ltr'><strong>Itala</strong></span> <span class='ocrx_word' id='word_1_918' title='bbox 562 5689 735 5744; x_wconf 87' lang='lat' dir='ltr'><strong>vetus,</strong></span> <span class='ocrx_word' id='word_1_919' title='bbox 760 5690 816 5733; x_wconf 89' lang='lat' dir='ltr'><strong>ut</strong></span> <span class='ocrx_word' id='word_1_920' title='bbox 843 5682 975 5750; x_wconf 84' lang='lat' dir='ltr'><strong>psal.</strong></span> <span class='ocrx_word' id='word_1_921' title='bbox 1010 5698 1095 5750; x_wconf 78' lang='lat' dir='ltr'><strong>XL,</strong></span> <span class='ocrx_word' id='word_1_922' title='bbox 1129 5684 1163 5736; x_wconf 75' lang='lat'><strong>2</strong></span> <span class='ocrx_word' id='word_1_923' title='bbox 1195 5704 1207 5739; x_wconf 87' lang='lat'><strong>:</strong></span> <span class='ocrx_word' id='word_1_924' title='bbox 1236 5687 1341 5740; x_wconf 79' lang='grc' dir='ltr'><strong>Καὶ</strong></span> <span class='ocrx_word' id='word_1_925' title='bbox 1377 5691 1705 5759; x_wconf 70' lang='grc' dir='ltr'>μακαρίσαι</span> 
     </span>
    </p>
   </div>
   <div class='ocr_carea' id='block_1_113' title="bbox 1818 5156 2330 5228">
    <p class='ocr_par' dir='ltr' id='par_1_113' title="bbox 1818 5156 2330 5228">
     <span class='ocr_line' id='line_1_115' title="bbox 1818 5156 2330 5228; baseline 0.018 -21"><span class='ocrx_word' id='word_1_926' title='bbox 1818 5156 1976 5209; x_wconf 77' lang='lat' dir='ltr'><strong>uestis</strong></span> <span class='ocrx_word' id='word_1_927' title='bbox 2011 5156 2330 5228; x_wconf 69' lang='lat' dir='ltr'><strong>disciplinis.</strong></span> 
     </span>
    </p>
   </div>
   <div class='ocr_carea' id='block_1_114' title="bbox 1880 5245 3393 5329">
    <p class='ocr_par' dir='ltr' id='par_1_114' title="bbox 1880 5245 3393 5329">
     <span class='ocr_line' id='line_1_116' title="bbox 1880 5245 3393 5329; baseline 0.019 -30"><span class='ocrx_word' id='word_1_928' title='bbox 1880 5245 1999 5302; x_wconf 87' lang='lat' dir='ltr'><strong>Col.</strong></span> <span class='ocrx_word' id='word_1_929' title='bbox 2018 5247 2123 5303; x_wconf 75' lang='lat' dir='ltr'><strong>5l9</strong></span> <span class='ocrx_word' id='word_1_930' title='bbox 2139 5250 2182 5303; x_wconf 86' lang='grc' dir='ltr'><strong>Β</strong></span> <span class='ocrx_word' id='word_1_931' title='bbox 2215 5249 2300 5308; x_wconf 78' lang='grc'><strong>10.</strong></span> <span class='ocrx_word' id='word_1_932' title='bbox 2319 5251 2414 5308; x_wconf 68' lang='lat' dir='ltr'><strong>Eat</strong></span> <span class='ocrx_word' id='word_1_933' title='bbox 2432 5257 2593 5326; x_wconf 87' lang='lat' dir='ltr'><strong>igitur</strong></span> <span class='ocrx_word' id='word_1_934' title='bbox 2610 5262 3098 5329; x_wconf 76' lang='lat' dir='ltr'><strong>opus.Sustulimus</strong></span> <span class='ocrx_word' id='word_1_935' title='bbox 3115 5279 3298 5326; x_wconf 88' lang='lat' dir='ltr'><strong>notam</strong></span> <span class='ocrx_word' id='word_1_936' title='bbox 3312 5272 3393 5326; x_wconf 89' lang='lat' dir='ltr'><strong>in-</strong></span> 
     </span>
    </p>
   </div>
   <div class='ocr_carea' id='block_1_115' title="bbox 1821 5338 3391 5422">
    <p class='ocr_par' dir='ltr' id='par_1_115' title="bbox 1821 5338 3391 5422">
     <span class='ocr_line' id='line_1_117' title="bbox 1821 5338 3391 5422; baseline 0.018 -36"><span class='ocrx_word' id='word_1_937' title='bbox 1821 5338 2225 5406; x_wconf 85' lang='lat' dir='ltr'><strong>terrogationis,</strong></span> <span class='ocrx_word' id='word_1_938' title='bbox 2251 5356 2412 5410; x_wconf 89' lang='lat' dir='ltr'><strong>quam</strong></span> <span class='ocrx_word' id='word_1_939' title='bbox 2432 5345 2621 5403; x_wconf 65' lang='lat' dir='ltr'><strong>Graeca</strong></span> <span class='ocrx_word' id='word_1_940' title='bbox 2648 5365 2754 5405; x_wconf 92' lang='lat' dir='ltr'><strong>non</strong></span> <span class='ocrx_word' id='word_1_941' title='bbox 2776 5365 3101 5422; x_wconf 88' lang='lat' dir='ltr'><strong>agnoscunt,</strong></span> <span class='ocrx_word' id='word_1_942' title='bbox 3132 5367 3189 5412; x_wconf 92' lang='lat' dir='ltr'><strong>et</strong></span> <span class='ocrx_word' id='word_1_943' title='bbox 3206 5374 3391 5415; x_wconf 86' lang='lat' dir='ltr'><strong>emen-</strong></span> 
     </span>
    </p>
   </div>
   <div class='ocr_carea' id='block_1_116' title="bbox 1813 5426 3389 5516">
    <p class='ocr_par' dir='ltr' id='par_1_116' title="bbox 1813 5426 3389 5516">
     <span class='ocr_line' id='line_1_118' title="bbox 1813 5426 3389 5516; baseline 0.018 -38"><span class='ocrx_word' id='word_1_944' title='bbox 1813 5426 2059 5483; x_wconf 86' lang='lat' dir='ltr'><strong>davimus</strong></span> <span class='ocrx_word' id='word_1_945' title='bbox 2082 5444 2150 5484; x_wconf 73' lang='lat' dir='ltr'><strong>ex</strong></span> <span class='ocrx_word' id='word_1_946' title='bbox 2177 5430 2362 5502; x_wconf 81' lang='lat' dir='ltr'><strong>Regiis</strong></span> <span class='ocrx_word' id='word_1_947' title='bbox 2393 5439 2536 5505; x_wconf 88' lang='lat' dir='ltr'><strong>quod</strong></span> <span class='ocrx_word' id='word_1_948' title='bbox 2563 5451 2682 5494; x_wconf 90' lang='lat' dir='ltr'><strong>erat</strong></span> <span class='ocrx_word' id='word_1_949' title='bbox 2708 5442 2761 5496; x_wconf 92' lang='lat' dir='ltr'><strong>in</strong></span> <span class='ocrx_word' id='word_1_950' title='bbox 2795 5445 3041 5514; x_wconf 88' lang='lat' dir='ltr'><strong>Anglico,</strong></span> <span class='ocrx_word' id='word_1_951' title='bbox 3066 5448 3162 5501; x_wconf 81' lang='grc' dir='ltr'>καὶ</span> <span class='ocrx_word' id='word_1_952' title='bbox 3190 5450 3389 5516; x_wconf 77' lang='grc' dir='ltr'>οἵτινες</span> 
     </span>
    </p>
   </div>
   <div class='ocr_carea' id='block_1_117' title="bbox 1811 5517 3388 5599">
    <p class='ocr_par' dir='ltr' id='par_1_117' title="bbox 1811 5517 3388 5599">
     <span class='ocr_line' id='line_1_119' title="bbox 1811 5517 3388 5599; baseline 0.02 -31"><span class='ocrx_word' id='word_1_953' title='bbox 1811 5517 1968 5588; x_wconf 76' lang='grc' dir='ltr'>ἡμῶν</span> <span class='ocrx_word' id='word_1_954' title='bbox 2009 5520 2114 5574; x_wconf 84' lang='grc' dir='ltr'><strong>τῶν</strong></span> <span class='ocrx_word' id='word_1_955' title='bbox 2157 5526 2453 5596; x_wconf 86' lang='grc' dir='ltr'>τιμωμέν.,</span> <span class='ocrx_word' id='word_1_956' title='bbox 2487 5541 2541 5584; x_wconf 88' lang='lat' dir='ltr'><strong>et</strong></span> <span class='ocrx_word' id='word_1_957' title='bbox 2591 5533 2994 5594; x_wconf 86' lang='lat' dir='ltr'><strong>immutavitnus</strong></span> <span class='ocrx_word' id='word_1_958' title='bbox 3039 5541 3169 5596; x_wconf 90' lang='lat' dir='ltr'><strong>illud</strong></span> <span class='ocrx_word' id='word_1_959' title='bbox 3219 5543 3388 5599; x_wconf 83' lang='lat' dir='ltr'><strong>inter-</strong></span> 
     </span>
    </p>
   </div>
   <div class='ocr_carea' id='block_1_118' title="bbox 1811 5610 3385 5693">
    <p class='ocr_par' dir='ltr' id='par_1_118' title="bbox 1811 5610 3385 5693">
     <span class='ocr_line' id='line_1_120' title="bbox 1811 5610 3385 5693; baseline 0.02 -33"><span class='ocrx_word' id='word_1_960' title='bbox 1811 5610 1977 5677; x_wconf 87' lang='lat' dir='ltr'><strong>pretis</strong></span> <span class='ocrx_word' id='word_1_961' title='bbox 2005 5629 2018 5666; x_wconf 94' lang='lat'>:</span> <span class='ocrx_word' id='word_1_962' title='bbox 2050 5632 2068 5663; x_wconf 82' lang='grc' dir='ltr'><strong>ι</strong></span> <span class='ocrx_word' id='word_1_963' title='bbox 2091 5613 2241 5680; x_wconf 87' lang='lat' dir='ltr'><strong>Quod</strong></span> <span class='ocrx_word' id='word_1_964' title='bbox 2271 5617 2432 5687; x_wconf 80' lang='lat' dir='ltr'><strong>igitur</strong></span> <span class='ocrx_word' id='word_1_965' title='bbox 2451 5635 2535 5676; x_wconf 86' lang='lat' dir='ltr'><strong>est</strong></span> <span class='ocrx_word' id='word_1_966' title='bbox 2561 5639 2696 5693; x_wconf 88' lang='lat' dir='ltr'><strong>opus</strong></span> <span class='ocrx_word' id='word_1_967' title='bbox 2727 5629 2976 5684; x_wconf 73' lang='lat' dir='ltr'><strong>Domini?</strong></span> <span class='ocrx_word' id='word_1_968' title='bbox 2997 5631 3259 5690; x_wconf 84' lang='lat' dir='ltr'><strong>Revelare</strong></span> <span class='ocrx_word' id='word_1_969' title='bbox 3284 5637 3385 5690; x_wconf 81' lang='lat' dir='ltr'><strong>ba-</strong></span> 
     </span>
    </p>
   </div>
   <div class='ocr_carea' id='block_1_119' title="bbox 1810 5698 3386 5781">
    <p class='ocr_par' dir='ltr' id='par_1_119' title="bbox 1810 5698 3386 5781">
     <span class='ocr_line' id='line_1_121' title="bbox 1810 5698 3386 5781; baseline 0.018 -30"><span class='ocrx_word' id='word_1_970' title='bbox 1810 5698 2019 5769; x_wconf 82' lang='lat' dir='ltr'><strong>bitunt;</strong></span> <span class='ocrx_word' id='word_1_971' title='bbox 2067 5718 2118 5760; x_wconf 83' lang='lat' dir='ltr'><strong>et</strong></span> <span class='ocrx_word' id='word_1_972' title='bbox 2166 5707 2346 5778; x_wconf 83' lang='lat' dir='ltr'><strong>itaque</strong></span> <span class='ocrx_word' id='word_1_973' title='bbox 2395 5712 2536 5769; x_wconf 81' lang='lat' dir='ltr'><strong>inter</strong></span> <span class='ocrx_word' id='word_1_974' title='bbox 2582 5735 2678 5773; x_wconf 74' lang='lat' dir='ltr'><strong>tios</strong></span> <span class='ocrx_word' id='word_1_975' title='bbox 2731 5719 2777 5774; x_wconf 84' lang='lat' dir='ltr'><strong>si</strong></span> <span class='ocrx_word' id='word_1_976' title='bbox 2830 5720 3035 5777; x_wconf 82' lang='lat' dir='ltr'><strong>ltonure</strong></span> <span class='ocrx_word' id='word_1_977' title='bbox 3085 5726 3386 5781; x_wconf 68' lang='lat' dir='ltr'><strong>abiciuntur</strong></span> 
     </span>
    </p>
   </div>
  </div>
