3816 6210
457 332 597 389 1095

1623 323 1832 380 NOTAE
1873 324 2267 382 FliONTONlS
2309 322 2538 379 DUCJSt

3592 323 3617 376 1
3629 323 3733 379 096

452 447 557 504 hoc
591 452 873 516 prretextu.
910 461 929 494 ι
975 440 1139 495 Paulo
1182 448 1304 509 post
1348 447 1640 493 annotarat
1681 440 2026 493 doctissimus

2158 439 2177 492 ι
2200 437 2526 507 Paraliporn.
2549 452 2627 500 ιιι,
2646 436 2699 498 5,
2728 435 3095 505 ἕγλυφενέί
3121 436 3308 491 αὐτοῦ
3326 436 3614 505 φοίνικας
3633 436 3731 494 καὶ

454 534 768 589 Tilrnannus
790 547 886 601 pro
905 528 1315 602 καλυφθήσεται
1346 530 1397 581 in
1422 525 1483 581 F.
1516 527 1894 597 corrigendum
1918 528 2041 579 ἁνα-

453 624 891 696 καλυφθήσεται·
940 623 1032 677 sed
1070 622 1208 675 alter
1232 620 1432 690 Regius
1458 629 1514 672 et
1542 618 1584 673 1.
1616 628 1671 673 et
1696 618 1835 688 Angl
1888 618 2040 672 exhi-

454 718 621 772 buere
652 716 909 784 scriptum
938 715 1049 766 οὑκ
1085 709 1682 780 ἀποκαλυφθήσεται,
1710 721 1765 765 ιιι
1786 722 1870 765 cst
1896 709 2035 764 Mat-

456 807 580 861 ιιιίεί
612 821 667 871 x,
696 804 786 869 9.6,
809 816 863 859 et
892 804 1051 858 Lucae
1078 819 1175 864 xu.
1202 802 1256 856 ‘2.

524 897 642 952 Col.
688 896 795 952 522
854 896 895 952 C
946 898 995 950 1.
1046 895 1226 949 Nemus
1264 894 1539 963 quosdam.
1573 890 1900 962 Κοσὺμϐους
1942 906 2039 945 ex-

454 992 608 1060 ponit
654 1001 864 1053 auctor,
907 987 1247 1058 ἀποδέσμους
1278 985 1430 1048 τινας
1456 983 1566 1037 τῶν
1612 983 1861 1056 κροσσῶν
1905 999 2039 1052 quos

456 1084 727 1151 interpres
758 1089 1022 1144 verterat,
1060 1097 1079 1129 ι
1108 1077 1374 1147 quasdam
1405 1074 1659 1130 lasciolas
1688 1075 1917 1129 ﬁmbriis
1950 1090 2038 1127 as-

456 1184 628 1238 sulas,
662 1173 713 1225 id
744 1181 847 1234 est,
881 1178 1059 1224 vestes
1108 1168 1411 1222 ﬁmbriatas
1453 1181 1573 1221 cum
1604 1165 2036 1235 appendentibus

461 1262 851 1317 tintinnabulis.
885 1278 903 1311 ι
948 1260 1005 1313 8.
1046 1258 1429 1328 Hieronymus,
1465 1256 1624 1326 epist.
1664 1255 1789 1319 150,
1843 1269 2033 1308 nume-

460 1363 546 1408 rat
576 1355 714 1407 inter
746 1352 1068 1407 vestimenta
1107 1349 1467 1404 sacerdotalia
1503 1347 1955 1418 super-hurrierale
1983 1355 2037 1400 et

462 1447 672 1499 tunicas
725 1442 1084 1514 κοσυμϐωτὰς
1143 1450 1194 1496 et
1244 1441 1497 1503 cidarim,
1539 1439 1592 1493 in
1646 1453 1807 1507 quem
1861 1438 2035 1493 locum

461 1537 702 1591 scribens
726 1534 1001 1587 Marianus
1024 1530 1313 1596 Victorius,
1335 1531 1494 1583 docet
1523 1528 1851 1583 ﬁrnbriaturn
1878 1530 2036 1584 vesti-

463 1636 702 1680 mentum
762 1622 1089 1693 signiﬁcari,
1137 1622 1279 1691 quod
1334 1620 1636 1690 Hesychius
1684 1620 2036 1690 κοσυμϐωτὺν

461 1714 770 1788 κροσσωτόν
795 1716 1198 1783 interpretetur,
1222 1714 1390 1776 idest,
1411 1713 1763 1779 ﬁmbriatum,
1784 1723 1836 1766 et
1861 1712 2031 1765 Exodi

461 1825 668 1873 xxvm,
723 1808 811 1861 ubi
861 1806 1085 1875 Vulgata
1141 1806 1341 1859 lineam
1397 1806 1656 1874 seriplam
1725 1804 2038 1867 transtulit,

461 1899 649 1955 Graece
703 1909 788 1951 est
844 1894 1199 1967 κοσυμϐωτόν
1236 1910 1250 1923 ·
1282 1895 1370 1947 alii
1424 1895 1634 1947 malunt
1687 1892 2040 1961 κοσυμϐωτόν

462 1992 569 2044 diei
605 1990 842 2044 tunicam
877 1990 1031 2042 nodis
1061 1987 1412 2042 substrictam
1434 2027 1449 2051 ,
1478 1995 1533 2038 et
1571 1995 1846 2053 exponunt
1871 1984 2040 2039 Exodi

461 2098 663 2144 xxvm,
705 2081 969 2152 κόσυμόοι
1020 2080 1130 2133 τῶν
1178 2078 1419 2151 χιτώνων
1480 2081 1545 2131 ὲκ
1591 2078 1824 2148 βύσσου,
1865 2097 1885 2130 ι
1920 2078 2041 2132 nodi

468 2178 773 2229 tunicarum
801 2189 869 2227 ex
907 2176 1088 2243 bysso.
1124 2190 1142 2223 ι
1186 2171 1349 2226 Certe
1389 2171 1579 2225 Pollux
1613 2172 1707 2224 lib.
1741 2186 1801 2235 ιι,
1834 2185 1955 2240 cap.
1985 2172 2039 2237 5,

463 2264 746 2335 κοσύμϐην
788 2280 885 2334 pro
919 2264 1151 2319 crinium
1186 2266 1327 2317 nodo
1370 2263 1540 2331 accipi
1573 2265 1847 2328 admonet,
1881 2278 2039 2331 quem

463 2356 743 2429 κρὼϐυλον
774 2357 953 2424 potius
980 2357 1159 2409 Attice
1187 2354 1302 2408 vult
1334 2354 1591 2423 appellari
1628 2372 1642 2407 :
1679 2354 1948 2424 Ἔτρεφον
1983 2353 2041 2406 δέ

464 2465 607 2511 τινες
632 2450 694 2499 ἐκ
728 2446 957 2514 πλαγίου
988 2445 1165 2515 κόμην
1211 2444 1245 2514 ἢ
1302 2444 1533 2497 κατόπιν
1570 2443 1603 2514 ἢ
1637 2444 1777 2514 ὑπὲρ
1819 2444 1879 2495 τὸ
1914 2444 2043 2514 μέτ-

464 2557 635 2603 ωπον,
650 2538 958 2609 ποταμοίςῆ
979 2538 1141 2600 θεοῖς,
1158 2536 1251 2588 καὶ
1269 2535 1581 2605 ὠνομάζετο
1602 2534 1840 2604 πλοχμὸς
1861 2533 1893 2605 ἢ
1918 2534 2043 2586 σκό-

464 2631 561 2695 λυς
596 2630 628 2701 ἢ
665 2630 820 2701 σειρὰ
845 2628 1047 2701 τριχῶν
1071 2645 1085 2658 ·
1114 2627 1367 2699 κοσύμϐη
1400 2627 1561 2679 δὀὐκ
1595 2625 1873 2689 Ἀττικὸν,
1907 2624 2044 2678 ἀλλὰ

465 2722 766 2795 κρώ6υλος·
804 2741 823 2774 ι
855 2720 1179 2775 Nutriebant
1203 2735 1334 2775 vero
1368 2734 1579 2773 comam
1613 2720 1829 2788 quidam
1864 2719 1916 2770 in
1947 2720 2043 2772 ob-

466 2816 669 2886 liquum
687 2823 1024 2882 vergentem,
1042 2822 1137 2865 aut
1159 2827 1322 2881 super
1342 2821 1572 2881 tergum,
1596 2821 1689 2864 aut
1709 2826 1872 2881 super
1893 2809 2042 2864 fron-

467 2917 595 2973 tem,
628 2905 939 2960 ﬂuminibus
961 2916 1056 2959 aut
1084 2905 1188 2958 diis
1214 2912 1610 2968 consecratam,
1650 2918 1770 2972 qua:
1802 2902 2044 2973 πλοχμός

467 3009 560 3053 aut
602 2998 797 3061 σκόλυς
839 2996 1241 3053 nominabatur.
1274 2994 1388 3049 Non
1425 2996 1570 3050 enim
1613 2995 1900 3067 κοσύμόη,
1949 2997 2041 3050 sed

465 3088 766 3161 κρώϐυλος,
805 3091 1104 3143 Atticorqu
1140 3095 1244 3143 est.
1279 3106 1297 3138 ι
1344 3086 1405 3141 8.
1436 3088 1771 3156 Augustinus
1799 3090 1850 3139 in
1885 3086 2043 3150 Qua:-

2145 528 2443 599 χαλαστά
2473 526 2574 583 Ubi
2606 525 2833 599 Vulgata
2866 527 2987 583 Lat.
3020 525 3389 597 :Sculpu'tque
3427 530 3484 581 in
3518 545 3585 582 ea
3611 531 3728 598 pal-

2146 637 2280 684 mas,
2302 629 2353 673 et
2378 620 2531 690 quasi
2553 620 2826 672 catenulas
2853 635 2907 672 se
2933 618 3155 672 invicem
3178 618 3585 689 complectentes
3613 636 3634 673 :
3667 621 3733 675 ad

2157 711 2405 773 verbum,
2437 707 2682 762 laxatiles
2703 716 2823 759 sunt
2854 714 3074 759 calente.

2218 800 2334 855 Col.
2350 800 2457 855 225
2477 802 2521 852 Α
2542 800 2626 853 l0.
2656 797 2949 867 Supercilia
2964 797 3149 868 pingit.
3175 796 3594 852 lrnmutavimus
3612 798 3737 851 illud

2147 895 2372 963 interpr.
2402 911 2416 948 :
2453 912 2471 944 ι
2503 893 2707 947 Similis
2730 891 2871 946 luna:
2895 892 2950 946 in
2983 906 3186 947 cornua
3209 890 3418 946 inﬂexae
3435 892 3734 959 supercilia

2146 1002 2241 1039 suo
2272 985 2474 1038 ambitu
2504 984 2712 1039 circum
2760 983 2950 1038 oculos
2987 982 3353 1052 amplectitur.
3387 1003 3407 1034 ι
3447 983 3741 1052 Signiﬁcat

2144 1073 2404 1140 Basilius,
2438 1074 2696 1129 delineari
2724 1074 2930 1129 circum
2954 1074 3137 1129 oculos
3158 1074 3466 1144 supercilia,
3504 1086 3563 1128 ut
3593 1075 3739 1128 velut

2147 1167 2196 1219 in
2224 1182 2409 1220 arcuru
2444 1166 2625 1219 lunata
2667 1165 2789 1220 illos
2834 1164 3094 1220 ambiant.
3144 1165 3203 1219 S.
3247 1164 3622 1235 llierouymus
3650 1180 3737 1233 ep.

2147 1257 2255 1310 li):
2302 1274 2320 1307 ι
2364 1254 2482 1309 Νοιι
2534 1256 2718 1310 habuit
2761 1255 3058 1309 stridentes
3096 1256 3389 1323 calceolos,
3431 1272 3536 1310 nec
3575 1258 3739 1309 orbes

2144 1348 2305 1401 stibio
2332 1346 2660 1417 fuliginatos.
2688 1363 2706 1396 ι
2739 1346 2911 1432 Epist.
2938 1344 3008 1398 27
3034 1364 3047 1398 :
3077 1364 3095 1396 r
3132 1346 3420 1416 Turpanda
3446 1357 3537 1401 est
3565 1344 3738 1398 facies

2144 1452 2303 1505 quam
2348 1453 2570 1492 cerussa
2619 1447 2674 1492 et
2713 1438 2877 1493 stibio
2917 1452 3060 1507 sazpe
3090 1438 3373 1506 depinxti)“
3408 1438 3468 1492 S.
3498 1435 3739 1491 Joannes

2143 1529 2567 1597 Chrysostomus
2597 1529 2648 1582 in
2682 1539 2918 1584 tractatu
2958 1546 2987 1583 a
3022 1531 3176 1584 nobis
3212 1530 3430 1600 vulgato
3457 1532 3528 1586 de
3563 1533 3626 1585 8.
3649 1530 3739 1586 ιυ-

2144 1620 2309 1688 sepho
2334 1639 2349 1675 :
2373 1620 2577 1673 Μέλανι
2608 1620 2735 1684 τοὺς
2758 1619 3069 1692 ὀφθαλμοὺς
3092 1621 3514 1694 ὑπογράφουσα,
3555 1643 3575 1675 ι
3608 1640 3739 1679 oeu-

2150 1711 2231 1765 los
2278 1711 2439 1766 stibio
2475 1714 2749 1784 pingebat.
2782 1732 2801 1765 ι
2850 1713 3234 1780 Tertullianus,
3265 1715 3339 1769 De
3378 1717 3526 1769 cultu
3583 1717 3738 1786 [emi-

2076 1806 2115 1859 B
2144 1820 2353 1866 narum,
2393 1820 2513 1875 cap.
2539 1804 2572 1859 5
2602 1824 2616 1861 :
2649 1826 2666 1857 r
2699 1804 2829 1872 Quae
2856 1821 3021 1877 genas
3054 1808 3250 1862 rubore
3281 1810 3580 1876 maculant,
3608 1826 3738 1865 ocu-

2146 1897 2225 1949 los
2272 1892 2496 1966 fuligine
2548 1896 2954 1951 cirCutnlinuut.
2982 1916 3001 1949 ι
3035 1896 3223 1953 Pollux
3253 1900 3347 1954 lib.
3386 1917 3438 1966 v,
3465 1918 3595 1973 cap.
3631 1904 3733 1958 i6:

2143 1989 2281 2051 Τοὺς
2308 1988 2621 2058 ὀφθαλμοὺς
2655 1988 2986 2059 ὑπογράφει,
3017 1990 3117 2053 τὰς
3141 1991 3314 2062 ὀφρῦς
3341 1992 3619 2062 μελαίνει,
3661 1996 3737 2057 εἰς

2141 2079 2406 2150 γραμμὰς
2418 2080 2762 2150 ἡμικυκλίων
2777 2081 3031 2152 περιάγει
3041 2087 3349 2154 γεωμετρεῖ
3361 2084 3491 2155 περὶ
3504 2088 3600 2137 ἐπι
3610 2084 3709 2137 σκύ
3721 2116 3737 2125 -

2142 2184 2273 2223 νιονο
2308 2188 2326 2221 ι
2348 2167 2542 2226 Oculos
2559 2168 2748 2226 subtus
2771 2172 2961 2237 inﬁcit,
2982 2175 3265 2243 supercilia
3279 2177 3546 2246 dertigral,
3567 2179 3735 2231 lineas

2141 2260 2570 2317 semicirculares
2622 2261 2978 2318 circumducit
3006 2304 3026 2329 ,
3070 2264 3303 2320 frontem
3358 2269 3669 2331 dimetitur,
3706 2289 3723 2320 ι

2140 2352 2224 2406 vel
2251 2353 2452 2421 potius,
2482 2371 2501 2404 ι
2532 2355 2882 2424 geometriam
2929 2360 2982 2411 in
3018 2359 3321 2425 superciliis
3351 2374 3595 2416 exercet.
3623 2380 3643 2412 ι

2212 2443 2326 2498 Col.
2354 2443 2481 2506 527,
2523 2445 2590 2499 A.
2632 2444 2682 2500 7.
2733 2445 2887 2510 Quod
2932 2458 3107 2502 autent
3144 2450 3368 2506 nemine.
3397 2451 3573 2505 Aliam
3606 2468 3731 2507 sen-

2144 2536 2367 2590 tentiam
2401 2536 2694 2590 exhibebat
2730 2538 2875 2592 edita
2924 2540 3129 2604 versio,
3168 2560 3185 2591 ι
3219 2538 3275 2594 Si
3307 2543 3527 2609 quidem
3571 2559 3730 2599 nemo

2142 2629 2290 2682 videt
2321 2644 2485 2681 unum
2522 2629 2757 2697 aliquem
2791 2633 3017 2685 seorsim
3044 2644 3100 2686 et
3132 2635 3402 2702 privatam
3432 2636 3719 2706 degentem

2142 2719 2307 2772 vitam
2331 2729 2509 2774 vestes
2550 2720 2850 2776 luculentas
2889 2722 3265 2791 circumjicere
3290 2740 3389 2794 per
3416 2728 3585 2782 aedes.
3608 2727 3724 2782 Hec

2141 2811 2286 2863 enim
2318 2811 2600 2866 declarant
2631 2828 2914 2867 excessum
2948 2829 3191 2881 omuern,
3224 2832 3331 2886 quo
3368 2818 3488 2872 ista:
3534 2821 3723 2875 abute-

2144 2901 2360 2955 bantur.
2393 2921 2412 2955 ι
2446 2903 2602 2969 Quod
2634 2918 2813 2960 autem
2854 2908 3050 2961 attinet
3082 2906 3149 2960 ad
3186 2908 3276 2960 illa
3309 2908 3583 2964 Laconica
3611 2911 3719 2979 pel-

2143 2992 2345 3060 lucida,
2383 2992 2440 3048 S.
2470 2996 2832 3067 Hieronymus
2860 2999 2935 3053 ait
2963 3000 3033 3053 ita
3060 2998 3206 3053 LXX
3236 3014 3355 3054 esse
3396 3001 3723 3070 interpreta-

2147 3095 2252 3152 tos,
2284 3087 2530 3142 voleutes
2576 3089 2921 3144 tenuissimas
2954 3091 3260 3159 signiﬁcare
3288 3101 3494 3159 vestes,
3537 3095 3724 3162 quibus

465 3152 724 3234 siiom’bus
760 3180 815 3232 in
841 3178 1082 3231 Exortum
1109 3177 1204 3230 lib.
1240 3192 1299 3239 ιι,
1328 3152 1696 3245 (ιιιίιξδιίΗιε
1732 3195 1752 3229 ι
1780 3176 2040 3232 Tunicam
2070 3152 2111 3207 C
2145 3179 2702 3245 Lacedzemoniorum,
2734 3182 2826 3251 qui
2877 3152 3095 3238 fuerunt
3146 3184 3212 3236 ad
3251 3185 3391 3237 bella
3427 3152 3717 3254 promptis-

465 3285 597 3324 vero
623 3283 745 3323 cum
781 3270 1036 3322 cornibus
1085 3268 1364 3321 honestius
1410 3276 1670 3337 putarunt
1720 3265 1901 3320 Latini
1956 3268 2040 3320 iu-

469 3368 732 3430 terpretes
780 3360 905 3420 dici,
958 3374 1119 3428 quam
1165 3361 1209 3412 si
1257 3359 1519 3421 dicerent,
1553 3374 1671 3411 cum
1709 3359 1891 3422 cirris,
1952 3359 2041 3427 qui

467 3450 605 3504 bene
648 3450 927 3518 dispositis
976 3458 1299 3503 ornamento
1331 3442 1456 3503 esse
1496 3452 1735 3503 vestibus
1785 3451 1981 3504 solent.
2018 3470 2037 3502 ι

465 3540 601 3595 Cum
633 3541 797 3611 igitur
821 3541 986 3595 Exodi
1015 3557 1210 3605 xxvrtr,
1234 3541 1325 3604 53,
1362 3540 1628 3610 κόσυμϐοι
1657 3550 1783 3595 sunt
1813 3542 1937 3595 nodi
1969 3553 2046 3595 tu-

468 3631 711 3684 nicaruru
743 3646 810 3684 ex
836 3637 1023 3700 bysso,
1056 3631 1308 3683 videntur
1338 3630 1757 3698 appellationem
1788 3629 1934 3682 nacti
1976 3643 2041 3682 ex

469 3721 825 3775 similitudine
849 3723 1086 3775 cirorum
1119 3722 1202 3775 vel
1227 3721 1482 3786 crinium,
1508 3721 1599 3789 qui
1625 3730 1751 3773 sunt
1783 3722 1907 3776 nodi
1931 3725 2044 3775 sive

468 3828 641 3868 nexus
671 3814 1032 3882 capillorum;
1065 3820 1350 3881 propterea
1385 3826 1556 3865 nexus
1583 3813 1919 3865 limbriarum
1958 3814 2046 3865 hic

470 3906 910 3973 interpretamur.
966 3902 1132 3956 Paulo
1183 3912 1305 3970 post
1339 3900 1749 3974 ὲγκομὸώματα
1794 3900 2043 3973 κροσσῶν

468 3998 732 4050 vertimus
765 4013 784 4045 ι
817 4001 1067 4047 ornatum
1112 3992 1472 4056 ﬁmbriarum,
1503 4011 1523 4043 ι
1567 3996 1710 4061 quod
1762 3994 1907 4047 dicat
1941 3993 2041 4047 Pe-

476 4100 620 4152 trus,
652 4088 882 4156 Epistula
918 4101 963 4149 ι,
1001 4086 1068 4151 5,
1108 4084 1531 4155 ἐγκομϐώσασθε
1568 4085 1666 4151 τὴν
1694 4100 2046 4155 ταπεινοφρο-

473 4179 660 4249 σύνην,
697 4196 716 4229 ι
752 4179 1108 4231 hurnilitateru
1153 4178 1444 4239 insinuate,
1477 4196 1495 4228 ι
1534 4177 1614 4229 vel
1648 4195 1665 4227 ι
1695 4185 1868 4230 estote
1903 4178 2046 4230 intus

474 4271 779 4324 humilitate
804 4270 981 4323 ornati
1009 4289 1023 4322 :
1052 4288 1071 4321 ι
1092 4270 1229 4338 quod
1258 4279 1413 4324 vetus
1431 4270 1685 4324 Lexicum
1705 4269 2046 4340 ὲγκόμδωμα

470 4373 702 4433 exponat
727 4361 924 4432 δεσμὸν
943 4360 1053 4414 τῶν
1080 4359 1355 4430 χειρίδων,
1387 4379 1407 4411 ι
1432 4377 1627 4415 nexum
1654 4363 1985 4415 manicarum
2020 4382 2039 4413 ι

472 4456 587 4508 sive
620 4456 788 4507 nodos
811 4454 1144 4505 ﬁmbriarum
1175 4452 1403 4507 manicis
1428 4463 1660 4506 assutos.
1691 4452 1797 4505 Alii
1836 4454 2043 4506 malunt

471 4541 897 4613 ὲγκωμόώματα
920 4542 1023 4597 dici
1048 4543 1365 4596 vestimenta
1385 4543 1645 4610 (ιιιίιιιιειιιι,
1671 4553 1727 4595 ιιι
1746 4543 2045 4613 Hesychius

472 4636 748 4707 κόσυμὸον
775 4650 895 4689 esse
923 4634 1054 4688 dicit
1079 4633 1419 4705 ὲγκόμϐωμα
1448 4634 1541 4688 καὶ
1568 4633 1855 4706 περίζωμα
1879 4634 2045 4701 Αἰγύ-

472 4744 648 4793 πτιον,
688 4745 706 4778 ι
731 4726 1114 4795 subligaculum
1145 4726 1225 4780 vel
1253 4727 1510 4781 atttictum
1539 4724 1874 4797 Egyptium.
1899 4744 1919 4776 ι

545 4816 678 4872 Ibid.
725 4817 813 4870 15.
869 4815 1014 4870 Alter
1042 4818 1296 4887 gquidam.
1346 4817 1405 4872 8.
1464 4818 1824 4888 Hieronymus
1875 4834 1929 4872 ιιι
1983 4833 2044 4871 ιιι

471 4910 656 4965 Isaiae:
698 4927 716 4960 ι
745 4909 871 4962 11ωο
908 4910 1087 4961 omnia
1128 4908 1253 4962 licet
1282 4908 1423 4963 LXX
1448 4910 1795 4978 interpretes,
1823 4908 2043 4978 Aquila,

472 5014 527 5056 et
558 5000 935 5071 Symmachus,
962 5016 1027 5055 ac
1061 5000 1362 5054 Theodotio
1413 5002 1643 5055 diversis
1677 5002 1848 5055 modis
1879 5001 2047 5054 inter-

472 5100 768 5159 pretentur,
804 5105 901 5144 nos
927 5099 985 5143 ut
1030 5090 1321 5160 potuimus,
1347 5090 1432 5144 vel
1479 5093 1545 5146 de
1585 5092 1830 5156 Hebraeo,
1867 5091 1950 5144 vel
1981 5091 2047 5144 de

473 5182 710 5251 ipsorum
768 5180 1117 5235 translatione
1166 5183 1455 5236 texuimus.
1493 5200 1512 5233 ι
1565 5182 1623 5236 lu
1678 5192 1826 5236 textu
1879 5181 2044 5234 etiam

472 5276 768 5344 prophetae,
816 5287 974 5342 quem
1011 5272 1247 5342 vulgavit
1272 5274 1617 5328 doctissimus
1661 5271 1817 5327 Joan.
1850 5272 2045 5328 Curte-

470 5363 587 5417 rius
604 5376 671 5416 ex
701 5363 1063 5416 vetustissimo
1081 5362 1267 5417 codice
1292 5364 1383 5432 qui
1408 5378 1551 5418 nunc
1584 5372 1668 5418 est
1694 5364 2041 5417 illustrissimi

471 5451 759 5506 cardinalis
806 5452 1165 5522 Rupifucaldii
1191 5494 1206 5519 ,
1237 5465 1530 5509 annotatur
1559 5457 1612 5509 in
1666 5456 1909 5527 margine
1948 5469 2043 5523 pro

464 5545 825 5613 μηνίσκους,
872 5546 1104 5613 limat/as,
1130 5544 1510 5616 Symmachum
1548 5548 1780 5602 edidisse
1830 5546 2043 5618 μανιά-

470 5651 606 5701 κας,
636 5648 860 5701 torques,
885 5648 940 5692 et
980 5653 1077 5707 pro
1118 5638 1191 5691 τὰ
1226 5638 1545 5710 καθέματα,
1582 5643 1821 5706 monilia,
1857 5645 2043 5710 χαλα-

472 5725 621 5792 στά,
659 5727 946 5783 catenulas.
1016 5728 1149 5784 Nam
1199 5744 1252 5785 et
1312 5733 1382 5786 ita
1433 5734 1658 5803 legimus
1718 5736 1855 5802 apud
1901 5733 2042 5787 LXX

2145 3271 2290 3338 simi,
2326 3282 2381 3326 et
2429 3275 2746 3328 austerioris
2789 3275 2959 3338 vitaz,‘
2981 3290 3210 3343 corpora
3244 3280 3603 3343 tegebantur;
3637 3279 3721 3332 alii

2148 3363 2393 3418 referunt
2434 3366 2501 3419 ad
2546 3381 2814 3435 purpuras
2846 3365 3143 3421 Laconicas
3197 3366 3434 3423 nitentes
3463 3379 3520 3423 et
3553 3370 3697 3439 splen

2147 3455 2360 3519 dentes,
2393 3456 2535 3523 quod
2580 3455 2879 3512 Laconicas
2927 3471 3195 3526 purpuras
3233 3472 3356 3513 esse
3397 3461 3722 3528 pretiosissi-

2147 3559 2262 3598 mas
2298 3546 2502 3599 scribat
2530 3544 2761 3613 Plinius,
2795 3545 2888 3601 lib.
2929 3560 3074 3599 xxxv
3101 3545 3329 3610 Ilistor.,
3354 3564 3474 3617 cap.
3501 3548 3555 3602 6.
3581 3548 3698 3603 Βδδὶ

2145 3636 2249 3691 lius
2277 3637 2821 3692 tameul.aerenarum
2848 3650 3028 3695 vestes
3061 3640 3353 3707 pellucidas
3390 3639 3561 3695 fuisse
3591 3646 3717 3706 vult,

2145 3726 2444 3795 cujusmodi
2481 3728 2699 3782 fuerunt
2730 3727 2855 3782 Coae
2889 3740 3064 3783 vestes
3095 3746 3123 3782 a
3151 3731 3323 3798 poetis
3358 3731 3561 3786 Latinis
3585 3734 3719 3786 cele-

2146 3818 2333 3874 bratur.
2368 3818 2641 3883 Tibullus,
2684 3820 2823 3890 eleg.
2852 3820 2907 3885 5,
2931 3821 3023 3875 lib.
3056 3837 3129 3875 Ir:

2257 3932 2360 4055 4.110
2398 3947 2543 4001 gerat
2570 3944 2733 3989 vestes
2763 3943 2963 4000 tenues,
2995 3953 3126 4006 quas
3156 3937 3355 4006 femina
3385 3939 3499 3994 Coa

2300 4016 2561 4055 exuit..."

2300 4016 2561 4059 exuit"...

2147 4125 2200 4168 et
2241 4114 2516 4178 lluratius,
2567 4116 2660 4171 lib.
2701 4132 2741 4182 ι,
2772 4129 2951 4186 satyra
2986 4118 3053 4172 2:

2256 4209 2432 4282 {litera
2454 4209 2541 4282 nil
2568 4212 2759 4276 obstat,
2784 4211 2905 4267 Cois
2943 4214 3036 4267 tibi
3067 4229 3195 4282 pene
3226 4218 3398 4269 videre
3418 4230 3491 4269 est

2257 4277 2322 4331 Ut
2355 4279 2668 4334 nttdam.....

2149 4366 2479 4435 Propertius,
2506 4368 2599 4423 lib.
2631 4385 2691 4434 ιι,
2716 4370 2854 4440 eleg.
2883 4372 2907 4425 l
2938 4389 2951 4425 :

2254 4457 2373 4511 Sive
2399 4462 2533 4528 togis
2568 4460 2717 4514 illam
2745 4463 3028 4531 [algentem
3055 4466 3287 4519 incidere
3314 4465 3463 4521 Cois.

2148 4551 2255 4605 Coa
2298 4554 2440 4605 enim
2494 4553 2664 4606 vestis
2700 4554 3000 4622 puellarum
3045 4555 3146 4607 fuit
3188 4554 3331 4610 fama
3366 4573 3475 4612 non
3501 4559 3713 4615 nimium

2146 4646 2305 4699 bona.
2342 4645 2568 4711 Plinius,
2609 4646 2676 4701 de
2706 4646 3080 4717 bombycibus,
3110 4649 3202 4703 lib.
3233 4650 3466 4715 xt,c.22
3488 4669 3503 4706 :
3526 4672 3544 4704 ι
3569 4650 3714 4709 Telas

2144 4752 2464 4791 araneorqu
2505 4739 2664 4793 modo
2707 4749 2917 4802 texunt,
2948 4741 3013 4792 ad
3045 4750 3250 4795 vestem
3293 4742 3586 4816 luxumque
3639 4746 3713 4802 fe-

2147 4830 2434 4883 minarum.
2462 4829 2639 4883 Prima
2668 4844 2760 4883 eas
2786 4831 3048 4886 redordiri
3084 4848 3384 4903 rursusque
3421 4846 3604 4895 texere
3628 4842 3710 4898 in-

2145 4922 2290 4974 venit
2318 4922 2370 4973 in
2403 4920 2510 4974 Ceo
2550 4921 2631 4974 vel
2667 4919 2768 4985 Co,
2796 4924 2990 4975 mulier
3034 4921 3348 4994 Parnphyla,
3395 4938 3456 4982 ut
3487 4929 3713 4988 denudet

2145 5014 2370 5066 feminas
2404 5013 2586 5089 vestis.
2612 5034 2629 5063 ι
2689 5012 2943 5068 Clemens
2975 5015 3372 5071 Alexandrinus
3398 5019 3512 5074 haec
3534 5024 3599 5077 de
3627 5040 3710 5079 ve-

2143 5104 2270 5155 stitu
2314 5101 2690 5167 Lacrenarum,
2732 5103 2827 5157 lib.
2862 5120 2901 5158 ιι
2967 5104 3272 5175 Pwdagogi,
3299 5122 3422 5176 cap.
3456 5112 3558 5165 ll):
3587 5115 3710 5168 Οὐδὲ

2141 5192 2248 5263 γὰρ
2280 5193 2420 5264 ὑπὲρ
2461 5194 2589 5262 γόνυ
2646 5194 2898 5265 καθάπερ
2949 5196 3049 5259 τὰς
3091 5198 3369 5262 Λακαίνας
3419 5203 3710 5261 ὲστολίσθαι

2140 5284 2302 5339 καλόν
2323 5301 2336 5315 ’
2367 5285 2516 5338 οὐδὲν
2544 5284 2652 5357 γὰρ
2676 5287 2840 5358 μέρος
2866 5287 3043 5340 ὁτιοῦν
3065 5290 3513 5360 ἀπογυμνοῦσθαι
3546 5314 3710 5365 γυναι·
3746 5284 3751 5289 ³

2142 5375 2235 5438 κὸς
2268 5376 2561 5457 εὐπρεπές.
2593 5397 2613 5428 ι
2641 5377 2822 5445 Neque
2848 5380 2992 5433 enim
3040 5380 3179 5435 sicut
3204 5379 3461 5439 Lacaenas
3492 5389 3709 5457 virgines

2143 5451 2305 5536 supra
2349 5484 2487 5536 genu
2518 5468 2707 5522 vestiri
2751 5469 3037 5523 honestum
3063 5493 3075 5526 :
3105 5472 3305 5526 nullaru
3338 5475 3482 5530 euiur
3515 5451 3705 5547 partem

2142 5559 2356 5612 fetuinze
2381 5560 2568 5613 nudari
2600 5561 2856 5616 decorum
2882 5574 2984 5617 est.
3011 5584 3029 5615 ι
3065 5563 3323 5621 Lacterius
3342 5568 3512 5623 etiam
3538 5590 3707 5641 φαινο-

2146 5649 2379 5720 μηρίδας
2420 5651 2710 5718 appellavit
2741 5653 2950 5724 Ibycus,
2982 5657 3126 5725 quod
3156 5657 3369 5714 incessu
3395 5677 3561 5718 coxas
3586 5678 3705 5719 rete-

2143 5753 2349 5813 gerent,
2384 5753 2435 5799 et
2464 5744 2839 5815 ἀνδρομανεῖς,
2876 5751 3028 5818 quasi
3056 5751 3247 5804 insano
3270 5751 3323 5805 in
3365 5755 3514 5810 viros
3542 5774 3704 5812 amore
