3816 6210
194 305 334 367 £097

1407 301 1473 358 IN
1512 302 1863 362 COMMENT.
1904 304 1974 361 ιΝ
2013 305 2269 362 ISAIAM.

3332 314 3356 368 Ι
3367 309 3475 368 098

184 429 452 482 ardentes
485 427 626 494 apud
652 421 1001 480 Plutarchum
1031 423 1131 480 sub
1170 421 1332 478 finem
1366 421 1503 479 Viue
1533 422 1750 480 Numa.
1816 429 1862 485 Α
1892 425 2052 482 dubio
2092 422 2380 494 scripsisse
2427 421 2704 489 13αείιίυωῖ
2721 421 3053 478 ’κατάκλιτα
3105 425 3312 480 indicat
3360 427 3476 496 ipsa

261 518 384 574 Col.
414 517 522 574 527
552 518 612 572 Β.
648 517 734 572 10.
772 516 1020 586 Purpura
1043 532 1159 586 pro.
1190 514 1315 571 [hec
1344 524 1402 570 ut
1431 515 1617 572 Grzece
1645 517 1787 572 desi-

183 608 527 664 derabantur
557 608 612 662 in
644 607 811 674 Regio
834 606 894 660 F.
922 615 976 661 et
1007 619 1069 660 ex
1096 603 1163 661 Η.
1189 606 1232 659 l.
1263 614 1319 660 et
1343 606 1504 678 Angl.
1534 607 1781 677 suppleta

185 710 343 767 sunt,
379 701 456 753 ita
483 713 672 754 eorum
720 697 1100 766 interpretatio
1146 695 1342 751 Latina
1365 698 1532 751 textui
1575 710 1662 752 est
1693 703 1788 752 asl-

185 791 326 855 dita,
363 801 421 844 ut
454 798 686 860 quatuor
711 789 1103 842 elementorum
1139 787 1310 857 ﬁgura
1337 787 1578 858 perfecta
1611 790 1662 842 in
1697 805 1788 844 ve-

185 883 318 936 stitu
371 880 695 936 sacerdotali
747 888 1064 949 appareret,
1118 895 1280 949 quam
1339 881 1504 934 etiam
1563 881 1788 951 exponit

186 973 251 1026 S.
280 969 648 1041 Hieronymus
697 969 858 1038 epist.
902 969 1044 1025 128:
1101 987 1120 1020 ς
1165 971 1409 1036 Quatuor
1454 971 1666 1026 colores
1721 973 1786 1024 ad

182 1073 426 1132 quatuor
472 1063 740 1116 elementa
793 1060 1122 1125 referuntur,
1164 1075 1232 1116 ex
1281 1062 1479 1132 quibus
1533 1064 1784 1118 universa

183 1154 516 1210 subsistunt.
556 1152 758 1222 Byssus
786 1161 944 1208 terra:
999 1152 1308 1222 deputatur,
1359 1154 1484 1223 quia
1523 1168 1590 1208 ex
1645 1166 1787 1210 terra

184 1247 450 1317 gignitur.
480 1245 724 1314 Purpura
757 1247 915 1310 mari,
952 1245 1078 1314 quia
1120 1260 1187 1300 ex
1220 1243 1336 1312 ejus
1366 1244 1657 1299 cochleolis
1685 1245 1788 1298 tin-

183 1337 359 1403 gitur;
378 1334 701 1404 hyacinthus
725 1333 861 1397 aeri,
883 1343 1101 1402 propter
1131 1333 1328 1388 coloris
1348 1333 1785 1399 similitudinem;

184 1441 390 1480 coccus
420 1426 524 1496 igni
556 1435 611 1480 et
659 1425 872 1490 aetheri,
908 1425 998 1493 qui
1031 1424 1292 1480 llebraice
1325 1431 1432 1484 ’.πω
1481 1441 1573 1479 seu
1603 1425 1784 1494 appel-

187 1518 386 1574 latur:
418 1530 471 1574 et
501 1519 709 1588 justum
763 1533 886 1572 esse
931 1528 1388 1582 commemorant,
1437 1527 1495 1572 ut
1542 1517 1786 1589 pontifex

183 1609 470 1666 Creatoris
503 1625 607 1665 non
658 1609 831 1662 solum
885 1624 982 1678 pro
1019 1608 1208 1672 Israel,
1257 1609 1351 1663 sed
1391 1623 1489 1678 pro
1533 1609 1787 1664 universo

187 1702 398 1757 mundo
419 1712 587 1770 roget.
611 1699 1040 1764 )Theodoretus,
1071 1699 1138 1754 de
1169 1699 1495 1769 tegminibus
1528 1700 1783 1755 taberna-

1893 517 2222 588 etymologia
2245 557 2259 579 ,
2296 531 2460 585 quam
2490 514 2667 583 affert,
2699 517 2840 585 quod
2871 517 3065 570 toralia
3097 518 3476 588 designentur,

1891 611 2004 663 sive
2045 618 2274 677 tapetes,
2309 609 2506 676 quibus
2538 607 2662 662 lecti
2695 623 2800 661 non
2847 607 3054 664 lectica:
3084 610 3474 664 insterneban-

1892 712 2008 762 tur,
2063 715 2184 753 cum
2246 698 2718 765 discumberemr,
2793 710 2851 752 ut
2904 699 3046 769 apud
3115 699 3475 769 Virgilium:

1890 789 2109 842 zEneid.
2147 805 2164 842 .'

2032 881 2434 948 .....Stratoque
2461 897 2616 950 super
2645 881 2997 934 discumbitur
3030 892 3194 936 ostro.

1892 976 1982 1031 Sic
2012 977 2153 1046 apud
2185 975 2602 1038 Tertullianum,
2637 975 2710 1027 De
2740 974 2927 1042 pallio,
2957 991 3078 1044 cap.
3123 977 3185 1040 '5,
3222 979 3476 1051 intelligit

1890 1067 2161 1122 Pamelius
2207 1068 2335 1122 illud
2379 1069 2447 1122 de
2491 1082 2740 1137 pavone:
2799 1085 2818 1119 ι
2863 1067 3186 1138 Quanquam
3234 1082 3290 1126 et
3333 1089 3474 1143 pavo

1890 1158 2069 1226 pluma
2119 1157 2322 1222 vestis,
2368 1167 2422 1212 et
2449 1159 2669 1228 quidem
2715 1158 2783 1212 de
2824 1157 3092 1212 calaclitis
3119 1199 3134 1222 ,
3176 1161 3286 1216 imo
3324 1167 3471 1219 omni

1890 1251 2183 1321 conchylio
2217 1249 2554 1321 depressior,
2593 1268 2612 1302 ι
2646 1249 2696 1304 id
2725 1259 2827 1316 est,
2859 1250 2925 1303 de
2952 1249 3238 1318 accubitis,
3271 1255 3473 1322 quibus

1889 1345 1953 1399 ad
1981 1344 2408 1400 accumbendum
2434 1343 2745 1407 utebantur,
2778 1343 2992 1396 tametsi
3021 1342 3216 1397 Suidas
3250 1361 3356 1399 non
3387 1356 3470 1401 to-

1890 1437 2022 1490 ralia
2041 1477 2056 1503 ,
2106 1438 2199 1492 sed
2240 1436 2428 1498 κλίνας
2450 1473 2465 1498 ,
2496 1435 2698 1500 lectos,
2741 1449 2862 1490 esse
2892 1435 3004 1489 vult
3045 1435 3116 1489 τὰ
3145 1437 3471 1492 κατάκλιτα.

1891 1529 1997 1584 Sed
2039 1545 2139 1585 nec
2175 1529 2248 1583 illi
2291 1529 2696 1586 assentiendum
2727 1536 2890 1597 puto,
2921 1543 3019 1582 nec
3049 1529 3171 1583 aliis
3201 1529 3289 1599 qui
3322 1531 3472 1601 παρὰ

1887 1621 1949 1675 τὸ
1995 1621 2361 1686 κατοικλύζειν
2400 1623 2675 1677 deducunt
2718 1622 2844 1676 illud
2898 1639 2917 1672 ι
2965 1621 3252 1690 cataclitis,
3296 1641 3314 1675 ι
3350 1639 3472 1678 cum

1891 1716 2239 1770 scribendum
2274 1715 2454 1785 potius
2486 1713 2717 1779 fuisset,
2763 1715 2828 1768 de
2874 1714 3192 1785 cataclystis
3237 1731 3250 1767 :
3283 1731 3472 1769 verum

184 1792 302 1847 culi
339 1806 525 1860 agens,
556 1800 747 1859 quaest.
775 1789 844 1844 60
875 1790 930 1842 in
965 1787 1368 1843 E.codr¢rn:Tbv
1401 1789 1458 1842 δὲ
1484 1789 1678 1860 ὄροφον
1708 1787 1779 1843 εἷ-

1892 1805 2096 1876 0ptime
2141 1783 2441 1874 conjecisse
2479 1805 2854 1860 doctissimum
2897 1783 3238 1859 Theodorum
3275 1804 3472 1859 Marci-

184 1902 285 1956 χον
317 1885 374 1950 ἐξ
417 1883 756 1953 ὑφασμάτων
791 1883 1053 1936 ποικίλων
1083 1885 1148 1936 ἐκ
1180 1883 1452 1954 διαφόρων
1484 1900 1783 1938 κατεσκευ-

185 1978 432 2048 ασμένον
457 1977 790 2048 χρωμάτων,
809 1975 903 2029 καὶ
925 1975 1102 2028 ταῦτα
1127 1975 1184 2028 δὲ
1210 1975 1319 2028 τῶν
1339 1975 1621 2047 τεσσάρων
1645 1993 1787 2029 στοι-

186 2071 358 2139 χείων
385 2063 452 2138 ἦν
478 2069 545 2121 τὰ
569 2067 886 2138 αἰνίγματα.
906 2069 965 2119 '0
999 2067 1097 2137 μὲν
1143 2065 1253 2138 γὰρ
1275 2067 1527 2130 ὑάκινθος
1565 2067 1642 2137 τῷ
1664 2068 1785 2139 ἀέρι

187 2160 514 2233 προσέοικε·
544 2160 606 2212 τὸ
634 2158 691 2211 δὲ
719 2159 983 2230 ροδοειδὲς
1010 2159 1044 2226 ἦ
1071 2157 1415 2226 κοκκοϐαφὲς
1442 2157 1518 2228 τῷ
1549 2158 1700 2230 πυρὶ,
1726 2159 1786 2210 τὸ

185 2255 246 2308 δὲ
271 2253 600 2325 ἁλουργικον
631 2252 826 2324 μηνύει
862 2252 961 2320 τὴν
997 2251 1265 2306 θάλατταν
1288 2264 1301 2277 ’
1325 2251 1509 2321 ἐκείνη
1540 2251 1646 2324 γάρ
1668 2252 1785 2323 τρέ-

188 2365 282 2417 (pa:
317 2346 415 2418 τὴν
443 2345 656 2417 κόχλον,
687 2344 746 2409 ἐξ
785 2340 846 2398 οὑ
876 2345 935 2397 τὸ
968 2345 1212 2398 τοιοῦτον
1237 2346 1447 2414 γίνεται
1476 2345 1676 2416 χρῶμα
1705 2361 1716 2373 ⁸
1749 2348 1781 2417 ἡ

187 2441 246 2495 δὲ
281 2439 478 2510 βύσσος
498 2441 596 2510 τὴν
621 2440 725 2509 γῆν
752 2457 764 2469 ο
795 2440 861 2492 ἐκ
889 2439 1096 2511 ταύτης
1139 2440 1248 2512 γάρ
1285 2439 1512 2508 φύεσθαι
1544 2439 1781 2507 λέγεται.

195 2550 218 2587 ι
249 2533 596 2603 Tcgebantur
627 2531 795 2585 variis
829 2532 1066 2586 textui-is
1094 2532 1324 2586 diversis
1370 2531 1557 2586 tinctis
1589 2531 1785 2586 colori-

189 2627 319 2693 bus,
359 2627 452 2697 qni
501 2625 717 2696 quidem
749 2634 982 2694 quatuor
1025 2624 1295 2679 elen‘ienta
1339 2623 1778 2680 subindicabant.

191 2716 331 2771 Nam
359 2717 684 2788 hyacinthus
712 2718 776 2771 ad
801 2726 1049 2770 naturam
1075 2717 1219 2771 aeris
1248 2719 1492 2782 accedit;
1521 2730 1781 2771 rosaceus

191 2823 378 2864 autem
411 2811 576 2873 color,
615 2824 710 2864 seu
742 2825 910 2865 cocco
953 2811 1175 2874 tinctus,
1205 2810 1271 2864 ad
1317 2817 1567 2864 naturam
1599 2809 1781 2880 ignis;

195 2919 503 2974 purpureus
542 2911 723 2955 autem
762 2917 911 2956 mare
943 2901 1258 2966 denutabat,
1290 2901 1342 2956 in
1372 2917 1481 2972 quo
1511 2901 1786 2955 enntritur

191 2997 425 3059 concha,
451 2995 594 3049 unde
617 2994 767 3048 color
789 2992 1056 3062 ejusmodi
1087 2993 1353 3059 sumitur;
1378 2995 1572 3063 byssus
1601 3003 1782 3048 autem

1889 1897 2018 1950 lium
2046 1896 2134 1951 hic
2160 1894 2583 1960 emendandum,
2606 1896 2673 1950 de
2703 1895 3019 1962 cataclistis,
3047 1910 3110 1951 ex
3148 1895 3468 1964 Fortunato,

1889 1986 1981 2043 lib.
2031 1986 2108 2040 De
2139 1987 2244 2040 vita
2271 1985 2333 2041 S.
2366 1985 2615 2050 Martini,

1960 2079 2206 2148 Cycladis
2247 2087 2340 2132 aut
2369 2077 2543 2148 qualis
2583 2076 2878 2131 cataclistis
2900 2077 3068 2147 effora
3098 2079 3258 2144 vasis,

1889 2181 1944 2225 et
1970 2171 2111 2225 libro
2142 2185 2215 2232 tv,

1963 2260 2094 2326 Quae
2125 2277 2314 2315 manus
2343 2259 2566 2328 artiﬁcis
2591 2261 2918 2314 cataclistica
2943 2261 3037 2330 ﬁla
3073 2262 3294 2328 rotavit;

1889 2358 1944 2403 et
1994 2364 2059 2404 ex
2099 2349 2350 2418 Apuleio,
2396 2349 2491 2405 lib.
2545 2366 2633 2415 xl,
2673 2367 2692 2401 ι
2733 2351 2840 2405 Eas
2879 2367 3129 2406 amoenus
3163 2352 3472 2408 lectissimae

1884 2441 2182 2511 juventutis
2239 2452 2388 2496 veste
2453 2442 2609 2496 nivea
2667 2451 2722 2497 et
2781 2444 3058 2499 cataclista
3106 2444 3344 2500 renitens
3383 2460 3473 2501 se-

1890 2533 2158 2603 quebatur
2216 2533 2448 2599 chorus;
2511 2552 2530 2585 ›
2585 2548 2694 2588 non
2771 2545 2950 2589 autem
3003 2550 3072 2589 ex
3137 2535 3474 2593 Tertulliano

1890 2626 2274 2694 corrigendum
2346 2625 2669 2695 Apuleium,
2740 2637 2798 2682 ut
2853 2627 3071 2682 volebat
3128 2627 3213 2683 ΙΙο.
3267 2629 3475 2686 Merce-

1893 2718 2006 2772 rins
2049 2717 2101 2772 J.
2163 2717 2271 2783 C.,
2324 2735 2446 2773 cum
2507 2719 2652 2773 illam
2694 2720 3130 2776 emendationem
3191 2723 3474 2777 conﬁrmet

1893 2811 2007 2862 hate
2043 2810 2201 2864 lectio
2249 2809 2422 2864 Graeci
2474 2819 2654 2866 textus
2682 2810 2869 2878 LXX,
2922 2813 3012 2867 ubi
3061 2813 3321 2886 θέριστρα
3371 2831 3473 2868 κα-

1888 2901 2185 2955 τάκλειστα
2251 2903 2503 2957 dicuntur
2565 2921 2583 2953 ι
2644 2903 2857 2973 palliola
2908 2905 3130 2967 clausa,
3188 2923 3207 2957 ι
3260 2916 3314 2960 et
3366 2907 3471 2961 alia

1893 2990 2137 3057 Senecae,
2175 2991 2269 3046 lib.
2303 3006 2320 3046 ι
2354 2991 2431 3045 De
2465 2992 2837 3062 tranquill.,et
2871 2994 3143 3048 Ammiani
3173 2994 3473 3051 Marcellini

194 3098 397 3142 terram
429 3087 718 3153 referebat,
753 3089 893 3141 unde
929 3087 1075 3141 nasci
1106 3087 1327 3140 dicitur.
1355 3104 1374 3138 ι
1400 3085 1667 3156 Josephus
1691 3088 1784 3141 de-
1816 3144 1858 3165 η
1892 3084 2010 3138 loca
2037 3125 2052 3148 ,
2093 3098 2160 3138 ex
2208 3083 2404 3152 quibus
2452 3095 2669 3139 constat
2714 3085 3084 3140 commendari
3130 3087 3471 3156 potissimum

196 3194 367 3241 mum,
400 3178 492 3232 lib.
522 3193 602 3242 Ill,
631 3147 748 3245 cap.
777 3176 832 3240 8,
860 3177 1154 3245 Antiquil.:
1183 3177 1264 3230 Τά
1284 3194 1344 3230 τε
1378 3177 1486 3247 γὰρ
1509 3147 1693 3248 eam
1723 3177 1779 3229 ἐκ

1894 3182 2090 3237 vestes,
2122 3188 2240 3244 quae
2281 3189 2344 3226 ex
2383 3174 2589 3228 arculis
2618 3173 2972 3244 proferuntur
3001 3190 3202 3243 pressze
3227 3177 3470 3246 penden-

191 3269 478 3339 τεσσάρων
512 3268 818 3338 ὑφανθέντα
857 3269 957 3340 τὴν
983 3269 1091 3322 τῶν
1118 3269 1400 3339 στοιχείων
1428 3269 1589 3338 φύσιν
1615 3269 1783 3338 δηλοῖ.

197 3361 273 3416 Ἦ
298 3379 360 3414 τε
387 3360 495 3433 γὰρ
519 3361 716 3432 βύσσος
740 3362 840 3432 τὴν
864 3363 970 3433 γῆν
997 3361 1398 3432 ἀποσημαίνειν
1427 3361 1591 3429 ἔοικε,
1615 3361 1703 3416 διὰ
1726 3361 1788 3415 τὸ

192 3454 256 3519 ἐξ
281 3454 452 3524 αὑτῆς
491 3453 762 3508 ἀνιεῖσθαι
795 3455 884 3508 τὸν
914 3439 1058 3508 λίνον
1085 3472 1096 3485 ·
1127 3456 1162 3525 ἥ
1190 3472 1250 3506 τε
1283 3455 1545 3526 πορφύρα
1571 3455 1669 3526 τὴν
1695 3455 1786 3509 θά-

194 3543 428 3608 λασσαν,
459 3545 537 3614 τῷ
569 3545 913 3616 πεφοινίχθαι
953 3547 1052 3617 τῆς
1087 3546 1280 3617 κόχλου
1317 3547 1396 3618 τῷ
1427 3549 1623 3619 αἵματι
1649 3565 1661 3578 ·
1695 3549 1786 3601 τὸν

195 3636 252 3690 δὲ
274 3637 413 3708 ἀέρα
437 3637 686 3707 βούλεται
701 3637 896 3707 δηλοῦν
917 3641 950 3709 ἡ
983 3639 1260 3703 ὑάκινθος,
1289 3639 1386 3691 κα)⁵
1411 3641 1439 3692 ὁ
1462 3641 1636 3709 φοίνιξ
1663 3637 1784 3694 δάὖ

194 3731 501 3801 τεκμήριον
531 3730 626 3782 τοῦ
671 3731 864 3802 πυρός.
909 3749 928 3782 ‹
961 3730 1088 3785 Vela
1131 3747 1348 3801 quoque
1375 3747 1406 3786 e
1435 3741 1668 3802 quatuor
1696 3748 1787 3787 co-

198 3823 408 3877 loribus
449 3832 702 3878 contexta
741 3823 1136 3878 elementorum
1189 3833 1438 3879 naturam
1477 3825 1784 3894 designant.

197 3913 335 3967 Nam
366 3913 556 3984 byssus
589 3924 788 3968 terram
813 3912 1021 3968 referre
1051 3915 1286 3980 videtur,
1318 3930 1387 3970 ex
1415 3931 1520 3985 qua
1558 3917 1650 3970 lini
1683 3917 1786 3972 hoc

196 4021 371 4074 genus
412 4007 691 4076 provenit;
739 4020 973 4074 purpura
1004 4019 1133 4060 vero
1162 4020 1331 4070 mare,
1373 4020 1439 4060 eo
1478 4007 1621 4074 quod
1653 4021 1786 4062 con-

197 4099 364 4171 chylii
402 4114 595 4154 cruore
626 4100 698 4153 sit
722 4097 935 4166 fucata;
967 4113 1147 4154 aerem
1182 4113 1313 4154 vero
1342 4099 1668 4169 hyacinthus
1692 4114 1780 4154 re-

198 4199 533 4260 praesentare
580 4189 815 4253 videtur,
847 4190 990 4244 sicut
1037 4189 1297 4258 puniceus
1340 4189 1489 4244 color
1523 4190 1723 4259 ignem.
1758 4207 1778 4240 ι

198 4283 395 4338 Merito
432 4282 594 4352 igitur
621 4281 868 4336 ordinem
907 4281 1201 4336 dictionum
1236 4281 1658 4335 interturbatum
1693 4295 1780 4336 re-

194 4375 494 4438 stituimus,
528 4388 652 4428 cum
683 4382 843 4428 antea
871 4372 950 4428 sic
971 4387 1228 4442 expressa
1258 4382 1441 4428 essent
1469 4373 1593 4440 ista,
1619 4373 1777 4442 quasi

1895 3266 2037 3320 tibus
2069 3275 2128 3318 ut
2163 3266 2335 3333 magis
2381 3266 2705 3334 Splendeant
2738 3283 2753 3320 :
2789 3282 2965 3336 neque
2994 3266 3154 3323 facile
3183 3283 3473 3324 occurrere

1890 3356 2061 3427 possit
2087 3365 2299 3422 auctor,
2333 3357 2422 3426 qui
2463 3367 2640 3412 vestes
2684 3358 2969 3414 cataclitas
3001 3359 3162 3426 dicat,
3191 3361 3285 3416 sed
3325 3372 3472 3418 cata-

1889 3449 2015 3502 clita
2048 3458 2258 3503 tantum
2291 3449 2480 3503 toralia
2512 3460 2798 3504 vocantur.
2827 3451 2884 3504 ln
2915 3460 3060 3505 textu
3092 3454 3256 3508 etiam
3285 3453 3474 3509 Graeco

1890 3555 1919 3594 a
1955 3540 2205 3596 Curterio
2233 3542 2378 3596 edito
2410 3558 2514 3596 non
2540 3542 2846 3597 κατάκλιτα
2874 3543 3100 3615 legimus
3127 3545 3268 3614 apud
3296 3546 3464 3611 LXX,

1889 3634 1982 3688 sed
2011 3632 2398 3687 κατάκλειστα.
2427 3634 2499 3687 Ex
2527 3634 2754 3690 llebrteo
2777 3651 2880 3689 non
2910 3645 3090 3705 potest
3113 3636 3320 3706 liquere
3349 3647 3471 3692 utra

1889 3741 1987 3779 vox
2018 3727 2089 3779 sit
2116 3727 2320 3796 aptior,
2349 3727 2494 3795 quod
2527 3730 2629 3782 hoc
2657 3728 2900 3782 additum
2933 3729 3005 3784 sit
3033 3729 3263 3786 Hebraeo
3295 3733 3469 3787 textui

1888 3833 1916 3871 a
1961 3817 2128 3883 LXX,
2181 3829 2242 3872 ut
2286 3834 2354 3872 ex
2406 3818 2462 3872 S.
2515 3817 2850 3889 Hieronymo
2893 3829 3132 3886 constat,
3174 3821 3264 3890 qui
3310 3822 3474 3877 habet

1891 3922 2101 3965 tantum
2138 3930 2156 3962 ‹
2189 3921 2244 3965 et
2285 3911 2582 3966 theristra:
2619 3931 2638 3963 ι
2672 3927 2836 3980 quam
2867 3913 2937 3967 ob
2973 3928 3195 3968 causam
3239 3913 3472 3969 Basilius

1888 4004 1963 4058 ait
2002 4004 2090 4058 hic
2118 4003 2276 4058 obelo
2317 4012 2561 4058 notatam
2607 4004 2752 4058 illam
2784 4005 3108 4072 dictionem,
3146 4009 3214 4062 ab
3239 4007 3469 4077 Aquila,

1889 4094 2218 4165 Symmacho
2244 4105 2298 4148 et
2330 4095 2562 4164 reliquis
2587 4096 2873 4162 omissam,
2901 4107 2960 4150 ut
2987 4107 3184 4153 caatera
3207 4099 3364 4154 obelo
3385 4098 3474 4168 ju-

1889 4185 2217 4253 gulabantur
2249 4186 2302 4240 in
2341 4187 2580 4240 editione
2625 4185 2876 4257 Origenis
2897 4227 2913 4254 ,
2941 4204 3061 4257 qua:
3089 4188 3320 4245 Hebraeo
3346 4192 3464 4245 fue-

1893 4288 2015 4332 rant
2051 4278 2253 4343 addita,
2281 4281 2420 4334 sicut
2449 4291 2608 4333 antea
2639 4281 2690 4333 in
2721 4281 2847 4335 illud
2875 4281 3155 4339 Geneseos
3181 4285 3469 4339 annotavi-

1888 4388 2030 4436 mus,
2049 4390 2068 4422 ‹
2093 4371 2490 4442 Etcongregata
2520 4383 2603 4426 est
2624 4389 2785 4442 aqua,
2813 4393 2831 4425 ›
2860 4375 3050 4432 homil.
3078 4376 3112 4429 4
3135 4377 3191 4428 in
3208 4375 3466 4431 Hexaem.

197 4467 457 4522 mulieres
509 4475 694 4521 essent
721 4465 922 4520 indutae
958 4465 1320 4530 vestimentis,
1347 4479 1467 4534 quae
1494 4465 1608 4519 suis
1637 4464 1785 4518 (δοιο-
1819 4484 1862 4537 D
1959 4463 2076 4519 Col.
2135 4463 2240 4518 530
2292 4462 2334 4516 Β
2388 4465 2442 4518 8.
2490 4463 2560 4518 Et
2608 4466 2896 4521 incensum.
2959 4467 3254 4537 Scriptum
3293 4469 3469 4523 locum

197 4559 350 4614 ribus
373 4557 638 4612 elementa
672 4563 1142 4625 repraesentarent,
1178 4556 1273 4610 sed
1296 4566 1351 4610 et
1378 4556 1430 4608 in
1454 4553 1663 4610 Graecis
1689 4556 1788 4609 ad-

197 4651 302 4704 buc
331 4665 398 4704 ex
427 4649 560 4720 Reg.
583 4648 646 4702 H.
667 4649 1048 4717 corrigendum
1069 4657 1152 4702 est
1181 4656 1236 4701 et
1256 4647 1426 4701 altero
1451 4646 1610 4716 Angl.
1630 4648 1790 4700 ὁποῖα

196 4745 394 4796 ἐκεῖνοι
437 4739 706 4811 σύμὸολα,
761 4758 780 4791 ο
810 4739 1032 4808 indutas,
1068 4738 1251 4808 qualia
1283 4749 1442 4792 erant
1477 4754 1563 4806 ea,
1594 4741 1789 4808 quibus

195 4833 512 4891 Sacerdotes
547 4833 745 4887 induti.
771 4851 790 4883 ι

268 4927 405 4981 Ibid.
448 4925 536 4980 14.
590 4925 951 4980 Accubitaria.
1030 4921 1358 4992 Scripsimus
1425 4921 1783 4986 accubitoria,

196 5032 253 5076 et
291 5022 344 5074 in
390 5018 597 5074 Graecis
643 5017 986 5084 κατάκλιτα,
1031 5017 1175 5086 quod
1218 5016 1270 5070 in
1317 5029 1440 5068 eam
1494 5014 1784 5068 lectionem

196 5115 542 5170 consentiant
572 5113 678 5168 duo
711 5111 863 5180 Regii
900 5110 963 5165 F.
997 5108 1062 5163 ll.
1097 5118 1151 5163 et
1180 5107 1222 5161 l.
1251 5121 1374 5161 cum
1400 5105 1666 5174 Anglicis.
1701 5104 1785 5157 lno

195 5219 409 5278 terpres
443 5217 624 5263 tamen
676 5206 938 5274 quoniam
987 5204 1040 5258 in
1083 5201 1272 5256 Bibliis
1317 5198 1678 5254 Plantinianis
1729 5209 1785 5253 et

195 5301 541 5357 Germanicis
570 5301 713 5367 apud
743 5298 1064 5367 prophetam
1094 5294 1290 5364 legitur
1313 5291 1578 5362 θέριστρα
1607 5289 1777 5343 κατά-

197 5394 446 5460 κλειστα,
492 5400 751 5456 verterat,
801 5408 820 5441 ‹
859 5387 1115 5442 theristra
1151 5385 1353 5440 clausa.
1395 5402 1412 5436 ι
1447 5383 1516 5436 Et
1549 5397 1677 5436 vero
1723 5383 1777 5436 in

197 5485 520 5556 quibusdam
553 5484 718 5537 etiam
763 5481 949 5534 Basilii
995 5476 1400 5546 exemplaribus
1435 5476 1508 5529 ita
1550 5474 1653 5541 legi
1688 5475 1786 5529 ad-

199 5587 386 5632 monet
426 5577 510 5627 vir
550 5573 902 5628 doctissimus
951 5570 1250 5625 Flaminius
1293 5565 1542 5622 Nobilius
1578 5567 1631 5621 in
1672 5567 1789 5620 edi-

198 5671 347 5727 tione
371 5667 613 5722 Romana
643 5663 812 5728 LXX,
843 5661 1302 5733 quemadmodum
1346 5667 1402 5713 et
1429 5658 1482 5713 iu
1512 5657 1790 5713 nonnullis

201 5765 352 5822 Isaia:
399 5762 682 5834 prophetae
730 5757 883 5812 libris
935 5753 1142 5810 Graecis
1186 5771 1200 5808 :
1253 5760 1626 5808 verumtamen
1671 5749 1788 5806 sine

481 5854 755 5914 PATROL.
788 5851 906 5912 Gn.
942 5846 1154 5912 XXX.

1891 4557 2333 4626 designavimus,
2373 4558 2425 4611 in
2461 4573 2569 4626 quo
2620 4559 2681 4612 fit
2715 4563 2921 4616 mentio
2965 4561 3070 4616 olei
3115 4563 3388 4617 unctionis
3416 4572 3472 4616 et

1891 4650 2264 4721 thymiamatis
2316 4651 2772 4718 compositionis,
2815 4653 2959 4721 quod
3024 4653 3249 4724 Vulgata
3296 4672 3316 4706 ‹
3354 4657 3472 4724 thy-

1889 4743 2089 4796 miama
2123 4751 2430 4795 aromatum
2475 4759 2493 4791 ι
2549 4751 2733 4800 vocat.
2774 4741 2948 4798 Porro
2983 4759 3106 4798 cum
3141 4745 3231 4800 hic
3268 4746 3472 4815 aliquid

1889 4837 2076 4888 deesse
2136 4833 2502 4888 arbitraretur
2562 4834 2874 4904 interpres,
2928 4836 3206 4904 adiecerat
3265 4836 3475 4906 aliquot

1887 4927 2050 4979 verba
2073 4967 2088 4991 ,
2121 4935 2176 4978 et
2207 4940 2368 4979 unam
2397 4925 2680 4993 periodum
2711 4926 2765 4980 in
2795 4927 2930 4982 duas
2961 4928 3259 4984 diviserat:
3294 4946 3314 4980 ι
3347 4927 3473 4983 For-

1886 5026 2031 5071 tasse
2081 5016 2229 5070 enim
2287 5029 2573 5086 postquam
2630 5019 2684 5072 in
2743 5021 2944 5091 templo
3001 5036 3124 5076 esse
3182 5033 3470 5091 cmperunt

1886 5109 2218 5178 voluptuosa;
2249 5109 2562 5181 fragrantia}
2589 5112 2781 5168 odores
2802 5154 2817 5179 ,
2877 5124 3001 5167 tunc
3029 5123 3360 5182 unguentum
3395 5129 3475 5168 sa-

1881 5217 1989 5255 crae
2021 5202 2296 5256 unctionis
2325 5211 2380 5255 et
2411 5203 2705 5272 thymiama
2747 5204 3160 5274 compositionis
3203 5217 3327 5260 esse
3379 5206 3470 5258 de-

1885 5295 2115 5349 sierunt.
2144 5291 2200 5347 ln
2233 5303 2434 5349 terram
2467 5297 2612 5350 enim
2648 5294 2956 5362 disiectum.
3002 5315 3020 5347 ι

1957 5383 2070 5438 Col.
2101 5384 2200 5440 551
2246 5384 2287 5439 C
2317 5384 2374 5438 ’5.
2427 5387 2559 5438 Ante
2618 5385 2843 5440 virilem.
2900 5385 3174 5456 lnterpres
3203 5385 3470 5453 ediderat,

1891 5494 1910 5526 ε
1951 5475 2166 5544 praeripi
2211 5485 2386 5530 morte
2432 5483 2561 5530 ante
2597 5476 2922 5532 messoriam
2969 5475 3160 5532 falcem
3195 5492 3212 5532 :
3254 5495 3273 5527 ι
3325 5479 3470 5546 quod

1885 5567 2073 5638 ἀκμήν
2105 5582 2213 5621 non
2247 5566 2735 5635 animadverterit,
2772 5584 2878 5623 non
2925 5569 3100 5624 solum
3137 5569 3309 5624 aciem
3359 5570 3476 5624 sive

1889 5659 2174 5728 cuspidem
2209 5673 2428 5727 sonare,
2465 5662 2558 5716 sed
2607 5663 2772 5715 etiam
2807 5661 2905 5734 τὴν
2936 5662 3188 5734 νεότητα,
3217 5661 3474 5732 juventu-

1891 5759 2034 5818 tem,
2070 5761 2124 5806 et
2155 5751 2212 5804 ἐν
2252 5751 2403 5822 ἀκμῇ
2442 5751 2557 5809 sive
2585 5753 2712 5817 τοὺς
2754 5753 3106 5824 ἀκμάζοντας
3127 5795 3144 5820 ,
3171 5763 3332 5810 aatate
3361 5753 3475 5828 _ﬂo-
