3816 6210
402 336 541 393 1099

1592 318 1801 378 NOTAE
1842 317 2234 376 FRONTONIS
2273 314 2508 373 DUCEI

3538 306 3674 363 “0'0

400 461 605 517 rentes,
634 449 760 513 τοὺς
792 449 848 501 ὲν
880 449 947 518 τῇ
978 445 1165 517 ἡλικίᾳ
1195 442 1587 514 καθεστηκυίᾳ,
1617 450 1676 496 ut
1713 440 1855 497 infra
1886 441 1986 495 Ba-

2128 437 2385 508 πὸσχεσις
2422 434 2506 488 vel
2533 430 2835 501 ἐπαγγελία
2857 445 2874 461 ο
2920 443 3043 485 cum
3088 426 3308 498 proprie
3344 425 3416 481 sit
3450 439 3670 494 posscs-

399 542 554 597 silius
584 540 738 605 dixit,
770 539 820 592 οί
847 540 904 593 ὲν
940 536 1128 608 ἡλικίᾳ
1156 537 1377 601 πάντες,
1411 553 1429 586 ι
1463 535 1556 604 qui
1588 535 1893 588 consistunt
1926 534 1979 586 in

399 632 576 686 astatis
607 632 807 699 vigore.
844 648 866 683 ι
900 628 1009 684 Sed
1033 639 1088 683 et
1113 626 1225 683 illic
1253 644 1283 681 a
1308 636 1490 681 meme
1513 626 1749 681 auctoris
1779 626 1981 679 disces-

401 721 515 788 sit,
565 721 857 776 emendato
906 718 1095 774 codice
1128 716 1426 773 destitutus
1473 723 1530 770 et
1563 725 1785 770 vertens
1809 757 1824 782 ,
1866 733 1886 765 ι
1924 724 1984 769 ut

338 856 342 875 ρ
400 813 530 868 nulli
566 813 688 867 usui
723 826 1024 880 occupasse
1072 810 1366 864 videantur
1397 822 1510 863 sum
1555 807 1726 862 robur
1763 805 1939 860 aetatis
1964 845 1980 869 ,

400 912 495 957 aut
530 913 677 958 certe
708 902 835 970 quia
863 900 1068 955 auxilio
1108 899 1359 955 destituti
1394 899 1524 963 sint,
1554 913 1661 953 non
1691 897 1980 951 admodum

399 992 640 1048 difficiles
665 994 730 1047 ad
764 993 1046 1048 toleranda
1078 991 1265 1047 omnia
1298 1008 1313 1045 :
1348 1009 1367 1043 ι
1404 1004 1595 1044 verum
1631 1004 1699 1043 ex
1732 988 1900 1059 Regio
1926 997 1982 1040 et

398 1083 440 1140 l.
477 1086 870 1140 restituendum
898 1095 984 1141 est
1009 1085 1041 1155 ἢ
1071 1084 1159 1138 διὰ
1184 1083 1245 1137 τὸ
1281 1082 1606 1155 ἀϐοήθητος.

472 1178 591 1232 Col.
621 1178 805 1247 55510
836 1179 890 1233 5.
949 1178 1021 1231 Et
1074 1177 1394 1230 molestiam.
1436 1177 1541 1230 Pro
1588 1173 1779 1244 ἀγῶνα
1815 1172 1979 1225 αὐτοῦ

401 1279 689 1325 annotarat
718 1269 949 1324 Tilman.
977 1285 1036 1325 se
1064 1269 1247 1337 legere
1287 1269 1528 1337 ἀγωνίαν
1557 1266 1767 1321 ἑαυτῶν
1787 1307 1803 1332 ,
1840 1267 1978 1322 scri-

403 1368 693 1430 pseratque
722 1376 745 1413 s
773 1360 931 1427 proin
961 1359 1102 1414 velle
1130 1374 1188 1414 se
1223 1359 1405 1413 levare
1440 1368 1491 1411 et
1522 1357 1794 1412 consolari
1827 1371 1980 1411 suam

401 1453 690 1508 orbitatem
722 1454 910 1507 dicunt
943 1451 1106 1508 simul
1152 1452 1336 1521 plures
1366 1469 1381 1505 :
1425 1469 1444 1503 ›
1496 1466 1596 1506 nos
1629 1458 1819 1506 contra
1850 1463 1983 1503 con-

402 1559 619 1599 sensum
653 1546 897 1600 omnium
932 1544 1180 1599 codicum
1220 1543 1358 1598 nihil
1391 1544 1445 1598 in
1475 1541 1683 1598 Graecis
1724 1542 1972 1596 immuta-

403 1638 601 1703 vimus,
643 1640 738 1692 sed
774 1638 826 1691 in
861 1637 1092 1703 Latinis,
1124 1643 1185 1691 ut
1218 1644 1273 1692 et
1306 1636 1470 1704 paulo
1502 1644 1624 1702 post
1655 1634 1862 1706 χρῆσον
1893 1647 1984 1687 re-

402 1729 683 1792 tinuimus,
708 1742 884 1797 neque
912 1741 1033 1780 cum
1066 1727 1159 1781 illo
1193 1726 1531 1782 correximus
1564 1721 1858 1795 κεκλήσθω
1894 1722 1980 1791 ἐφ’

2081 531 2163 585 sio
2195 551 2208 583 :
2248 527 2386 581 Psal.
2412 541 2474 589 ιι,
2498 524 2567 579 8:
2598 523 2775 577 Δώσω
2800 538 2899 575 σοι
2937 520 3085 587 ἔθνη
3116 519 3231 587 τὴν
3256 517 3669 586 κληρονομίαν

2081 636 2220 684 σου,
2269 619 2368 673 καί
2414 617 2530 686 τὴν
2571 614 2948 685 κατάσχεσὼν·
2995 626 3112 666 σου
3158 612 3234 665 τὰ
3277 610 3513 679 πέρατα
3558 608 3670 677 τῆς

2082 713 2216 784 γῆς·
2250 712 2399 766 Dabo
2426 713 2521 765 tibi
2553 720 2729 782 gentes
2759 708 3121 762 hwreditatem
3151 716 3298 759 tuam
3324 746 3341 769 ,
3379 713 3431 757 et
3472 719 3675 772 posses-

2082 806 2278 860 simam
2323 813 2470 856 tuam
2503 803 2752 855 terminos
2787 809 2942 854 terra:
2965 815 2984 852 :
3015 808 3070 852 et
3104 797 3249 852 idem
3299 795 3531 851 verbum
3561 793 3673 849 ﬂe-

2085 894 2290 949 brazum
2320 892 2691 961 κληρονομία
2719 889 2953 945 vertitur
2986 887 3030 942 ll
3063 887 3396 976 Paralipom;
3430 901 3581 948 xxxi,
3614 883 3674 938 1.

2155 986 2270 1041 Col.
2302 984 2408 1039 556
2427 958 2484 1036 -Α
2511 958 2593 1037 8.-
2625 981 3084 1051 Quandoquidem.
3124 958 3249 1035 llaec
3272 958 3497 1048 quoque
3536 991 3676 1046 pra:-

2088 1078 2338 1132 termissa
2385 1075 2601 1130 fuerant
2645 1075 2713 1129 ab
2760 1072 3070 1142 antiquario
3117 1086 3218 1126 seu
3263 1070 3537 1135 librario,
3578 1055 3677 1138 qui

2088 1167 2315 1237 Regium
2352 1166 2415 1221 F.
2448 1165 2771 1237 exscripsit,
2803 1167 3057 1222 restituta
3091 1180 3159 1219 ex
3188 1162 3362 1217 altero
3394 1162 3566 1231 Regio
3600 1160 3671 1215 Η.

2085 1271 2140 1316 et
2170 1259 2432 1331 Anglicis,
2462 1274 2586 1314 cum
2618 1258 2872 1313 versione
2901 1274 2999 1313 sua
3025 1275 3041 1312 :
3074 1271 3238 1326 porro
3270 1254 3400 1309 illud
3436 1255 3497 1308 ὲν
3526 1253 3679 1325 χειρὶ

2088 1351 2309 1423 μεσίτου
2336 1360 2419 1406 est
2451 1365 2516 1405 ex
2550 1348 2724 1418 Epist.
2762 1350 2830 1403 ad
2876 1348 3058 1404 Galat.
3104 1362 3203 1414 ιιι,
3239 1346 3327 1401 19.
3372 1346 3451 1400 De
3481 1347 3679 1417 angelo

2085 1442 2311 1498 custode
2354 1441 2648 1510 unicuique
2682 1440 2942 1494 attributo
2993 1440 3198 1495 dictum
3246 1447 3332 1491 est
3388 1437 3561 1501 alibi,
3624 1438 3677 1491 in

2084 1533 2354 1602 psalmum
2387 1548 2583 1598 xxxiii,
2608 1533 2678 1586 8:
2704 1531 2964 1586 Immittet
2995 1531 3236 1601 angelus,
3259 1528 3346 1583 vel
3381 1542 3681 1583 castrame—

2093 1627 2315 1679 tabitur.
3210 1618 3216 1623 ’

2158 1716 2273 1772 Col.
2314 1715 2419 1772 562
2453 1717 2492 1770 Β
2545 1717 2597 1770 1.
2662 1715 2782 1771 Νοη
2825 1727 2899 1772 est
2956 1718 3115 1771 enim.
3162 1716 3339 1772 Locus
3383 1726 3468 1772 est
3520 1714 3683 1770 Jereo

405 1821 589 1893 ἡμᾶς,
625 1838 644 1871 ι
682 1820 962 1874 invocetur
998 1834 1159 1889 super
1188 1833 1308 1875 nos.
1350 1837 1368 1870 ι
1419 1817 1566 1885 Ιιιίο,
1625 1836 1644 1868 ε
1696 1816 1980 1871 commoda

2124 1808 2205 1863 tiae
2234 1824 2345 1872 xiv,
2377 1808 2447 1862 22
2473 1825 2488 1862 :
2521 1808 2619 1878 Μὴ
2667 1809 2842 1863 ἐστιν
2871 1809 2942 1863 ἐν
2984 1808 3255 1875 εἰδώλοις
3288 1807 3485 1863 ἐθνῶν
3514 1807 3684 1863 ὑετι-

406 1912 564 1965 nobis
598 1925 815 1973 nomen,
853 1918 912 1963 ut
943 1909 1188 1965 dicamur
1223 1924 1420 1963 uxores
1448 1910 1573 1963 talis
1606 1909 1727 1963 viri.
1771 1928 1791 1963 ι

473 1999 589 2055 Col.
630 1999 735 2054 5‘55
762 1998 804 2055 C
838 1999 924 2054 Η.
986 1998 1119 2055 Cum
1165 2000 1303 2054 enim
1344 2000 1579 2069 propria.
1622 1999 1754 2067 Quae
1782 2000 1986 2059 fuerint

403 2108 432 2146 a
467 2092 626 2147 nobis
655 2101 925 2162 expuncta
954 2106 1059 2146 non
1087 2090 1474 2160 exprimemus,
1516 2094 1611 2147 sed
1638 2101 1694 2148 et
1731 2093 1819 2149 hic
1849 2104 1903 2149 et
1929 2097 1981 2149 in

405 2185 527 2240 aliis
568 2183 728 2252 hujus
766 2184 1150 2239 commentarii
1197 2182 1368 2249 locis,
1399 2199 1519 2253 quae
1553 2184 1838 2240 immutata
1873 2187 1986 2242 sint

402 2278 487 2332 vel
521 2277 808 2331 emendata
831 2317 846 2341 ,
890 2277 1137 2346 pluribus
1178 2290 1281 2330 non
1321 2291 1679 2345 exponemus,
1713 2292 1783 2333 ne
1815 2279 1983 2348 proli-

403 2369 586 2424 xiores
612 2371 722 2424 sint
746 2370 831 2424 hac
853 2378 1027 2435 notae,
1056 2377 1374 2439 tantumque
1400 2369 1569 2439 digito
1600 2370 1748 2424 velut
1779 2371 1987 2425 intento

406 2460 765 2514 indicabimus
804 2475 898 2514 eas
930 2459 1259 2525 sententias,
1292 2474 1413 2528 qua:
1456 2476 1581 2514 cum
1613 2460 1736 2516 aliis
1776 2461 1987 2517 collatae

405 2548 755 2614 editionibus,
779 2549 907 2619 quid
933 2548 987 2601 in
1016 2549 1117 2602 hac
1155 2547 1560 2603 Graeco-Latina
1590 2550 1661 2605 sit
1687 2552 1985 2619 prmstitum

406 2640 596 2695 lectori
624 2641 870 2694 studioso
896 2638 1306 2707 signiﬁcabunt.
1335 2640 1536 2708 Pagina
1567 2643 1815 2711 sequenti
1851 2643 1990 2698 scri-

406 2732 613 2801 psimus
636 2730 870 2802 κρίσεως
898 2729 1081 2802 ἡμέρα
1104 2745 1201 2798 pro
1224 2730 1457 2795 κτίσεως
1479 2746 1543 2786 ex
1568 2732 1627 2786 F.
1654 2731 1719 2787 ﬂ.
1752 2743 1807 2788 et
1830 2734 1988 2805 paulo

406 2822 746 2895 ροειλείμμα
771 2838 866 2893 pro
880 2822 1097 2894 λῆμμα·
1119 2823 1245 2878 illud
1276 2825 1403 2878 κατ’
1420 2824 1688 2895 ἐκλογὴν
1706 2823 1950 2895 χάριτος
1968 2866 1983 2892 ,

407 2915 693 2969 secundum
737 2913 1042 2968 electionem
1071 2916 1288 2983 gratim,
1335 2925 1417 2970 est
1453 2917 1519 2971 ad
1565 2915 1797 2971 Roman.
1820 2933 1896 2980 χι,
1930 2918 1985 2972 5.

479 3007 595 3062 Col.
641 3007 747 3063 542
774 3006 820 3060 Α
851 3006 908 3063 2.
946 3006 1170 3072 Quando
1213 3008 1397 3077 igitur.
1434 3007 1707 3064 Omiserat
1737 3008 1825 3063 hic
1851 3010 1989 3065 inte-

410 3115 560 3170 grani
593 3099 791 3155 lineam
822 3098 999 3155 Graeci
1033 3107 1212 3154 textus
1242 3099 1510 3170 interpres
1534 3140 1549 3164 ,
1588 3114 1750 3169 quam
1789 3110 1841 3155 et
1881 3099 1987 3156 Re-

408 3191 530 3259 gius
555 3189 618 3245 F.
643 3189 885 3255 exhibet,
907 3198 963 3243 et
985 3202 1177 3242 novam
1204 3189 1481 3256 periodum
1511 3188 1796 3243 inchoarat
1818 3187 1982 3243 verba

410 3280 499 3335 illa
528 3290 746 3336 vertens
771 3320 787 3346 ,
815 3280 909 3335 καὶ
945 3281 974 3332 ὁ
1019 3278 1177 3347 λόγος
1207 3279 1533 3345 αἰνίσσεται,
1584 3298 1603 3331 ι
1637 3280 1776 3347 Quin
1822 3280 1987 3334 etiam

410 3370 577 3427 tacite
627 3373 807 3427 innuit
862 3373 996 3426 duas
1049 3386 1172 3427 esse
1220 3372 1431 3441 species
1478 3371 1857 3439 baptismatis,
1920 3387 1989 3427 ne

409 3462 627 3533 quando
648 3464 715 3516 ad
732 3464 1035 3516 ternionem
1060 3478 1230 3532 usque
1252 3463 1630 3533 progrediatur
1646 3463 1937 3533 baptisma.
1960 3482 1981 3517 ι

409 3552 583 3608 Ροιτο
611 3552 739 3607 illud
763 3592 779 3617 ,
811 3552 1037 3623 πνεῦμα
1063 3552 1341 3621 καύσεως,
1368 3554 1615 3623 spiritum
1646 3556 1853 3609 ardoris
1875 3596 1892 3623 ,
1922 3556 1991 3610 de

408 3643 687 3714 baptismo
736 3644 900 3698 etiam
944 3644 1169 3712 exponit
1214 3642 1450 3713 Cyrillus
1494 3643 1897 3700 Alexandrinus
1933 3645 1989 3700 in

411 3735 855 3791 Commentario:
886 3735 1151 3801 Καύσεως
1190 3737 1247 3790 δὲ
1280 3735 1499 3807 πνεῦμά
1551 3753 1734 3808 φαμεν
1765 3736 1865 3809 τὴν
1898 3738 1992 3791 ἐπὶ

411 3826 504 3882 τοῦ
534 3827 688 3897 ἁγίου
723 3825 1040 3897 Πνεύματος
1079 3826 1240 3900 χάριν
1294 3830 1356 3881 οὐ
1406 3829 1529 3901 δίχα
1579 3828 1892 3900 πνεύματος
1933 3831 1992 3883 ὲν

412 3919 544 3989 ἡμῖν
575 3915 888 3987 γινομένην.
943 3932 964 3967 ι
1000 3915 1228 3973 Ardoris
1274 3932 1404 3972 vero
1450 3920 1703 3988 spiritum
1754 3920 1989 3976 dicimus

413 4006 641 4076 gratiam
671 4006 725 4060 in
756 4015 1104 4060 sacrosancto
1138 4007 1429 4077 baptismo,
1473 4024 1580 4064 non
1630 4009 1837 4080 absque
1883 4010 1994 4081 spi-

415 4099 523 4153 ritu
554 4097 711 4153 nobis
738 4099 1135 4167 ingencratam.
1169 4116 1189 4150 ι

483 4189 600 4243 Col.
640 4187 746 4242 546
783 4188 824 4242 υ
879 4189 930 4243 1.
990 4187 1060 4242 Et
1130 4190 1268 4244 male
1301 4191 1654 4258 obsequentes.
1702 4191 1820 4247 Non
1871 4193 1993 4247 ani-

2085 1900 2231 1964 ζων;
2261 1900 2373 1955 Καὶ
2401 1903 2455 1955 ει
2489 1904 2523 1955 ὁ
2555 1903 2814 1970 οὐρανὸς
2854 1901 3035 1956 δώσει
3065 1902 3435 1971 πλησμονὴν
3461 1901 3680 1968 αὑτοῦ,

2085 1994 2221 2062 οὐχὶ
2256 1992 2338 2046 σὺ
2369 1993 2592 2059 αὑτός;
2620 1992 2878 2062 Nunquid
2916 2002 2992 2046 est
3018 1995 3072 2046 in
3099 1992 3260 2045 idolis
3294 1992 3555 2061 gentium,
3585 1991 3681 2060 qui

2083 2085 2277 2154 pluat?
2314 2084 2470 2150 Quod
2499 2087 2545 2138 si
2575 2085 2768 2138 caelum
2795 2084 2938 2137 dabit
2970 2083 3268 2137 satietatem
3300 2098 3474 2146 suam,
3501 2099 3681 2136 nonne

2085 2184 2144 2228 tu
2180 2192 2234 2230 es
2262 2177 2369 2240 ipse
2390 2177 2415 2229 ?
2441 2175 2595 2231 Alter
2622 2184 2804 2229 autem
2826 2215 2843 2241 ,
2874 2174 2950 2228 Et
2975 2174 3157 2245 pluam
3179 2190 3338 2242 super
3370 2190 3559 2239 unam,
3595 2175 3683 2228 ni-

2085 2266 2163 2322 hil
2192 2267 2465 2337 discrepat
2493 2283 2524 2322 a
2564 2267 2747 2322 verbis
2776 2267 2945 2322 Amos
2976 2281 3052 2332 Iv,
3089 2266 3143 2320 7.
3194 2266 3414 2321 Tertius
3446 2267 3677 2321 demum

2086 2367 2171 2413 est
2203 2356 2507 2413 Ezechielis
2542 2371 2617 2421 tv,
2655 2358 2725 2424 6,
2762 2356 3011 2412 nonnihil
3051 2357 3340 2411 diversus:
3378 2355 3489 2411 illic
3519 2357 3672 2410 enim

2086 2460 2172 2506 est
2210 2451 2264 2505 in
2298 2450 2490 2506 Bibliis
2528 2450 2922 2506 Basiliensibus
2974 2457 3030 2504 et
3062 2449 3206 2518 apud
3250 2448 3677 2518 Polychronium

2087 2551 2250 2612 atque
2281 2543 2335 2596 in
2368 2542 2779 2610 manuscriptis,
2811 2557 3044 2611 quorum
3078 2541 3331 2595 meminit
3366 2528 3679 2596 Flaminius

2088 2633 2359 2688 Nobilius:
2394 2634 2504 2687 Καὶ
2528 2632 2641 2702 ἐγὼ
2661 2633 2871 2687 δέδωκά
2900 2650 2983 2687 σοι
3002 2632 3102 2697 τὰς
3127 2632 3221 2687 δύο
3247 2633 3463 2697 ἀδικίας
3495 2633 3681 2687 αὐτῶν

2088 2728 2168 2790 εἰς
2210 2725 2442 2797 ἀριθμὸν
2502 2726 2727 2799 ἡμερῶν
2777 2727 3137 2799 ἐννενήκοντα
3196 2727 3293 2781 καὶ
3348 2727 3682 2798 τριακοσίας

2087 2817 2322 2889 ήμέραςυ
2363 2835 2384 2870 ι
2417 2818 2483 2871 Ει
2511 2834 2611 2885 ego
2639 2818 2758 2872 dedi
2793 2807 2891 2873 tibi
2920 2819 3057 2873 duas
3086 2819 3404 2888 iniquitates
3430 2819 3678 2888 ipsorum

2089 2910 2145 2964 in
2176 2925 2458 2964 numerum
2485 2910 2723 2977 dierum,
2756 2913 3050 2981 nonaginta
3082 2912 3293 2966 scilicet
3317 2921 3373 2966 et
3400 2921 3679 2966 trecentos

2089 3001 2226 3055 dies.
2274 3020 2292 3052 ι
2330 2999 2390 3055 S.
2437 3000 2808 3073 Hieronymus
2848 3003 2906 3057 in
2948 3017 3074 3057 cum
3112 3001 3291 3058 locum
3336 3012 3579 3057 testatur
3605 3004 3677 3057 ita

2090 3090 2232 3147 LXX
2259 3092 2530 3159 edidisse,
2570 3094 2812 3164 itemque
2844 3093 3099 3164 Aquilam
3123 3134 3139 3160 ,
3171 3091 3574 3164 Symmachum
3622 3105 3678 3150 tt

2090 3182 2553 3251 Theodotionem,
2607 3183 2735 3239 licet
2781 3184 3007 3256 vulgata‘
3062 3185 3398 3255 exemplaria
3451 3196 3677 3239 centum

2089 3275 2381 3344 nonaginta
2411 3291 2584 3331 annos
2625 3277 2865 3331 habeant
2903 3295 2917 3332 :
2969 3287 3026 3332 at
3056 3276 3317 3343 Basilius,
3353 3291 3455 3346 pro
3492 3292 3678 3331 nona-

2089 3367 2233 3435 ginta
2263 3376 2316 3421 et
2356 3377 2649 3432 trecentos,
2676 3368 2835 3435 dixit,
2872 3388 2891 3421 ι
2935 3369 3236 3439 nonaginta
3269 3378 3403 3425 tres.
3445 3388 3466 3420 ι

2162 3458 2276 3513 Col.
2332 3458 2437 3515 566
2480 3459 2522 3513 Β
2566 3462 2620 3515 7.
2700 3459 2768 3515 Et
2827 3461 3013 3516 oculus
3064 3462 3363 3516 inexhaust.
3403 3460 3685 3531 Interpres

2090 3550 2405 3620 scripserat,
2441 3569 2460 3602 ι
2497 3566 2657 3620 quam
2684 3553 2729 3607 si
2752 3551 3038 3607 deﬁnieris
3074 3559 3251 3606 tecum
3279 3553 3415 3607 nihil
3440 3555 3681 3608 omnino

2092 3641 2388 3711 possidere.
2421 3661 2440 3695 ι
2476 3642 2545 3695 At
2579 3642 2959 3715 συνορίζεσθαι
2994 3658 3098 3697 non
3130 3654 3214 3698 est
3242 3645 3333 3699 hic
3385 3663 3405 3696 ι
3448 3646 3684 3701 deﬁnire

2090 3732 2229 3801 apud
2258 3746 2336 3797 se,
2371 3751 2389 3784 ι
2423 3748 2610 3788 verum
2647 3753 2665 3784 ι
2704 3736 2943 3789 conﬁnio
2966 3735 3146 3804 jungi.
3187 3754 3206 3787 ι
3249 3736 3423 3791 Paulo
3468 3749 3602 3806 post
3628 3740 3680 3793 in

2091 3838 2195 3877 ms.
2226 3822 2288 3877 F.
2328 3839 2612 3894 perperam
2643 3827 2904 3897 scriptum
2934 3826 3038 3881 fuit
3065 3828 3128 3880 οὐ
3162 3827 3343 3899 λήψει,
3386 3830 3535 3884 unde
3566 3830 3685 3884 Til-

2093 3928 2322 3969 manuus
2355 3925 2618 3979 verterat,
2652 3934 2673 3968 ι
2719 3917 2836 3988 ipse
2869 3927 3051 3972 autem
3080 3920 3219 3973 nihil
3240 3921 3466 3975 omnino
3498 3924 3603 3979 abs
3632 3934 3684 3978 te

2092 4006 2361 4075 accipiet:
2397 4025 2417 4059 ι
2462 4017 2520 4061 at
2564 4008 2736 4062 multo
2773 4009 2979 4063 rectius
3008 4008 3062 4064 in
3093 4008 3159 4063 Η.
3192 4020 3247 4065 et
3277 4010 3342 4065 Α.
3382 4011 3445 4064 οὐ
3476 4012 3680 4084 λείψει,

2099 4114 2118 4148 σ
2157 4113 2263 4151 ιιοη
2295 4098 2532 4153 deﬁciet.

2165 4190 2280 4245 Col.
2312 4190 2413 4245 571
2445 4193 2485 4246 A
2524 4191 2613 4247 10.
2655 4191 2819 4246 Juxta
2851 4193 3034 4262 igitur.
3068 4192 3184 4248 Non
3221 4203 3281 4248 ut
3315 4203 3473 4250 antea
3523 4206 3678 4259 erat,

412 4278 708 4333 madvertit
758 4277 1036 4345 Evangelii
1092 4286 1148 4332 et
1190 4279 1421 4346 apostoli
1470 4278 1623 4332 Pauli
1668 4279 1854 4332 verbis
1914 4279 1989 4333 uti
2098 4299 2115 4332 ι
2149 4281 2306 4350 juxta
2336 4282 2499 4351 igitur
2528 4283 2874 4351 paroemiam,
2916 4301 2935 4333 ι
2978 4298 3045 4336 ne
3074 4284 3198 4352 quis
3229 4283 3517 4353 profanum
3558 4300 3683 4340 esse

410 4367 673 4422 Basilium
702 4367 993 4438 interpres,
1027 4384 1047 4419 ι
1081 4367 1319 4438 maligne
1353 4368 1718 4436 obsequentes
1751 4377 1992 4424 attentos
2094 4379 2243 4439 putet
2273 4370 2559 4441 adagium;
2586 4380 2669 4425 est
2695 4372 2839 4425 enim
2869 4372 3009 4440 apud
3040 4371 3409 4437 Salomonem,
3444 4372 3680 4428 Prover-

408 4464 713 4528 redtlebat,
753 4480 774 4515 ι
826 4471 920 4529 et,
973 4462 1347 4518 «lamentatio
1385 4472 1509 4518 erat
1557 4462 1986 4532 impoenitentem

2124 4463 2234 4515 liOl'.
2283 4478 2417 4516 xxln
2443 4508 2456 4527 ,
2491 4462 2555 4515 51
2600 4479 2614 4516 :
2664 4465 2736 4517 Εί
2766 4463 2879 4533 γὰρ
2917 4467 3005 4529 είς
3055 4464 3163 4530 τὰς
3195 4463 3416 4533 φιάλας
3466 4465 3573 4518 καὶ
3610 4468 3683 4521 τὰ

413 4555 710 4609 conﬁciens
759 4567 999 4609 mmrore
1046 4569 1111 4609 ac
1153 4553 1379 4608 tristitia
1419 4554 1487 4607 ad
1531 4552 1785 4609 salutem.
1822 4570 1842 4604 ι
1877 4549 1986 4605 lmo

2124 4551 2349 4618 ποτήρια
2394 4549 2512 4616 δῷς
2560 4552 2705 4618 τοὺς
2744 4555 3093 4623 ὀφθαλμούς
3139 4568 3256 4607 σου
3281 4571 3298 4587 ·
3340 4555 3398 4610 Si
3436 4557 3584 4608 enim
3627 4558 3681 4610 in

409 4646 828 4719 ἀμεταμέλητον
879 4645 1152 4717 σωτηρίαν
1203 4645 1355 4709 dicit,
1406 4661 1512 4699 non
1561 4644 1835 4699 hominem
1889 4642 1986 4697 im-

2124 4641 2304 4695 iltialas
2351 4650 2402 4696 et
2436 4643 2626 4710 pocula
2674 4645 2881 4698 dederis
2922 4645 3102 4698 oculos
3145 4654 3285 4700 tuos.
3340 4648 3497 4713 Quod
3546 4666 3678 4704 vero

414 4741 764 4809 pmnitenletn
788 4779 804 4804 ,
845 4740 939 4794 sed
970 4740 1198 4793 salutem
1240 4736 1641 4809 ἀμετακίνητον
1665 4753 1678 4767 ’
1715 4736 1800 4791 vel
1841 4744 1986 4790 certe

2127 4736 2340 4804 equitur
2367 4735 2474 4790 τὸν
2499 4738 2923 4808 γενεσιουργὸν
2946 4739 3201 4804 ἐννοεῖν,
3234 4750 3318 4794 est
3346 4757 3411 4795 ex
3440 4741 3677 4811 Sapien-

406 4829 733 4903 μετάνοιαν
782 4830 1238 4900 ἀμεταμέλητον
1281 4828 1418 4882 dixit
1461 4827 1785 4897 Apostolus,
1818 4827 1860 4881 ll
1887 4827 2013 4883 Co-.

416 4921 586 4975 rinth.
622 4935 718 4985 vn,
758 4920 847 4986 l0,
870 4921 1247 4988 paenitentiam,
1278 4920 1433 4987 cujus
1466 4935 1558 4972 nos
1588 4934 1691 4971 non
1722 4920 1989 4986 poeniteat,

416 5024 477 5067 ut
503 5012 642 5066 dona
678 5011 769 5066 Dei
802 5011 1062 5066 dicuntur
1080 5008 1521 5079 ἀμεταμέλητα,
1552 5008 1787 5063 Roman.
1822 5026 1865 5073 ι,
1889 5010 1986 5074 29,

415 5113 580 5174 atque
619 5102 692 5156 ita
743 5101 959 5155 videtur
993 5101 1272 5169 accepisse
1323 5101 1382 5155 S.
1421 5100 1662 5169 Joannes
1704 5102 1989 5172 Chrysost.

416 5196 608 5253 homil.
644 5193 710 5249 13
759 5212 773 5247 :
817 5193 1008 5258 Οὐδεὶς
1052 5193 1249 5247 ἑαυτοῦ
1294 5192 1731 5263 καταγνώσεται,
1768 5194 1863 5247 ἐὰν
1895 5186 1993 5246 λυέ

417 5287 566 5360 πηθῇ
598 5287 683 5356 ἐφ’
723 5286 1000 5358 ἁμαρτίᾳ,
1033 5284 1128 5339 ἐὰν
1175 5284 1452 5357 πενθήσῃ,
1506 5288 1601 5339 καὶ
1645 5286 1838 5339 ἑαυτὸν
1872 5303 1997 5340 συν-

414 5379 606 5453 τρίψῃ·
664 5396 683 5428 ι
739 5377 925 5446 Neque
976 5378 1122 5431 enim
1167 5378 1455 5447 quisquam
1498 5391 1739 5447 unquam
1780 5378 1882 5432 sibi
1931 5393 1995 5431 eo

422 5471 644 5525 nomine
668 5467 1031 5532 succensebit,
1073 5468 1216 5537 quod
1261 5469 1330 5522 ob
1357 5476 1578 5538 peccata
1605 5482 1728 5523 sese
1757 5482 1996 5523 maerore

420 5563 696 5631 aﬂlixerit,
726 5573 889 5634 atque
922 5562 1226 5619 obtriverit.
1264 5547 1305 5614 ι’
1330 5560 1472 5617 Infra
1503 5562 1601 5635 τὴν
1636 5563 1740 5633 γῆν
1766 5563 1868 5633 τῆς
1893 5580 1997 5617 κα-

419 5656 731 5727 τασχέσεως
766 5658 921 5722 dixit,
958 5656 1098 5724 quod
1132 5653 1455 5711 Tilmannus
1484 5655 1682 5722 vertit,
1716 5671 1737 5706 ι
1769 5657 2001 5724 promis-

427 5748 630 5818 sionis,
664 5767 685 5802 ι
718 5750 871 5821 quasi
903 5749 1233 5818 κατάσχεσις
1277 5747 1420 5804 idem
1451 5748 1544 5806 hic
1576 5747 1819 5818 valeret,
1853 5749 1995 5820 quod

2097 4828 2187 4882 tim
2213 4843 2331 4893 xm,
2360 4829 2415 4884 ὅ.
2445 4829 2777 4897 Ψυκτήρων
2806 4832 2865 4884 ﬁt
2894 4832 3122 4896 mentio,
3152 4830 3171 4884 Ι
3204 4830 3361 4885 Esdr.
3391 4848 3430 4898 ι,
3464 4832 3519 4887 9.

2170 4919 2285 4976 Col.
2326 4920 2424 4975 571
2467 4921 2508 4975 D
2561 4921 2612 4975 1.
2673 4920 3046 4978 chularium.
3086 4924 3220 4987 Ταῖς
3263 4923 3463 4990 ἔξωθεν
3500 4926 3675 4994 dixit,

2092 5023 2152 5067 ut
2206 5015 2275 5069 ab
2324 5014 2708 5069 ecclesiasticis
2757 5016 3049 5072 saeculares
3095 5017 3436 5086 distinguat,
3481 5034 3592 5074 non
3638 5037 3667 5074 a

2094 5103 2417 5159 Christianis
2466 5104 2694 5175 gentiles
2739 5114 2835 5161 aut
2881 5122 3161 5178 paganas,
3211 5109 3669 5177 quemadmodum

2098 5197 2363 5251 intellexit
2409 5197 2715 5267 interpres,
2761 5216 2781 5250 ι
2818 5209 2878 5253 ιιι
2911 5199 3251 5268 praefecturis
3283 5200 3405 5255 istis
3436 5216 3467 5254 a
3513 5201 3673 5256 Chri-

2096 5289 2274 5341 stiana
2306 5289 2617 5359 frugalitate
2647 5291 3079 5346 abhorrentibus
3108 5291 3359 5345 nonnihil
3389 5301 3670 5349 accrescat

2098 5380 2417 5433 honestatis.
2456 5401 2476 5432 ι
2511 5381 2719 5435 Rursus
2748 5382 3012 5437 omiserat
3037 5382 3191 5450 illud,
3218 5382 3282 5436 τὸ
3304 5383 3669 5441 ἐπονείδιστον

2096 5468 2562 5540 περιστέλλουσα,
2611 5481 2821 5525 tantum
2886 5473 3031 5527 enim
3082 5473 3417 5544 scripserat,
3467 5492 3489 5527 ι
3528 5473 3669 5544 quod

2096 5561 2253 5629 plane
2284 5563 2694 5631 vituperandum
2729 5574 2833 5619 est.
2868 5582 2887 5615 ι

2169 5652 2284 5709 Col.
2319 5654 2426 5711 579
2464 5654 2506 5710 C
2552 5656 2607 5711 6.
2662 5657 2744 5710 Ad
2791 5674 3059 5712 occasum.
3094 5656 3210 5712 Non
3246 5668 3305 5714 ut
3340 5665 3501 5713 antea
3534 5666 3667 5721 erat.

2105 5766 2124 5800 ι
2163 5748 2227 5804 ad
2259 5751 2559 5807 retinacula
2593 5754 2749 5821 vitaz;
2786 5772 2805 5807 ›
2838 5766 3121 5825 perperam
3145 5751 3291 5807 enim
3333 5751 3549 5809 calamo
3586 5766 3650 5808 ex
