3816 6210
179 308 324 365 1101

1402 302 1471 359 1N
1508 300 1862 358 COMMENT.
1904 302 1972 358 IN
2008 302 2262 361 ISAIAM.

3319 302 3458 358 “(32

176 438 409 484 aratum
423 433 541 481 erat
569 425 623 480 in
651 424 713 480 F.
746 423 908 497 μέχρι
932 424 1040 478 τῶν
1072 422 1304 495 δεσμῶν.
1337 423 1404 476 At
1437 422 1781 476 emendatum

1908 422 2099 477 lamma
2134 436 2361 479 accensa
2400 439 2414 476 :
2476 440 2495 473 ι
2528 420 2879 492 quamobrem
2910 435 3041 478 sane
3066 420 3286 487 mirum,
3313 423 3456 492 quod

178 529 277 575 est
302 534 371 573 ex
400 519 466 572 ll.
508 527 563 572 et
591 518 655 572 A.
695 516 857 589 μέχρι
882 516 990 569 τῶν
1015 515 1237 585 δυσμῶν
1261 515 1361 585 τῆς
1395 511 1567 584 ζωῆς.
1587 514 1778 585 Δυσμή

187 629 216 665 s
251 611 389 665 solis
419 625 673 664 occasum
706 627 725 659 ι
763 617 922 663 sonat
956 626 968 661 :
1004 606 1337 661 transfertur
1363 607 1529 658 etiam
1565 606 1629 658 ad
1664 605 1786 659 vita)

185 703 386 757 ﬁnem.
427 701 733 771 Hesychius
757 708 814 756 et
842 698 1040 754 Suidas
1070 698 1304 769 δυσμαῖς
1336 695 1475 767 βίου,
1511 694 1588 766 τῷ
1636 695 1780 749 τέλει

183 793 371 866 ζωῆς.

265 886 385 940 Col.
420 884 528 939 582
567 883 609 937 Β
654 882 707 937 6.
748 882 855 947 Qui
902 898 967 937 ea:
1006 879 1184 936 Caini.
1224 879 1578 952 Καθήκοντος
1607 879 1784 949 dixit,

187 977 343 1044 quod
382 975 651 1046 καθήκειν
681 974 923 1028 devenire
946 982 1122 1028 sonet.
1154 972 1454 1043 Procopius
1482 973 1621 1027 dixit
1649 990 1786 1026 κατ-

188 1069 510 1140 αγομένου,
558 1083 613 1138 p.
672 1068 739 1120 77
788 1066 874 1121 τὰ
908 1065 1004 1119 τοῦ
1038 1065 1252 1127 ,Ἰω6άλ
1304 1067 1455 1119 ἐστιν
1497 1065 1789 1137 εὑρήματα

186 1161 294 1215 τοῦ
334 1163 401 1215 ὲκ
429 1160 522 1214 τοῦ
551 1162 691 1214 Κάῖν
731 1158 1109 1230 καταγομένου
1129 1196 1145 1224 ,
1185 1176 1204 1210 ι
1237 1172 1472 1227 quorum
1505 1167 1788 1212 auctorem

191 1254 394 1321 illum,
443 1255 535 1326 qui
567 1254 722 1310 Caini
755 1253 973 1308 soboles
1011 1252 1265 1318 exstitit,
1290 1251 1622 1321 accepimus.
1665 1269 1684 1302 ι
1725 1250 1792 1304 Et

190 1358 500 1403 annotatur
537 1346 737 1404 Genes.
782 1361 855 1410 ιν,
909 1345 999 1399 17.
1049 1344 1186 1399 Nam
1228 1358 1294 1399 ex
1327 1342 1460 1399 Cain
1508 1351 1662 1398 ortus
1708 1351 1792 1397 est

191 1436 426 1494 ﬂenoch
452 1479 469 1506 ,
499 1454 564 1494 ac
610 1437 808 1493 deinde
856 1452 922 1493 ex
968 1434 1195 1491 Henoch
1238 1434 1361 1490 lrad
1384 1470 1400 1499 ,
1428 1450 1495 1490 ex
1526 1433 1646 1489 lrad
1676 1433 1789 1488 Ma-

193 1531 386 1593 viaeb,
417 1545 481 1584 ex
513 1546 621 1600 quo
650 1527 971 1592 Mathusael,
1000 1535 1055 1581 et
1096 1542 1164 1581 ex
1190 1526 1296 1582 isto
1333 1525 1572 1581 Lamech
1592 1565 1609 1592 ,
1637 1524 1793 1595 cujus

196 1622 303 1676 ﬁlii
332 1620 487 1676 Jabel
513 1631 568 1676 et
595 1620 775 1677 Iubal.
809 1620 949 1676 Male
978 1620 1249 1689 interpres
1275 1621 1542 1685 ediderat,
1580 1638 1599 1672 ι
1634 1614 1791 1676 Jiibal

194 1713 298 1783 qui
328 1729 395 1768 ex
432 1713 746 1783 genealogia
779 1714 882 1768 sibi
909 1714 1272 1768 conveniente
1291 1753 1307 1779 ,
1341 1727 1537 1784 nempe
1559 1727 1625 1768 ex
1655 1713 1788 1768 Cain

194 1815 509 1876 prognatus
535 1806 816 1860 scribitur.
847 1823 867 1857 ι

274 1896 392 1951 Col.
434 1895 538 1951 586
577 1896 619 1950 D
657 1896 716 1963 4.
764 1896 1165 1952 Detestandum.
1195 1895 1468 1968 lnterpres
1492 1897 1622 1969 legit
1646 1898 1700 1953 in
1729 1896 1789 1953 Ρ.

200 1988 350 2061 πρὸς
378 1989 456 2059 τῷ
498 1991 738 2060 ὲναργεῖ,
786 2006 808 2042 ι
842 1990 983 2059 quod
1017 1991 1145 2045 nulli
1177 2005 1283 2046 non
1321 1991 1662 2060 colliquescit
1699 2012 1712 2047 :
1769 2010 1789 2043 ι

202 2079 409 2135 melius
442 2079 496 2133 in
534 2079 597 2133 Η.
638 2079 717 2151 τῷ
765 2081 954 2150 ἐναγεῖ
982 2091 1041 2135 ιιι
1081 2081 1352 2136 edidimus
1384 2099 1400 2136 :
1441 2097 1617 2152 neque
1648 2081 1793 2136 enim

202 2172 469 2244 ἐναργές,
501 2191 522 2224 ι
559 2173 906 2229 manifestum
938 2193 959 2227 ι
990 2183 1070 2229 est
1098 2174 1354 2229 Davidem
1388 2189 1576 2231 omnes
1605 2190 1798 2246 pecca-

205 2274 359 2319 tores
397 2274 552 2320 terrae
587 2265 946 2321 interfecisse.

278 2356 400 2412 Col.
423 2356 529 2412 406
562 2355 615 2412 (1-
652 2358 704 2411 1.
745 2357 925 2412 ναίετε
946 2358 1201 2413 rationes.
1224 2357 1342 2413 Non
1368 2365 1429 2412 ut
1451 2357 1796 2423 Tilmannus,

210 2464 237 2501 s
274 2449 372 2519 qui
413 2450 613 2504 audent
649 2450 892 2519 proﬁteri
941 2465 999 2506 se
1032 2465 1152 2506 esse
1192 2465 1353 2520 pares
1384 2452 1691 2509 scribendis
1735 2453 1801 2507 de

208 2556 667 2621 unaquaqueﬁre
712 2540 885 2596 libris.
950 2560 970 2593 ι
1025 2542 1219 2598 Merito
1271 2552 1450 2599 tamen
1499 2553 1689 2613 postea
1745 2545 1798 2597 in

211 2632 460 2702 margine
491 2619 790 2687 ﬁlididerat
835 2632 938 2703 τῆς
985 2634 1193 2705 ἐποχῆς
1246 2635 1582 2690 inventorem
1637 2635 1802 2689 fuisse

210 2720 590 2792 Pyrrhonem,
641 2722 732 2791 qui
780 2736 1063 2777 assensum
1111 2724 1337 2793 praeberi
1374 2726 1613 2780 vetabat.
1673 2724 1803 2779 Vide

214 2816 508 2886 Diogenem
536 2815 835 2882 Laertium,
867 2816 962 2871 lib.
994 2832 1073 2880 ix,
1099 2832 1151 2885 p.
1181 2816 1286 2871 670
1321 2816 1424 2870 τοὺ
1454 2817 1565 2888 γὰρ
1603 2817 1803 2888 μᾶλλον

207 2909 334 2963 τόδε
360 2910 393 2980 ἦ
421 2909 541 2962 τόδε
582 2904 721 2970 εἶναι
753 2906 1009 2975 ἕκαστον,
1051 2926 1071 2960 ι
1115 2923 1289 2977 neque
1318 2910 1461 2965 enim
1492 2925 1612 2965 esse
1644 2911 1803 2980 quid-

209 3018 380 3072 quam
415 3002 556 3057 istud
598 3002 779 3070 potius
832 3016 994 3070 quam
1040 3000 1191 3055 illud.
1254 3021 1274 3054 s
1328 3001 1601 3057 Omiserat
1646 3003 1804 3071 paulo

212 3104 339 3163 post
369 3093 511 3148 idem
547 3093 814 3164 interpres
848 3093 935 3147 illa
968 3093 1130 3148 verba
1150 3131 1165 3155 ,
1197 3107 1317 3162 quae
1353 3092 1544 3148 Graeca
1577 3110 1799 3164 sugges-

212 3199 366 3242 serat
413 3200 515 3240 ms.
552 3186 641 3248 F.,
675 3203 694 3236 ι
733 3186 945 3256 nigrum
977 3199 1098 3240 esse
1128 3193 1412 3254 argentum
1451 3196 1672 3255 propter
1708 3202 1799 3240 ru-

213 3278 476 3348 biginem,
524 3293 687 3346 quam
717 3275 963 3331 eﬂ‘undit.
1015 3292 1037 3327 ι
1080 3275 1280 3331 Ibidem
1309 3271 1391 3340 οἷς
1424 3276 1807 3351 προσομιλήσῃ

213 3378 477 3433 verterat,
519 3388 539 3420 ‹
589 3369 914 3437 quibuscum
964 3384 1032 3423 ne
1074 3368 1279 3422 diutius
1323 3370 1680 3438 congrediare
1727 3369 1808 3423 fa-

213 3461 527 3524 miliariter,
566 3480 585 3511 ι
621 3460 747 3513 licet
772 3460 914 3513 absit
945 3461 1193 3527 negatio,
1226 3469 1280 3513 et
1323 3460 1533 3532 ὁμιλεῖν
1570 3476 1678 3516 non
1727 3462 1806 3515 si-

212 3552 441 3621 gniﬁcet
472 3558 679 3603 tantum
700 3548 1044 3604 familiariter
1069 3550 1348 3618 congredi,
1376 3551 1469 3605 sed
1503 3550 1670 3604 etiam
1697 3550 1803 3604 im-

217 3643 448 3706 morari,
491 3642 696 3696 versari
731 3641 785 3695 in
829 3654 887 3695 re
931 3641 1134 3711 aliqua,
1166 3650 1226 3696 ut
1256 3641 1395 3710 apud
1432 3640 1804 3712 Thucydidem

214 3732 515 3806 ὡμιληκὼς
554 3732 798 3803 πολέμῳ,
837 3749 856 3783 ι
899 3741 1151 3786 versatus
1195 3730 1247 3785 in
1287 3730 1469 3786 bello:
1511 3749 1530 3782 ι
1583 3742 1639 3785 et
1670 3731 1809 3799 apud

214 3825 695 3894 Chrysostomum,
746 3821 935 3876 homil.
981 3821 1007 3874 1
1048 3819 1126 3875 De
1170 3822 1498 3890 panitentia,
1549 3836 1603 3891 p.
1655 3820 1807 3875 660:

220 3916 335 3968 Καὶ
367 3915 533 3968 πολὺν
564 3914 756 3985 χρόνον
783 3913 1149 3984 ὁμιλήσαντες
1176 3912 1255 3983 τῷ
1297 3913 1454 3983 πυρί,
1501 3930 1520 3963 ι
1559 3924 1725 3981 atque
1755 3913 1809 3965 in

219 4009 347 4078 igne
372 4007 541 4062 multo
568 4019 811 4075 tempore
835 4007 1035 4062 versati
1066 4025 1080 4061 :
1117 4025 1138 4060 ι
1172 4014 1227 4062 et
1254 4006 1347 4061 lib.
1375 4022 1389 4060 ι
1421 4007 1497 4061 De
1513 4004 1809 4061 Provideri-

221 4102 325 4165 ria,
356 4115 409 4170 p.
448 4099 550 4155 158
577 4117 592 4154 :
619 4100 696 4165 ὡς
742 4100 838 4155 καὶ
879 4101 1141 4173 ὁμιλῆσαι
1188 4099 1421 4172 γάμοις,
1453 4117 1472 4151 ι
1508 4108 1566 4153 ιιι
1591 4108 1646 4154 et
1674 4114 1811 4153 uxo-

222 4207 316 4247 res
356 4193 635 4247 ducerent.
686 4213 706 4245 ι

299 4283 415 4338 Col.
455 4284 560 4338 418
598 4284 642 4339 C
690 4286 778 4339 Η.
817 4284 943 4339 Non
976 4295 1152 4339 tamen
1182 4287 1246 4338 de
1275 4300 1357 4339 eo.
1396 4282 1653 4337 Tilman.:
1681 4303 1698 4335 ι
1727 4283 1814 4337 Ait

224 4378 374 4431 enim
404 4376 685 4447 Scriptura
713 4379 949 4433 nondum
979 4377 1309 4431 immobilem
1340 4391 1462 4431 esse
1493 4377 1639 4431 circa
1678 4377 1813 4430 tales

1885 513 2027 567 idem
2063 513 2343 567 contendit
2374 513 2516 583 apud
2550 512 2806 567 Basiliam
2842 510 3457 583 legi,_qu_emadn_iodum

1885 603 2028 672 apud
2057 602 2378 672 ProcOpium
2407 615 2461 660 et
2488 604 2541 658 in
2574 605 2705 659 edit.
2738 604 3003 671 Romana,
3027 602 3342 676 ἀνειμένης,
3371 620 3392 656 ι
3430 618 3461 656 a

1885 692 2101 748 ﬂamma
2136 693 2372 749 resoluta
2412 713 2425 749 :
2467 713 2488 748 ι
2535 695 2638 749 nisi
2668 692 2810 749 forte
2839 695 2985 748 illum
3016 695 3069 748 in
3100 708 3341 750 errorem
3367 693 3466 747 im-

1885 783 2023 852 pulit
2054 785 2322 855 interpres
2356 784 2597 850 Latinus,
2632 785 2725 854 qui
2767 786 3086 855 scripserat,
3132 802 3152 837 ι
3188 799 3218 839 a
3245 782 3461 839 ﬂamma

1886 873 2078 941 eﬂnsa,
2117 894 2138 929 ι
2179 876 2265 931 vel
2304 877 2469 931 alium
2517 877 2758 932 codicem
2805 878 3066 947 scriptum
3122 885 3314 932 nactus
3358 885 3459 931 est.

1892 967 2118 1038 Vulgata
2146 967 2337 1023 Latina
2369 969 2509 1024 dixit
2532 984 2653 1040 cap.
2684 984 2741 1035 ν,
2769 968 2860 1035 24,
2901 990 2920 1021 ι
2956 976 3011 1025 et
3040 969 3192 1023 calor
3234 966 3465 1022 ﬂamma:

1889 1060 2086 1116 exurit.
2129 1079 2150 1113 ι
2623 1128 2630 1135 .

1961 1153 2077 1209 Col.
2126 1152 2232 1208 428
2280 1151 2323 1206 B
2363 1153 2417 1208 8.
2491 1154 2594 1209 Isti
2646 1154 2823 1225 quasi.
2878 1152 3116 1231 Hmc‘ad
3160 1153 3384 1210 verbum
3433 1166 3466 1206 θ

1891 1244 2084 1302 Graeco
2108 1256 2235 1300 sunt
2257 1259 2539 1317 expressa,
2566 1257 2622 1302 et
2647 1247 2704 1302 in
2734 1247 2912 1303 locum
2940 1262 3125 1302 eorum
3149 1245 3463 1311 substituto,

1891 1351 2011 1407 quae
2038 1338 2306 1408 interpres
2343 1339 2634 1408 adiecerat.
2671 1338 2957 1409 Reliquum
2988 1340 3132 1392 enim
3167 1346 3347 1393 textus
3373 1351 3467 1392 ca-

1892 1431 2019 1500 pitis
2047 1431 2220 1499 quinti
2262 1440 2499 1488 verterat
2521 1433 2820 1502 prophetae,
2850 1441 2905 1486 et
2932 1432 3117 1487 Italico
3146 1431 3469 1487 charactere

1892 1532 2256 1593 expresserat,
2299 1538 2400 1579 nec
2432 1538 2555 1579 esse
2583 1523 2769 1578 Basilii
2809 1527 2973 1580 verba
3008 1525 3469 1578 animadverterat

1893 1617 2027 1672 illud
2073 1626 2254 1673 textus
2299 1618 2568 1688 reliquum
2620 1618 2674 1673 in
2721 1618 3097 1689 compendium
3149 1618 3465 1685 redigentis.

1963 1709 2080 1767 Col.
2125 1710 2234 1765 427
2292 1711 2335 1765 D
2389 1712 2441 1766 1.
2495 1710 2567 1765 Et
2624 1712 2759 1782 ignis
2810 1720 3065 1767 versatur.
3124 1711 3202 1767 lla
3249 1713 3471 1780 scripsi-

1895 1818 2035 1866 mus,
2080 1819 2185 1858 non
2231 1819 2355 1859 cum
2387 1804 2695 1870 Tilmanno,
2729 1823 2749 1856 ι
2783 1814 3058 1875 aspectus,
3104 1803 3194 1875 qui
3224 1813 3474 1859 versatur

1895 1895 2039 1948 circa
2093 1897 2496 1952 concretionem
2543 1916 2558 1953 :
2626 1915 2644 1948 ι
2702 1910 2809 1951 non
2868 1897 3016 1952 enim
3069 1896 3144 1951 ait
3186 1904 3467 1966 aspectum

1894 1983 2147 2051 ﬂammae,
2175 1986 2281 2042 dici
2305 1987 2620 2043 carbonem.
2647 1987 2940 2057 Procopius
2976 1988 3029 2042 in
3056 1986 3249 2043 Isaiam
3277 2002 3330 2057 p.
3353 1987 3424 2043 88
3450 2003 3469 2044 :

1895 2075 2099 2149 ἄνθραξ
2129 2077 2189 2131 δέ
2212 2078 2328 2132 ἐστι
2354 2077 2466 2151 πῦρ
2491 2078 2694 2149 γεῶδες
2724 2079 2861 2150 μετὰ
2880 2080 2977 2152 τὴν
2991 2081 3091 2152 τῆς
3104 2079 3301 2149 φλογὸς
3332 2080 3479 2153 πάρ-

1893 2165 2014 2221 οδον
2065 2170 2133 2239 τῇ
2190 2168 2474 2241 παχυτέρα
2514 2169 2618 2244 ὕλῃ
2670 2171 3056 2242 ὲναπομεῖνανο
3094 2190 3114 2223 ι
3156 2170 3252 2226 Est
3290 2179 3468 2226 autem

1898 2258 2065 2312 carbo
2084 2258 2225 2328 ignis
2253 2261 2343 2314 ille
2374 2269 2645 2326 terrenus,
2674 2262 2765 2332 qui
2794 2264 3060 2317 exstincta
3092 2260 3311 2317 ﬂamma
3338 2260 3477 2317 solet

1901 2347 1955 2402 in
1981 2350 2248 2405 crassiore
2270 2365 2554 2407 remanere
2581 2352 2831 2406 materia.
2862 2371 2883 2405 ι
2914 2351 3030 2406 Νοιι
3059 2352 3225 2424 igitur
3254 2355 3478 2423 exponit

1899 2439 1990 2495 hic
2028 2438 2261 2496 Basilius
2306 2441 2395 2496 illa
2431 2442 2608 2497 verbis
2646 2441 2754 2496 ὑπὸ
2795 2441 2990 2512 φλογὸς
3021 2441 3365 2514 ἀνημμένης,
3416 2451 3477 2496 ut

1903 2531 2117 2586 videtur
2152 2533 2538 2588 existimasse.
2558 2532 2730 2587 Flam.
2761 2530 3007 2590 Nobilius
3048 2532 3104 2588 in
3136 2530 3290 2588 Notis
3327 2531 3475 2594 suis,

1902 2623 1996 2677 sed
2018 2623 2147 2693 quid
2174 2623 2247 2679 sit
2274 2622 2481 2697 ἄνθραξ
2509 2647 2529 2677 ι
2559 2624 2744 2689 carbo,
2777 2644 2796 2677 ι
2825 2625 3065 2694 exponit.
3097 2624 3248 2691 Quod
3275 2624 3319 2680 si
3350 2639 3473 2680 vera

1902 2724 2046 2768 esset
2074 2715 2351 2771 distinctio
2390 2716 2603 2783 lsidori,
2643 2715 2848 2789 ἄνθραξ
2880 2716 2970 2771 hic
3016 2733 3035 2766 ι
3078 2730 3283 2785 pruna,
3315 2733 3335 2768 ι
3379 2728 3478 2783 po-

1905 2808 2010 2861 tius
2060 2817 2222 2863 esset.
2265 2827 2284 2861 (
2325 2807 2504 2864 Pruna
2555 2817 2675 2875 est,
2730 2809 2926 2879 inquit,
2965 2807 3205 2879 quandiu
3264 2807 3415 2862 ardet
3461 2825 3475 2859 :

1904 2914 2027 2954 cum
2075 2900 2341 2955 exstincta
2380 2899 2565 2968 fuerit,
2609 2901 2775 2955 carbo
2822 2901 3152 2955 nominatur.
3210 2899 3388 2954 Pruna
3444 2916 3476 2952 a

1902 2993 2210 3061 perurendo
2237 2994 2378 3049 dicta
2408 3004 2493 3049 est
2529 3012 2542 3047 :
2581 2995 2745 3049 carbo
2776 3008 2907 3048 vero
2943 2992 3087 3062 quod
3124 2993 3340 3048 ﬂamma
3384 3007 3480 3048 ca-

1908 3094 2009 3139 ret.
2050 3103 2070 3137 ι
2101 3084 2206 3141 Sed
2228 3096 2285 3141 et
2315 3089 2456 3157 apud
2486 3086 2739 3151 Plinium,
2772 3085 2864 3140 lib.
2896 3100 3053 3151 xviii,
3089 3084 3285 3139 dicitur
3314 3084 3479 3140 etiam

1907 3177 2092 3243 carbo,
2115 3177 2333 3247 quando
2359 3177 2561 3248 ignitus
2592 3195 2606 3232 :
2639 3195 2659 3228 ‹
2692 3175 2759 3231 Et
2788 3191 2912 3230 cum
2933 3173 3100 3230 carbo
3124 3176 3478 3231 vehementer

1908 3269 2173 3334 collucet;
2212 3288 2231 3321 ι
2268 3277 2323 3324 et
2346 3269 2440 3325 lib.
2473 3284 2668 3333 xxxiii,
2706 3283 2826 3337 cap.
2854 3267 2889 3322 5
2923 3286 2937 3321 :
2976 3284 2997 3321 ι
3034 3265 3268 3323 Carboni
3309 3266 3484 3338 major

1910 3361 1991 3417 vis
2021 3370 2214 3416 exusto
2250 3361 2555 3430 iterumque
2578 3358 2852 3429 ﬂagranti.
2895 3378 2914 3412 ι

1980 3450 2098 3506 Col.
2129 3450 2306 3505 451Α
2345 3450 2431 3505 14.
2471 3434 2649 3505 Etiam
2688 3453 2735 3504 is
2783 3451 2888 3506 cui.
2936 3450 3237 3506 Annotarat
3262 3451 3315 3506 in
3342 3465 3486 3507 mar—

1908 3541 2033 3612 gine
2060 3541 2328 3610 interpres
2358 3540 2611 3610 quiddam
2641 3554 2701 3595 se
2730 3540 3042 3594 desiderare
3062 3539 3119 3593 in
3145 3538 3441 3608 exemplari
3468 3554 3485 3592 :

1908 3646 1965 3690 et
1994 3633 2221 3700 merito;
2251 3633 2442 3688 deerat
2471 3633 2616 3687 enim
2648 3648 2750 3686 vox
2776 3632 2970 3702 ἀκοήν,
3004 3646 3165 3701 quam
3202 3641 3383 3685 tamen
3412 3629 3486 3684 ita

1910 3726 2170 3781 vertendo
2200 3734 2562 3795 expresserat,
2598 3742 2617 3776 ι
2655 3739 2840 3778 vocem
2868 3723 3082 3778 Domini
3107 3737 3217 3778 non
3243 3721 3486 3791 quidem,

1914 3833 2036 3885 qum
2071 3818 2232 3871 icerit
2268 3831 2454 3870 aurem
2502 3816 2747 3887 corporis
2783 3834 2797 3870 :
2828 3816 2921 3871 sed
2954 3829 3064 3884 qua
3096 3813 3239 3870 Deus
3276 3821 3486 3868 tantum

1911 3909 2077 3965 menti
2138 3922 2327 3963 eorum
2384 3922 2483 3978 per
2525 3917 2682 3962 notas
2737 3906 3182 3963 adumbrationes
3229 3904 3492 3975 imprimit

1910 4000 2218 4056 consilium.
2257 4019 2278 4053 ι
2314 3999 2560 4055 Similem
2591 4000 2759 4054 habes
2779 3998 2954 4054 locum
2985 3998 3125 4054 inl'ra
3151 4015 3165 4053 :
3191 3998 3252 4053 οὐ
3279 3996 3368 4051 διὰ
3391 3995 3489 4067 τῆς

1912 4095 2232 4166 σωματικῆς
2279 4093 2473 4164 ἀκοῆς,
2543 4091 2658 4147 ἀλλ’
2711 4091 2876 4146 αὑτοῦ
2924 4091 2985 4145 τὸ
3029 4089 3353 4163 ἡγεμονικόν
3386 4104 3401 4119 '
3437 4096 3492 4144 et

1911 4189 2051 4258 apud
2085 4187 2403 4257 Procopium
2434 4203 2487 4257 p.
2520 4186 2659 4241 102:
2707 4203 2725 4237 ι
2755 4186 2918 4241 Audit
2942 4196 3122 4241 autem
3153 4198 3346 4241 vocem
3374 4182 3482 4238 Do-

1914 4280 2067 4347 mini,
2095 4279 2185 4349 qui
2224 4287 2403 4333 mente
2433 4278 2501 4333 ab
2532 4279 2650 4347 ipso
2672 4278 2962 4334 informata
3001 4275 3308 4333 resonantis
3329 4275 3386 4331 in
3417 4289 3480 4331 se

1912 4374 2063 4429 verbi
2091 4388 2278 4428 sonum
2303 4372 2594 4426 auscultat.
2632 4389 2651 4423 ι

226 4471 428 4524 animae
471 4469 699 4526 affectus
736 4489 751 4525 :
786 4472 916 4541 quin
962 4471 1029 4525 de
1062 4485 1128 4525 eo
1157 4469 1413 4534 disserit,
1456 4487 1476 4520 ι
1523 4478 1659 4534 ete.,
1692 4482 1812 4537 quae
1843 4482 1890 4536 ι)
1986 4466 2101 4519 Col.
2146 4463 2253 4518 455
2281 4462 2323 4517 D
2353 4463 2410 4517 2.
2449 4462 2534 4516 Ne
2565 4479 2659 4516 nos
2696 4460 2912 4516 educas.
2941 4459 3287 4515 Existimavit
3319 4458 3491 4515 inter-

230 4562 393 4630 plane
424 4577 454 4615 a
496 4573 679 4617 mente
719 4563 959 4618 auctoris
997 4564 1277 4619 aberrant.
1325 4561 1418 4617 Sic
1449 4562 1817 4617 restituendus

229 4667 316 4709 est
350 4663 406 4709 et
444 4656 584 4724 apud
619 4655 935 4725 Procopium
985 4655 1134 4712 locus
1168 4673 1218 4726 p.
1261 4655 1330 4710 86
1359 4673 1374 4710 :
1403 4655 1486 4708 ὅτι
1521 4656 1690 4725 μήπω
1726 4653 1817 4706 λέ-

229 4765 320 4816 γει
352 4748 443 4801 τὸν
482 4749 689 4820 ἀπαθῆ.
757 4748 1018 4817 Sequitur
1056 4751 1208 4803 locus
1259 4764 1324 4802 ex
1372 4749 1680 4802 Proverbiis
1714 4762 1814 4812 xu,

231 4840 324 4904 16,
343 4842 432 4895 ubi
466 4842 546 4896 sic
570 4844 728 4895 habet
752 4859 765 4895 :
795 4843 1019 4911 ’Ἄφρων
1048 4842 1356 4913 αὐθὴμερον
1378 4839 1690 4907 ἐξαγγέλλει
1718 4838 1817 4909 ὀρ-

231 4931 337 5003 γὴν
375 4932 562 4995 αὐτοῦ,
594 4930 825 5002 κρύπτει
851 4931 907 4983 δὲ
932 4931 1031 5002 τὴν
1059 4931 1254 4985 ἑαυτοῦ
1279 4930 1502 5001 ἀτιμίαν
1538 4928 1678 5000 ἀνὴρ
1712 4943 1818 4979 πα-

235 5023 486 5095 νοῦργος·
552 5041 572 5074 ι
624 5023 829 5077 Fatuus
875 5024 992 5092 ipso
1044 5024 1130 5078 die
1182 5023 1386 5076 indicat
1422 5022 1558 5075 iram
1610 5034 1815 5074 suam:

233 5119 380 5171 celat
405 5125 586 5168 autem
619 5130 772 5170 suam
805 5114 1160 5184 ignominiam
1190 5114 1271 5167 vir
1309 5112 1554 5167 callidus.
1594 5130 1613 5163 ι
1662 5109 1819 5179 Apud

234 5207 559 5275 Procopium
595 5206 823 5276 legimus
852 5205 1159 5274 ἐξαγγελεῖ,
1198 5205 1478 5267 indicabit,
1515 5204 1721 5272 prodet,
1760 5211 1821 5255 ut

235 5300 377 5367 apud
424 5296 694 5357 Nobilium
747 5298 1011 5353 scholium
1059 5294 1307 5352 Grzccum
1359 5293 1589 5366 δηλώσει
1644 5294 1819 5364 θυμὸν

235 5388 427 5455 αὐτοῦ,
475 5408 494 5439 ι
543 5388 831 5457 patefaciet
878 5388 1117 5443 furorem
1161 5402 1341 5453 suum,
1381 5404 1400 5436 ι
1437 5395 1493 5439 et
1518 5385 1821 5438 'l’heodotio

236 5483 520 5554 γνωρίσει,
557 5502 576 5533 ι
624 5493 811 5536 notum
844 5480 1023 5535 faciet.
1063 5500 1082 5532 ι

310 5575 428 5629 Col.
450 5575 553 5629 419
583 5574 624 5628 Β
643 5575 695 5628 1.
727 5572 969 5627 Flamma
992 5588 1231 5627 accensa.
1256 5569 1458 5639 Φλογὸς
1494 5567 1821 5640 ἁνημμένης

239 5671 504 5738 scriptum
554 5669 813 5723 exhibent
865 5669 971 5730 duo
1003 5667 1155 5737 Regii
1205 5666 1363 5719 codd.
1403 5663 1467 5717 F.
1496 5672 1566 5743 :ct
1613 5660 1678 5715 il.
1722 5676 1822 5716 nec

240 5760 405 5815 aliter
455 5758 558 5829 legi
605 5759 748 5827 apud
800 5758 1057 5829 Cyrillum
1120 5764 1345 5813 annotat
1374 5753 1643 5822 Nobilius,
1710 5772 1730 5807 ι
1791 5767 1822 5807 a

1915 4566 2039 4620 pres
2090 4566 2151 4605 se
2201 4550 2398 4618 legisse
2449 4549 2524 4620 μὴ
2555 4552 2898 4623 ἀναγκάσῃς,
2951 4548 3036 4604 vel
3076 4548 3313 4620 ἀνάγκη,
3364 4550 3489 4604 dum

1917 4644 2096 4706 vertit,
2129 4642 2481 4710 proﬁciscaris
2512 4642 2808 4710 nobiscum,
2840 4642 2975 4697 nihil
3006 4657 3212 4696 necesse
3240 4658 3333 4696 nos
3366 4643 3497 4696 emi-

1914 4752 2094 4805 grare,
2129 4733 2298 4788 Exodi
2333 4749 2525 4795 xxxttl.
2562 4735 2650 4797 i5,
2685 4735 2911 4805 legimus
2943 4733 3102 4804 paulo
3126 4733 3309 4797 aliter,
3333 4735 3382 4786 si
3419 4734 3494 4804 μὴ

1917 4830 1982 4882 σὺ
2021 4829 2185 4892 αὐτὸς
2223 4828 2542 4902 συμπορεύῃ
2578 4829 2697 4900 μεθ’
2739 4830 2932 4901 ήμῶνν
2978 4831 3052 4902 μή
3100 4847 3169 4901 με
3212 4829 3497 4901 ἀναγάγῃς

1916 4921 2188 4975 ἐντεῦθεν·
2226 4921 2287 4976 Si
2333 4939 2437 4976 non
2472 4932 2528 4974 tu
2567 4923 2677 4991 ipse
2726 4922 2929 4976 veneris
2964 4922 3275 4986 nobiscum,
3326 4938 3389 4975 ne
3416 4937 3499 4975 me

1919 5016 2114 5069 educas
2145 5015 2290 5070 hinc.
2327 5013 2551 5085 Vulgata
2575 5030 2695 5069 cum
2732 5014 2915 5069 verbis
2946 5014 3131 5069 Basilii
3172 5014 3445 5070 consentit
3482 5029 3496 5067 :

1918 5106 1979 5160 Si
2012 5123 2114 5160 non
2150 5118 2205 5160 tu
2235 5108 2347 5177 ipse
2382 5109 2649 5176 prwcedas
2683 5124 2779 5162 nos
2801 5147 2816 5172 ,
2851 5124 2915 5161 ne
2948 5107 3143 5161 educas
3177 5124 3294 5162 nos.
3333 5107 3502 5162 Paulo

1921 5209 2040 5267 post
2066 5200 2462 5273 ἀνθρωπότητα
2501 5199 2765 5255 intellexit
2793 5199 3190 5254 humanitatem
3218 5215 3249 5253 a
3280 5198 3499 5255 Christo

1924 5292 2301 5345 assumendam
2344 5291 2634 5359 interpres,
2669 5290 2936 5356 scribens,
2984 5307 3004 5341 ι
3039 5300 3095 5344 et
3120 5290 3188 5343 ad
3219 5303 3496 5344 assumen.

1924 5385 2046 5437 dam
2082 5399 2112 5437 a
2150 5385 2259 5437 Deo
2297 5382 2473 5438 Verbo
2523 5383 2939 5448 humanitatem,
2984 5383 3271 5454 oportebat
3305 5382 3505 5455 typicis

1922 5474 2111 5545 ﬁguris
2132 5474 2446 5545 praesignari
2479 5491 2493 5527 :
2535 5492 2554 5525 ι
2587 5474 2767 5542 aptius
2795 5483 2975 5530 tamen
3009 5489 3178 5546 genus
3202 5475 3500 5530 humanum

1922 5566 2205 5636 intelliges.
2248 5565 2340 5620 Sic
2375 5565 2565 5620 homil.
2591 5566 2683 5632 51,
2717 5564 2793 5621 De
2825 5566 2989 5622 libero
3020 5568 3244 5622 arbitrio
3280 5583 3301 5621 :
3328 5566 3504 5639 Εἴπερ

1920 5657 2030 5729 γὰρ
2063 5660 2243 5729 ἴσχυεν
2270 5661 2303 5730 ή
2330 5657 2429 5729 τῆς
2457 5658 2877 5731 ἀνθρωπότητος
2901 5659 3062 5730 φύσις
3093 5661 3250 5725 ἐκτὸς
3280 5661 3382 5731 τῆς
3404 5659 3502 5714 τοῦ

1924 5751 2078 5822 ἁγίου
2140 5751 2455 5824 Πνεύματος
2518 5752 2841 5818 πανοπλίας.
2908 5753 3182 5825 lntcrprcs
3250 5752 3502 5823 Procopii
