3816 6210
500 302 635 361 £99I

1667 294 1876 349 NOTAE
1918 294 2312 351 FIIONTONIS
2352 296 2587 353 ιιιιείει

3639 300 3785 357 1092

507 416 903 480 Ἰουδαῒζοντες,
940 413 1076 468 ἀλλὰ
1102 414 1199 484 τῆς
1232 412 1441 482 τρυφῆς
1473 410 1569 481 τὴν
1605 409 1922 481 πλησμονὴν
1952 407 2061 479 φεύ

2191 409 2457 477 designet.
2509 410 2686 465 Porro
2720 411 2863 480 apud
2908 410 3226 482 Procopium
3276 412 3465 467 lacuna
3496 422 3600 476 est,
3654 431 3786 483 qua:

495 525 705 581 γοντες,
764 526 783 560 ι
813 507 904 562 sed
929 517 989 561 ut
1018 505 1337 561 deliciarum
1365 503 1709 559 saturitatem
1740 503 2068 572 fugiamusp

494 610 555 658 et
605 600 936 669 Augustinus
992 597 1085 653 lib.
1142 597 1212 653 30
1262 594 1459 651 Contra
1503 593 1765 649 Faustum
1828 609 1949 664 cap.
1999 594 2073 649 5:

498 691 834 748 «Christiani
897 688 1197 744 adornandi
1260 687 1509 757 corporis
1578 702 1791 750 causa,
1857 695 2078 755 propter

496 783 734 838 animam
788 782 856 835 ab
900 778 1309 834 irrationalibus
1373 778 1609 833 motibus
1662 777 2073 838 humiliandam,

500 892 609 933 non
641 876 784 945 quod
814 875 903 929 illa
937 888 1058 929 esse
1102 873 1379 927 immunda
1410 874 1656 936 credant,
1691 885 1797 925 non
1839 870 2009 925 solum
2043 884 2075 922 a

494 968 769 1031 carnibus,
798 981 984 1021 verum
1012 980 1043 1019 a
1074 964 1397 1033 quibusdam
1427 964 1592 1018 etiam
1622 972 1779 1017 terra:
1813 961 2077 1017 fructibus

491 1058 785 1114 abstinent.
819 1076 839 1109 ι
901 1055 1071 1111 Paulo
1118 1054 1258 1109 infra
1320 1055 1522 1109 citatur
1560 1054 1714 1109 locus
1753 1052 2073 1108 Proverbia-

492 1166 613 1205 rum
636 1165 759 1209 xxv.
795 1147 883 1212 12,
916 1147 1097 1201 verbis
1131 1146 1386 1200 nonnihil
1411 1146 1683 1208 diversis;
1714 1145 1785 1199 ita
1818 1145 1965 1199 enim
1992 1157 2075 1198 est

490 1239 631 1310 apud
670 1237 814 1293 LXX
842 1255 856 1291 :
884 1239 989 1303 Εὶς
1019 1235 1264 1290 ἐνώτιον
1291 1235 1568 1306 χρυσοῦν
1591 1234 1844 1303 σάρδιον
1883 1238 2073 1289 πολυ-

486 1332 660 1397 τελὲς
701 1329 955 1384 δέδεται·
990 1329 1173 1399 λόγος
1198 1328 1392 1398 σοφὸς
1429 1331 1517 1394 εις
1550 1327 1811 1394 εὐήκοον
1838 1321 1966 1392 οὖς·
2007 1325 2074 1381 In

486 1441 703 1479 auream
747 1425 985 1477 inaurem
1043 1422 1283 1474 sardium
1325 1422 1622 1488 pretiosum
1671 1420 1895 1491 ligatum
1948 1429 2020 1473 est
2053 1436 2071 1472 :

488 1529 658 1567 sermo
694 1514 901 1581 sapiens
939 1511 996 1563 in
1048 1525 1231 1563 aurem
1271 1509 1614 1564 obedientem.
1666 1509 1823 1578 Apud
1873 1507 2075 1563 Preco-

487 1605 634 1675 pium
669 1618 765 1671 pro
812 1622 830 1655 ι
861 1603 1085 1656 verbum
1124 1601 1444 1672 pretiosum,
1469 1620 1487 1652 ι
1516 1600 1765 1671 legimus,
1800 1618 1819 1652 «
1850 1602 2070 1655 verbum

487 1709 798 1764 operosum,
836 1712 854 1745 ι
896 1693 1026 1746 vitio
1059 1691 1292 1746 fortasse
1327 1691 1668 1763 typographi.

557 1786 677 1842 Col.
707 1784 815 1840 294
841 1783 883 1837 Β
925 1784 981 1839 8.
1030 1780 1151 1836 Vidi
1177 1782 1315 1837 enim
1340 1794 1407 1837 te.
1456 1781 1861 1838 Emendattdum
1892 1793 1977 1836 est
2006 1796 2070 1836 ex

489 1879 661 1934 altero
688 1877 857 1946 Regio
902 1875 966 1931 II.
994 1885 1048 1930 et
1074 1874 1114 1931 l.
1152 1877 1295 1944 quod
1342 1890 1625 1944 perperam
1668 1890 1734 1929 ex
1765 1872 1831 1927 F.
1867 1873 2069 1928 editum

485 1981 591 2037 est,
620 1971 762 2024 unde
801 1968 992 2024 Latine
1025 1969 1139 2022 haec
1168 1967 1433 2021 eduxerat
1461 1964 1803 2029 Tilmaunus,
1840 1963 2071 2021 «Videns

485 2063 629 2117 enim
676 2060 785 2114 vidi
837 2074 1047 2114 morum
1103 2057 1431 2127 gravitatem
1492 2057 1545 2110 in
1594 2072 1794 2112 arcana
1847 2058 2069 2121 canitie,

483 2169 605 2225 qua:
648 2163 702 2207 ct
746 2151 902 2206 senili
938 2166 1100 2205 sensu
1150 2150 1376 2219 praedita
1446 2158 1529 2203 est
1563 2167 1577 2203 :
1619 2168 1638 2201 ι
1669 2159 1723 2203 at
1748 2165 1873 2204 vera
1912 2150 2071 2204 lectio

480 2243 669 2313 exigit,
729 2241 806 2313 τῷ
861 2240 971 2312 γὰρ
1032 2241 1341 2312 φρονήματι
1407 2239 1629 2313 ἑώρακα
1706 2241 2070 2313 πρεσϐυτικὸν

482 2335 823 2405 τυγχάνοντα
864 2336 893 2387 ὁ
944 2333 1159 2405 βλέπων
1208 2332 1306 2404 τὴν
1371 2332 1677 2405 σεμνότητα
1719 2335 1820 2405 τῆς
1878 2336 1938 2388 ἐν
1991 2334 2070 2406 τῷ

483 2426 714 2498 κρυπτῷ
761 2425 969 2488 πολιᾶς.
1024 2423 1319 2493 Procopius
1344 2423 1481 2479 dixit
1508 2440 1562 2495 p.
1612 2425 1718 2480 66:
1758 2427 1910 2480 Ἐπεὶ
1975 2429 2069 2481 καὶ

482 2518 621 2591 πρὸς
665 2517 933 2589 Ἱερεμίαν
963 2515 1107 2570 οὕτω
1134 2515 1426 2585 διελέγετο,
1476 2519 1550 2588 μὴ
1592 2517 1752 2587 λέγε,
1802 2519 1884 2572 ὅτι
1932 2518 2066 2573 νεώ-

480 2610 639 2681 τερός
670 2611 809 2679 εἰμι,
844 2608 1059 2671 δεικνὺς
1108 2609 1183 2679 μὴ
1222 2604 1388 2664 οὖσαν
1430 2610 1488 2664 ὲν
1528 2609 1678 2681 αὐτῴ
1706 2610 1937 2682 νεότητα
1977 2611 2067 2665 διὰ

479 2702 582 2774 τὴν
610 2702 708 2772 τῆς
737 2701 976 2763 διανοίας
1000 2699 1300 2757 τελείωσιν.
1341 2701 1420 2756 Ita
1456 2700 1720 2771 explenda
1742 2712 1827 2757 est
1858 2703 1968 2757 illic
1997 2717 2063 2757 ex

483 2791 689 2849 Basilio
728 2795 947 2858 lacuna,
997 2802 1058 2848 ut
1110 2793 1350 2864 conjeeit
1403 2793 1753 2850 doctissimus
1796 2796 2066 2864 interpres

479 2885 761 2942 Curterius
789 2908 802 2942 :
841 2904 861 2937 «
891 2885 1172 2955 Siquidem
1204 2894 1261 2940 et
1293 2886 1555 2942 Dominus
1587 2886 1720 2956 ipse,
1746 2902 1868 2941 cum
1910 2886 2066 2943 Jere-

478 2977 648 3033 miam
715 2978 1055 3046 conveniret,
1118 2990 1187 3033 ne
1239 2992 1299 3033 se
1343 2976 1617 3047 iuniorem
1665 2993 1787 3034 esse
1838 2979 2059 3045 diceret,

2185 512 2248 551 ex
2300 501 2402 554 hoc
2434 499 2613 555 Basilii
2643 500 2834 557 Graeco
2871 511 3023 559 textu
3067 504 3273 573 expleri
3324 517 3547 573 potest,
3606 509 3649 559 si
3707 509 3785 561 ita

2182 592 2423 656 legamus
2463 605 2515 659 p.
2568 591 2635 644 67
2670 608 2684 643 :
2717 591 2979 662 Γαμικῶν
3020 592 3362 664 ἐνδυμάτων,
3413 595 3510 649 καὶ
3567 596 3787 667 κόσμου

2177 678 2270 732 τοῦ
2304 682 2606 754 πρέποντος
2652 683 3040 756 ἐστερημένον,
3086 687 3439 759 πτωχεύοντα
3465 688 3787 760 βρωμάτων

2180 772 2596 843 πνευματικῶν·
2646 773 2794 841 «Qui
2850 777 3183 846 nuptialibus
3237 780 3481 834 vestibus
3546 793 3779 844 careat,

2178 862 2268 931 qui
2334 865 2546 920 decenti
2600 866 2673 920 sit
2720 865 2869 921 cultu
2913 868 3230 935 destitutus,
3282 881 3339 925 et
3393 872 3774 942 spiritualium

2178 955 2425 1008 ciborum
2453 958 2680 1025 penuria
2711 957 2942 1025 laboret,
2968 970 3023 1014 et
3053 976 3237 1015 verum
3273 977 3490 1031 panem,
3520 985 3538 1017 ι
3585 976 3701 1019 etc.

2246 1046 2380 1104 Ibid.
2408 1048 2449 1104 C
2483 1048 2536 1103 5.
2584 1049 2886 1118 Τουτέστι,
2946 1050 3015 1105 τὸ
3067 1053 3462 1124 σιτομέτριον.
3513 1056 3641 1111 Ilaec
3679 1057 3786 1112 ιιι)-

2175 1149 2332 1193 erant
2359 1156 2387 1192 a
2417 1154 2519 1195 ms.
2550 1140 2651 1206 F.;
2699 1157 2805 1195 non
2840 1142 2968 1196 item
2997 1142 3067 1198 ab
3098 1142 3164 1198 Η.
3197 1154 3252 1200 et
3277 1144 3316 1199 Ι.
3352 1145 3560 1201 Idcirco
3598 1149 3783 1202 inter-

2187 1231 2360 1298 pretis
2422 1232 2602 1287 verbis
2639 1234 2959 1304 adjecimus,
3013 1235 3166 1290 «hoc
3213 1246 3329 1299 est,
3389 1238 3556 1294 tritici
3619 1256 3783 1293 tuen-

2176 1334 2323 1373 sura.
2364 1340 2384 1372 ι

2247 1410 2363 1464 Col.
2419 1411 2523 1468 299
2579 1412 2619 1465 Β
2658 1413 2711 1468 5.
2766 1414 2891 1469 Non
2945 1418 3333 1473 contradicunt.
3390 1418 3517 1475 Hazc
3566 1421 3779 1476 omissa

2177 1502 2395 1558 fuerant
2422 1506 2490 1558 ab
2524 1505 2857 1575 interprete,
2915 1524 3038 1579 qua
3085 1519 3198 1565 tres
3237 1521 3419 1565 tamen
3470 1528 3608 1568 mss.
3666 1529 3778 1567 uno

2175 1610 2440 1648 consensu
2493 1597 2773 1653 exhibent.
2844 1598 2949 1655 Ubi
3012 1603 3251 1657 notanda
3315 1605 3559 1675 probitas
3624 1606 3780 1660 illius

2174 1686 2378 1749 saeculi,
2431 1702 2539 1755 quo
2588 1686 2948 1759 sejungebant
3012 1708 3072 1748 se
3117 1695 3185 1750 ab
3240 1696 3387 1751 omni
3440 1697 3776 1768 dignitatum

2175 1778 2677 1835 ecclesiasticarum
2706 1784 2913 1837 ambitu
2954 1785 3055 1839 viri
3090 1768 3291 1853 sancti,
3333 1791 3475 1860 quod
3498 1800 3553 1845 et
3586 1808 3779 1849 εςριυο

2173 1868 2261 1937 pio
2285 1885 2385 1925 suo
2415 1870 2763 1926 conﬁrmavit
2788 1872 2846 1927 S.
2875 1872 3116 1932 Joannes
3144 1877 3578 1945 Cltrvsostomus
3598 1925 3615 1949 ,
3648 1900 3773 1938 cum

2174 1959 2298 2030 luga
2328 1961 2625 2016 consulens
2658 1962 2785 2027 sibi,
2818 1964 3119 2022 occultavit
3158 1982 3237 2033 se,
3281 1982 3350 2023 ne
3378 1970 3446 2024 ad
3481 1971 3777 2042 episcopa-

2179 2060 2290 2104 tum
2325 2063 2762 2120 promoveretur,
2815 2066 2871 2110 et
2917 2056 3116 2112 librum
3169 2061 3508 2117 delensionis
3540 2077 3663 2117 suae
3706 2064 3773 2117 ad

2173 2140 2434 2196 Basilium
2481 2144 2688 2198 socium
2727 2156 2781 2200 ct
2822 2148 3268 2206 contubernalem
3315 2167 3474 2206 suum
3523 2156 3772 2225 scripsit,

2171 2247 2279 2302 quo
2311 2232 2455 2288 inter
2481 2235 2585 2289 alia
2616 2237 2967 2294 ditﬁcultates
3010 2240 3262 2311 exponit,
3297 2244 3498 2313 quibus
3524 2247 3770 2316 episc0pi

2172 2339 2367 2379 munus
2389 2326 2673 2382 obsessum
2711 2340 2837 2396 est,
2887 2330 3042 2387 libris
3070 2348 3165 2388 sex
3201 2331 3279 2387 De
3324 2336 3651 2402 sacerdotio,
3716 2348 3773 2390 ut

2172 2417 2336 2471 tradit
2373 2418 2649 2488 Socrates,
2684 2420 2776 2479 lib.
2815 2441 2868 2478 v1
2915 2423 3148 2494 Histor.,
3207 2443 3328 2504 cap.
3383 2429 3437 2483 5.
3500 2428 3765 2485 Testatur

2170 2506 2335 2562 ctiam
2369 2508 2509 2564 idem
2538 2510 2669 2567 illud
2693 2513 2930 2567 studium
2964 2514 3204 2585 fugiendi
3236 2517 3589 2588 episcOpatus
3621 2525 3761 2590 apud

2168 2609 2382 2655 veteres
2410 2602 2638 2672 epistola
2692 2604 2781 2659 illa
2838 2607 3054 2662 concilii
3096 2607 3369 2665 Valentini
3420 2612 3487 2665 ad
3535 2611 3766 2684 Foroiu-

2173 2692 2358 2757 Iieus.,
2390 2708 2498 2762 qua
2531 2694 2811 2751 declarant
2850 2698 3115 2768 quosdam
3156 2700 3388 2755 horrore
3418 2701 3748 2771 suscipiendi

2171 2785 2462 2839 sacerdotii
2527 2801 2646 2842 sese
2690 2787 2910 2858 aliquod
2956 2791 3298 2847 commisisse
3331 2792 3597 2848 delictum
3644 2809 3759 2849 esse

2168 2872 2468 2941 cotrlessos,
2496 2876 2648 2945 cujus
2681 2880 2856 2949 gratia
2883 2891 3109 2950 possent
3149 2884 3218 2938 ab
3250 2883 3340 2938 illo
3368 2884 3595 2956 depelli.
3629 2888 3751 2940 Am-

2173 2964 2390 3021 brosius
2447 2966 2610 3021 etiam
2671 2976 2731 3022 ut
2786 2969 3102 3040 dignitatem
3166 2972 3449 3044 effugeret,
3516 2977 3753 3030 credulis

480 3073 782 3144 prohibui"
819 3084 879 3128 υι
919 3072 1174 3143 juvenem
1227 3089 1333 3128 ηοη
1389 3089 1512 3130 esse
1552 3073 1645 3145 qui
1685 3074 1878 3131 meum
1918 3085 2061 3130 esset
2087 3100 2131 3159 ϐ
2165 3054 2335 3159 voluit
2363 3058 2752 3159 etnimpudicus
2779 3061 2990 3159 vide-ri.-
3010 3060 3143 3159 Vide
3185 3062 3492 3129 Paulinum,
3555 3067 3612 3117 ·η
3645 3069 3756 3135 ejus

477 3164 636 3220 senili
703 3163 1042 3235 perfectione
1103 3165 1404 3233 praeditus,
1470 3164 1803 3222 ostenderet.
1834 3185 1853 3218 ι
1914 3166 2062 3221 Dixit

472 3253 709 3311 Basilius
733 3294 751 3321 ,
801 3253 994 3308 πολιὰν
1031 3255 1090 3308 ὲν
1118 3252 1196 3325 τῷ
1235 3253 1487 3326 κρυπτῷ,
1533 3264 1592 3310 ιιι
1634 3255 1925 3324 Apostolus
1951 3254 2063 3312 Pa-

474 3359 622 3400 man.
680 3360 740 3409 ιι,
792 3343 900 3400 29ι
937 3341 1080 3396 Ἀλλ’
1108 3344 1137 3396 ὁ
1168 3344 1228 3395 ὲν
1260 3342 1338 3414 τῷ
1366 3342 1595 3415 κρυπτῷ
1650 3344 1921 3409 Ἰουδαῖος,
1964 3343 2061 3397 καὶ

474 3432 749 3507 περιτομὴ
800 3431 1054 3505 καρδίας·
1104 3451 1122 3482 ι
1154 3429 1257 3485 Sed
1289 3433 1380 3502 qui
1409 3431 1464 3486 in
1496 3434 1816 3488 abscondito
1844 3431 2061 3488 Judaeus

474 3536 585 3592 est,
640 3535 699 3579 et
731 3523 1101 3582 .circumcisio
1156 3525 1375 3589 cordis;
1408 3543 1428 3576 ι
1484 3535 1541 3579 et
1588 3523 1823 3580 Mattluei
1865 3541 1939 3590 vt,
1968 3526 2003 3580 4
2041 3544 2056 3581 :

480 3617 551 3672 Ὅ
583 3615 788 3687 Πατήρ
831 3632 969 3682 σου,
1012 3618 1045 3670 ὀ
1071 3615 1326 3681 βλέπων
1369 3616 1439 3671 ἐν
1468 3614 1549 3683 τῷ
1575 3616 1816 3687 κρυπτῷ
1836 3635 1850 3649 ·
1894 3617 2061 3673 Pater

474 3720 601 3766 tuus
629 3711 721 3777 qui
740 3710 874 3764 videt
901 3710 956 3763 in
987 3710 1321 3765 abscondito.
1362 3708 1475 3764 Sub
1498 3709 1658 3764 tinem
1686 3711 1894 3781 pagina:
1921 3711 2061 3766 alter

471 3800 628 3855 locus
690 3810 777 3854 est
842 3814 875 3855 a
928 3799 1087 3855 nobis
1142 3802 1432 3857 restitutus
1480 3802 1625 3871 apud
1682 3801 2056 3873 interpretem,

472 3892 760 3962 expuuctis
789 3891 918 3957 illis,
972 3911 990 3944 ι
1018 3904 1232 3947 suamet
1275 3892 1637 3957 auctoritate,
1669 3908 1766 3964 per
1791 3909 1912 3963 qua:
1941 3895 2056 3949 sitt-

477 3983 589 4053 guli
621 3982 725 4038 sibi
749 3992 976 4053 possunt
1007 3984 1279 4039 asciscere
1321 3984 1552 4039 suismet
1590 3984 1771 4050 factis,
1802 3996 1855 4041 et
1881 3986 1948 4041 ab
1978 3986 2058 4041 eis

471 4075 717 4144 arripere
765 4086 1088 4144 potestatem
1147 4076 1483 4130 dominandi.
1517 4096 1537 4128 ι
1602 4075 1720 4133 Νοιι
1771 4080 1916 4133 enim
1983 4080 2058 4134 ait

471 4166 707 4221 Basilius
745 4165 996 4221 illusores
1026 4176 1344 4235 arrepturos
1370 4176 1691 4235 potestatem
1722 4168 2054 4235 dominandi,

470 4256 556 4311 vel
588 4271 707 4311 eam
735 4254 897 4310 factis
925 4254 1037 4310 suis
1065 4256 1167 4311 sibi
1194 4257 1464 4312 ascituros
1494 4275 1508 4311 :
1542 4258 1634 4313 sed
1667 4258 1814 4329 ipsos
1843 4257 2057 4315 Judmos

469 4347 648 4419 potius
675 4347 911 4416 peccatis
950 4346 1065 4401 suis
1090 4347 1505 4415 promerituros,
1536 4357 1595 4401 ut
1622 4347 1753 4419 jugo
1781 4350 2051 4405 barbaro-

2173 3147 2314 3215 Vita,
2339 3159 2392 3203 et
2414 3150 2727 3216 Baronitttn,
2770 3168 2859 3208 an.
2891 3153 3016 3221 δτι,
3043 3153 3095 3209 6.

2234 3242 2365 3296 Ibid.
2427 3242 2516 3298 I3.
2572 3243 2643 3297 Τὸ
2685 3242 2857 3312 ἄξιος
2901 3242 3077 3303 εἶναι.
3118 3249 3465 3306 Contrarium
3506 3260 3753 3311 eltctenat

2161 3350 2224 3388 ex
2277 3334 2361 3387 his
2419 3334 2601 3390 verbis
2653 3335 2962 3407 interpres,
3043 3358 3063 3391 «
3095 3340 3297 3398 docens
3353 3344 3644 3415 indignum
3696 3362 3752 3402 se

2160 3441 2313 3491 esse,
2348 3427 2439 3496 qui
2488 3429 3056 3501 praesideretziatqui
3106 3435 3208 3489 hoc
3264 3435 3381 3506 ipso
3424 3451 3485 3493 se
3533 3440 3750 3508 dignum

2160 3533 2284 3572 esse
2321 3519 2684 3584 ostendebat,
2731 3522 2875 3592 quod
2909 3521 3134 3579 humilis
3168 3539 3234 3578 ae
3268 3526 3550 3585 modestus
3592 3541 3747 3586 esset.

2231 3610 2365 3664 Ibid.
2420 3611 2464 3665 D
2509 3611 2565 3667 5.
2610 3614 2842 3669 Μεσταὶ
2890 3616 3165 3686 ἀνομίας.
3210 3616 3625 3676 Emendandunt
3669 3621 3749 3676 hic

2163 3703 2302 3772 μετὰ
2328 3703 2584 3775 ἀνομίας,
2613 3722 2734 3775 qua:
2763 3708 2911 3762 varia
2946 3707 3129 3776 lectio,
3155 3711 3206 3763 in
3235 3712 3479 3782 margine
3505 3728 3740 3785 apogra-

2161 3798 2251 3865 plti
2280 3797 2485 3864 addita,
2515 3797 2855 3873 praeferenda
2882 3798 2987 3855 fuit
3017 3801 3209 3870 alteri;
3244 3816 3478 3874 eamque
3504 3806 3747 3877 sequitur

2158 3886 2561 3957 interpretatio.

2229 3977 2350 4033 Col.
2380 3978 2487 4034 502
2508 3980 2551 4032 Α
2573 3978 2628 4034 8.
2662 3979 2793 4035 Cum
2822 3999 3002 4037 eorum
3050 3982 3252 4053 lingua.
3294 3984 3597 4057 Conjunxit
3633 4001 3744 4042 cum

2159 4070 2326 4125 verbo
2361 4070 2687 4140 ἀντιλέγειν,
2740 4088 2847 4128 non
2890 4090 3013 4130 cum
3058 4077 3289 4149 μελετᾷ,
3338 4093 3528 4134 vocem
3580 4078 3744 4151 γλώσ-

2161 4178 2263 4233 σης
2318 4164 2607 4233 interpres,
2668 4180 2771 4219 nec
2806 4169 3225 4227 animadvertit
3277 4173 3419 4242 apud
3481 4172 3735 4228 Davidetu

2159 4251 2396 4321 linguam
2446 4253 2551 4307 dici
2608 4253 2860 4327 μελετᾷν,
2936 4258 3075 4325 psal.
3130 4276 3316 4326 xxxtv,
3379 4262 3493 4317 28:
3532 4263 3647 4319 Καὶ
3699 4263 3737 4331 ἡ

2158 4341 2413 4414 γλῶσσά
2458 4362 2579 4414 μου
2612 4345 2935 4416 μελετήσει
2983 4349 3101 4419 τὴν
3150 4350 3550 4422 δικαιοσύνην
3598 4370 3738 4410 σου·

471 4454 592 4494 rum
621 4439 1007 4510 subiiciantur.
1060 4438 1257 4493 Verum
1301 4453 1366 4492 ex
1399 4438 1610 4494 duobus
1641 4456 1773 4494 mss.
1809 4440 1877 4496 Il.
1916 4454 1971 4496 ct
2009 4442 2048 4496 I.
2082 4443 2129 4503 ι)
2157 4432 2225 4486 Et
2304 4434 2486 4503 lingua
2564 4452 2677 4489 mea
2736 4439 3074 4493 meditabitur
3110 4441 3383 4510 justitiam
3439 4456 3630 4510 tuam;
3691 4456 3741 4499 et

468 4529 866 4585 emendandum
908 4536 993 4582 est
1021 4526 1077 4581 in
1114 4527 1307 4583 Gneco
1344 4546 1357 4582 :
1409 4528 1670 4599 ⁹Αλλ’,ἀφ’
1700 4532 1910 4587 ἑαυτῶν
1945 4533 2048 4607 ἔφη

466 4620 802 4696 κυριεύσειν,
843 4616 904 4685 ἐξ
934 4613 1011 4675 ὧν
1033 4620 1267 4685 ἕκαστος
1294 4619 1474 4692 ἐαυτῷ
1496 4621 1584 4675 διὰ
1613 4623 1720 4677 τῶν
1749 4623 1951 4697 ἔργων,
1999 4638 2056 4682 et

466 4710 609 4780 apud
651 4708 974 4778 Procopium
1023 4726 1074 4778 p.
1115 4709 1222 4764 66:
1253 4710 1582 4782 Κυριεύσειν
1625 4715 1789 4785 φησὶν
1818 4715 2051 4770 ἑκάστου

466 4802 529 4858 τὸ
552 4800 909 4874 κυριευθῆναι
936 4816 996 4854 π.
1022 4817 1077 4853 α.
1113 4799 1161 4853 δ.
1196 4818 1248 4854 τ.
1293 4801 1416 4871 ὲργ.
1454 4803 1866 4875 ἐπισπωμένου·
1906 4825 1925 4859 «
1950 4808 2050 4874 Qui

468 4897 538 4951 ab
602 4908 928 4963 unoquoque
981 4894 1048 4949 ad
1107 4894 1423 4951 dominandi
1473 4878 1752 4952 licentiam
1799 4902 2055 4971 operibus

466 4987 835 5045 attrabantur.
863 5003 884 5037 ι

537 5076 653 5133 Col.
691 5075 798 5132 298
824 5077 871 5130 A
899 5076 986 5130 11.
1003 5075 1071 5131 In
1093 5092 1273 5131 eorum
1293 5086 1490 5147 partes.
1529 5078 1801 5136 Omiserat
1827 5084 2051 5137 verbum

2153 4542 2339 4596 mm,
2368 4527 2438 4583 20
2461 4544 2475 4581 :
2497 4528 2571 4584 0s
2602 4529 2743 4598 justi
2771 4533 3116 4587 meditabitur
3144 4537 3485 4607 sapientiam,
3506 4542 3599 4597 ubi
3624 4555 3737 4610 pcr-

2152 4634 2335 4687 peram
2383 4621 2439 4675 in
2512 4620 2855 4679 Germanicis
2912 4623 3106 4682 Bibliis
3160 4632 3413 4696 vertitur,
3487 4633 3733 4687 «curabit

2152 4711 2494 4780 sapientiam,
2529 4729 2548 4763 ι
2614 4728 2722 4768 non
2757 4715 2899 4769 enim
2937 4726 3022 4770 est
3057 4716 3233 4788 μέλει,
3266 4721 3361 4774 sed
3393 4721 3732 4790 μελετήσει,

2154 4802 2433 4872 inquibus
2483 4802 2619 4859 locis
2665 4808 2891 4860 verbum
2942 4806 3227 4863 Hebraeum
3271 4821 3379 4873 mn
3419 4829 3527 4867 non
3570 4815 3729 4868 solum

2160 4914 2178 4947 ι
2207 4895 2502 4950 meditari.
2547 4907 2727 4963 sonat,
2764 4899 2860 4953 sed
2891 4900 3057 4952 etiam
3093 4919 3112 4950 ‹
3144 4904 3477 4958 mussitare:
3512 4923 3531 4955 ι
3562 4905 3733 4974 itaque

2152 4988 2313 5041 etiam
2345 4989 2554 5057 psalmo
2579 5006 2734 5056 cxm,
2780 4992 2868 5057 I5,
2906 4996 3111 5061 φωνεῖν
3137 4996 3384 5061 vertitur,
3425 4999 3498 5051 οὐ
3540 4997 3726 5068 φωνή-

2150 5093 2378 5134 σουσιν
2410 5079 2481 5133 ἐν
2514 5080 2597 5146 τῷ
2631 5080 2888 5153 λάρυγγι
2927 5083 3147 5151 αὐτῶν,
3197 5102 3301 5140 non
3344 5092 3639 5143 clamabunt
3679 5090 3727 5139 iu

466 5168 850 5244 προσεχώρουν
873 5169 1162 5236 interpres,
1188 5170 1332 5239 quod
1360 5181 1544 5241 aptum
1576 5183 1657 5227 est
1691 5174 1756 5227 ad
1785 5174 2052 5231 factiones
2147 5180 2357 5240 gutture
2381 5188 2500 5225 suo.
2537 5170 2748 5225 Idcirco
2779 5174 2867 5226 hic
2891 5173 3198 5231 delevimus
3240 5176 3329 5231 illa
3371 5181 3535 5233 verba
3566 5180 3720 5233 intrr-

464 5271 525 5319 et
550 5261 771 5316 dissidia
804 5260 1185 5315 seditiosorum
1208 5300 1223 5326 ,
1265 5261 1360 5331 qui
1389 5271 1628 5333 tempore
1656 5262 2048 5336 Hierosolymi-

2149 5260 2317 5331 pretis
2343 5277 2357 5313 :
2386 5276 2409 5313 «
2438 5269 2495 5313 ut
2529 5260 2928 5317 meditarentur
2981 5275 3142 5321 nocte
3196 5282 3261 5322 ac
3306 5270 3392 5323 die
3437 5269 3604 5345 legem
3633 5269 3723 5322 Do—

466 5362 609 5424 tana:
641 5351 942 5408 obsidionis
982 5351 1165 5407 omnia
1197 5353 1511 5419 turbabant,
1547 5355 1835 5410 iudicanda
1870 5375 1885 5410 :
1926 5359 2048 5413 vide
2146 5352 2490 5422 ιηίηὶιιὶιιευεί
2528 5367 2716 5407 eorum
2755 5357 3184 5414 contradicebal.
3217 5379 3237 5412 ι

465 5439 756 5511 Joscphum
784 5441 879 5497 lib.
920 5456 977 5509 v,
1006 5457 1057 5495 vt
1082 5451 1139 5495 et
1162 5457 1234 5495 vtt
1281 5441 1359 5496 De
1386 5441 1521 5497 bello
1545 5441 1798 5499 Judaico.
1839 5443 2047 5501 Rursus

463 5533 688 5607 χλανίδα
740 5532 1278 5604 «paludamentum»
1350 5537 1647 5605 vertimus,
1706 5553 1811 5593 non
1881 5558 1898 5589 ι
1932 5549 2042 5594 tor-

464 5642 691 5699 quem”
751 5641 847 5682 seu
909 5626 1198 5681 amiculum
1254 5637 1516 5698 perteuue
1558 5644 1623 5682 ac
1675 5628 2040 5696 molliculum,

465 5721 608 5778 quod
648 5717 914 5785 ejusmodi
947 5730 1175 5775 ornatus
1228 5732 1322 5773 aut
1370 5720 1538 5775 vestis
1589 5721 1885 5791 principem
1935 5739 2038 5776 non

2212 5445 2349 5501 Ibid.
2413 5443 2455 5500 C
2521 5445 2577 5499 2.
2647 5444 2802 5510 Quod
2883 5449 3131 5519 populus.
3201 5450 3515 5507 Cavendum
3568 5452 3719 5505 inter-

2144 5541 2306 5609 preti,
2340 5554 2407 5594 ue
2433 5540 2734 5597 similitudo
2777 5558 2971 5599 vocum
3002 5560 3125 5599 eum
3161 5546 3334 5613 fallat,
3368 5560 3429 5602 ut
3472 5549 3569 5602 hoc
3605 5547 3713 5600 loco

2138 5633 2198 5684 τὸ
2229 5631 2471 5697 ἀνίατον,
2533 5652 2551 5683 ι
2581 5633 2879 5689 ittcurabile
2923 5637 3147 5706 malum,
3171 5657 3189 5689 ι
3242 5640 3567 5695 existimavit
3603 5649 3708 5693 esse

2142 5722 2289 5793 παρὰ
2344 5723 2403 5775 τὸ
2450 5723 2605 5794 ἀνιᾷν
2662 5728 2802 5795 quod
2855 5738 2972 5795 est,
3030 5730 3387 5786 «molestiam
3443 5732 3701 5797 iulerre,o

3733 5930 3735 5989 Α
