3816 6210
262 201 407 261 1093

255 319 606 391 scripsitque,
645 341 667 375 ι
692 325 870 394 populi
896 342 1041 399 aegre
1082 330 1330 399 ferentis,
1367 340 1511 405 quod
1546 345 1838 411 responde-

255 408 349 464 rit.
382 429 403 463 ι
453 412 616 481 Atqui
668 414 883 471 ἀνίατον
932 428 1016 474 est
1046 420 1108 473 τὸ
1157 422 1337 477 ίᾶσθαι
1393 425 1469 497 μὴ
1512 408 1843 501 δυνάμενον,

258 513 280 548 ι
308 499 458 569 quod
507 504 687 558 sanari
732 520 841 560 non
884 517 1081 577 potest.
1113 529 1133 563 ι
1193 511 1299 567 Sed
1344 520 1593 584 sequenti
1638 499 1837 593 pagina

254 600 407 645 recte
452 591 555 649 hoc
603 595 1004 666 animadvertit,
1053 601 1270 657 ἀνίατον
1307 606 1577 675 νοσοῦσι-ιι,
1639 629 1658 663 ι
1687 612 1839 668 insa-

252 682 507 739 tiabiliter
541 695 824 756 aegrotant.
860 708 881 742 ι

323 771 445 829 Col.
469 774 574 830 305
598 775 641 829 Β
673 778 762 834 15.
804 779 1122 851 Signiﬁcare
1153 785 1439 845 Christum.
1482 792 1836 854 Restituimus

249 860 398 917 hunc
425 863 603 920 locum
632 882 701 923 ex
727 868 898 925 altero
930 873 1099 944 Regio
1124 874 1195 933 li.
1225 890 1280 932 et
1305 881 1571 951 Anglicis,
1606 885 1660 940 in
1696 902 1832 956 quo-

247 967 372 1006 rum
419 969 528 1009 uno
556 955 837 1025 legebatur
865 962 965 1033 τὴν
1018 967 1147 1037 περὶ
1177 969 1398 1035 αὐτούς·
1437 982 1494 1028 at
1536 975 1831 1047 Procopius

244 1044 646 1114 compendiose,
801 1049 863 1121 δὴ
916 1055 1174 1122 ποικίλως
1226 1060 1519 1117 ἐπινοεῖται
1569 1068 1825 1140 Χριστός

248 1130 493 1199 «quibus
524 1134 675 1190 varie
724 1136 1022 1208 signiﬁcari
1073 1144 1347 1203 Christum
1397 1130 1822 1226 intelligimus.)

241 1219 300 1275 In
332 1223 395 1278 F.
442 1225 650 1283 calamo
699 1242 983 1289 exaratum
1036 1240 1238 1307 reperit
1288 1240 1626 1313 Tilmannus,
1678 1254 1821 1307 κατὰ

238 1507 440 1552 contra
467 1509 639 1556 semet
669 1504 1127 1565 consultationem
1163 1520 1219 1568 et
1249 1515 1572 1575 molitiones.
1601 1540 1621 1573 ι
1671 1516 1814 1580 Idem

233 1587 401 1654 paulo
426 1598 549 1659 post
582 1594 898 1664 scripserat,
961 1617 982 1651 ι
1011 1599 1248 1659 Dimidia
1273 1607 1417 1662 enim
1448 1611 1573 1666 mali
1601 1628 1726 1679 pars
1756 1632 1815 1672 se

230 1678 378 1733 stitit
435 1680 580 1737 intra
626 1695 908 1754 peccatum
964 1689 1021 1744 in
1079 1691 1197 1762 ipso
1250 1701 1461 1767 peracri
1526 1678 1814 1763 voluntatis
1845 1691 1887 1746 Β

228 1767 464 1827 affectu:
496 1791 516 1825 ι
545 1774 642 1830 sed
673 1776 861 1833 aberat
886 1794 919 1835 a
951 1778 1122 1852 Regio
1163 1784 1227 1840 F.
1252 1790 1396 1858 quod
1426 1791 1564 1848 alius
1594 1793 1660 1850 ﬂ.
1684 1811 1810 1868 sug-

226 1863 485 1928 gessitet
516 1870 885 1940 apograpbum
929 1870 1239 1945 Anglicum,
1266 1880 1417 1947 quod
1465 1884 1593 1954 quia
1630 1863 1810 1943 minus

225 1952 506 2023 eleganter
547 1958 813 2029 scriptum
863 1969 1003 2030 erat,
1043 1981 1225 2037 opera:
1270 1952 1672 2044 typographica:
1702 1977 1810 2035 lle-

223 2044 376 2111 gium
429 2047 674 2104 codicem
723 2053 880 2122 sequi
935 2055 1268 2127 maluerunt,
1336 2063 1567 2134 ideoque
1622 2068 1807 2125 Graace

219 2135 525 2193 omiserunt
547 2139 699 2208 illud,
730 2144 872 2213 quod
901 2145 1214 2218 interpretis
1243 2155 1422 2210 verbis
1443 2157 1755 2216 addideram
1784 2183 1799 2220 :

224 2245 244 2276 ι
280 2227 546 2285 Est'enim
586 2232 824 2301 perfecta
846 2238 1070 2306 malitia,
1095 2256 1220 2298 cum
1245 2246 1381 2314 quis,
1411 2266 1430 2300 ›
1463 2259 1571 2305 etc.
1607 2252 1801 2309 Τελεία

216 2318 333 2391 γὰρ
361 2321 530 2376 κακία
561 2324 623 2377 τὸ
666 2327 759 2379 καὶ
795 2327 990 2402 γνώμῃ
1019 2332 1113 2386 καὶ
1140 2334 1401 2407 πράξεσιν
1430 2341 1764 2414 ἁμαρτάνειν
1782 2365 1795 2378 ·

213 2411 393 2482 ἣμισυ
428 2412 486 2467 δὲ
523 2414 640 2471 τοῦ.
689 2416 784 2473 Sic
816 2422 959 2475 enim
999 2434 1116 2479 erat
1144 2425 1202 2480 in
1233 2427 1302 2482 Η.
1332 2438 1386 2484 et
1421 2411 1631 2504 Anglic.
1663 2437 1798 2494 llinc

212 2504 570 2573 corrigendus
607 2518 690 2562 est
730 2507 975 2582 Procopii
1018 2514 1458 2578 Commentarius
1488 2539 1546 2594 p.
1577 2526 1668 2593 68,
1704 2533 1793 2599 qui

212 2593 334 2648 lucc
383 2595 435 2649 in
468 2601 847 2667 compendium
894 2605 1101 2676 redegit
1134 2624 1147 2659 :
1179 2609 1240 2663 τὸ
1279 2593 1688 2672 τέλειονίείπὼν
1720 2593 1793 2675 ’ὲν

207 2684 402 2758 κακίᾳ,
440 2688 524 2741 σοὶ
549 2688 609 2742 τὸ
639 2689 823 2746 λεῖπον
868 2693 928 2759 ἐξ
969 2697 1233 2769 ἀναλόγου
1266 2705 1540 2761 κατέλιπε.
1577 2711 1649 2764 Τὸ
1679 2713 1789 2786 γὰρ

203 2776 374 2849 ἔργον
400 2779 615 2847 τελειοῖ,
648 2784 681 2853 ἡ
713 2782 770 2837 δὲ
802 2785 901 2856 τῆς
927 2786 1163 2855 διανοίας
1184 2792 1329 2866 ὁρμὴ
1359 2797 1576 2870 ἀτελής.

279 2867 396 2925 Col.
425 2870 534 2928 505
555 2873 595 2928 C
624 2875 712 2931 l5.
751 2878 861 2931 Καὶ
894 2879 965 2934 ἐν
989 2881 1141 2952 ἐμοί.
1166 2883 1290 2941 Ηωο
1322 2867 1546 2946 aberant
1570 2894 1638 2948 ab
1655 2910 1785 2965 apo-

200 2961 414 3030 grapbo
439 2963 653 3034 Anglic.
689 2982 810 3037 qua:
849 2984 917 3024 ex
972 2974 1136 3044 regiis
1195 2993 1323 3035 mss.
1360 2980 1422 3037 F.
1465 2994 1519 3038 et
1558 2985 1622 3040 ll.
1657 2961 1710 3042 et
1736 2986 1777 3041 Ι.

198 3047 531 3110 addidimus.
557 3057 711 3126 Apud
726 3058 989 3118 Joannem
1016 3080 1128 3131 xtv,
1158 3067 1250 3135 50,
1276 3081 1486 3128 tantum
1514 3076 1777 3134 habetur:

196 3143 316 3199 Καὶ
346 3144 418 3200 ἐν
447 3147 579 3217 ἐμοὶ
611 3151 722 3204 οὐκ
759 3152 884 3222 ἔχει
921 3155 1120 3211 οὐδέν’
1174 3161 1242 3214 Ει
1280 3163 1333 3216 in
1370 3181 1450 3219 me
1494 3185 1597 3222 non
1628 3172 1781 3226 habet

192 3238 503 3308 quidquam.
538 3240 790 3298 Testatur
821 3255 998 3302 tamen
1023 3249 1340 3309 Theodorus
1371 3255 1515 3313 Beza
1543 3260 1597 3315 in
1642 3263 1777 3318 duo-

192 3329 302 3384 bus
342 3332 740 3403 exemplaribus
785 3335 920 3392 Novi
962 3338 1294 3398 Testamenti
1345 3347 1534 3416 fuisse,
1583 3363 1643 3407 ut
1686 3354 1775 3411 hic

192 3421 328 3493 legit
368 3422 622 3492 Basilius,
683 3427 781 3498 οὐχ
835 3431 1082 3504 εὑρήσει,
1149 3454 1167 3487 ι
1200 3453 1305 3491 non
1355 3441 1654 3498 inveniet.»
1692 3446 1769 3502 Ita

191 3513 519 3583 loquebatur
559 3526 615 3572 et
655 3519 847 3575 beatus
907 3522 1171 3580 Martinus
1222 3536 1384 3586 morti
1436 3537 1714 3599 proximus
1752 3559 1765 3595 :

189 3623 212 3655 ι
239 3603 380 3671 Quid
412 3607 614 3674 adstas,
665 3617 886 3665 cruenta
922 3612 1135 3668 bestia?
1164 3616 1303 3672 Nihil
1346 3620 1399 3675 in
1439 3638 1526 3679 me
1564 3624 1766 3684 funesti

186 3695 451 3765 reperies.
477 3714 496 3747 ι
534 3696 767 3754 Severus
795 3700 849 3755 in
883 3699 1007 3757 Vita
1034 3704 1098 3759 S.
1136 3706 1307 3764 Mart.

257 3784 375 3840 Col.
416 3786 520 3842 507
570 3787 615 3841 Ι)
645 3790 699 3844 1.
739 3790 1011 3848 Semilam.
1040 3794 1139 3852 Hic
1162 3802 1449 3868 repetierat
1495 3807 1763 3878 interpres

179 3876 326 3932 banc
348 3879 669 3935 sententiam
694 3889 948 3951 tanquam
984 3896 1163 3943 textus
1187 3902 1420 3961 partem,
1442 3913 1616 3968 neque
1637 3876 1759 3956 cum

177 3969 506 4038 praecedenti
525 3974 769 4028 membro
796 3976 1149 4045 conjunxerat
1174 3997 1188 4047 ;
1213 3984 1313 4038 hoc
1337 3987 1477 4040 enim
1508 3991 1611 4045 sibi
1646 3994 1760 4047 vult

176 4068 391 4125 auctor,
422 4073 537 4125 eos,
577 4062 668 4128 qui
708 4075 905 4132 praeter
936 4070 1185 4124 meritum
1219 4074 1459 4144 laudant,
1501 4083 1753 4140 semitam

174 4148 373 4216 pedum
411 4153 776 4219 conturbare,
813 4164 867 4210 et
902 4168 960 4212 ut
998 4159 1076 4213 ait
1124 4160 1456 4235 Procopius,
1489 4171 1751 4243 Συνέχεον

169 4238 355 4292 αὐτῶν
391 4240 493 4305 τὰς
529 4242 702 4312 ὀδοὺς,
734 4248 855 4310 ταῖς
891 4252 1069 4313 σκιαῖς
1117 4253 1471 4327 ὲναπομεῖναι
1498 4238 1749 4318 κελευον-

167 4345 283 4394 τες.
323 4349 342 4382 ι
369 4330 494 4386 Vias
521 4347 707 4389 eorum
726 4335 1142 4408 confundebant,
1171 4347 1262 4413 qui
1300 4349 1504 4406 umbris
1530 4357 1748 4424 acquie-
1779 4371 1825 4429 ι)

166 4435 325 4475 scere
356 4421 663 4493 jubebant;
698 4444 717 4478 ι
756 4427 1021 4498 siquidem
1052 4433 1112 4486 τὸ
1153 4439 1506 4510 μακαρίζειν,
1534 4421 1637 4500 etsi
1678 4450 1747 4504 ad

166 4511 401 4569 verbum
424 4528 813 4587 nonnunquam
835 4533 995 4576 sonat
1017 4523 1232 4581 beatum
1262 4532 1483 4588 reddere
1515 4538 1595 4591 vel
1624 4539 1747 4595 bea-

167 4603 401 4669 tiﬁcare,
429 4613 488 4658 ut
537 4607 781 4663 ediderat
830 4611 1130 4684 interpres;
1191 4618 1507 4693 plerumque
1563 4638 1742 4687 tamen

163 4692 382 4747 beatum
409 4693 649 4764 judicare
675 4698 760 4753 vel
791 4701 1090 4769 praedicare
1111 4706 1252 4773 apud
1285 4692 1541 4778 profanos
1574 4719 1740 4774 etiam

161 4792 415 4840 auctores
449 4785 734 4854 signiﬁcat,
776 4794 920 4847 unde
960 4795 1235 4853 Aristoteli
1265 4817 1283 4855 ι
1311 4801 1524 4861 Rhetor.
1552 4824 1739 4878 μακα-

161 4874 360 4945 ρισμός
389 4885 446 4931 et
476 4876 895 4952 εὑδαιμονισμός
927 4884 1256 4946 laudationis
1292 4874 1576 4967 praecipuae
1611 4916 1738 4972 spe-

158 4967 272 5022 cies
286 4976 433 5022 sunt.
451 4968 542 5025 Sic
572 4980 626 5025 et
650 4972 1014 5034 Ecclesiastici
1037 4995 1115 5046 χι,
1143 4981 1214 5036 50
1250 5001 1265 5038 :
1294 4987 1416 5055 Πρὸ
1436 4967 1728 5066 τεπυτῆς

152 5057 240 5127 μὴ
268 5058 555 5129 μακάριζε
589 5063 842 5132 μηδένα.
878 5069 1013 5126 Ante
1048 5084 1267 5130 mortem
1313 5095 1629 5152 quemquam

155 5149 339 5204 laudes
359 5152 639 5209 hominem.
672 5155 893 5229 Vulgata
920 5175 1133 5233 quoque
1148 5164 1299 5222 Isaiae
1323 5185 1407 5236 ιιι,
1433 5149 1523 5242 lé,
1553 5175 1659 5241 Qui
1681 5190 1729 5235 te

155 5239 363 5293 beatum
392 5241 572 5297 dicunt
596 5245 697 5313 ipsi
726 5256 775 5301 te
807 5252 1094 5319 decipiunt.
1119 5254 1236 5312 Vox
1270 5261 1472 5332 quippe
1493 5239 1720 5326 Hebraea

152 5340 286 5390 nam
317 5347 423 5386 non
449 5335 591 5388 aliud
617 5348 796 5404 sonat,
847 5352 905 5394 ut
934 5345 1066 5411 psal.
1094 5362 1260 5403 cxuu
1279 5391 1297 5417 ,
1325 5353 1432 5408 15:
1474 5357 1723 5426 Ἐμακάο

147 5439 331 5489 pta-ar
369 5424 478 5478 τὸν
506 5427 680 5494 λαόν,
716 5431 919 5487 beatum
964 5436 1210 5494 dixerunt
1255 5424 1559 5512 populum}
1594 5468 1725 5509 non-

153 5529 423 5582 nunquam
474 5526 650 5574 tamen
705 5524 1030 5594 μακαρίζειν
1074 5528 1290 5586 beatum
1339 5534 1514 5594 facere
1554 5540 1723 5598 inter-

149 5613 392 5672 pretatur
417 5603 547 5662 Itala
574 5621 747 5677 vetus,
772 5625 827 5668 ut
855 5618 986 5685 psal.
1021 5635 1107 5688 ιιι,
1141 5622 1174 5674 2
1206 5642 1218 5677 :
1247 5627 1353 5679 Καὶ
1388 5634 1716 5701 μακαρίσαι

1460 226 1550 281 AD
1585 227 1936 289 COMMENT.
1978 235 2045 290 IN
2081 236 2334 298 lSAlAM.

3391 274 3531 331 1094

1870 351 1914 407 Α
1939 349 2128 405 αὑτὸν
2145 353 2216 407 ἐν
2235 354 2308 424 τῇ
2332 357 2436 428 γῇ.
2461 359 2528 415 Ει
2556 362 2761 421 beatum
2781 369 2945 438 faciat
2965 392 3083 430 eum
3113 379 3165 433 in
3191 389 3354 439 terra.
3381 386 3536 443 Chal-

1948 441 2066 496 daea
2092 446 2271 502 versio
2302 449 2522 518 ibidem,
2549 452 2621 509 Et
2646 458 2791 514 dabit
2809 463 2859 515 ei
2889 465 3258 527 beatitudinem
3283 474 3339 528 in
3362 487 3528 538 terra.

1945 531 2003 586 S.
2036 532 2412 608 Hieronymus,
2451 553 2501 598 et
2531 546 2714 605 beatus
2749 554 2854 608 erit
2889 557 2942 611 in
2975 567 3120 615 terra

2011 624 2128 683 Col.
2166 627 2271 684 515
2335 633 2382 685 A
2420 634 2509 689 14.
2560 641 2680 696 Non
2725 646 2864 698 enim
2903 657 2979 702 est
3004 651 3177 719 judic.
3213 654 3527 718 Lectionem

1938 713 2080 771 hanc
2124 718 2185 773 F.
2215 738 2316 777 ms.
2360 728 2703 795 exprimebat
2743 737 2826 790 his
2850 713 3029 797 verbis
3075 713 3521 816 Tilmattttus,l)b

1936 806 2046 878 γὰρ
2072 810 2167 863 τοῦ
2201 814 2479 884 κρίνοντὸς
2522 820 2639 877 ἐστι
2677 826 2816 895 μετὰ
2839 830 2947 886 τῶν
2989 838 3326 908 κρινομένων
3370 806 3522 914 ἔρχε-

1936 896 2060 950 σθαι
2106 901 2246 972 πρὸς
2287 906 2490 976 κρίσιν,
2520 911 2656 967 ἀλλὰ
2704 917 2843 987 μετὰ
2889 920 2998 976 τῶν
3029 896 3368 999 κρινομένων
3399 896 3521 1005 ξίέτν

1932 987 2178 1060 ἀλλήλων
2210 1010 2268 1047 α.
2305 1012 2363 1048 π.
2396 1016 2455 1052 π.
2491 1017 2582 1071 κρ.
2634 1022 2654 1055 ι
2685 1004 2802 1061 Νοιι
2859 1012 3003 1066 enim
3049 987 3514 1092 iitterestjudicis,

1916 1537 2143 1611 Anglico
2172 1554 2289 1601 est:
2317 1548 2432 1602 ἀλλ’
2458 1553 2555 1605 ἐπὶ
2580 1555 2658 1627 τῷ
2684 1557 3057 1633 διακριθῆναι,
3096 1537 3123 1619 ι’
3143 1571 3236 1626 sed
3271 1583 3328 1627 ut
3352 1537 3502 1641 judi;

1916 1632 2001 1686 cio
2029 1640 2340 1707 contendat,
2370 1662 2389 1696 ι
2421 1647 2502 1700 vel
2536 1666 2555 1698 ι
2588 1658 2646 1702 ιιι
2662 1649 2870 1719 judicio
2889 1632 3220 1727 erperiatur.
3264 1682 3284 1715 ι
3317 1666 3364 1718 Α
3392 1666 3500 1723 Re-

1914 1722 2001 1791 gio
2030 1724 2098 1779 ll.
2144 1728 2287 1786 istud
2324 1734 2577 1792 ultimum
2615 1744 2829 1810 penitus
2861 1722 3072 1804 aberat.
3104 1751 3185 1806 Ex
3215 1756 3402 1811 eodem
3441 1722 3497 1812 et

1911 1813 1950 1866 l.
1985 1815 2046 1871 F.
2083 1819 2150 1875 A.
2186 1823 2830 1907 addidimus'inlerpreta
2845 1837 2977 1894 tioui
3016 1844 3212 1912 pagina
3245 1851 3490 1917 sequenti

1919 1922 1941 1958 ι
1962 1918 2015 1963 et
2050 1914 2300 1970 mercede
2327 1920 2628 1993 conductis,
2661 1944 2680 1977 ι
2711 1937 2842 1995 ete.,
2868 1945 2989 2001 quas
3021 1934 3235 1993 fuerant
3258 1914 3489 2010 praster-

1908 1999 2090 2056 missa.

1974 2095 2092 2151 Col.
2143 2101 2248 2156 517
2293 2105 2334 2158 A
2366 2106 2419 2162 8.
2462 2110 2594 2166 Ἐπὶ
2631 2113 2713 2180 τῷ
2728 2115 2906 2175 κάτω.
2945 2120 3166 2179 Rectius
3193 2125 3247 2180 in
3274 2126 3414 2184 H.et
3438 2127 3481 2186 ι.

1902 2187 1995 2240 ἐπὶ
2019 2190 2078 2243 τὸ
2112 2191 2263 2248 κάτω
2284 2237 2299 2262 ,
2329 2201 2474 2267 quod
2499 2202 2770 2272 adjectum
2803 2219 2886 2266 est
2918 2218 3225 2286 apograpbo
3251 2217 3482 2293 Anglico

1900 2279 1988 2334 bic
2014 2283 2240 2353 mutilo;
2267 2289 2366 2343 sed
2414 2297 2781 2363 expunximus
2808 2315 2838 2355 a
2869 2305 3116 2359 versione
3161 2308 3281 2365 sine
3313 2326 3479 2368 causa

1900 2374 2183 2440 repetitum
2225 2377 2374 2448 illud,
2439 2401 2458 2434 ι
2494 2396 2691 2443 terram
2724 2405 2933 2448 versus.
2965 2413 2986 2446 ι
3030 2396 3197 2454 Paulo
3228 2412 3350 2469 post
3380 2405 3472 2459 ubi

1896 2461 1962 2515 de
1989 2463 2240 2523 basilisco
2262 2472 2462 2542 agitur,
2497 2478 2759 2548 scriptum
2789 2496 2930 2553 erat,
2974 2506 2994 2540 ι
3024 2503 3148 2544 cum
3175 2493 3290 2549 solo
3312 2510 3474 2564 aspe-

1893 2563 1983 2607 ctu
2017 2571 2401 2631 corrumpere;
2434 2584 2453 2617 ι
2475 2578 2531 2622 at
2567 2568 2906 2647 διαφθείρειν
2933 2579 3021 2635 hic
3048 2592 3133 2638 est
3152 2600 3172 2634 ι
3202 2563 3417 2643 necare.
3449 2608 3472 2644 ι

1890 2643 2010 2700 Νοιι
2039 2648 2183 2703 enim
2226 2653 2399 2708 solum
2435 2657 2626 2727 inlicit,
2658 2665 2754 2718 sed
2786 2643 3060 2727 interﬁcit.
3100 2673 3328 2735 Plinius.
3370 2643 3470 2737 lib.

1889 2750 2081 2802 xxvm,
2107 2755 2229 2810 cap.
2266 2743 2321 2807 4,
2350 2743 2600 2805 Historia:
2616 2768 2635 2806 :
2660 2771 2679 2805 ι
2701 2754 2966 2827 Basilisci,
2991 2779 3153 2833 quam
3169 2769 3331 2825 etiam
3354 2786 3474 2828 ser-

1887 2837 2078 2895 pentes
2106 2830 2207 2901 ipsi
2235 2832 2451 2905 fugiunt
2491 2842 2625 2898 alios
2673 2846 2878 2904 olfactu
2911 2830 3219 2924 necantem,
3246 2862 3336 2929 qui
3363 2863 3468 2918 ho-

1886 2919 2112 2988 minem,
2145 2926 2228 2979 vel
2268 2928 2313 2982 si
2350 2932 2579 3000 aspiciat
2614 2944 2846 3008 tantum,
2892 2943 3089 3001 dicitur
3118 2948 3458 3020 interimere.

1883 3014 2204 3082 sanguinem
2264 3022 2402 3089 magi
2451 3025 2602 3082 miris
2633 3027 2883 3088 laudibus
2921 3035 3253 3096 celebrant.»
3282 3044 3456 3115 Idem,

1883 3099 1974 3156 lib.
2002 3121 2124 3171 vm,
2144 3123 2263 3179 cap.
2285 3109 2375 3178 2i,
2410 3127 2621 3184 narrat,
2650 3131 2705 3175 et
2737 3121 3094 3193 Cyrenaicam
3120 3137 3461 3202 provinciam

1881 3205 2006 3246 eum
2038 3211 2303 3266 generare
2335 3219 2412 3260 xu
2456 3208 2747 3279 digitorum
2788 3232 2899 3273 non
2929 3223 3159 3291 amplius
3187 3229 3457 3300 magnitu-

1879 3281 2043 3352 dine;
2079 3286 2330 3348 Elianus
2363 3297 2526 3352 etiam
2560 3300 2654 3359 lib.
2693 3320 2753 3374 ιι,
2788 3323 2910 3378 cap.
2950 3311 2985 3366 5
3010 3281 3129 3377 De
3152 3281 3457 3389 omnia-libi,

1871 3572 1959 3621 νος
1982 3560 2010 3611 ὁ
2039 3560 2147 3615 τῶν
2168 3562 2647 3669 ὄφεωννμήκιστος
2672 3560 2928 3638 αὑτὸν-ὲκ
2952 3589 3050 3659 τῆς
3078 3592 3172 3646 τοῦ
3198 3560 3454 3669 φυσήμα-

1866 3659 1959 3709 τος
1990 3650 2296 3724 προσϐολῆς
2314 3649 2472 3723 οὗτός
2501 3664 2638 3718 ἐστι.
2673 3686 2693 3719 ι
2728 3669 2822 3725 νει
2842 3649 3153 3744 serpentum
3176 3649 3447 3744 uiaxiibus

1867 3734 2009 3793 illius
2020 3755 2240 3809 aspectu
2262 3750 2448 3804 statim
2481 3758 2864 3826 exspirationis
2885 3734 3110 3837 appulsu
3131 3779 3434 3834 torrescita

1867 3824 1972 3882 Sed
2006 3830 2099 3887 lib.
2137 3850 2219 3900 ιιι,
2252 3854 2372 3909 cap.
2406 3842 2496 3908 51,
2525 3824 2839 3910 basiliscum
2872 3824 3109 3919 aitviso

1865 3929 2121 3991 tremere,
2154 3938 2208 3983 et
2238 3934 2423 3989 audito
2452 3936 2600 3993 illius
2630 3954 2816 4011 cantu,
2852 3957 3059 4009 terrore
3089 3970 3435 4026 concussum,

1851 4378 2079 4444 gendum
2102 4397 2166 4435 ex
2190 4383 2255 4440 ll.
2281 4386 2317 4441 l.
2346 4390 2438 4454 A.,
2470 4407 2578 4447 non
2609 4407 2666 4449 ιιι
2696 4410 2816 4454 erat
2846 4403 2900 4457 in
2922 4378 2994 4457 'F.
3028 4408 3141 4462 εἴτε
3165 4410 3223 4464 δὲ
3249 4378 3430 4486 p5,}:

3249 4465 3262 4483 I
3302 4465 3347 4486 'l'
3380 4465 3430 4470 ’⁷

1844 4465 2222 4540 ἐνεκαλοῦντο,
2256 4480 2397 4534 unde
2425 4488 2691 4550 expressit
2710 4491 3000 4562 interpres,
3030 4517 3050 4550 ι
3070 4501 3151 4555 An
3173 4519 3278 4559 non
3308 4507 3432 4563 ﬁliae

1842 4559 2006 4612 etiam
2041 4560 2299 4622 Ecclesia:
2327 4570 2397 4626 ob
2436 4576 2626 4630 eadem
2658 4578 2713 4633 in
2742 4583 2831 4649 jus
2858 4559 3065 4643 vocata:
3097 4603 3243 4650 sunt.
3283 4614 3302 4648 ι
3346 4598 3427 4653 Ex

1843 4646 2030 4704 iisdem
2061 4667 2190 4708 mss.
2217 4658 2496 4718 codicibus
2520 4671 2860 4728 correximus
2889 4678 3052 4743 paulo
3074 4693 3200 4739 ante
3228 4686 3282 4741 in
3306 4687 3423 4743 Au-

1837 4736 1978 4805 glico
2007 4748 2321 4815 apograpbo
2353 4754 2671 4813 mendosum
2705 4760 2856 4830 illud,
2880 4736 2979 4831 ’ξὰς
3015 4736 3422 4844 ἀρχηγοδς-αδ-

1835 4826 1942 4881 τῶν
1983 4831 2083 4895 τὰς
2121 4833 2428 4911 θυγατέρας
2455 4845 2616 4902 Σιών.
2656 4851 2763 4906 Sed
2802 4826 3240 4924 quamvislrelcte
3270 4826 3420 4926 'scri-

1833 4928 1983 4987 ptum
2012 4936 2185 4993 esset,
2217 4933 2376 4997 paulo
2416 4949 2537 5004 post
2576 4940 2634 4996 in
2661 4942 2727 4997 F.
2756 4947 2994 5014 παιδιαῖς
3028 4955 3319 5027 ἀσέμνοις,
3356 4978 3417 5018 se

1828 5004 2025 5080 legisse
2044 5020 2562 5096 putavitinterpres,
2614 5033 2911 5105 παιδείαις,
2948 5058 3004 5095 se
3023 5004 3221 5103 dedunt
3260 5004 3412 5108 inito-

1835 5103 1993 5157 neslis
2028 5105 2347 5176 disciplinis.

1896 5192 2014 5250 Col.
2034 5196 2139 5289 5l9
2155 5199 2198 5253 Β
2231 5200 2316 5259 10.
2335 5203 2431 5261 Est
2449 5211 2609 5279 igitur
2626 5218 3113 5284 opus.Sustulimus
3131 5241 3313 5288 notam
3327 5235 3409 5289 in-

1835 5287 2240 5355 terrogationis,
2266 5307 2427 5362 quam
2447 5298 2636 5358 Graeca
2662 5320 2768 5361 non
2790 5323 3115 5382 agnoscunt,
3146 5328 3202 5373 et
3220 5335 3405 5378 emen-

1827 5372 2073 5431 davimus
2097 5393 2162 5434 ex
2191 5381 2376 5454 Regiis
2408 5393 2550 5458 quod
2577 5407 2696 5451 erat
2721 5397 2774 5453 in
2808 5402 3054 5472 Anglico,
3078 5409 3176 5462 xui.
3204 5411 3402 5479 οἵτινες

1824 5463 1981 5534 ἡμῶν
2022 5468 2128 5522 τῶν
2170 5479 2466 5548 τιμωμέν.,
2499 5496 2555 5539 et
2603 5489 3006 5553 immutavimus
3051 5500 3181 5557 illud
3230 5504 3400 5561 inter-

1823 5557 1989 5622 pretis
2017 5577 2031 5613 :
2062 5580 2079 5611 ι
2103 5562 2252 5629 Quod
2283 5568 2444 5639 igitur
2463 5589 2546 5630 est
2573 5594 2708 5649 opus
2739 5585 2988 5643 Domini“!
3009 5590 3269 5650 Revelare
3294 5597 3396 5652 ba-

1820 5643 2030 5715 bitum;
2078 5667 2128 5708 et
2177 5656 2357 5729 itaque
2405 5665 2547 5722 inter
2592 5689 2689 5728 nos
2742 5676 2788 5730 si
2842 5678 3045 5737 honore
3095 5686 3396 5742 adiciantur
