3816 6210
438 344 578 401 1095

1605 335 1813 391 NOTAE
1853 334 2247 393 FllONTONlS
2290 333 2519 390 DUCzEt

3568 335 3591 387 1
3604 333 3708 390 096

433 459 538 516 hoc
572 463 854 527 prtetextu.
891 472 911 506 ι
956 452 1119 506 Paulo
1162 459 1285 520 post
1329 458 1621 505 annotarat
1662 451 2007 504 doctissimus
2037 460 2081 513 Α
2112 450 2157 506 ll
2181 449 2507 517 Paralipom.
2530 447 2680 511 ttt,5,
2709 446 3075 516 5r.tt:5:eré:t'
3101 446 3289 502 αὑτοῦ
3307 445 3708 516 etalt-macta!

435 544 749 601 Tiltnannus
771 558 867 613 pro
886 539 1296 613 καλυφθήσεται
1327 541 1377 593 in
1403 537 1464 592 F.
1497 538 1876 609 corrigendum
1898 539 2022 590 ἀνα-

434 636 872 707 καλυφθήσεται·
921 634 1013 688 sed
1051 633 1189 686 alter
1212 631 1413 701 Regius
1439 641 1495 684 ct
1522 629 1565 685 1.
1597 639 1652 684 et
1678 629 1816 699 Angl
1869 629 2022 683 exhi—

436 729 602 784 buere
634 728 891 795 scriptum
919 726 1030 778 οὐκ
1066 720 1663 791 ἀποκαλυφθήσεται,
1691 733 1745 776 ιιι
1768 733 1851 776 cst
1877 720 2016 775 Mat-

438 819 561 873 tbtei
593 833 648 882 x,
678 816 767 880 9.6,
790 828 844 870 et
873 815 1032 869 Luca:
1059 830 1156 876 χιι,
1183 813 1238 867 2.

505 909 623 964 Col.
669 907 776 964 522
835 908 876 963 C
927 909 976 961 l.
1027 906 1207 959 Nemus
1246 905 1520 975 quosdam.
1554 901 1881 973 Κοσύμδους
1923 918 2020 956 ex-

435 1003 589 1072 p0nit
635 1013 845 1065 auctor,
888 998 1229 1069 ἀποδέσμους
1259 996 1411 1059 τινὰς
1437 994 1547 1048 τῶν
1593 995 1843 1067 κροσσῶν
1886 1010 2020 1063 quos

438 1094 708 1162 interpres
738 1101 1003 1155 verterat,
1041 1109 1059 1141 t
1090 1089 1355 1158 quasdam
1386 1086 1639 1141 lasciolas
1669 1086 1899 1140 ﬁmbriis
1931 1101 2018 1139 as-

438 1195 609 1250 sutas,
643 1184 695 1236 id
725 1192 829 1245 est,
862 1190 1041 1235 vestes
1090 1180 1393 1233 ﬁmbriatas
1434 1192 1554 1232 cum
1586 1177 2017 1247 appendentibus

440 1274 832 1328 tintinnabulis.
866 1289 885 1322 ι
928 1271 986 1325 8.
1028 1270 1410 1339 Hieronymus.
1446 1268 1605 1337 epist.
1645 1267 1769 1330 150,
1825 1281 2015 1319 nume-

368 1350 371 1353 »
441 1374 527 1420 rat
556 1366 696 1419 inter
727 1364 1049 1418 vestimenta
1087 1360 1448 1416 sacerdotalia
1485 1359 1936 1429 superhumerale
1965 1366 2018 1411 et

443 1458 653 1511 tunicas
706 1453 1065 1526 κοσυμϐωτάς
1124 1462 1175 1507 et
1226 1452 1478 1515 cidarim,
1521 1451 1573 1505 in
1627 1465 1788 1519 quem
1842 1450 2016 1504 locum

442 1548 683 1603 scribens
707 1545 982 1599 Marianos
1005 1542 1294 1608 Victorius,
1317 1542 1475 1595 docet
1505 1540 1833 1594 ﬁmbriatum
1859 1541 2016 1595 vesti-

444 1648 683 1691 mentum
744 1633 1070 1704 signiﬁcari,
1118 1634 1261 1703 quod
1315 1631 1617 1702 Hesychius
1665 1631 2017 1701 κοσυμϐωτὸν

443 1725 751 1800 κροσσωτόν
776 1727 1149 1795 interpretetur
1166 1764 1180 1789 ,
1203 1725 1371 1788 idest,
1393 1724 1744 1790 ﬁmbriatum,
1765 1735 1817 1777 et
1842 1724 2013 1777 Exodi

443 1837 650 1885 xxvttt,
705 1819 792 1873 ubi
842 1817 1066 1887 Vulgata
1122 1816 1323 1871 lineam
1379 1817 1638 1886 scriptam
1705 1816 2019 1879 transtulit,

442 1910 629 1966 Graece
685 1920 769 1963 est
825 1906 1180 1978 κοσυμϐωτόν
1217 1921 1232 1935 ο
1263 1906 1351 1959 alii
1405 1906 1615 1959 malunt
1667 1904 2021 1973 κοσυμϐωτόν

444 2003 551 2055 dici
587 2002 823 2055 tunicam
859 2001 1012 2053 nodis
1042 1998 1394 2053 substrictam
1415 2038 1430 2063 ,
1460 2006 1515 2049 et
1551 2007 1827 2064 exponunt
1852 1995 2021 2051 Exodi

442 2109 644 2156 xxvm,
686 2092 951 2163 κόσυμδοι
1001 2091 1111 2144 τῶν
1160 2089 1401 2162 χιτώνων
1462 2092 1527 2143 ὲκ
1572 2089 1805 2159 βύσσου,
1846 2108 1866 2142 ι
1901 2090 2022 2144 nodi

449 2189 755 2241 tunicarum
783 2201 851 2239 ex
889 2188 1069 2255 bysso.
1105 2202 1123 2235 ι
1167 2182 1330 2237 Certe
1370 2182 1560 2236 Pollux
1594 2183 1687 2235 lib.
1723 2198 1783 2246 tt,
1815 2196 1936 2252 cap.
1966 2183 2020 2249 '5,

444 2276 727 2347 κοσύμϐην
770 2291 866 2345 pro
900 2276 1133 2330 crinium
1168 2277 1308 2329 nodo
1352 2274 1522 2343 accipi
1554 2276 1828 2339 admonet,
1862 2288 2020 2343 quem

445 2368 724 2441 κρὼϐυλον
756 2368 934 2436 potius
961 2368 1139 2420 Attice
1168 2366 1283 2419 vult
1316 2366 1574 2435 appellari
1610 2383 1622 2418 :
1660 2364 1929 2435 Ἔτρεφον
1964 2364 2022 2417 δέ

445 2476 588 2523 τινες
613 2461 676 2511 ὲκ
709 2457 938 2525 πλαγίου
968 2457 1146 2527 κόμην
1192 2456 1226 2525 ἦ
1284 2455 1514 2508 κατόπιν
1552 2454 1585 2525 ἢ
1618 2455 1759 2525 ὑπὲρ
1800 2455 1861 2507 τὸ
1895 2455 2025 2525 μέτ-

446 2568 617 2615 ωπον,
632 2566 765 2602 ποτα
773 2549 939 2621 μοίςῆ
961 2549 1121 2611 θεοῖς,
1139 2548 1233 2600 καὶ
1249 2546 1562 2617 ὠνομάζετο
1583 2545 1821 2616 πλοχμὺς
1842 2545 1874 2616 ἢ
1899 2546 2024 2597 σκό-

446 2642 543 2706 λυς
577 2642 610 2713 ἢ
646 2641 801 2713 σειρὰ
826 2640 1029 2712 τριχῶν
1052 2656 1066 2669 ·
1095 2639 1349 2710 κοσύμδη
1381 2638 1426 2690 δ’
1442 2639 1542 2691 οὐκ
1577 2637 1855 2701 Ἀττικὸν,
1888 2635 2025 2689 ἀλλὰ

446 2734 748 2807 κρώΰυλος·
786 2752 804 2785 ι
836 2731 1160 2787 Nutriebant
1185 2747 1315 2786 vero
1349 2745 1561 2784 comam
1594 2730 1811 2799 quidam
1846 2730 1897 2781 in
1927 2731 2024 2783 ob-

448 2828 650 2898 liquttm
669 2835 1005 2893 vergentem,
1024 2834 1118 2877 aut
1140 2838 1303 2893 super
1323 2833 1553 2892 tergum,
1577 2832 1670 2876 aut
1690 2837 1854 2892 super
1874 2820 2023 2875 fron-

448 2928 577 2985 tem,
609 2916 920 2971 lluminibus
942 2926 1037 2970 aut
1066 2916 1169 2970 diis
1195 2923 1591 2980 consecratam,
1632 2930 1751 2983 qua:
1783 2914 2025 2985 πλοχμός

448 3021 542 3065 aut
583 3010 778 3073 σκόλυς
820 3008 1222 3064 nominabatur.
1256 3005 1369 3061 Non
1406 3008 1552 3062 enim
1595 3007 1882 3079 κοσύμδη,
1931 3008 2023 3062 sed

447 3100 748 3173 κρώῦυλος,
786 3102 1085 3154 Atticorum
1121 3106 1226 3154 est.
1260 3117 1279 3149 ι
1327 3097 1387 3151 S.
1418 3098 1753 3167 Augustinus
1780 3101 1832 3150 in
1867 3097 2025 3162 Qua:-

2126 539 2423 610 χαλαστά.
2455 537 2555 594 Ubi
2587 537 2815 610 Vulgata
2847 539 2968 594 Lat.
3000 536 3370 608 :Sculpsitque
3408 541 3463 592 in
3495 557 3560 593 ea
3585 541 3705 609 pal-

2127 649 2261 695 mas,
2283 640 2334 684 et
2358 631 2511 701 quasi
2535 630 2808 683 catenulas
2835 646 2889 682 se
2913 629 3137 683 invicem
3160 628 3559 700 complectentes
3587 646 3608 684 :
3643 631 3710 685 ad

2138 722 2386 784 verbum,
2418 718 2663 772 laxatiles
2685 727 2805 771 sunt
2835 725 3055 770 catenw.

2199 812 2316 867 Col.
2330 811 2439 866 223
2458 813 2503 864 Α
2524 811 2607 865 10.
2636 808 2930 878 Supercilia
2945 809 3131 879 pingit.
3158 807 3567 863 lmmutavimus
3586 808 3715 862 illud

2128 907 2353 974 interpr.
2383 922 2397 959 :
2434 923 2452 956 ι
2484 905 2688 958 Similis
2711 903 2852 957 lunae
2875 903 2931 957 in
2964 917 3167 957 cornua
3191 901 3397 957 inﬂexa:
3415 903 3714 971 supercilia

2127 1014 2223 1049 suo
2253 996 2455 1050 ambitu
2485 996 2694 1050 circum
2741 994 2930 1049 oculos
2968 992 3335 1063 amplectitur.
3367 1014 3386 1046 ι
3426 994 3723 1063 Significat

2126 1084 2386 1151 Basilius,
2419 1085 2679 1140 delineari
2706 1085 2911 1139 circum
2934 1084 3118 1140 oculos
3139 1085 3445 1155 supercilia,
3480 1097 3539 1139 ut
3566 1087 3722 1139 velut

2128 1178 2177 1230 in
2205 1192 2390 1231 arcum
2425 1177 2607 1230 lunata
2648 1175 2770 1231 illos
2815 1176 3077 1231 ambiant.
3126 1176 3184 1230 S.
3229 1175 3595 1247 Hieronymus
3624 1191 3718 1245 ep.

2129 1268 2236 1320 li):
2283 1285 2301 1318 ι
2345 1265 2462 1321 Νοιι
2515 1267 2699 1321 habuit
2743 1267 3040 1321 stridentes
3078 1267 3369 1335 calceolos,
3411 1283 3512 1321 nec
3549 1269 3721 1321 orbes

2125 1359 2287 1413 stibio
2313 1357 2641 1428 fuliginatos.
2669 1374 2688 1407 ι
2720 1356 2892 1443 Ελιίει.
2920 1355 2990 1410 27
3016 1376 3029 1409 :
3059 1376 3077 1408 ι
3114 1357 3400 1427 Turpanda
3426 1368 3513 1412 est
3540 1356 3722 1410 facies

2125 1463 2283 1516 quam
2329 1464 2551 1503 cerussa
2600 1459 2656 1503 et
2695 1449 2859 1505 stibio
2899 1463 3042 1519 saepe
3072 1449 3353 1518 depinxLi
3388 1450 3446 1503 S.
3475 1446 3723 1503 Joannes

2124 1540 2548 1608 Chrysostomus
2578 1540 2630 1594 in
2663 1550 2900 1596 tractatu
2939 1556 2969 1594 a
3004 1543 3158 1595 nobis
3195 1542 3409 1611 vulgato
3436 1543 3503 1597 de
3538 1543 3599 1597 S.
3622 1540 3723 1597 Jo-

2126 1631 2291 1699 scplto
2316 1651 2330 1686 :
2354 1631 2559 1685 Μέλανι
2589 1632 2717 1696 τοὺς
2740 1631 3051 1703 ὀφθαλμοὺς
3074 1632 3490 1704 ὑπογράφουσα,
3530 1654 3549 1686 ι
3580 1650 3723 1690 ocu-

2130 1722 2212 1776 los
2259 1723 2420 1777 stibio
2457 1725 2731 1795 pingebat.
2764 1744 2782 1776 t
2832 1724 3216 1791 Tertullianus,
3248 1726 3320 1780 De
3359 1728 3502 1781 cultu
3556 1728 3725 1797 femi-

2058 1818 2096 1870 B
2125 1831 2334 1877 narum,
2374 1831 2495 1886 cap.
2520 1816 2554 1871 5
2584 1835 2598 1872 :
2631 1837 2647 1869 t
2680 1815 2810 1883 Qum
2837 1832 3002 1889 genas
3035 1819 3232 1873 rubore
3263 1820 3554 1886 maculant,
3582 1837 3725 1876 oeu-

2127 1908 2206 1961 los
2253 1902 2478 1978 fuligine
2530 1909 2936 1962 circumlinunt.
2964 1927 2983 1960 ι
3016 1908 3205 1964 Pollux
3235 1911 3328 1965 lib.
3366 1928 3419 1976 v,
3444 1929 3569 1984 cap.
3605 1914 3675 1968 16
3706 1938 3721 1970 :

2124 2000 2262 2063 Τοὺς
2290 2000 2604 2069 ὀφθαλμοὺς
2636 1999 2967 2070 ὑπογράφει,
2998 2001 3098 2064 τὰς
3123 2002 3295 2074 ὀφρῦς
3323 2003 3594 2074 μελαίνει,
3637 2007 3726 2069 εἰς

2122 2091 2387 2161 γραμμὰς
2400 2090 2743 2161 ἡμικυκλίων
2758 2093 3012 2163 περιάγει
3022 2110 3241 2165 γεωμετ
3249 2097 3331 2165 ρεῖ
3344 2095 3469 2166 περὶ
3482 2099 3575 2148 ἐπι
3585 2096 3690 2148 σκύ
3707 2127 3728 2137 -

2123 2196 2255 2234 νιον·
2288 2200 2307 2233 ι
2328 2180 2524 2237 Oculos
2541 2180 2729 2238 subtus
2752 2183 2942 2248 inlicit,
2963 2186 3247 2255 supercilia
3260 2188 3524 2257 dcttigt‘nl,
3544 2190 3727 2243 lineas

2122 2272 2551 2329 semicirculares
2604 2273 3007 2341 circumducit,
3052 2276 3284 2332 frontem
3339 2280 3649 2345 ditnetitur,
3688 2300 3710 2332 ι

2122 2363 2205 2417 vel
2233 2365 2433 2432 potius,
2464 2382 2483 2416 ι
2514 2366 2864 2435 geometriam
2911 2371 2963 2422 itt
3000 2370 3302 2436 superciliis
3332 2385 3574 2427 exercet.
3601 2392 3622 2423 ο

2194 2454 2307 2509 Col.
2335 2454 2463 2517 ⁵527,
2505 2457 2571 2510 A.
2613 2455 2663 2511 7.
2714 2456 2868 2521 Quod
2913 2470 3088 2514 autent
3125 2461 3349 2518 nemine.
3377 2462 3551 2516 Aliam
3584 2479 3722 2518 sen-

2126 2547 2348 2601 tentiam
2383 2547 2676 2601 exhibebat
2711 2549 2857 2603 edita
2906 2553 3110 2616 versio,
3149 2571 3167 2603 ι
3201 2549 3257 2606 Si
3289 2554 3506 2621 quidem
3548 2570 3721 2610 nemo

2123 2641 2271 2693 videt
2303 2656 2466 2693 ttnutn
2504 2641 2738 2709 aliquem
2772 2644 2999 2697 seorsim
3027 2656 3082 2698 et
3114 2647 3382 2714 privatam
3413 2647 3709 2718 degentem

2124 2730 2289 2783 vitam
2314 2740 2491 2785 vestes
2532 2731 2832 2787 luculentas
2871 2734 3247 2803 circumjicere
3272 2752 3369 2806 per
3396 2740 3562 2794 aedes.
3585 2739 3716 2794 Haec

2123 2822 2267 2875 enim
2301 2822 2582 2877 declarant
2613 2839 2896 2879 excessum
2929 2841 3173 2892 omnem,
3205 2844 3313 2897 quo
3350 2830 3466 2883 istm
3511 2832 3714 2886 abute-

2125 2913 2342 2967 bantur.
2374 2933 2394 2966 ι
2428 2915 2583 2980 Quod
2615 2929 2796 2971 autem
2836 2919 3032 2973 attinet
3064 2918 3130 2971 ad
3167 2919 3258 2972 illa
3291 2919 3561 2975 Laconica
3589 2923 3710 2990 pel-

2124 3004 2326 3072 lucida,
2364 3004 2421 3061 S.
2452 3007 2815 3078 Hieronymus
2842 3010 2917 3064 ait
2944 3011 3015 3064 ita
3043 3009 3187 3064 LXX
3218 3025 3338 3066 esse
3378 3012 3715 3081 interpreta-

2128 3106 2234 3164 tos,
2266 3099 2512 3154 volentes
2559 3101 2902 3155 tenuissimas
2935 3102 3242 3170 signiﬁcare
3270 3112 3473 3170 vestes,
3516 3106 3719 3173 quibus

446 3164 706 3246 siionibus
742 3191 797 3243 in
823 3189 1063 3243 Exodum
1090 3188 1184 3241 lib.
1221 3204 1282 3251 tt,
1310 3164 1678 3256 quaesiit”:
1714 3207 1735 3240 ι
1762 3188 2021 3243 Tunicam
2052 3164 2092 3219 Ο
2127 3190 2684 3256 Lacedaemoniorum,
2716 3194 2807 3262 qui
2858 3164 3077 3249 fuerunt
3128 3195 3194 3247 ad
3233 3196 3372 3249 bella
3409 3164 3710 3265 promptis-

447 3297 578 3336 vero
604 3295 727 3334 cum
762 3281 1018 3333 cornibus
1066 3279 1345 3333 honestius
1392 3287 1652 3347 putarunt
1703 3277 1883 3331 Latini
1938 3280 2022 3332 in-

450 3380 713 3442 terpretes
761 3371 887 3432 dici,
939 3385 1100 3439 quam
1147 3371 1191 3423 si
1238 3370 1501 3433 dicerent,
1536 3386 1653 3422 cum
1691 3371 1873 3434 cirris,
1934 3371 2023 3439 qui

449 3462 586 3515 bene
629 3460 909 3530 dispositis
958 3469 1280 3514 ornamento
1313 3454 1438 3515 esse
1479 3463 1718 3514 vestibus
1767 3462 1963 3516 solent.
2000 3482 2019 3514 ι

446 3552 583 3607 Cum
615 3553 778 3622 igitur
803 3552 968 3606 Exodi
997 3568 1191 3616 xxvttt,
1215 3552 1307 3616 53,
1344 3552 1610 3622 κόσυμὸοι
1640 3562 1767 3606 sunt
1795 3554 1920 3607 nodi
1951 3565 2028 3606 tu-

450 3642 692 3695 nicarum
724 3657 791 3696 ex
817 3648 1004 3712 bysso,
1038 3642 1290 3696 videntur
1320 3642 1740 3710 appellationem
1770 3641 1916 3694 nacti
1958 3655 2024 3693 ex

450 3732 807 3787 similitudine
830 3734 1067 3787 cirorutn
1100 3733 1184 3787 vel
1209 3733 1464 3798 crinium,
1490 3732 1582 3800 qui
1607 3742 1734 3785 sunt
1766 3733 1888 3787 nodi
1912 3736 2026 3787 sive

450 3840 622 3880 nexus
653 3825 1014 3893 capillorum;
1046 3832 1333 3893 propterea
1368 3838 1539 3877 nexus
1565 3825 1900 3876 ﬁmbriarum
1940 3825 2028 3877 hic

452 3917 891 3985 interpretamur.
948 3914 1113 3968 Paulo
1165 3924 1287 3983 post
1322 3912 1731 3985 ὲγκομὸώματα
1776 3911 2025 3984 κροσσῶν

450 4010 713 4061 vertimus
746 4025 765 4057 ι
798 4013 1048 4059 ornatum
1093 4004 1454 4068 ﬁmbriarum,
1485 4023 1505 4056 ι
1550 4008 1692 4072 quod
1744 4005 1888 4059 dicat
1923 4004 2023 4058 Pe-

457 4112 602 4163 trus,
634 4100 864 4168 Epistula
900 4114 944 4161 I,
982 4097 1050 4163 5,
1090 4095 1514 4167 ἐγκομϐώσασθε
1550 4096 1648 4163 τὴν
1676 4112 2028 4167 ταπεινοφροσ-

455 4190 641 4260 σύνην,
679 4208 698 4241 ι
734 4191 1091 4243 lmmilitateut
1136 4190 1426 4252 insinuate,
1459 4207 1478 4240 ι
1516 4189 1597 4242 vel
1629 4207 1648 4239 ι
1677 4197 1850 4241 estote
1884 4189 2027 4242 intus

456 4283 761 4336 humilitate
786 4282 963 4335 ornati
991 4300 1004 4335 :
1035 4300 1053 4333 ι
1074 4283 1212 4350 quod
1240 4291 1395 4336 vetus
1413 4281 1667 4336 Lexicum
1687 4280 2027 4351 ὲγκόμϐωμα

453 4385 684 4445 exponat
709 4374 905 4445 δεσμὸν
925 4372 1034 4426 τῶν
1063 4371 1337 4443 χειρίδων,
1370 4391 1388 4423 ι
1414 4388 1609 4427 nexum
1636 4374 1967 4427 manicarum
2002 4393 2021 4425 ι

454 4469 569 4520 sive
601 4467 769 4519 nodos
792 4466 1127 4517 ﬁmbriarum
1158 4464 1386 4518 manicis
1411 4474 1642 4517 assutos.
1673 4464 1779 4517 Alii
1818 4465 2024 4518 malunt

453 4553 879 4625 ἑγκωμὸώματα
902 4554 1005 4609 dici
1031 4554 1347 4607 vestimenta
1367 4554 1628 4620 qumdam,
1653 4564 1710 4606 ιιι
1727 4554 2027 4624 llcsychius

454 4648 730 4718 κόσυμϐον
758 4661 877 4700 esse
905 4646 1037 4699 dicit
1062 4644 1402 4716 ἐγκόμδωμα
1430 4645 1523 4699 καὶ
1551 4645 1836 4717 περίζωμα
1860 4645 1995 4713 Αίγύ
2012 4675 2027 4685 -

454 4756 630 4805 πτιον,
669 4757 688 4790 ι
713 4736 1098 4806 subligaculum
1128 4737 1208 4791 vel
1236 4739 1492 4791 amictum
1521 4735 1855 4808 Egyptian].
1881 4756 1900 4788 ι

527 4829 661 4883 Ibid.
708 4828 795 4881 l3.
852 4827 997 4881 Alter
1025 4829 1279 4898 ιιιιιίιιαιιι.
1329 4828 1387 4882 S.
1447 4829 1805 4899 llieronymus
1857 4846 1911 4883 tn
1965 4844 2029 4887 ttt

454 4921 638 4976 lsaite:
681 4939 698 4971 ι
728 4920 854 4973 Haec
890 4921 1070 4973 omnia
1110 4919 1235 4973 licet
1264 4918 1406 4973 LXX
1431 4920 1776 4989 interpretes,
1805 4920 2024 4989 Aquila,

455 5025 510 5068 et
541 5012 917 5082 Symmachus,
944 5027 1009 5065 ac
1043 5011 1344 5065 Theodotio
1395 5012 1625 5065 diversis
1659 5013 1829 5066 modis
1860 5012 2029 5065 inter-

454 5111 750 5170 pretentur,
787 5116 884 5154 nos
910 5110 967 5153 ιιι
1012 5100 1303 5171 potuimus,
1329 5101 1414 5155 vel
1462 5104 1527 5156 de
1569 5103 1812 5167 Hebraeo,
1849 5103 1932 5155 vel
1963 5103 2029 5156 de

456 5193 693 5262 ipsorum
750 5191 1099 5247 translatione
1148 5194 1437 5247 texuimus.
1475 5211 1495 5244 ι
1547 5192 1605 5246 ln
1661 5203 1808 5247 textu
1861 5192 2025 5245 etiam

454 5287 751 5355 prophetae,
798 5298 956 5353 quem
994 5284 1228 5353 vulgavit
1254 5285 1601 5339 doctissimus
1644 5282 1799 5337 Joan.
1832 5283 2027 5339 Corte-

453 5374 570 5428 rius
587 5387 653 5426 ex
684 5374 1045 5427 vetustissimo
1063 5374 1249 5429 codice
1273 5374 1365 5444 qui
1390 5389 1533 5429 nunc
1566 5382 1650 5428 est
1677 5374 2023 5427 illustrissimi

453 5462 741 5517 cartlinalis
787 5464 1146 5533 Rupil‘ucaldii
1172 5506 1188 5531 ,
1219 5476 1513 5520 annotatur
1541 5468 1594 5520 in
1649 5466 1891 5537 margine
1929 5480 2024 5534 pro

445 5556 807 5625 μηνίσκους,
853 5557 1085 5624 lunulat,
1112 5556 1492 5627 Symmachum
1530 5559 1762 5613 edidisse
1812 5557 2025 5628 μανιά-

452 5664 587 5715 κας,
617 5660 841 5715 torquet,
866 5660 921 5704 et
961 5665 1058 5719 pro
1100 5649 1174 5703 τὰ
1208 5650 1526 5721 καθέματα,
1564 5654 1803 5718 monilia,
1839 5656 2024 5721 χαλα-

452 5739 600 5807 στά,
639 5741 926 5796 cateuulas.
998 5740 1131 5796 Nam
1181 5755 1233 5796 et
1293 5744 1364 5796 ita
1415 5744 1640 5813 legimus
1700 5748 1837 5813 apud
1883 5744 2024 5798 LXX

2127 3283 2272 3350 simi,
2308 3294 2361 3338 et
2410 3286 2728 3340 austerioris
2771 3287 2939 3349 vitze,‘
2963 3300 3193 3355 corpora
3226 3291 3583 3355 tegebantur;
3619 3290 3716 3344 alii

2130 3375 2375 3430 referunt
2415 3377 2483 3431 ad
2528 3393 2797 3447 purpuras
2828 3377 3125 3433 Laconicas
3179 3377 3415 3433 nitentes
3444 3390 3499 3434 et
3532 3381 3687 3449 splen

2129 3467 2342 3530 dentes,
2375 3468 2517 3535 quod
2562 3466 2861 3523 Laconicas
2909 3483 3177 3538 purpuras
3215 3483 3339 3524 esse
3379 3471 3720 3539 pretiosissi-

2129 3571 2244 3609 mas
2280 3557 2483 3610 scribat
2512 3556 2743 3624 Plinius,
2777 3556 2870 3613 lib.
2911 3572 3055 3611 xxxv
3083 3556 3312 3621 ΙΙὶςιοικ,
3337 3575 3453 3628 cap.
3480 3558 3535 3612 6.
3560 3558 3694 3613 Βριδί

2127 3646 2231 3703 lius
2259 3648 2803 3703 tamenltacaanarum
2829 3661 3010 3706 vestes
3042 3652 3336 3719 pellucidus
3370 3651 3541 3706 fuisse
3573 3657 3717 3718 vult,

2128 3738 2426 3807 cujusmodi
2463 3739 2681 3793 fuerunt
2712 3738 2837 3793 Coa:
2870 3751 3046 3794 vestes
3077 3758 3105 3793 a
3133 3742 3305 3810 poetis
3340 3743 3543 3797 Latinis
3567 3746 3721 3797 cele-

2128 3828 2315 3886 brattn.
2350 3828 2623 3894 Tibullus,
2666 3830 2805 3901 eleg.
2833 3831 2889 3896 5,
2913 3831 3006 3886 lib.
3038 3847 3112 3886 tt:

2239 3942 2343 4066 gito
2380 3958 2525 4012 gerat
2552 3954 2715 4000 vestes
2744 3954 2945 4010 tenues,
2977 3964 3109 4018 quas
3139 3948 3337 4017 femina
3365 3949 3478 4004 Coa

2282 4027 2542 4066 exatt.....

2282 4027 2542 4070 exuit"...

2129 4136 2183 4179 et
2224 4124 2499 4189 Horatius,
2550 4127 2642 4182 lib.
2683 4143 2723 4193 ι,
2753 4140 2933 4197 satyrn
2968 4129 3035 4184 ἓξ

2238 4220 2415 4293 altera
2436 4221 2522 4293 nil
2549 4223 2741 4288 obstat,
2766 4223 2887 4278 Cois
2924 4225 3018 4277 tibi
3050 4240 3179 4293 pene
3208 4228 3378 4280 videre
3398 4241 3472 4279 eu

2239 4288 2304 4341 Ut
2338 4291 2649 4345 nudum"...

2131 4378 2462 4446 PrOpertios,
2488 4380 2581 4433 lib.
2611 4396 2672 4446 tt,
2697 4381 2836 4451 eleg.
2864 4383 2889 4437 1
2921 4401 2933 4436 :

2236 4468 2355 4523 Sive
2381 4473 2514 4539 togis
2550 4471 2698 4525 illam
2727 4474 3010 4542 [algentem
3037 4477 3269 4530 incidere
3295 4476 3444 4531 Cois.

2130 4564 2236 4617 Coa
2279 4565 2422 4616 enim
2476 4564 2645 4617 vestis
2681 4565 2983 4633 puellarum
3027 4567 3128 4619 l'uit
3171 4566 3312 4621 fama
3347 4583 3455 4622 non
3482 4569 3713 4627 nimium

2128 4658 2287 4711 bona.
2324 4655 2549 4722 Plinius,
2590 4658 2657 4712 de
2687 4657 3062 4728 bombycibus,
3092 4660 3184 4714 lib.
3215 4661 3446 4727 xt,c.22
3469 4679 3484 4716 :
3508 4682 3528 4714 ι
3555 4661 3715 4721 Telas

2126 4762 2446 4802 araneorum
2486 4750 2645 4804 modo
2688 4760 2899 4812 texunt,
2930 4752 2995 4804 ad
3027 4761 3231 4806 vestem
3274 4752 3574 4826 texuntque
3629 4757 3715 4813 fe-

2128 4841 2416 4894 minarum.
2443 4840 2620 4894 Prima
2650 4855 2742 4895 eas
2768 4842 3030 4897 redordiri
3067 4860 3365 4914 rursusque
3400 4857 3593 4906 texere
3619 4852 3711 4910 in-

2126 4933 2271 4985 venit
2299 4933 2352 4983 in
2385 4931 2492 4985 Ceo
2532 4932 2613 4986 vel
2649 4930 2750 4995 Co,
2778 4935 2973 4986 tnulier
3016 4933 3330 5005 Pantpbyla,
3376 4948 3436 4993 ut
3468 4940 3714 4999 denudet

2126 5025 2351 5078 feminas
2386 5024 2568 5099 vestis.
2593 5046 2611 5074 ο
2671 5024 2925 5080 Clemens
2956 5026 3353 5083 Alexandrinus
3378 5030 3493 5085 haec
3519 5034 3588 5089 de
3616 5051 3712 5090 ve-

2125 5116 2251 5167 stitu
2295 5112 2671 5177 Lacaenarum,
2714 5114 2808 5168 lib.
2844 5131 2883 5168 ιι
2949 5114 3255 5186 Pwdagogi,
3281 5133 3401 5186 cap.
3436 5123 3543 5175 l0:
3576 5126 3712 5180 Οὐδὲ

2123 5203 2229 5273 γὰρ
2260 5203 2402 5274 ὑπὲρ
2443 5204 2571 5273 γόνυ
2628 5205 2880 5276 καθάπερ
2931 5206 3031 5270 τὰς
3073 5209 3350 5272 Λακαίνας
3399 5214 3712 5273 ὲστολίσθαι

2121 5295 2283 5349 καλόν
2304 5312 2318 5326 ο
2348 5296 2498 5349 οὐδὲν
2526 5295 2634 5368 γὰρ
2658 5298 2821 5369 μέρος
2848 5298 3025 5351 ὁτιοῦν
3047 5300 3496 5371 ἀπογυμνοῦσθαι
3531 5324 3713 5375 γυναι.
3752 5298 3761 5303 ’

2124 5386 2216 5449 κὸς
2249 5386 2543 5467 εὐπρεπές,
2576 5408 2595 5440 ι
2623 5388 2803 5456 Neque
2831 5391 2974 5443 enim
3022 5391 3161 5446 sicut
3185 5390 3441 5449 Lacaenas
3473 5398 3711 5467 virgines

2124 5462 2287 5547 supra
2331 5494 2469 5547 genu
2500 5479 2688 5533 vestiri
2734 5480 3019 5534 honestum
3045 5503 3058 5537 ;
3087 5483 3286 5536 nullam
3319 5485 3463 5539 enim
3498 5462 3707 5556 partem

2124 5570 2338 5622 femina:
2362 5571 2550 5624 nudari
2581 5573 2838 5627 decorum
2865 5584 2966 5627 est.
2992 5594 3011 5625 ι
3047 5572 3304 5630 Lacaenas
3324 5578 3493 5632 etiam
3522 5598 3707 5649 φαινο-

2127 5660 2361 5732 μηρίδας
2401 5662 2692 5729 appellavit
2723 5664 2932 5735 Ibycus,
2964 5666 3108 5735 quod
3137 5668 3350 5722 incessu
3375 5686 3547 5726 coxas
3574 5686 3705 5728 rete-

2125 5764 2330 5824 gcrent,
2366 5764 2417 5809 et
2446 5755 2820 5826 ἀνδρομανεῖς,
2858 5761 3011 5829 quasi
3037 5760 3228 5814 insano
3252 5761 3304 5815 in
3348 5763 3495 5819 viros
3526 5782 3705 5822 amore
