3816 6210
198 302 345 366 1097

1415 293 1482 356 ΙΝ
1520 296 1872 359 ΕΟΜΗΕΝΤ.
1911 300 1982 358 ΙΝ
2021 301 2278 359 ISAIAM.

3340 308 3365 364 1
3375 304 3485 364 098

186 427 461 482 ardentes
493 424 636 493 apud
660 417 1010 479 Plutarchum
1039 420 1140 478 sub
1178 419 1341 477 linem
1375 419 1512 477 Vita:
1542 419 1759 478 Numa.
1824 426 1872 482 Α
1900 421 2061 478 dubio
2101 419 2389 490 scripsisse
2436 416 3062 487 Basiliumf'xurdxktra
3114 419 3321 476 indicat
3369 423 3486 492 ipsa

270 516 405 587 Col,
423 515 531 572 327
560 515 620 570 Β.
656 514 743 569 10.
779 514 1029 584 Purpura
1052 530 1168 584 pro.
1199 512 1324 569 Haec
1352 521 1412 568 ut
1439 512 1626 569 Graec
1653 514 1796 569 desi-

187 606 536 664 derabantur
566 606 621 660 in
652 604 821 673 Regio
842 603 904 659 F.
930 613 985 659 et
1015 616 1079 657 ex
1104 601 1173 658 Η.
1197 603 1241 657 Ι.
1271 612 1329 658 et
1351 603 1513 675 Angl.
1543 604 1791 674 suppleta

190 708 355 766 sunt,
387 698 467 752 ita
493 712 682 753 eorum
728 694 1109 764 interpretatio
1154 693 1351 749 Latina
1373 694 1541 749 textui
1583 707 1671 750 εει
1702 700 1797 749 ad-

190 790 337 854 dita,
372 798 432 843 ut
463 796 695 858 quatuor
721 786 1112 842 elementorum
1147 785 1320 854 ﬁgura
1346 784 1587 857 perfecta
1619 786 1672 840 in
1706 802 1797 841 ve-

190 881 329 935 stitu
380 878 705 935 sacerdotali
757 885 1073 948 appareret,
1126 892 1290 947 quam
1347 877 1513 932 etiam
1572 878 1798 948 exponit

193 971 260 1025 S.
289 967 658 1039 Hieronymus
706 966 868 1037 epist.
911 966 1054 1023 128:
1110 984 1129 1018 ι
1174 968 1418 1034 Quatuor
1463 966 1676 1024 colores
1729 969 1796 1021 ad

188 1071 437 1131 quatuor
481 1060 750 1115 elementa
803 1057 1132 1122 referuntur.
1174 1073 1243 1114 ex
1290 1060 1489 1130 quibus
1541 1059 1795 1115 universa

189 1152 527 1209 subsistunt.
567 1149 768 1221 Byssus
795 1158 955 1205 terra
1008 1149 1318 1221 deputatur,
1368 1150 1494 1221 quia
1532 1165 1601 1206 ex
1654 1162 1797 1207 terra

192 1245 461 1315 gignitur.
491 1243 735 1312 Purpura
766 1244 926 1307 mari,
961 1242 1088 1313 quia
1129 1257 1198 1298 ex
1229 1241 1346 1310 ejus
1375 1241 1667 1297 cochleolis
1692 1242 1798 1296 tin-

191 1334 370 1402 gitur;
388 1332 711 1402 hyacinthus
734 1331 871 1395 aeri,
892 1340 1111 1402 prepter
1141 1330 1338 1385 coloris
1357 1330 1795 1396 similitudinem;

193 1439 401 1480 coecus
429 1424 534 1494 igni
566 1433 620 1478 et
668 1422 883 1488 aetheri,
917 1423 1009 1492 qui
1040 1421 1303 1478 Hebraice
1335 1427 1442 1482 ἰω
1490 1438 1583 1477 seu
1612 1422 1794 1492 appel-

198 1516 396 1573 Iatur:
427 1528 482 1573 et
510 1517 719 1587 justum
773 1530 897 1572 esse
941 1525 1398 1580 commemorant,
1446 1524 1506 1571 ut
1551 1514 1798 1587 pontifex

192 1607 480 1665 Creatoris
512 1623 617 1664 non
668 1606 842 1661 solum
894 1621 992 1676 pro
1028 1605 1218 1671 lsrael,
1266 1607 1362 1661 sed
1400 1620 1499 1675 pro
1542 1606 1797 1662 universo

197 1700 410 1756 mundo
428 1710 597 1768 roget.
621 1696 1051 1762 sTheodoretus,
1081 1696 1150 1752 de
1178 1696 1506 1767 tegminibus
1538 1697 1794 1753 taberna-

1901 513 2232 585 etymologia
2254 553 2268 576 ,
2304 526 2469 582 quam
2499 509 2677 579 affert,
2707 512 2849 581 quod
2879 512 3074 566 toralia
3106 513 3485 584 designentur,

1900 607 2014 660 sive
2054 614 2283 674 tapetes,
2318 604 2516 673 quibus
2546 603 2673 659 lecti
2703 618 2809 658 non
2855 602 3064 659 lectica
3093 604 3484 660 insterneban-

1901 708 2018 760 tur,
2072 711 2194 751 eum
2255 694 2728 762 discumberetur,
2801 705 2861 749 ut
2913 693 3056 764 apud
3123 694 3486 765 Virgilium,t

1898 786 2119 840 zEneid.
2156 801 2174 838 :

2039 877 2444 945 ~.....Stratoque
2469 892 2625 946 super
2653 876 3007 930 discumbitur
3039 887 3203 932 ostro.

1900 972 1992 1028 Sic
2020 974 2163 1043 apud
2194 971 2612 1034 Tertullianum,
2645 970 2719 1024 De
2749 970 2937 1040 pallio,
2966 986 3088 1041 cap.
3132 973 3194 1037 '5,
3232 974 3486 1047 intelligit

1898 1064 2170 1119 Pamelius
2217 1064 2346 1119 illud
2388 1065 2457 1119 de
2500 1078 2749 1134 pavone:
2808 1081 2828 1115 ι
2872 1062 3196 1133 Quanquam
3243 1077 3300 1122 et
3342 1084 3484 1139 pavo

1899 1154 2079 1224 pluma
2129 1154 2332 1220 vestis,
2377 1162 2431 1209 et
2458 1154 2679 1225 quidem
2724 1154 2793 1208 de
2833 1152 3103 1208 cataclitis
3129 1194 3145 1218 ,
3185 1156 3296 1212 imo
3333 1162 3482 1214 omni

1900 1247 2193 1319 conchylio
2226 1246 2564 1317 depressior,
2602 1264 2622 1298 ι
2655 1245 2706 1299 id
2735 1254 2837 1312 est,
2868 1245 2935 1300 de
2961 1244 3249 1314 accubitis,
3281 1249 3483 1317 quibus

1898 1341 1963 1396 ad
1990 1341 2417 1396 accumbendum
2444 1339 2755 1403 utebantur,
2787 1339 3002 1392 tametsi
3031 1337 3226 1394 Suidas
3260 1355 3366 1395 non
3396 1350 3481 1397 to-

1900 1433 2067 1500 ralia,
2115 1434 2210 1488 sed
2249 1432 2439 1496 κλίνας
2460 1470 2475 1495 ,
2505 1431 2709 1497 lectos,
2751 1444 2872 1487 esse
2901 1430 3014 1485 vult
3055 1430 3126 1485 τὰ
3154 1432 3482 1488 κατάκλιτα.

1900 1525 2007 1582 Sed
2049 1541 2149 1582 nec
2184 1524 2258 1580 illi
2301 1524 2707 1582 assentiendum
2737 1531 2900 1594 puto,
2930 1538 3029 1578 nec
3058 1524 3181 1578 aliis
3211 1524 3301 1595 qui
3332 1525 3483 1597 παρὰ

1897 1617 1960 1673 τὸ
2005 1616 2372 1683 κατακλύζειν
2410 1619 2685 1674 deducunt
2727 1617 2855 1672 illud
2908 1634 2928 1669 ι
2976 1616 3263 1686 cataclitis,
3305 1637 3325 1671 ι
3360 1634 3482 1673 cum

1901 1712 2249 1767 scribendum
2284 1711 2465 1782 potius
2496 1709 2728 1775 fuisset,
2773 1710 2839 1765 de
2884 1709 3203 1781 cataclystis
3247 1727 3261 1763 :
3294 1726 3483 1765 verum

195 1790 314 1845 culi
348 1804 536 1858 agens,
565 1797 758 1857 quast.
785 1786 855 1843 60
885 1787 941 1840 in
974 1785 1219 1841 andum
1238 1802 1256 1840 :
1275 1786 1379 1841 Τὸν
1411 1787 1469 1839 δὲ
1494 1786 1689 1858 ὄροφον
1718 1784 1793 1841 εἷ-

1904 1801 2107 1872 optime
2150 1780 2451 1870 conjecisse
2490 1801 2866 1856 doctissimum
2907 1780 3249 1855 Theodorum
3284 1799 3483 1855 Marci-

196 1900 297 1954 χον
327 1882 386 1949 ἐξ
427 1881 767 1952 ὑφασμάτων
802 1880 1063 1934 ποικίλων
1092 1882 1159 1934 ἐκ
1190 1880 1463 1951 διαφόρων
1494 1897 1793 1935 κατεσκευ-

196 1976 443 2047 ασμένον
467 1974 801 2046 χρωμάτων,
819 1973 914 2028 καὶ
935 1973 1113 2027 ταῦτα
1136 1972 1195 2026 δὲ
1220 1972 1330 2025 τῶν
1350 1972 1632 2045 τεσσάρων
1654 1990 1797 2027 στοι-

199 2069 369 2138 χείων
396 2062 464 2138 ἦν
487 2067 556 2120 τά
578 2065 897 2136 αἰνίγματα.
916 2066 976 2118 '0
1009 2065 1108 2135 μὲν
1153 2063 1264 2135 γὰρ
1285 2064 1538 2128 ὑάκινθος
1575 2063 1653 2135 τῷ
1674 2065 1796 2137 ἀέρι

200 2158 525 2232 προσέοικε·
554 2158 617 2211 τὸ
644 2157 702 2210 δὲ
730 2156 994 2228 ροδοειδὲς
1021 2156 1054 2224 ἦ
1081 2154 1426 2224 κοκκοὸαφὲς
1452 2154 1529 2226 τῷ
1558 2155 1711 2227 πυρὶ,
1736 2155 1797 2208 τὸ

197 2254 257 2307 δὲ
280 2250 610 2324 άλουργικὺν
641 2250 838 2323 μηνύει
872 2250 972 2319 τὴν
1007 2248 1276 2304 θάλατταν
1298 2261 1312 2275 ⁸
1335 2248 1521 2319 ἐκείνη
1551 2249 1657 2321 γάρ
1678 2248 1796 2321 τρέ-

197 2363 294 2416 φει
327 2345 426 2416 τὴν
454 2343 667 2415 κόχλον,
697 2342 757 2408 ἐξ
795 2337 858 2397 οὗ
886 2343 946 2396 τὸ
979 2343 1223 2397 τοιοῦτον
1247 2343 1458 2412 γίνεται
1487 2341 1686 2414 χρῶμα
1716 2357 1727 2371 ⁸
1759 2344 1792 2414 ἡ

195 2440 258 2494 δὲ
293 2437 490 2509 βύσσος
508 2438 607 2508 τὴν
633 2438 736 2508 γῆν
763 2455 775 2468 ·
806 2438 873 2491 ὲκ
899 2436 1106 2510 ταύτης
1149 2437 1260 2509 γὰρ
1295 2435 1524 2506 φύεσθαι
1555 2436 1793 2504 λέγεται.

202 2548 228 2586 ι
259 2531 607 2602 Tegebantur
637 2529 807 2583 variis
840 2529 1077 2584 texturis
1104 2529 1336 2584 diversis
1381 2528 1569 2583 tinctis
1600 2527 1797 2584 colori-

197 2625 332 2692 bus,
372 2624 465 2695 qui
512 2623 729 2695 quidem
760 2631 994 2692 quatuor
1036 2621 1307 2678 elementa
1350 2620 1790 2677 subindicabant.

197 2714 345 2770 Nam
372 2714 696 2786 hyacinthus
722 2716 789 2770 ad
811 2724 1061 2769 naturam
1086 2714 1231 2769 aeris
1258 2715 1505 2780 accedit;
1532 2727 1793 2768 rosaceus

199 2821 392 2863 autem
423 2809 588 2872 color.
625 2822 722 2863 seu
753 2822 921 2864 cocco
963 2808 1187 2872 tinctus,
1216 2807 1283 2862 ad
1328 2813 1579 2861 naturam
1611 2806 1793 2877 ignis;

1899 1894 2029 1948 lium
2056 1892 2145 1948 hic
2170 1890 2595 1957 emendandum,
2616 1892 2684 1947 de
2712 1890 3030 1958 cataclistis,
3057 1906 3121 1947 ex
3158 1890 3480 1959 Fortunato,

1899 1982 1992 2040 lib.
2040 1982 2119 2038 De
2149 1983 2256 2038 vita
2281 1981 2344 2038 S.
2375 1982 2626 2047 Martini,

1970 2075 2217 2146 Cycladis
2258 2083 2351 2129 aut
2379 2073 2554 2146 qualis
2593 2072 2889 2128 cataclistis
2910 2073 3079 2143 eﬂ'ora
3108 2074 3269 2140 vasis,

1900 2177 1955 2222 et
1980 2167 2122 2222 libro
2152 2182 2226 2230 tv,

1973 2257 2105 2323 Quae
2135 2274 2325 2313 manus
2354 2256 2577 2325 artiﬁcis
2601 2256 2930 2311 cataclistica
2954 2256 3048 2327 ﬁla
3084 2257 3305 2325 rotavit;

1900 2355 1956 2401 et
2004 2360 2071 2401 ex
2110 2345 2360 2415 Apuleio,
2407 2345 2503 2402 lib.
2555 2362 2644 2412 χι,
2683 2363 2703 2398 ι
2743 2347 2850 2402 Eas
2890 2362 3140 2403 amanus
3174 2347 3482 2404 lectissima

1895 2437 2194 2509 juventutis
2250 2448 2399 2494 veste
2464 2438 2620 2493 nivea
2677 2447 2734 2493 et
2791 2439 3069 2496 cataclista
3116 2439 3356 2496 renitens
3395 2455 3485 2497 se-

1900 2529 2170 2600 quebatur
2226 2528 2459 2596 chorus;
2522 2548 2542 2582 ι
2595 2544 2706 2584 non
2782 2540 2962 2585 autem
3013 2545 3084 2586 ex
3148 2530 3486 2588 Tertulliano

1901 2622 2285 2692 corrigendum
2356 2621 2681 2692 Apuleium,
2750 2632 2810 2677 ut
2864 2621 3083 2679 volebat
3139 2623 3225 2679 Jo.
3279 2624 3487 2681 Merce-

1904 2715 2018 2769 rins
2061 2713 2113 2769 J.
2175 2714 2283 2780 (1.,
2335 2730 2459 2770 cum
2517 2714 2664 2769 illam
2705 2716 3141 2772 emendationem
3202 2718 3486 2773 confirmet

1904 2807 2019 2860 hac
2053 2806 2212 2861 lectio
2259 2805 2435 2862 Graci
2485 2815 2666 2862 textus
2693 2805 2881 2873 LXX,
2933 2808 3024 2863 ubi
3072 2808 3333 2882 θέριστρα
3382 2826 3485 2864 κα-

201 2916 515 2972 pnrpureus
553 2909 736 2954 autem
773 2914 924 2955 mare
954 2899 1270 2963 denotabat,
1301 2898 1353 2954 in
1383 2913 1493 2969 quo
1522 2897 1798 2953 enutritur
1899 2898 2197 2952 τάκλειστα
2262 2899 2515 2954 dicuntur
2576 2917 2595 2950 ι
2655 2898 2869 2969 palliola
2919 2900 3143 2963 clausa,
3199 2919 3219 2953 ι
3271 2911 3326 2957 et
3377 2902 3484 2957 alia

199 2995 438 3058 concha,
463 2993 606 3049 unde
629 2991 779 3047 color
800 2990 1068 3060 ejusmodi
1098 2991 1365 3057 sumitur;
1388 2992 1584 3060 byssus
1612 3000 1794 3045 autem
1904 2987 2149 3054 Seneca,
2185 2987 2282 3043 lib.
2314 3002 2332 3043 t
2365 2987 2443 3042 De
2476 2988 2849 3059 tranquilt.,et
2883 2989 3155 3045 Ammiani
3184 2989 3485 3048 Marcellini

203 3096 410 3141 terram
440 3085 731 3152 referebat,
764 3087 905 3139 unde
940 3084 1087 3139 nasci
1117 3084 1339 3138 dicitur.
1365 3101 1385 3136 ι
1412 3082 1679 3153 Iosephus
1702 3084 1796 3138 de-
1827 3140 1870 3162 η
1903 3081 2023 3135 loca
2048 3121 2063 3146 ,
2104 3095 2173 3135 ex
2219 3079 2417 3149 quibus
2464 3090 2681 3135 constat
2725 3081 3097 3136 commendari
3142 3082 3484 3152 potissimum

204 3191 381 3240 mum,
412 3176 504 3231 lib.
533 3191 615 3241 ιιι,
643 3143 761 3244 cap.
788 3173 844 3238 8,
872 3174 1166 3243 Antiquit.:
1195 3174 1276 3227 Τά
1294 3191 1356 3227 τε
1389 3174 1498 3245 γὰρ
1520 3143 1706 3245 (paper;
1734 3174 1793 3226 ὲκ

1905 3179 2101 3235 vestes,
2133 3184 2253 3241 qua
2292 3185 2357 3224 ex
2395 3169 2602 3225 arculis
2629 3168 2984 3241 proferuntur
3013 3186 3214 3239 pressa
3239 3172 3483 3243 penden-

200 3267 490 3337 τεσσάρων
524 3266 831 3337 ὑφανθέντα
869 3267 969 3338 τὴν
994 3266 1104 3319 τῶν
1130 3266 1412 3336 στοιχείων
1439 3266 1601 3336 φύσιν
1627 3266 1793 3335 δηλοῖ.

1906 3262 2049 3317 tibus
2081 3271 2141 3316 ut
2174 3262 2347 3331 magis
2392 3262 2717 3331 splendeant
2750 3278 2766 3316 :
2800 3278 2978 3333 neque
3005 3262 3167 3319 facile
3195 3278 3486 3320 occurrere

206 3360 289 3415 'H
312 3376 373 3413 τε
398 3359 508 3432 γὰρ
531 3360 728 3430 βύσσος
752 3359 853 3430 τὴν
876 3360 982 3431 γῆν
1008 3358 1411 3430 ἀποσημαίνειν
1438 3358 1604 3427 ἔοικε,
1626 3358 1716 3413 διὰ
1738 3358 1793 3413 τὸ

1904 3352 2073 3424 possit
2099 3362 2312 3419 auctor,
2345 3354 2435 3423 qui
2474 3363 2652 3409 vestes
2695 3354 2982 3411 cataclitas
3012 3355 3174 3423 dicat,
3203 3357 3297 3412 sed
3337 3368 3485 3414 cata-

202 3452 273 3517 εξ
294 3452 465 3523 αὐτῆς
504 3451 774 3506 ἀνιεῖσθαι
807 3452 897 3506 τὸν
926 3450 1071 3506 λίνον
1096 3469 1109 3482 ·
1139 3453 1175 3523 ἦ
1202 3469 1263 3504 τε
1296 3452 1558 3524 πορφύρα
1582 3451 1682 3525 τὴν
1706 3451 1799 3506 θά-

204 3542 442 3607 λασσαν,
470 3543 550 3613 τῷ
581 3542 926 3614 πεφοινίχθαι
964 3544 1065 3615 τῆς
1098 3543 1293 3614 κόχλου
1329 3543 1408 3616 τῷ
1439 3545 1636 3616 αἵματι
1660 3562 1674 3576 ο
1706 3546 1799 3599 τὸν

205 3634 268 3689 δὲ
286 3635 426 3706 ἀέρα
449 3634 698 3706 βούλεται
713 3634 909 3706 δηλοῦν
928 3638 963 3707 ἡ
996 3636 1273 3701 ὑάκινθος,
1301 3636 1398 3689 καὶ
1423 3638 1451 3690 ὁ
1474 3638 1649 3707 φοίνιξ
1675 3633 1797 3692 δἀὗ

204 3728 515 3800 τεκμήριον
544 3728 640 3781 τοῦ
683 3728 877 3800 πυρός.
921 3746 941 3780 ι
972 3727 1101 3783 Vela
1143 3744 1360 3799 quoque
1388 3744 1419 3784 e
1447 3738 1680 3800 quatuor
1708 3744 1800 3785 co-

208 3821 421 3876 loribus
461 3830 715 3877 contexta
754 3821 1149 3876 elementorum
1202 3829 1452 3877 naturam
1490 3822 1797 3892 designant.

207 3910 348 3967 Nam
376 3912 570 3983 byssus
602 3922 801 3966 terram
826 3909 1034 3966 referre
1063 3911 1300 3978 videtur,
1330 3927 1400 3967 ex
1427 3927 1533 3982 qua
1570 3913 1663 3967 lini
1695 3913 1800 3969 hoc

207 4018 383 4073 genus
424 4005 704 4074 provenit;
751 4017 987 4073 purpura
1016 4016 1147 4057 vero
1174 4017 1344 4068 mare,
1385 4017 1452 4058 eo
1491 4003 1634 4071 quod
1666 4018 1799 4059 con-

208 4098 377 4170 chylii
414 4112 608 4153 cruore
638 4098 711 4151 sit
735 4095 949 4164 fucata;
980 4110 1161 4152 aerem
1194 4110 1327 4152 vero
1354 4096 1682 4166 hyacinthus
1705 4111 1793 4152 re-

209 4197 547 4259 praesentare
594 4187 829 4252 videtur,
860 4187 1004 4242 sicut
1049 4186 1311 4257 puniceus
1353 4186 1503 4242 color
1536 4187 1736 4256 ignem.
1771 4204 1791 4237 ι

209 4281 409 4337 llerito
444 4280 608 4350 igitur
634 4279 881 4334 ordinem
920 4279 1215 4334 dictionum
1248 4278 1672 4333 interturbatum
1705 4292 1794 4333 re-

207 4373 508 4437 stituimus,
541 4386 665 4426 cum
696 4380 857 4426 antea
884 4369 964 4427 sic
984 4384 1242 4439 expressa
1271 4378 1455 4425 essent
1482 4370 1606 4437 ista,
1632 4369 1790 4439 quasi

1901 3445 2028 3499 clita
2060 3454 2271 3501 tantum
2303 3445 2494 3500 toralia
2524 3456 2811 3501 vocantur.
2839 3446 2898 3500 In
2927 3456 3073 3502 textu
3104 3449 3269 3504 etiam
3296 3448 3486 3506 Graco

1902 3552 1932 3591 a
1967 3536 2218 3594 Curterio
2245 3538 2391 3593 edito
2422 3554 2528 3593 non
2552 3538 2859 3593 κατάκλιτα
2886 3539 3113 3612 legimus
3139 3541 3281 3611 apud
3307 3541 3476 3607 LXX,

1901 3630 1995 3686 sed
2023 3628 2411 3684 κατάκλειστα.
2440 3630 2513 3684 Ex
2539 3630 2767 3687 Hebraeo
2789 3647 2893 3686 non
2921 3640 3102 3702 potest
3125 3631 3333 3703 liquere
3362 3642 3484 3689 utra

1902 3738 2001 3777 vox
2030 3723 2102 3777 sit
2127 3723 2332 3793 aptior,
2362 3723 2507 3792 quod
2540 3726 2642 3779 hoc
2669 3724 2913 3779 additum
2945 3724 3018 3780 sit
3045 3725 3276 3782 Hebrao
3307 3728 3482 3783 textui

1900 3830 1929 3868 a
1973 3813 2141 3880 LXX,
2194 3824 2255 3870 ut
2298 3830 2368 3869 ex
2418 3814 2475 3869 S.
2527 3813 2862 3886 Hieronymo
2906 3824 3146 3882 constat,
3187 3817 3278 3887 qui
3321 3818 3488 3873 habet

1904 3918 2114 3963 tantum
2150 3926 2169 3959 ι
2202 3917 2257 3963 et
2298 3907 2596 3962 theristra:
2631 3927 2651 3960 ι
2685 3922 2849 3977 quam
2879 3909 2950 3964 ob
2985 3923 3208 3964 causam
3252 3908 3485 3965 Basilius

1900 4000 1977 4055 ait
2014 4000 2103 4055 hic
2130 4000 2289 4055 obelo
2330 4008 2574 4055 notatam
2619 4001 2765 4055 illam
2797 4000 3122 4068 dictionem,
3158 4004 3228 4058 ab
3252 4002 3444 4073 Aquila
3465 4041 3482 4067 ,

1901 4090 2231 4162 Symmacho
2256 4102 2312 4145 et
2343 4090 2576 4161 reliquis
2599 4092 2887 4159 omissam,
2914 4103 2974 4146 ut
2999 4102 3197 4149 catera
3219 4094 3378 4150 obelo
3397 4093 3488 4164 ju-

1902 4181 2230 4250 gulabantur
2261 4182 2315 4238 in
2354 4182 2594 4238 editione
2638 4181 2890 4253 Origenis
2910 4223 2927 4250 ,
2954 4200 3075 4254 qua
3102 4183 3333 4242 Hebrao
3359 4186 3478 4241 fue-

1905 4284 2028 4329 rant
2063 4274 2267 4340 addita,
2293 4277 2434 4331 sicut
2462 4286 2621 4330 antea
2652 4277 2704 4330 in
2733 4276 2861 4332 illud
2888 4277 3169 4335 Geneseos
3194 4280 3483 4335 annotavi-

1900 4384 2043 4432 mns,
2062 4386 2081 4419 ι
2106 4367 2504 4438 Etcongregata
2533 4379 2617 4423 est
2637 4385 2799 4449 aqua,
2825 4389 2845 4421 ι
2874 4371 3064 4428 ltomil.
3091 4371 3125 4425 4
3148 4372 3205 4425 in
3221 4370 3479 4426 ﬂexum.

209 4465 471 4522 mulieres
522 4472 708 4520 essent
734 4463 935 4518 induta
971 4461 1333 4528 vestimentis,
1360 4475 1480 4532 qua
1507 4461 1622 4516 suis
1650 4460 1799 4516 colo-
1833 4480 1875 4535 ο
1972 4459 2090 4517 Col.
2148 4459 2254 4539 550
2306 4458 2349 4512 Β
2401 4461 2456 4516 8.
2503 4459 2573 4514 Et
2621 4462 2910 4517 incensum.
2973 4462 3268 4533 Scriptura
3306 4464 3483 4519 locum

209 4557 363 4613 ribus
386 4555 652 4611 elementa
685 4559 1155 4623 reprasentarent,
1191 4553 1287 4607 sed
1309 4562 1365 4607 et
1390 4552 1443 4606 in
1467 4550 1677 4607 Graecis
1702 4552 1802 4607 ad-

209 4649 317 4704 huc
343 4662 413 4703 ex
439 4647 574 4718 Reg.
596 4645 660 4700 li.
680 4646 1062 4716 corrigendum
1082 4654 1165 4700 est
1194 4653 1250 4698 et
1269 4643 1441 4698 altero
1465 4643 1624 4713 Angl.
1643 4645 1804 4697 ὁποῖα

208 4743 410 4795 ἐκεῖνοι
450 4737 720 4809 σύμϐολα,
774 4755 794 4789 ι
823 4737 1046 4805 induta,
1081 4735 1265 4806 qualia
1297 4746 1456 4790 erant
1491 4751 1577 4804 ea,
1608 4738 1803 4806 quibus

208 4830 526 4889 Sacerdotes
561 4830 759 4886 induti.
785 4848 805 4882 ι

280 4924 420 4979 Ibid.
461 4923 551 4978 ﬂ.
603 4921 965 4978 Accubitoria.
1044 4919 1372 4990 Scripsimus
1438 4917 1797 4984 accubitoria,

208 5029 266 5075 et
305 5019 359 5072 in
404 5015 612 5072 Gracis
656 5014 1000 5081 κατάκλιτα,
1045 5014 1190 5084 quod
1232 5013 1285 5067 in
1331 5026 1454 5066 eam
1507 5011 1798 5066 lectionem

209 5113 556 5169 consentiant
586 5110 692 5166 duo
725 5108 878 5179 Regii
914 5107 977 5164 F.
1011 5105 1077 5162 ﬂ.
1110 5115 1166 5161 et
1193 5104 1237 5159 Ι.
1265 5118 1389 5159 cum
1414 5102 1680 5172 Anglicis.
1715 5101 1799 5155 ln-

209 5216 424 5277 terpres
457 5214 639 5262 tamen
690 5202 952 5273 quoniam
1001 5201 1055 5256 in
1096 5198 1287 5254 Bibliis
1331 5195 1693 5251 Plantinianis
1744 5206 1800 5251 et

210 5299 556 5355 Germanicis
584 5298 728 5365 apud
758 5295 1079 5365 prophetam
1107 5292 1306 5362 legitur
1327 5288 1594 5360 θέριστρα
1622 5286 1792 5341 κατὰ·

212 5392 461 5458 κλειστα,
505 5397 766 5455 verterat,
815 5405 835 5439 ι
873 5385 1130 5441 theristra
1165 5382 1369 5438 clausa.
1410 5398 1428 5433 ι
1461 5379 1531 5434 Ει
1563 5393 1693 5434 vero
1737 5380 1792 5434 in

211 5482 536 5555 quibusdam
567 5482 734 5535 etiam
777 5478 965 5533 Basilii
1010 5473 1415 5544 exemplaribus
1449 5472 1523 5526 ita
1564 5471 1668 5538 legi
1701 5471 1801 5526 ad-

213 5584 401 5631 monet
439 5574 525 5626 vir
564 5570 918 5627 doctissimus
964 5567 1265 5623 Flaminius
1307 5562 1558 5619 Nobilius
1592 5563 1647 5618 in
1686 5564 1804 5618 edi-

212 5669 363 5726 tione
384 5665 629 5721 Romana
657 5660 828 5726 LXX,
857 5658 1317 5731 quemadmodum
1360 5664 1417 5712 et
1443 5656 1497 5710 in
1526 5653 1805 5711 nonnullis

215 5763 368 5821 lsaia
413 5759 698 5833 propheta
744 5754 898 5810 libris
950 5751 1158 5807 Gracis
1201 5767 1216 5805 :
1268 5756 1641 5806 verumtamen
1685 5746 1804 5804 sine

495 5852 770 5913 Ριτιιοι..
803 5848 921 5910 Gn.
957 5843 1169 5909 XXX.

1904 4553 2347 4623 designavimus,
2387 4554 2438 4608 in
2475 4568 2583 4622 quo
2633 4553 2695 4609 fit
2728 4558 2935 4612 mentio
2978 4556 3084 4612 olei
3127 4557 3402 4613 unctionis
3430 4566 3486 4613 et

1904 4647 2278 4717 thymiamatis
2329 4646 2785 4715 compositionis,
2828 4649 2973 4716 quod
3036 4648 3263 4720 Vulgata
3309 4667 3330 4702 ι
3368 4652 3487 4721 thy-

1902 4740 2103 4794 miama
2136 4748 2444 4792 aromatum
2488 4755 2507 4788 ι
2562 4746 2747 4796 vocat.
2787 4737 2961 4794 Porro
2996 4755 3120 4795 cum
3154 4740 3245 4796 hic
3281 4741 3487 4811 aliquid

1903 4834 2090 4886 deesse
2149 4829 2516 4884 arbitraretur
2574 4829 2888 4900 interpres,
2942 4830 3220 4900 adiecerat
3277 4831 3489 4902 aliquot

1901 4923 2064 4977 verba
2086 4963 2102 4988 ,
2134 4930 2190 4975 et
2220 4936 2383 4976 unam
2411 4921 2694 4990 periodum
2724 4922 2779 4976 in
2808 4922 2944 4977 duas
2974 4923 3273 4979 diviserat:
3307 4941 3328 4975 ι
3359 4922 3487 4979 For-

1899 5022 2045 5068 tasse
2095 5012 2243 5068 enim
2301 5025 2587 5083 postquam
2643 5015 2698 5068 in
2754 5015 2958 5087 templo
3015 5030 3138 5072 esse
3195 5028 3484 5087 coeperunt

1900 5105 2233 5176 voluptuosa
2262 5105 2577 5177 fragrantia
2602 5108 2795 5164 odores
2815 5149 2831 5175 ,
2890 5119 3015 5163 tunc
3042 5117 3375 5178 unguentum
3408 5124 3490 5164 sa-

1895 5213 2004 5253 cra
2034 5198 2310 5253 unctionis
2338 5207 2394 5252 et
2425 5199 2719 5269 thymiama
2761 5199 3175 5273 compositionis
3217 5211 3341 5255 esse
3393 5201 3485 5255 de-

1898 5291 2129 5346 sierunt.
2157 5288 2215 5344 ln
2247 5299 2448 5346 terram
2481 5292 2627 5345 enim
2662 5289 2971 5358 disiectum.
3015 5309 3035 5343 ι

1971 5379 2085 5435 Col.
2115 5380 2215 5436 53l
2260 5379 2302 5435 (Ξ
2330 5380 2389 5435 5.
2440 5382 2574 5435 Ante
2632 5380 2857 5436 virilem.
2913 5379 3188 5452 lnterpres
3216 5380 3486 5449 ediderat,

1905 5491 1925 5524 ι
1965 5470 2181 5541 praeripi
2224 5480 2401 5527 morte
2445 5479 2576 5526 ante
2611 5471 2937 5528 messoriam
2983 5471 3175 5527 falcem
3209 5486 3227 5527 :
3268 5490 3288 5523 ι
3339 5474 3485 5542 quod

1899 5563 2088 5635 ἀκμήν
2118 5578 2228 5618 non
2260 5562 2750 5631 animadverterit,
2785 5579 2892 5619 non
2940 5563 3115 5620 solum
3151 5564 3324 5620 aciem
3373 5565 3491 5620 sive

1904 5655 2189 5725 cuspidem
2223 5669 2443 5723 sonare,
2478 5657 2573 5712 sed
2621 5658 2788 5711 etiam
2821 5656 2919 5729 τὴν
2950 5657 3203 5730 νεότητα,
3231 5656 3490 5727 juventu-

1906 5755 2012 5805 tem
2033 5785 2050 5815 ,
2084 5757 2139 5804 et
2169 5748 2227 5801 tv
2265 5746 2418 5819 ἀκμῇ
2456 5748 2572 5805 sive
2599 5748 2727 5814 τοὺς
2768 5748 3121 5821 ἀκμάζοντας
3141 5790 3158 5815 ,
3185 5758 3348 5806 atate
3374 5748 3491 5824 ,Πο-

3123 5843 3202 5906 35
