3816 6210
388 340 526 398 1099

1578 327 1786 385 ΝΟΤιΕ
1828 325 2219 384 FRONTONIS
2258 324 2492 383 DUCEI

3523 317 3666 375 lim

385 466 590 523 rentes,
619 454 744 518 τοὺς
777 455 833 507 ὲν
865 455 932 524 τῇ
963 451 1151 523 ἡλικίᾳ
1180 449 1571 521 καθεστηκυίᾳ,
1603 459 1661 504 ιιι
1698 447 1841 504 infra
1872 449 1965 503 Ba-

2095 446 2371 517 mésxsctg
2407 444 2490 498 vel
2518 440 2820 512 ἐπαγγελία
2843 456 2859 472 ο
2906 454 3028 496 cum
3073 437 3293 510 proprie
3328 437 3399 492 sit
3431 450 3660 506 posses-

385 546 539 602 silius
569 545 723 610 dixit,
754 544 805 597 οί
832 546 889 598 ὲν
926 543 1113 614 ἡλικίᾳ
1140 543 1362 608 πάντες,
1396 560 1415 593 ι
1448 542 1541 612 qui
1574 542 1879 595 consistunt
1911 543 1963 595 in

384 637 561 691 artatis
592 636 792 705 vigore.
829 654 850 688 ι
885 633 993 690 Sed
1018 645 1073 689 et
1098 632 1209 689 illic
1238 650 1268 688 a
1292 643 1475 688 mente
1498 633 1735 688 auctoris
1764 634 1966 688 disces—

386 725 499 793 sit,
550 726 842 781 emendato
891 724 1080 780 codice
1113 723 1411 779 destitutus
1457 730 1515 777 et
1549 733 1769 777 vertens
1794 765 1809 790 ,
1851 741 1870 773 ι
1908 732 1968 777 ιιι

322 860 327 881 ε
384 818 514 872 nulli
551 818 673 873 usui
708 831 1009 886 occupasse
1056 816 1350 870 videantur
1381 829 1494 870 suae
1540 814 1711 869 robur
1748 814 1924 868 aetatis
1948 853 1964 878 ,

384 917 479 962 aut
514 918 661 963 certe
692 908 818 976 quia
847 907 1052 961 auxilio
1092 905 1343 961 destituti
1378 907 1508 971 sint,
1538 920 1645 961 non
1676 905 1964 959 admodum

383 998 624 1053 difficiles
649 1000 714 1052 ad
748 999 1030 1054 toleranda
1062 997 1248 1053 omnia
1282 1014 1297 1052 :
1332 1016 1351 1049 ι
1387 1012 1579 1051 verum
1615 1011 1682 1051 ex
1716 996 1884 1067 Regio
1911 1005 1966 1049 et

382 1087 423 1144 1.
462 1091 853 1145 restituendum
882 1101 967 1146 est
993 1090 1025 1161 ἢ
1055 1090 1143 1144 διὰ
1168 1089 1229 1143 τὸ
1264 1090 1591 1162 ἀϐοήθητος.

456 1182 575 1237 Col.
604 1183 788 1252 5551C
819 1184 874 1238 5.
932 1184 1005 1237 Et
1057 1183 1378 1236 molestiam.
1421 1184 1525 1237 Pro
1572 1181 1762 1251 ἀγῶνα
1799 1180 1963 1233 αὐτοῦ

384 1284 673 1330 annotarat
701 1274 933 1329 Tilman.
960 1291 1019 1332 se
1047 1276 1230 1344 legere
1270 1276 1512 1344 ἀγωνίαν
1541 1274 1750 1328 ἑαυτῶν
1771 1315 1786 1340 ,
1823 1274 1961 1330 scri-

386 1373 676 1434 pseratque
705 1381 728 1418 s
755 1365 914 1433 proin
944 1365 1085 1420 velle
1113 1380 1172 1420 se
1205 1365 1388 1419 levare
1423 1374 1473 1418 et
1505 1365 1776 1419 consolari
1810 1378 1963 1419 suam

384 1458 672 1513 orbitatem
704 1459 892 1513 dicunt
926 1457 1089 1514 simul
1135 1458 1319 1528 plures
1348 1475 1364 1512 :
1408 1476 1427 1510 ι
1479 1473 1579 1513 nos
1611 1466 1801 1513 contra
1832 1471 1965 1511 con-

385 1564 601 1604 sensum
636 1551 880 1605 omnium
915 1551 1162 1605 codicum
1202 1549 1340 1605 nihil
1373 1551 1427 1605 in
1457 1549 1666 1605 Graecis
1706 1550 1954 1603 immuta-

386 1643 583 1708 vimus,
625 1645 720 1698 sed
757 1642 808 1697 in
844 1642 1074 1709 Latinis,
1107 1650 1167 1697 ut
1200 1651 1255 1699 et
1289 1643 1452 1711 paulo
1484 1651 1606 1709 post
1637 1641 1844 1714 χρῆσον
1875 1655 1966 1695 re-

384 1733 665 1797 tinuimus,
690 1747 867 1802 neque
894 1747 1014 1786 cum
1048 1732 1141 1787 illo
1175 1733 1513 1788 correximus
1546 1729 1840 1802 κεκλήσθω
1876 1731 1962 1799 ἐφ’

2067 539 2148 594 sio
2180 560 2192 592 ;
2232 536 2371 590 Psal.
2397 551 2458 598 ιι,
2482 534 2551 589 8:
2583 533 2760 587 Δώσω
2785 549 2885 586 σοι
2922 531 3069 599 ἔθνη
3100 530 3216 598 τὴν
3241 528 3659 598 κληρονομίαν

2066 645 2205 694 σου,
2254 628 2352 681 καὶ
2398 627 2514 696 τὴν
2555 625 2933 696 κατάσχεσιν
2979 638 3096 677 σοι·
3142 623 3218 677 τὰ
3261 622 3494 691 πέρατα
3542 620 3661 691 τῆς

2066 722 2201 793 γῆς’
2235 721 2383 776 Dabo
2410 723 2505 775 tibi
2537 730 2713 792 gentes
2743 720 3104 773 hwreditatem
3135 728 3282 771 tuam
3307 758 3323 782 ,
3362 726 3410 770 et
3450 731 3665 785 posses-

2066 814 2263 869 sio-sem
2308 822 2453 865 tuam
2487 813 2736 865 terminos
2771 819 2926 864 terra:
2950 826 2968 863 :
2999 820 3054 864 et
3088 809 3232 864 idem
3283 807 3510 863 verbum
3543 807 3660 861 lie-

2070 903 2274 957 braeum
2304 902 2675 972 κληρονομία
2703 900 2937 956 vertitur
2971 899 3015 953 ll
3047 899 3378 988 Paraliponl.
3409 913 3567 961 xxxi,
3601 896 3659 950 1.

2139 995 2254 1050 Col.
2286 994 2392 1048 556
2425 995 2468 1046 A
2495 970 2575 1047 8.6
2608 992 3068 1061 Quandoquidem.
3108 970 3233 1046 llch
3255 970 3475 1060 qunque
3516 1003 3660 1058 prte-

2072 1087 2320 1140 termissa
2369 1084 2585 1140 fuerant
2628 1085 2697 1139 ab
2744 1084 3054 1152 antiquario
3100 1098 3200 1137 seu
3247 1081 3516 1147 librario,
3562 1067 3660 1151 qui

2072 1176 2298 1246 Regium
2335 1175 2398 1230 F.
2432 1175 2754 1246 exscripsit,
2786 1177 3040 1232 restituta
3074 1191 3142 1230 ex
3170 1174 3344 1229 altero
3376 1174 3547 1243 Regio
3585 1173 3653 1228 Η.

2068 1280 2124 1325 et
2153 1268 2415 1339 Anglicis,
2446 1284 2569 1324 cum
2602 1268 2856 1324 versione
2884 1284 2982 1324 sua
3008 1285 3024 1322 :
3057 1282 3221 1337 porro
3254 1266 3382 1321 illud
3416 1267 3476 1320 ὲν
3506 1265 3662 1338 χειρὶ

2071 1360 2291 1432 μεσίτου
2319 1369 2402 1415 est
2434 1375 2500 1414 ex
2534 1358 2707 1428 Epist.
2744 1360 2812 1413 ad
2858 1359 3041 1415 Galat.
3087 1374 3186 1425 ιιι,
3222 1358 3310 1413 19.
3355 1358 3429 1412 De
3461 1359 3660 1429 angelo

2068 1451 2294 1506 custode
2337 1451 2631 1520 unicuique
2664 1451 2924 1506 attribute
2976 1451 3181 1505 dictum
3228 1459 3315 1503 est
3371 1449 3539 1513 alibi,
3605 1450 3659 1504 ia

2067 1542 2337 1611 psalmum
2370 1557 2565 1609 xxxm,
2591 1542 2660 1596 8:
2686 1541 2946 1597 Immittet
2977 1542 3217 1613 angelus,
3241 1540 3327 1595 vel
3363 1553 3661 1595 castrame-

2075 1636 2297 1688 tabilur.
3192 1630 3200 1635 ”

2140 1726 2254 1781 Col.
2296 1725 2401 1782 562
2434 1726 2475 1780 Β
2528 1727 2579 1780 1.
2644 1726 2765 1781 Non
2806 1737 2881 1782 est
2938 1729 3097 1781 enim.
3143 1727 3320 1784 Locus
3363 1738 3447 1783 est
3499 1726 3663 1782 lere-

387 1825 570 1896 ήμᾶς,
607 1843 626 1876 ι
663 1825 944 1879 invocetur
980 1840 1290 1895 supernos.
1331 1844 1351 1876 ι
1400 1824 1548 1893 Ιιιιο,
1607 1843 1626 1875 ι
1677 1825 1961 1879 commoda

2095 1818 2187 1871 nia'.
2216 1833 2327 1883 xlv,
2358 1818 2429 1871 ‘22
2455 1835 2469 1872 :
2502 1818 2600 1888 Μὴ
2648 1819 2823 1873 ἐστιν
2852 1820 2923 1873 ἐν
2965 1819 3236 1886 εἰδώλοις
3269 1819 3466 1875 ἐθνῶν
3495 1819 3663 1875 ὐετίο

387 1916 545 1969 nobis
580 1930 797 1977 nomen,
834 1923 893 1968 ut
924 1914 1170 1970 dicamur
1205 1931 1402 1970 uxores
1428 1917 1554 1970 talis
1588 1917 1709 1971 viri.
1753 1936 1772 1971 ι

454 2003 570 2059 Col.
611 2004 716 2060 555
743 2003 785 2059 C
819 2004 905 2059 ll.
967 2004 1101 2060 Cum
1146 2006 1284 2059 enim
1325 2007 1560 2076 propria.
1603 2007 1734 2074 Quae
1763 2008 1968 2067 fuerint

385 2112 414 2151 a
448 2097 607 2152 nobis
636 2106 905 2167 expuncta
935 2112 1040 2152 non
1069 2097 1455 2166 exprimemus,
1498 2101 1592 2154 sed
1620 2109 1674 2155 et
1713 2101 1800 2156 hic
1831 2112 1885 2158 et
1910 2105 1963 2157 in

386 2189 508 2244 aliis
549 2188 709 2257 hujus
747 2190 1131 2244 commentarii
1177 2189 1349 2255 locis,
1380 2205 1500 2259 quae
1534 2191 1818 2248 immutata
1854 2195 1967 2250 sint

383 2282 467 2336 vel
502 2282 789 2336 emendata
812 2322 826 2346 ,
870 2282 1117 2352 pluribus
1158 2296 1262 2337 non
1302 2297 1659 2352 exponemus,
1694 2300 1764 2340 ne
1796 2287 1964 2355 proli-

384 2373 567 2428 xiores
593 2375 702 2429 sint
726 2375 811 2428 hae
833 2384 1008 2440 notae,
1037 2383 1354 2445 tantumque
1381 2376 1550 2446 digito
1582 2377 1729 2432 velut
1760 2379 1967 2433 intento

386 2464 746 2519 indicabimus
784 2480 878 2520 eas
910 2465 1239 2531 sententias,
1273 2481 1393 2535 quae
1436 2483 1561 2522 cum
1593 2468 1717 2523 aliis
1757 2469 1967 2525 collata;

386 2553 735 2618 editionibus,
759 2554 887 2624 quid
913 2554 966 2607 in
996 2555 1097 2608 hac
1135 2554 1541 2610 Graeco-Latina
1570 2558 1640 2612 sit
1667 2560 1964 2627 prmstitum

387 2643 575 2699 lectori
604 2646 850 2699 studioso
876 2644 1285 2713 significabunt.
1314 2646 1516 2715 Pagina
1547 2651 1795 2719 sequenti
1830 2651 1970 2706 scri-

385 2737 593 2805 psimus
616 2735 850 2807 κρίσεως
878 2735 1060 2807 ήμέρα
1084 2750 1181 2804 pro
1203 2736 1436 2802 κτίσεως
1459 2753 1522 2792 ex
1546 2739 1607 2793 F.
1632 2739 1699 2794 Η.
1731 2751 1786 2796 et
1810 2742 1968 2812 paulo

386 2826 506 2898 pust
521 2827 726 2900 λεῖμμα
750 2843 846 2898 pro
860 2827 1077 2900 λῆμμαο
1098 2829 1225 2885 illud
1256 2831 1383 2884 κατ’
1400 2831 1666 2902 ἐκλογὴν
1684 2831 1929 2902 χάριτος
1948 2875 1963 2901 ,

387 2919 672 2973 secundum
716 2919 1020 2974 electionem
1050 2922 1267 2990 gratim,
1315 2931 1397 2977 est
1431 2923 1499 2978 ad
1544 2922 1775 2979 Roman.
1799 2941 1875 2988 xt.
1909 2926 1964 2981 5.

458 3011 575 3066 Col.
621 3011 726 3068 542
753 3012 799 3065 A
831 3011 887 3068 2.
924 3011 1149 3077 Quando
1190 3014 1376 3083 igitur.
1413 3014 1685 3071 Omiserat
1714 3015 1803 3071 hic
1830 3017 1968 3073 inte-

389 3119 540 3174 gram
573 3104 769 3160 lineam
801 3102 977 3160 Graaci
1011 3112 1190 3160 textus
1221 3105 1489 3177 interpres
1513 3146 1528 3172 ,
1567 3122 1729 3176 quam
1768 3117 1819 3163 et
1859 3107 1967 3165 Re-

2067 1909 2213 1973 ζων;
2243 1910 2354 1964 Kal
2383 1912 2437 1965 εὶ
2470 1914 2504 1965 ὁ
2536 1913 2795 1980 οὐρανὸς
2835 1911 3017 1966 δώσει
3046 1914 3415 1983 πλησμονὴν
3441 1912 3659 1980 αὑτοῦ,

2067 2003 2203 2071 οὐχι
2237 2001 2320 2055 σὺ
2351 2003 2573 2069 ainde;
2601 2001 2858 2072 Nunquid
2897 2013 2973 2056 est
3000 2007 3053 2056 in
3080 2003 3239 2057 idolis
3273 2004 3533 2072 gentium,
3564 2004 3659 2072 qui

2065 2094 2258 2163 pluat?
2295 2093 2451 2159 Quod
2479 2096 2526 2148 si
2555 2094 2748 2147 caelum
2776 2094 2919 2147 dabit
2952 2095 3248 2148 satietatem
3280 2110 3455 2159 suam,
3483 2111 3659 2149 nonae

2066 2193 2124 2236 tu
2161 2200 2215 2238 es
2243 2186 2396 2253 ipse?
2421 2184 2575 2240 Alter
2603 2194 2785 2239 autem
2807 2226 2823 2251 ,
2856 2184 2931 2238 Et
2957 2185 3138 2256 pluam
3159 2202 3317 2254 super
3350 2203 3536 2252 uuam,
3572 2187 3660 2242 ni-

2066 2275 2144 2331 hil
2173 2276 2446 2347 discrepat
2474 2293 2504 2331 a
2544 2277 2728 2332 verbis
2756 2277 2927 2332 Amos
2958 2292 3033 2342 tv,
3069 2277 3123 2332 7.
3175 2277 3395 2332 Tertius
3426 2280 3653 2333 demum

2066 2375 2151 2422 est
2184 2365 2488 2422 Ezechielis
2522 2381 2597 2432 tv,
2635 2368 2705 2435 6,
2742 2367 2991 2422 nonnihil
3032 2368 3320 2422 diversus:
3358 2368 3470 2423 illic
3498 2368 3649 2422 enim

2067 2468 2152 2514 est
2191 2460 2244 2514 in
2279 2459 2470 2516 Bibliis
2507 2460 2903 2515 Basiliensihus
2954 2468 3010 2515 et
3042 2460 3187 2530 apud
3230 2461 3653 2531 Polychronium

2067 2560 2230 2621 atque
2261 2552 2315 2605 in
2349 2552 2758 2620 manuscriptis,
2790 2568 3025 2622 quorum
3058 2553 3311 2607 meminit
3346 2540 3655 2608 Flaminius

2067 2642 2339 2697 Nobilius:
2373 2643 2484 2696 Καὶ
2508 2641 2621 2712 ἐγὼ
2641 2643 2851 2698 δέδωκά
2880 2661 2963 2698 σοι
2983 2644 3081 2708 τὰς
3107 2644 3201 2698 δύο
3226 2645 3441 2708 ἀδικίας
3474 2646 3658 2699 αὐτῶν

2068 2736 2147 2799 είς
2190 2735 2421 2807 ἀριθμὸν
2482 2736 2706 2808 ἡμερῶν
2757 2737 3116 2809 ἐννενήκοντα
3176 2739 3273 2792 καὶ
3328 2739 3658 2810 τριακοσίας

2067 2826 2302 2898 ἡμέραςο
2342 2843 2363 2879 ι
2396 2827 2462 2881 Ει
2491 2843 2591 2895 ego
2618 2829 2737 2883 dedi
2772 2818 2871 2883 tibi
2899 2830 3036 2884 duas
3064 2830 3383 2898 iniquitates
3409 2830 3654 2900 ipsorum

2068 2918 2124 2973 in
2155 2934 2437 2974 numerum
2464 2920 2702 2987 dierum,
2734 2924 3029 2992 nonaginta
3061 2924 3273 2977 scilicet
3298 2932 3352 2978 et
3380 2933 3656 2978 trecentos

2069 3010 2205 3064 dies.
2252 3029 2271 3062 ι
2310 3009 2369 3065 S.
2417 3010 2787 3083 Hieronymus
2828 3013 2885 3067 in
2927 3029 3053 3068 eum
3090 3013 3270 3069 locum
3314 3023 3550 3069 testatur
3578 3016 3654 3069 ita

2069 3099 2210 3156 LXX
2238 3101 2508 3169 edidisse,
2548 3104 2791 3174 itemque
2822 3104 3077 3174 Aquilam
3100 3146 3117 3171 ,
3149 3102 3545 3176 Symmachum
3595 3117 3654 3162 tt

387 3158 508 3263 gius
534 3193 597 3249 F.
622 3195 864 3260 exhibet,
886 3202 941 3248 et
964 3208 1155 3247 novam
1182 3158 1461 3262 periodum
1489 3158 1774 3250 inclinarat
1796 3196 1961 3251 verba
1992 3158 2035 3215 Ο
2069 3191 2494 3248 Theodotionem
2516 3237 2532 3261 ,
2585 3158 2718 3249 licet:
2760 3158 2985 3266 vulgata“
3041 3158 3377 3267 exemdplaria
3428 3207 3653 3253 centum

388 3284 477 3340 illa
507 3295 725 3341 vertens
750 3324 765 3351 ,
794 3285 888 3340 καὶ
923 3286 952 3338 ὁ
998 3283 1155 3352 λόγος
1185 3286 1511 3352 αἰνίσσεται,
1563 3305 1582 3337 ι
1616 3287 1755 3354 Quin
1800 3289 1965 3343 etiam

389 3375 556 3432 tacite
605 3377 785 3432 innuit
840 3378 974 3432 duas
1027 3392 1150 3433 esse
1198 3379 1409 3447 species
1456 3378 1835 3446 baptismatis,
1898 3395 1967 3436 ne

388 3467 605 3538 quando
626 3469 693 3522 ad
710 3469 1013 3522 ternionem
1037 3484 1207 3538 usque
1229 3469 1609 3540 progrediatur
1624 3470 1915 3541 baptisma.
1937 3490 1959 3525 ι

388 3556 561 3613 Ροιτο
589 3557 717 3613 illud
741 3597 756 3622 ,
789 3558 1015 3629 πνεῦμα
1040 3558 1319 3627 καύσεως,
1346 3561 1593 3630 spiritum
1624 3563 1831 3617 ardoris
1853 3603 1869 3630 ,
1900 3564 1969 3619 de

387 3648 665 3719 baptismo
713 3649 877 3703 etiam
922 3649 1146 3718 exponit
1192 3648 1428 3719 Cyrillus
1472 3649 1874 3708 Alexandrinus
1910 3652 1967 3708 in

389 3741 833 3795 Commentario:
862 3740 1128 3807 Καύσεως
1168 3743 1225 3796 δὲ
1258 3742 1476 3814 πνεῦμά
1529 3760 1711 3815 φαμεν
1743 3744 1843 3817 τὴν
1876 3745 1969 3799 ἐπὶ

389 3830 482 3887 τοῦ
511 3832 665 3902 ἁγίου
700 3831 1016 3903 Πνεύματος
1056 3833 1217 3907 χάριν
1272 3836 1333 3888 οὐ
1383 3836 1506 3908 δίχα
1556 3836 1869 3907 πνεύματος
1910 3839 1969 3892 ὲν

389 3923 521 3993 ἡμῖν
553 3921 865 3993 γινομένην.
920 3939 940 3973 ι
975 3920 1204 3978 Ardoris
1252 3938 1382 3979 vero
1427 3927 1680 3994 spiritum
1731 3928 1966 3983 dicimus

389 4011 617 4081 gratiam
648 4011 702 4064 in
732 4021 1080 4067 sacrosancto
1113 4015 1405 4084 baptismo,
1450 4031 1557 4071 non
1608 4016 1813 4087 absque
1860 4018 1971 4089 spi-

392 4104 498 4158 ritu
531 4101 688 4157 nobis
715 4103 1111 4172 ingencratam.
1145 4122 1166 4157 ι

459 4193 576 4248 Col.
617 4192 723 4248 546
760 4194 800 4248 ιι
856 4194 906 4250 Ι.
966 4194 1037 4249 Ει
1107 4197 1244 4251 male
1277 4198 1631 4266 obsequentes.
1678 4199 1796 4255 Non
1847 4201 1969 4255 ani-

388 4282 684 4337 madvertit
733 4282 1011 4351 Evangelii
1069 4293 1124 4338 et
1165 4286 1398 4353 apostoli
1446 4285 1598 4339 Pauli
1644 4287 1830 4340 verbis
1891 4287 1966 4341 uti

386 4371 648 4427 Basilium
677 4373 969 4444 interpres,
1002 4373 1294 4445 (maligne
1329 4375 1694 4443 obsequentes
1727 4385 1968 4432 attentos

2067 3284 2358 3354 nonaginta
2389 3300 2562 3341 annos
2603 3287 2842 3340 habeant
2880 3305 2895 3342 :
2947 3297 3003 3343 at
3032 3287 3295 3355 Basilius,
3332 3304 3431 3358 pro
3468 3303 3655 3343 nona-

2066 3374 2212 3443 ginta
2241 3385 2295 3430 et
2335 3386 2626 3442 trecentos,
2654 3378 2812 3445 dixit,
2850 3398 2870 3431 ι
2913 3380 3214 3450 nonaginta
3247 3390 3383 3437 tres.
3422 3399 3441 3432 ι

2140 3468 2254 3522 Col.
2311 3468 2415 3524 566
2458 3469 2500 3522 Β
2544 3471 2598 3524 7.
2677 3470 2746 3525 Et
2804 3472 2990 3527 oculus
3041 3473 3341 3527 inexhaust.
3382 3473 3662 3543 interpres

2068 3559 2383 3629 scripserat,
2419 3578 2437 3612 ι
2474 3576 2635 3630 quam
2661 3563 2706 3617 si
2730 3561 3014 3618 definieris
3051 3572 3229 3618 tecum
3256 3565 3394 3619 nihil
3418 3567 3657 3619 omnino

2069 3650 2365 3720 possidere.
2399 3671 2418 3704 ι
2454 3651 2522 3705 At
2556 3653 2937 3725 συνορίζεσθαι
2972 3669 3075 3708 non
3108 3666 3191 3709 est
3219 3656 3311 3711 hic
3364 3676 3382 3708 ι
3424 3658 3661 3713 deﬁnire

2068 3742 2207 3810 apud
2235 3756 2314 3806 se,
2348 3760 2366 3794 ι
2401 3758 2588 3798 verum
2624 3763 2642 3794 ι
2681 3747 2920 3800 confinio
2943 3746 3123 3815 jungi.
3165 3765 3184 3798 ι
3227 3747 3400 3803 Paulo
3443 3759 3571 3817 post
3599 3752 3655 3805 in

2069 3846 2172 3886 ms.
2202 3832 2265 3887 F.
2304 3848 2588 3903 perperam
2620 3837 2881 3907 scriptum
2912 3836 3014 3892 fuit
3041 3839 3105 3891 οὐ
3139 3839 3321 3911 λήψει,
3363 3842 3509 3896 unde
3537 3842 3660 3896 Τιιο

2070 3937 2299 3978 manuus
2332 3935 2594 3988 verterat,
2629 3944 2649 3977 ι
2696 3927 2812 3997 ipse
2845 3938 3028 3983 autem
3056 3931 3196 3985 nihil
3217 3933 3441 3987 omnino
3473 3936 3571 3989 abs
3602 3945 3659 3991 te

2069 4015 2337 4084 accipiet:
2374 4035 2393 4068 ι
2439 4026 2496 4071 at
2541 4017 2713 4072 multo
2749 4019 2956 4074 rectius
2985 4019 3040 4075 in
3070 4020 3136 4075 ll.
3170 4032 3224 4077 et
3253 4022 3318 4077 Α.
3358 4023 3421 4076 οὐ
3451 4023 3655 4095 λείψει,

2075 4122 2095 4156 ι
2134 4122 2240 4160 non
2272 4108 2508 4163 deficiet.

2142 4199 2256 4254 Col.
2288 4200 2389 4254 57l
2421 4202 2461 4255 A
2500 4201 2589 4257 ll).
2630 4201 2795 4256 Juxta
2827 4203 3011 4272 igitur.
3045 4203 3160 4260 Non
3198 4215 3257 4259 ut
3290 4216 3447 4262 antea
3498 4219 3653 4273 erat,

2074 4308 2091 4340 ι
2125 4290 2282 4359 juxta
2313 4291 2475 4360 igitur
2504 4293 2849 4361 partemiam,
2892 4311 2911 4344 ι
2955 4310 3022 4347 ne
3050 4296 3175 4363 quis
3206 4296 3492 4365 profanum
3529 4312 3659 4353 esse

2070 4388 2219 4447 putet
2249 4379 2534 4449 adagium;
2561 4390 2645 4435 est
2670 4382 2815 4435 enim
2844 4383 2984 4450 apud
3017 4382 3383 4448 Salomonem,
3419 4385 3656 4440 Prover-

385 4469 688 4534 reddebat,
729 4487 749 4521 ι
802 4477 896 4535 et,
949 4468 1323 4523 «lamentatio
1362 4478 1484 4524 erat
1533 4470 1963 4539 impaenitentem

2095 4472 2209 4523 liOl‘.
2257 4487 2393 4525 χχιιι
2418 4516 2431 4537 ,
2466 4472 2531 4524 51
2575 4489 2589 4526 :
2640 4475 2711 4527 Εί
2742 4473 2854 4543 γὰρ
2893 4478 2981 4540 είς
3032 4475 3140 4541 τὰς
3170 4474 3390 4544 φιάλας
3439 4477 3544 4531 καὶ
3580 4482 3658 4534 τὰ

389 4560 685 4615 conﬁciens
735 4573 975 4615 maerore
1022 4574 1087 4614 ac
1129 4560 1354 4613 tristitia
1395 4559 1463 4613 ad
1507 4559 1760 4615 salutem.
1798 4578 1818 4613 ι
1853 4559 1967 4614 imo

384 4652 803 4723 ἀμεταμέλητον
855 4650 1127 4723 σωτηρίαν
1179 4651 1330 4714 dicit,
1382 4666 1488 4706 non
1536 4651 1811 4705 hominem
1864 4651 1969 4705 im‘

390 4745 739 4813 poenitentem
763 4785 779 4809 ,
820 4745 914 4799 sed
945 4745 1172 4798 salutem
1215 4742 1616 4814 ἀμετακίνητον
1640 4759 1653 4773 -
1691 4743 1776 4798 vel
1816 4752 1968 4798 certe

382 4835 707 4907 μετάνοιαν
756 4835 1213 4905 ἀμεταμέλητον
1255 4834 1392 4888 dixit
1435 4834 1760 4904 Apostolus,
1793 4834 1835 4888 ll
1862 4835 1986 4890 ϐο·-

391 4926 560 4980 rinth.
597 4941 693 4990 vlt,
732 4925 821 4991 l0,
844 4925 1222 4992 pmnitentiam,
1253 4925 1408 4993 cujus
1440 4941 1533 4978 nos
1562 4941 1666 4978 non
1696 4926 1963 4993 paeniteat,

390 5029 452 5072 ut
478 5017 616 5071 dona
652 5016 744 5071 Dei
776 5015 1036 5071 dicuntur
1054 5014 1495 5085 ἀμεταμέλητα,
1527 5016 1761 5071 Roman.
1796 5034 1839 5079 ι.
1863 5018 1959 5082 Q9,

390 5117 554 5178 atque
592 5108 665 5161 ita
717 5106 934 5161 videtur
967 5107 1245 5175 accepisse
1297 5107 1355 5161 S.
1394 5106 1636 5163 Joannes
1677 5108 1963 5180 Chrysost.

391 5200 582 5256 homil.
619 5199 685 5254 15
733 5217 746 5252 :
792 5198 982 5263 Οὐδεὶς
1027 5199 1222 5253 ἑαυτοῦ
1268 5198 1704 5269 καταγνώσεται,
1741 5201 1836 5254 ἐὰν
1869 5193 1966 5253 λυέ

392 5291 540 5364 πηθῇ
572 5292 657 5361 ἐφ’
697 5291 973 5362 ἁμαρτίᾳ,
1007 5290 1102 5345 ἐὰν
1148 5291 1425 5364 πενθήσῃ,
1479 5295 1573 5346 καὶ
1619 5294 1810 5347 ἑαυτὸν
1845 5310 1970 5347 συν-

389 5382 581 5456 cpiti/9°
638 5400 656 5432 ι
712 5381 899 5450 Neque
949 5383 1094 5435 enim
1140 5384 1427 5453 quisquam
1471 5398 1711 5454 unquam
1752 5385 1854 5439 sibi
1904 5400 1968 5439 eo

396 5475 617 5529 nomine
642 5472 1003 5538 succensebit,
1045 5474 1188 5543 quod
1233 5475 1303 5529 ob
1330 5483 1550 5545 peccata
1577 5489 1701 5530 sese
1730 5489 1968 5531 maerore

393 5567 669 5636 afllixerit,
699 5578 862 5640 atque
894 5569 1199 5624 obtriverit.
1236 5556 1277 5621 ι’
1303 5567 1443 5623 lnf‘ra
1475 5569 1574 5641 τὴν
1608 5570 1712 5640 γῆν
1738 5569 1840 5640 τῆς
1865 5588 1969 5625 κα-

390 5662 702 5734 τασχέσεως
738 5663 892 5727 dixit,
930 5662 1071 5730 quod
1104 5659 1427 5717 Tilmannus
1456 5662 1655 5729 vertit,
1688 5678 1709 5713 ι
1741 5664 1973 5731 promis~

397 5755 600 5826 sionis,
634 5774 655 5810 ι
689 5756 843 5828 quasi
875 5755 1205 5825 κατάσχεσις
1249 5753 1392 5810 idem
1423 5753 1516 5812 hic
1548 5754 1790 5825 valeret,
1824 5757 1967 5826 quod

2068 4559 2324 4627 ποτήρια
2369 4558 2487 4627 δῷς
2535 4561 2680 4628 τοὺς
2720 4565 3069 4634 ὀφθαλμούς
3114 4579 3273 4619 σουο
3315 4566 3372 4621 Si
3412 4569 3552 4620 enim
3598 4570 3655 4623 in

2071 4650 2279 4720 phialas
2327 4660 2377 4705 et
2411 4653 2601 4720 pocula
2649 4655 2855 4709 dederis
2897 4657 3077 4710 oculos
3120 4666 3260 4711 tuos.
3315 4659 3471 4724 Quod
3518 4677 3653 4716 vero

2072 4745 2314 4812 sequitur
2342 4745 2449 4800 τὸν
2474 4749 2898 4818 γενεσιουργὸν
2922 4749 3175 4815 ἐννοεῖν,
3210 4762 3292 4806 est
3320 4768 3386 4806 ex
3415 4753 3653 4822 Sapien-

2072 4837 2162 4890 tim
2188 4852 2305 4901 xm,
2335 4838 2390 4892 5.
2420 4839 2751 4907 Ψυκτήρων
2780 4843 2840 4894 fit
2870 4843 3096 4907 mentio,
3127 4842 3146 4895 l
3178 4841 3335 4897 Esdr.
3364 4860 3404 4909 ι,
3437 4845 3493 4898 9.

2145 4928 2259 4983 Col.
2299 4929 2398 4983 571
2441 4929 2482 4983 D
2535 4930 2587 4983 1.
2647 4930 3021 4988 chularium.
3060 4935 3194 4998 Ταῖς
3237 4934 3436 5001 ἔξωθεν
3473 4938 3652 5008 dixit,

2066 5030 2127 5074 ut
2180 5022 2249 5077 ab
2297 5023 2683 5079 ecclesiasticis
2732 5026 3023 5082 saeculares
3068 5027 3410 5097 distinguat,
3455 5045 3561 5085 non
3611 5049 3645 5087 a

2068 5110 2391 5168 Christianis
2440 5114 2669 5184 gentiles
2714 5124 2809 5170 aut
2855 5132 3135 5187 paganas,
3184 5120 3646 5187 quemadmodum

2071 5205 2336 5260 intellexit
2382 5206 2688 5276 interpres,
2736 5225 2755 5259 ι
2793 5217 2853 5263 ιιι
2885 5210 3225 5278 praefecturis
3257 5211 3378 5267 istis
3411 5227 3440 5266 a
3485 5213 3651 5268 Chri-

2069 5298 2247 5350 stiana
2279 5297 2590 5367 frugalitale
2620 5301 3051 5358 abhorrentibus
3081 5303 3333 5356 nonnihil
3363 5316 3650 5363 accrescat

2071 5388 2390 5443 honestatis.
2429 5410 2448 5442 ι
2484 5390 2692 5445 Rursus
2722 5392 2985 5447 omiserat
3010 5392 3164 5461 illud,
3191 5393 3255 5447 τὸ
3277 5395 3651 5455 ἐπονείδιστον

2068 5477 2535 5548 περιστέλλουσα,
2584 5490 2795 5535 tantum
2859 5484 3004 5537 enim
3056 5485 3392 5555 scripserat,
3441 5505 3463 5539 ι
3502 5488 3651 5557 quod

2069 5569 2225 5637 plane
2257 5572 2667 5639 vituperandum
2702 5584 2806 5630 est.
2841 5592 2860 5626 ι
2951 5631 2955 5634 .

2141 5660 2256 5719 Col.
2292 5662 2398 5720 579
2436 5663 2478 5720 C
2525 5666 2579 5721 6.
2635 5667 2717 5721 Ad
2764 5684 3031 5723 occasum.
3067 5667 3184 5723 Non
3219 5679 3278 5725 ut
3313 5678 3475 5725 antea
3508 5681 3651 5736 erat,

2077 5775 2095 5808 ι
2135 5757 2199 5813 ad
2231 5760 2531 5817 retinacula
2565 5764 2721 5831 vitae;
2759 5783 2777 5816 ι
2810 5776 3095 5835 perperam
3119 5763 3265 5818 enim
3307 5762 3522 5821 calamo
3562 5781 3632 5821 ex
