3816 6210
207 326 353 381 “Ol

1427 323 1494 378 ΙΝ
1533 321 1886 379 COMMENT.
1928 325 1996 380 IN
2032 325 2286 385 ISAIAM.

3343 329 3482 386 “(‘9

205 456 434 501 aratum
449 452 564 498 erat
595 443 647 498 in
676 442 736 498 F.
771 443 932 516 μέχρι
957 444 1063 496 τῶν
1096 443 1327 515 δεσμῶν.
1362 444 1428 496 At
1462 444 1804 497 emendatum

1923 444 2122 500 ﬂamma
2158 460 2385 501 accensa
2424 464 2437 500 :
2501 465 2518 497 ι
2553 445 2902 516 quamobrem
2935 461 3064 503 sane
3091 447 3308 513 mirum,
3337 451 3479 518 quod

207 548 301 591 est
330 553 396 590 ex
427 538 490 589 H.
532 546 586 589 et
615 537 678 590 A.
719 536 880 608 μέχρι
907 536 1014 588 τῶν
1040 536 1260 605 δυσμῶν
1286 537 1384 606 τῆς
1419 532 1590 605 ζωῆς.
1611 537 1802 606 Δυσμή

215 647 239 682 s
275 629 413 682 solis
445 643 695 681 occasum
730 646 748 677 ι
786 637 945 682 sonat
979 645 991 680 :
1028 626 1360 681 transfertur
1387 629 1552 679 etiam
1587 628 1652 680 ad
1687 627 1809 681 vitae

213 721 410 774 ﬂuent.
453 719 755 788 Hesychius
781 727 836 774 et
865 718 1063 774 Suidas
1093 718 1326 788 δυσμαῖς
1359 717 1497 787 βίου,
1534 717 1611 788 τῷ
1659 717 1803 770 τέλει

211 811 394 882 ζωῆς-

287 904 408 956 Col.
444 902 550 956 582
591 902 631 954 Β
676 901 728 955 6.
771 901 877 966 Qui
925 917 990 955 ex
1029 899 1206 955 Caini.
1247 901 1600 973 Καθήκοντος
1631 901 1806 970 dixit,

215 995 367 1061 quod
407 993 673 1064 καθήκειν
703 993 945 1046 devenire
969 1003 1144 1048 sonet.
1177 994 1475 1062 Procopius
1505 995 1642 1047 dixit
1672 1012 1808 1048 κατ-

215 1087 532 1156 αγομένου,
581 1103 635 1156 p.
695 1087 761 1138 77
810 1085 895 1140 :&
931 1085 1025 1138 τοῦ
1062 1085 1274 1148 ,Ἰωδάλ
1325 1088 1476 1140 ἐστιν
1519 1087 1810 1158 εὑρήματα

213 1179 316 1232 τοῦ
358 1181 422 1231 ὲκ
451 1178 543 1231 τοῦ
575 1181 712 1232 Κάῖν
753 1179 1130 1249 καταγομένου
1151 1217 1166 1243 ,
1207 1197 1225 1230 ι
1259 1193 1492 1248 quorum
1527 1189 1808 1233 auctorem

217 1271 376 1325 illum
399 1313 414 1338 ,
464 1273 555 1344 qui
589 1273 743 1327 Caini
777 1273 994 1327 soboles
1033 1273 1286 1338 exstitit,
1312 1273 1642 1342 accepimus.
1687 1291 1704 1323 ι
1746 1272 1812 1326 Et

216 1376 520 1420 annotatur
559 1365 758 1422 Genes.
803 1381 876 1428 ιν,
931 1365 1020 1418 l7.
1071 1364 1207 1418 Nam
1250 1379 1315 1418 ex
1347 1364 1481 1420 Cain
1529 1373 1682 1418 ortus
1729 1373 1814 1419 est

216 1454 445 1511 Henoch
472 1497 489 1523 ,
521 1472 584 1512 ac
631 1456 828 1511 deinde
877 1472 942 1511 ex
989 1454 1215 1510 lienoch
1259 1455 1380 1511 lrad
1405 1491 1420 1520 ,
1449 1471 1516 1511 ex
1547 1455 1667 1510 lrad
1697 1455 1810 1510 Ma-

218 1549 407 1610 \‘iaeb,
438 1563 501 1602 ex
533 1564 641 1617 quo
671 1547 992 1611 Mathusael,
1021 1556 1076 1599 et
1117 1563 1184 1600 ex
1211 1547 1316 1601 isto
1355 1546 1592 1602 Lamech
1613 1587 1629 1613 ,
1657 1547 1812 1616 cujus

219 1640 324 1692 ﬁlii
352 1639 507 1694 Jabel
534 1649 588 1693 et
615 1638 795 1694 Iubal.
830 1639 969 1694 Male
998 1640 1268 1708 interpres
1295 1642 1562 1706 ediderat,
1600 1660 1618 1693 ‹
1655 1636 1810 1697 Jubal

218 1731 319 1799 qui
347 1747 413 1785 ex
451 1732 765 1801 genealogia
799 1733 902 1786 sibi
930 1733 1327 1799 conveniente,
1362 1749 1556 1804 nempe
1579 1749 1644 1789 ex
1676 1735 1807 1790 Cain

217 1833 528 1893 prognatus
555 1825 834 1878 scribitur.
866 1843 886 1876 ι

294 1913 410 1967 Col.
453 1914 556 1969 586
597 1915 638 1968 D
677 1915 734 1980 ,4.
785 1915 1183 1972 Detestandum.
1214 1916 1486 1989 lnterpres
1511 1918 1641 1990 legit
1665 1921 1718 1974 in
1749 1919 1808 1975 F.

219 2006 367 2078 πρὸς
398 2006 474 2077 τῷ
516 2009 756 2078 ἐναργεῖ,
805 2024 826 2060 s
861 2009 1002 2078 quod
1037 2011 1164 2064 nulli
1197 2026 1302 2066 non
1341 2013 1681 2081 colliquescit
1719 2035 1730 2068 :
1789 2032 1807 2065 ι

222 2097 426 2151 melius
460 2097 514 2151 in
553 2097 616 2152 ll.
656 2097 736 2168 τῷ
784 2099 972 2168 ἐναγεῖ
1001 2111 1060 2154 ιιι
1100 2101 1370 2156 edidimus
1403 2121 1418 2157 :
1460 2119 1635 2173 neque
1666 2104 1810 2158 enim

220 2190 486 2261 ἐναργές,
520 2209 539 2242 t
577 2192 922 2247 manifestum
957 2212 976 2246 ι
1009 2203 1088 2248 est
1117 2194 1372 2249 Davidem
1406 2211 1594 2252 omnes
1623 2212 1816 2267 pecca-

222 2292 376 2336 tores
415 2293 570 2337 terrte
606 2283 964 2339 interfecisse.

298 2374 416 2429 Col.
441 2375 546 2429 406
581 2374 622 2430 C
670 2377 722 2429 1.
763 2376 943 2431 Valere
965 2379 1218 2433 rationes.
1243 2377 1359 2433 Non
1386 2387 1446 2432 ut
1469 2378 1813 2445 Tilmannus,

225 2481 253 2518 α
295 2467 389 2536 qui
431 2468 630 2521 audent
667 2469 910 2537 profiteri
958 2485 1016 2524 se
1049 2486 1168 2525 esse
1210 2486 1370 2540 pares
1403 2473 1708 2530 scribendis
1753 2476 1818 2529 de

223 2574 683 2634 unaquaquecre
729 2559 902 2615 libris.
968 2579 987 2612 ι
1043 2562 1235 2617 Merito
1289 2573 1466 2619 tamen
1517 2575 1706 2634 postea
1763 2567 1815 2619 in

226 2650 476 2719 margine
510 2635 807 2706 ﬁmliderat
853 2651 954 2722 τῆς
1003 2654 1209 2724 ἐποχῆς
1263 2655 1598 2710 inventorem
1655 2657 1818 2710 fuisse

224 2737 607 2809 Pyrrhonem,
658 2742 749 2809 qui
797 2757 1079 2796 assensum
1129 2745 1353 2812 prazheri
1391 2748 1629 2802 vetabat.
1688 2746 1818 2801 Vide

229 2834 524 2902 Diogenem
554 2833 851 2900 Laertium,
884 2835 978 2889 lib.
1012 2852 1088 2899 ix,
1117 2852 1166 2904 p.
1198 2837 1302 2890 670
1337 2852 1351 2890 :
1379 2837 1439 2890 οὐ
1471 2838 1580 2909 γὰρ
1619 2839 1818 2910 μᾶλλον

222 2927 350 2980 τόδε
376 2928 408 2997 ἢ
437 2927 557 2980 τόδε
597 2922 737 2987 εἶναι
769 2926 1024 2994 ἕκαστον,
1067 2947 1086 2979 ι
1131 2944 1304 2997 neque
1334 2931 1477 2986 enim
1508 2947 1626 2986 esse
1660 2933 1818 3001 quid-

224 3035 394 3089 quam
430 3020 571 3074 istud
615 3021 794 3089 potius
848 3036 1010 3089 quam
1057 3021 1206 3074 illud.
1270 3041 1288 3075 ι
1344 3023 1616 3078 Omiserat
1662 3025 1819 3092 panis

227 3122 354 3179 post
385 3111 526 3165 idem
562 3112 829 3182 interpres
864 3113 951 3166 illa
985 3113 1180 3175 verba,
1213 3129 1332 3182 qua:
1369 3113 1559 3170 Graeca
1593 3132 1814 3186 sugges-

227 3216 382 3258 serat
429 3219 530 3257 ms.
567 3205 656 3266 F.,
691 3223 709 3254 ι
749 3206 960 3274 nigrant
993 3220 1113 3259 esse
1143 3214 1427 3274 argentum
1467 3218 1686 3275 propter
1723 3225 1813 3261 ru-

229 3295 490 3365 biginem,
539 3312 701 3364 quam
731 3295 977 3350 eﬂ‘undit.
1031 3312 1051 3346 ι
1095 3295 1294 3350 Ibidem
1323 3292 1405 3360 οἷς
1438 3298 1821 3373 προσομιλήσῃ

229 3397 491 3451 verterat,
533 3406 553 3438 ‹
605 3389 928 3455 quibuscum
979 3404 1045 3443 ne
1089 3388 1294 3443 diutius
1337 3391 1694 3459 congrediare
1742 3391 1822 3445 fa-

229 3479 541 3541 miliariter,
581 3498 598 3529 ι
636 3479 761 3532 licet
787 3480 928 3532 absit
959 3481 1208 3546 negatio,
1241 3489 1294 3534 et
1337 3481 1546 3552 ὁμιλεῖν
1585 3499 1691 3537 non
1741 3484 1819 3536 si-

230 3569 455 3638 gniﬁcet
486 3578 693 3621 tantum
715 3568 1058 3622 familiariter
1083 3571 1362 3638 congredi,
1390 3573 1482 3625 sed
1517 3573 1683 3625 etiam
1711 3573 1816 3626 im-

232 3661 461 3723 morari,
506 3661 708 3714 versari
745 3660 798 3714 in
842 3674 899 3714 re
945 3661 1147 3730 aliqua,
1180 3671 1239 3716 ut
1269 3662 1408 3730 apud
1445 3661 1816 3733 Thucydidem

229 3751 528 3822 ὡμιληκὼς
567 3751 810 3822 πολέμῳ,
850 3769 869 3801 ι
913 3761 1164 3805 versatus
1209 3751 1260 3804 in
1301 3751 1481 3806 bello:
1525 3771 1543 3803 ι
1597 3763 1651 3806 et
1683 3753 1822 3820 apud

229 3843 707 3911 Chrysostomum,
759 3840 948 3894 homil.
995 3841 1020 3893 1
1061 3839 1138 3894 De
1183 3843 1511 3910 pauitantia,
1563 3858 1616 3912 p.
1668 3841 1819 3897 600:

234 3933 346 3985 Kal.
378 3933 545 3985 πολὺν
578 3933 769 4003 χρόνον
797 3933 1161 4003 ὁμιλήσαντες
1189 3933 1266 4003 τῷ
1310 3934 1467 4004 πυρί,
1513 3951 1532 3984 ‹
1573 3945 1738 4002 atque
1768 3935 1821 3986 iu

234 4026 358 4095 igne
384 4025 552 4079 multo
581 4038 823 4094 tempore
848 4026 1046 4081 versati
1079 4045 1092 4081 :
1130 4045 1150 4079 ι
1185 4035 1238 4081 et
1267 4027 1358 4081 lih.
1388 4043 1401 4080 ι
1435 4028 1509 4080 De
1525 4025 1820 4082 Providene

235 4120 336 4182 tia,
367 4133 421 4186 p.
460 4118 562 4171 158
590 4135 604 4172 :
631 4119 708 4182 ὡς
754 4119 850 4173 καὶ
891 4121 1152 4192 ὁμιλῆσαι
1200 4121 1432 4192 γάμοις,
1465 4139 1484 4172 t
1520 4130 1577 4174 ut
1603 4130 1658 4175 et
1687 4136 1822 4175 uxo-

236 4224 326 4264 res
367 4211 646 4265 ducerent.
698 4232 717 4263 ι

310 4301 426 4356 Col.
467 4303 570 4356 418
609 4303 653 4357 C
702 4305 788 4357 Η.
829 4303 954 4357 Νοη
988 4315 1162 4358 tamen
1193 4307 1256 4358 de
1286 4322 1367 4359 eo.
1409 4303 1664 4358 Tilman.:
1692 4325 1709 4357 ‹
1738 4306 1825 4358 Ait

236 4396 383 4448 enim
415 4394 696 4464 Scriptura
724 4398 960 4451 nondum
990 4398 1320 4450 immobilem
1351 4413 1472 4451 esse
1505 4399 1649 4452 circa
1689 4399 1823 4451 tales

1909 536 2050 589 idem
2087 537 2366 590 contendit
2398 537 2539 606 apud
2575 537 2830 591 Basilium
2867 537 2992 606 legi,
3026 538 3480 607 quemadmodum

1908 626 2050 694 apud
2081 626 2400 696 Procopium
2430 639 2484 684 et
2513 629 2564 682 in
2598 630 2728 684 edit.
2761 629 3025 698 Romana,
3051 630 3365 702 ἀνειμένης,
3395 649 3415 682 ι
3453 647 3484 683 a

1908 715 2123 771 ﬂamma
2160 718 2394 773 resoluta
2435 737 2448 773 :
2491 738 2510 772 ι
2559 721 2660 773 nisi
2692 718 2833 774 forte
2863 721 3007 773 illum
3040 721 3092 774 in
3124 736 3363 776 errorem
3391 721 3488 774 im-

1908 806 2045 874 pnlit
2078 809 2344 878 interpres
2379 808 2620 874 Latinus,
2656 811 2748 878 qui
2791 811 3108 881 scripserat,
3155 829 3174 862 ι
3211 826 3240 866 a
3269 810 3483 866 ﬂamma

1909 895 2100 964 effusa,
2140 918 2160 952 ›
2202 900 2286 954 vel
2327 901 2491 955 alium
2539 902 2780 957 codicem
2828 904 3088 973 scriptum
3145 913 3336 958 nactus
3381 913 3481 958 est.

1915 990 2140 1060 Vulgata
2168 991 2359 1046 Latina
2392 994 2530 1048 dixit
2554 1009 2675 1064 cap.
2707 1010 2762 1060 v,
2791 994 2881 1060 24,
2924 1016 2942 1047 ε
2978 1003 3032 1050 et
3062 996 3213 1050 calor
3257 994 3487 1050 ﬂamma:

1911 1084 2108 1139 exurit.
2152 1103 2171 1135 ι
2646 1155 2650 1158 γ

1982 1175 2098 1231 Col.
2148 1175 2254 1232 428
2302 1175 2344 1228 Β
2385 1177 2438 1232 8.
2513 1179 2615 1233 Isti
2667 1180 2843 1249 quasi.
2901 1178 3025 1234 Haec
3069 1180 3137 1234 ad
3183 1181 3404 1236 verbum
3455 1195 3487 1233 ει

1912 1268 2105 1324 Graeco
2129 1280 2256 1324 sunt
2279 1283 2559 1341 expressa,
2587 1281 2643 1326 et
2669 1272 2725 1326 in
2755 1273 2932 1328 locum
2961 1288 3146 1327 eorum
3171 1273 3484 1338 substituta,

1913 1375 2031 1428 quae
2060 1361 2327 1432 interpres
2364 1363 2654 1432 adiecerat.
2693 1363 2977 1435 Reliquum
3010 1367 3152 1419 enim
3188 1373 3368 1420 textus
3394 1379 3487 1420 ca-

1913 1454 2039 1522 pitis
2068 1455 2241 1522 quinti
2283 1464 2520 1511 verterat
2543 1458 2840 1526 prophetae,
2871 1468 2925 1511 et
2953 1458 3137 1513 Italico
3167 1459 3489 1514 charactere

1913 1557 2276 1616 expresserat,
2321 1563 2420 1603 nec
2453 1563 2574 1603 esse
2604 1548 2788 1604 Basilii
2829 1553 2993 1605 verba
3028 1552 3489 1606 animadverterat

1914 1640 2046 1694 illud
2093 1649 2274 1696 textus
2320 1643 2587 1712 reliquum
2641 1643 2693 1697 in
2741 1645 3117 1714 compendium
3171 1645 3485 1712 redigentis.

1983 1733 2099 1789 Col.
2146 1735 2254 1788 427
2311 1735 2354 1789 D
2410 1737 2461 1789 l.
2516 1735 2586 1790 Et
2643 1737 2778 1807 ignis
2831 1747 3085 1792 versatur.
3144 1738 3221 1792 Ita
3269 1740 3490 1807 scripsi-

1915 1841 2054 1889 mus,
2100 1843 2205 1881 non
2251 1843 2374 1882 cum
2408 1828 2714 1895 'l‘ilmanno,
2749 1849 2767 1880 ‹
2802 1841 3077 1900 aspectus,
3124 1831 3212 1901 qui
3244 1841 3492 1886 versatur

1915 1917 2058 1970 circa
2113 1921 2514 1976 concretionem
2563 1941 2577 1976 :
2645 1940 2663 1974 ι
2722 1936 2828 1976 non
2887 1923 3034 1978 enim
3089 1923 3162 1978 ait
3206 1932 3484 1992 aspectum

1913 2007 2166 2074 ﬂammae,
2194 2009 2300 2065 dici
2325 2012 2638 2068 carbonem.
2665 2013 2959 2082 Procopius
2995 2015 3047 2067 in
3076 2013 3267 2069 Isaiam
3295 2030 3348 2084 p.
3371 2015 3442 2070 88
3469 2031 3487 2071 :

1914 2099 2117 2171 ἄνθραξ
2148 2101 2206 2154 δέ
2231 2103 2346 2155 ἐστι
2373 2101 2484 2175 πῦρ
2509 2104 2712 2173 γεῶδες
2742 2104 2879 2175 μετὰ
2899 2106 2995 2177 τὴν
3010 2107 3108 2176 τῆς
3123 2107 3318 2175 φλογὸς
3351 2108 3495 2180 stap-

1912 2189 2032 2244 οδον
2083 2193 2151 2263 τῇ
2208 2193 2492 2266 παχυτέρα
2533 2195 2636 2269 ὕλῃ
2688 2197 3074 2267 ὲναπομεῖναν·
3113 2217 3132 2248 ι
3175 2198 3270 2253 Est
3309 2207 3485 2253 autem

1916 2281 2082 2334 carbo
2103 2282 2242 2351 ignis
2272 2285 2360 2338 ille
2393 2294 2661 2351 terrenus,
2692 2288 2782 2357 qui
2812 2290 3078 2342 exstincta
3110 2287 3327 2343 ﬂamma
3357 2288 3494 2344 solet

1918 2370 1972 2424 in
1999 2373 2266 2428 crassiore
2288 2391 2571 2431 remanere
2598 2377 2848 2431 materia.
2880 2397 2900 2430 ι
2934 2377 3047 2432 Νοιι
3077 2379 3242 2450 igitur
3271 2383 3495 2449 exponit

1917 2461 2006 2517 hic
2045 2462 2278 2519 Basilius
2325 2465 2412 2520 illa
2449 2467 2625 2521 verbis
2664 2467 2770 2520 ὑπὸ
2812 2467 3007 2538 φλογὸς
3039 2468 3381 2540 ἀνημμένης,
3433 2479 3494 2523 ιιι

1920 2553 2133 2608 videtur
2169 2557 2555 2612 existimasse.
2575 2556 2747 2612 Flam.
2779 2556 3024 2614 Nobilius
3065 2559 3120 2614 in
3153 2557 3306 2614 Notis
3344 2559 3456 2614 suis
3477 2601 3492 2621 .

1919 2647 2011 2699 sed
2035 2647 2163 2716 quid
2191 2647 2263 2702 sit
2291 2647 2498 2720 ἄνθραξ
2526 2671 2544 2700 ι
2576 2649 2760 2713 carbo,
2794 2669 2812 2702 ι
2841 2651 3082 2720 exponit.
3114 2650 3264 2718 Quod
3292 2651 3335 2706 si
3367 2667 3489 2708 vera

1919 2747 2062 2790 esset
2090 2738 2367 2794 distinctio
2406 2741 2618 2807 lsidori,
2660 2741 2864 2813 ἄνθραξ
2897 2742 2985 2796 hic
3033 2760 3051 2792 ‹
3095 2757 3296 2811 pruna,
3331 2760 3350 2794 ι
3396 2756 3494 2810 po-

1921 2830 2026 2883 tius
2075 2841 2238 2886 esset.
2281 2851 2300 2884 (
2341 2832 2519 2888 Pruna
2571 2842 2690 2899 est,
2747 2835 2942 2904 inquit,
2981 2834 3220 2904 quandiu
3280 2834 3431 2889 ardet
3478 2853 3491 2886 :

1920 2936 2042 2976 cum
2091 2924 2356 2978 exstincta
2397 2924 2580 2992 fuerit,
2626 2927 2791 2980 carbo
2838 2927 3168 2980 nominatur.
3227 2925 3403 2981 Pruna
3460 2944 3491 2978 a

1918 3017 2225 3082 perurendo
2253 3019 2393 3072 dicta
2424 3028 2508 3073 est
2545 3037 2557 3070 :
2597 3020 2760 3074 carbo
2793 3034 2922 3074 vero
2959 3019 3101 3088 quod
3140 3019 3355 3074 ﬂamma
3399 3035 3494 3075 ca-

1922 3117 2024 3161 ret.
2065 3127 2084 3160 ι
2117 3108 2221 3164 Sed
2244 3120 2299 3164 et
2331 3113 2470 3180 apud
2502 3111 2753 3176 Plinium,
2787 3111 2879 3166 lib.
2912 3126 3067 3177 xvnt,
3104 3111 3300 3165 dicitur
3330 3111 3493 3166 etiam

1922 3200 2106 3265 carbo,
2131 3201 2348 3270 quando
2374 3202 2576 3272 ignitus
2607 3220 2620 3256 :
2654 3221 2673 3253 ‹
2708 3201 2774 3256 Ει
2803 3217 2926 3256 cum
2948 3201 3114 3256 carbo
3139 3203 3492 3258 vehementer

1923 3292 2188 3357 collucet;
2227 3311 2246 3344 ι
2283 3302 2337 3348 et
2362 3293 2453 3349 lib.
2489 3309 2682 3357 χχχιιι,
2721 3309 2840 3362 cap.
2869 3293 2904 3348 5
2938 3312 2952 3347 :
2991 3311 3011 3346 ι
3050 3292 3282 3350 Carboni
3324 3295 3498 3365 major

1925 3384 2004 3438 vis
2035 3393 2228 3439 exusto
2265 3386 2568 3454 iterumque
2593 3383 2866 3454 ﬂagranti.
2910 3405 2929 3438 ι

1995 3474 2112 3528 Col.
2143 3474 2240 3528 451
2272 3474 2320 3528 Α
2359 3475 2445 3529 14.
2486 3459 2663 3529 Etiam
2703 3478 2749 3530 is
2797 3477 2902 3532 cui.
2951 3476 3251 3533 Annotarat
3277 3479 3328 3532 in
3356 3493 3500 3535 mar—

1922 3564 2047 3634 gine
2075 3565 2341 3634 interpres
2372 3565 2625 3634 quiddam
2655 3580 2714 3620 se
2744 3566 3055 3620 desiderare
3077 3566 3132 3620 in
3159 3565 3454 3634 exemplari
3481 3582 3498 3620 :

1921 3669 1978 3712 et
2008 3657 2233 3723 merito;
2265 3657 2454 3712 deerat
2485 3658 2628 3711 enim
2662 3673 2763 3710 vos
2790 3659 2984 3728 ἀκοήν,
3017 3673 3178 3727 quam
3216 3669 3395 3712 tamen
3425 3657 3500 3711 ita

1924 3750 2183 3803 vertendo
2213 3759 2575 3818 expresserat,
2613 3767 2630 3800 ι
2669 3765 2853 3804 vocem
2883 3750 3094 3804 Domini
3121 3765 3230 3805 non
3257 3749 3498 3817 quidem,

1927 3856 2049 3908 quae
2084 3841 2244 3894 icerit
2281 3856 2466 3894 aurem
2516 3842 2759 3911 corporis
2796 3859 2809 3895 :
2841 3843 2934 3896 sed
2968 3856 3076 3910 qua
3111 3841 3251 3896 Deus
3289 3849 3499 3895 tantum

1924 3933 2089 3987 menti
2151 3947 2339 3986 eorum
2397 3947 2495 4002 per
2539 3942 2694 3987 notas
2749 3933 3194 3989 adumbrationes
3242 3933 3504 4002 imprimit

1923 4024 2230 4079 consilium.
2270 4043 2290 4077 ι
2327 4024 2571 4079 Similem
2604 4025 2771 4079 habes
2792 4024 2966 4079 locum
2998 4025 3136 4080 inira
3164 4042 3177 4079 :
3203 4025 3264 4078 οὐ
3292 4023 3380 4078 διὰ
3403 4023 3501 4094 τῆς

1924 4119 2243 4189 σωματικῆς
2291 4118 2484 4188 ἀκοῆς,
2556 4117 2669 4172 ἀλλ’
2723 4117 2888 4171 αὑτοῦ
2936 4117 2996 4171 τὸ
3041 4117 3365 4189 ἡγεμονικόν
3399 4132 3412 4146 ⁸
3448 4124 3504 4170 et

1923 4213 2062 4280 apud
2097 4211 2414 4280 Procopium
2445 4227 2498 4282 p.
2533 4211 2671 4266 102:
2718 4229 2737 4262 ι
2767 4213 2929 4266 Audit
2954 4223 3132 4267 autem
3165 4226 3356 4267 vocem
3386 4209 3492 4265 Do-

1926 4303 2077 4369 mini,
2107 4303 2195 4372 qui
2235 4311 2414 4356 mente
2445 4303 2511 4357 ab
2543 4304 2661 4371 ipso
2684 4304 2974 4359 informata
3013 4302 3319 4358 resonantis
3341 4302 3396 4357 in
3429 4316 3490 4357 se

1923 4397 2073 4451 verbi
2102 4412 2288 4451 sonum
2315 4397 2604 4450 auscultat.
2643 4415 2662 4447 ι

238 4489 438 4542 animae
482 4487 709 4543 affectus
747 4508 762 4542 :
797 4491 926 4558 quin
973 4490 1040 4543 (le
1073 4505 1138 4544 eo
1169 4491 1424 4554 disserit,
1467 4508 1486 4541 ι
1534 4500 1669 4555 etc.,
1703 4505 1822 4559 quas
1854 4505 1900 4558 ι)
1997 4489 2111 4541 Col.
2157 4487 2263 4541 455
2293 4487 2334 4540 D
2364 4487 2420 4540 2.
2461 4486 2544 4540 Ne
2577 4504 2670 4540 nos
2707 4486 2922 4541 educas.
2952 4485 3297 4540 Existimavit
3329 4485 3501 4541 inter-

241 4580 403 4646 plane
435 4595 464 4632 a
507 4592 689 4635 mente
730 4583 969 4637 auctoris
1009 4584 1287 4637 aberrant.
1335 4582 1427 4637 Sic
1461 4585 1826 4638 restituendus

240 4684 325 4727 est
359 4681 416 4726 et
454 4674 593 4741 apud
629 4673 944 4743 Procopium
995 4675 1143 4730 locus
1178 4693 1228 4745 p.
1272 4676 1383 4730 86:
1413 4677 1495 4728 ὅτι
1531 4678 1699 4746 μήπω
1736 4675 1827 4728 λέ-

239 4783 328 4834 γει
361 4766 452 4818 τὸν
492 4768 698 4838 ἀπαθῆ.
767 4768 1028 4836 Sequitur
1066 4771 1218 4822 locus
1269 4785 1333 4822 ex
1382 4770 1690 4823 Proverbiis
1725 4785 1823 4834 xu,

243 4859 332 4919 16,
353 4860 441 4912 ubi
476 4860 554 4914 sic
579 4863 737 4913 habet
762 4878 773 4912 :
805 4862 1028 4930 ’Ἄφρων
1058 4863 1366 4932 αὐθήμερον
1388 4860 1698 4928 ἐξαγγέλλει
1728 4861 1826 4931 ὀρ-

240 4949 346 5020 γὴν
384 4949 570 5012 αὑτοῦ,
604 4949 834 5019 κρύπτει
861 4951 916 5002 δὲ
942 4950 1040 5021 τὴν
1069 4951 1262 5003 ἑαυτοῦ
1289 4952 1511 5021 ἀτιμίαν
1548 4949 1686 5021 ἀνὴρ
1721 4966 1827 5001 πα·

244 5041 494 5112 νοῦργος’
561 5060 580 5092 ‹
634 5041 838 5095 Fatuus
885 5045 1001 5110 ipso
1053 5043 1138 5097 die
1192 5044 1394 5096 indicat
1432 5043 1566 5095 iram
1619 5057 1824 5096 suam:

242 5137 386 5188 celat
413 5143 594 5186 autem
628 5149 780 5187 suam
816 5133 1168 5202 ignominiam
1199 5135 1279 5186 vir
1318 5133 1562 5186 callidus.
1603 5152 1621 5183 ι
1672 5131 1826 5201 Apud

243 5225 566 5292 Procopium
604 5225 832 5294 legimus
861 5224 1166 5293 ἐξαγγελεῖ,
1207 5225 1486 5288 indicabit,
1523 5226 1729 5293 prodet,
1769 5234 1828 5277 ut

242 5318 384 5383 apud
432 5315 702 5369 Nobilium
755 5317 1019 5370 scholium
1067 5313 1313 5370 Graecum
1367 5315 1598 5386 δηλώσει
1652 5316 1827 5385 θυμὸν

243 5407 434 5472 αὐτοῦ,
483 5426 500 5457 ι
551 5407 838 5474 patefaciet
886 5407 1124 5460 furorem
1169 5422 1348 5472 suum,
1390 5425 1408 5456 ι
1445 5417 1500 5460 et
1527 5407 1828 5459 'l'heodutio

244 5502 528 5571 γνωρίσει,
565 5520 582 5550 ε
633 5512 818 5554 notum
852 5499 1030 5554 faciet.
1071 5519 1089 5551 ι

317 5593 434 5646 Col.
457 5594 559 5646 419
591 5593 631 5645 Β
651 5593 702 5646 1.
735 5591 974 5645 Flamma
999 5609 1238 5645 accensa.
1263 5590 1465 5660 Φλογὸς
1501 5590 1827 5660 ἀνημμένης

246 5688 510 5755 scriptum
561 5687 818 5740 exhibent
872 5688 976 5748 duo
1011 5687 1161 5756 ltegii
1213 5686 1369 5739 codd.
1410 5684 1473 5737 F.
1501 5693 1572 5764 :et
1620 5683 1684 5735 ll.
1729 5697 1828 5738 nec

247 5777 410 5831 aliter
462 5776 564 5846 legi
612 5777 753 5845 apud
807 5777 1063 5847 Cyrillum
1127 5784 1351 5832 annotat
1382 5774 1649 5842 Nobilius,
1717 5794 1735 5828 ‹
1797 5790 1828 5829 a

1926 4589 2049 4642 pres
2101 4589 2160 4628 se
2212 4574 2407 4642 legisse
2460 4575 2533 4644 μὴ
2567 4576 2908 4648 ἀναγκάσῃς,
2961 4575 3045 4629 vel
3087 4575 3323 4646 ἀνάγκη,
3375 4577 3500 4630 dum

1927 4667 2104 4729 vertit,
2139 4666 2490 4732 proﬁciscaris
2523 4667 2817 4734 nobiscum,
2851 4667 2984 4722 nihil
3017 4685 3222 4723 necesse
3250 4685 3344 4723 nos
3376 4671 3506 4723 cmi-

1924 4775 2104 4827 grare,
2140 4757 2308 4811 Exodi
2343 4775 2534 4819 sunt,
2572 4760 2660 4821 15,
2695 4761 2920 4830 legimus
2953 4760 3113 4830 paulo
3137 4761 3318 4824 aliter,
3343 4763 3390 4814 si
3429 4762 3503 4831 μὴ

1927 4854 1990 4905 σὺ
2030 4853 2193 4915 αὐτὸς
2232 4853 2550 4926 συμπορεύῃ
2587 4855 2706 4924 μεθ’
2749 4855 2941 4926 ἡμῶν,
2988 4858 3060 4928 μή
3111 4875 3178 4928 με
3223 4857 3505 4928 ἀναγάγῃς

1925 4944 2196 4997 ἐντεῦθεν·
2235 4945 2295 4999 Si
2343 4963 2446 4999 non
2482 4956 2536 4998 tu
2577 4949 2685 5016 ipse
2735 4949 2938 5002 veneris
2975 4950 3245 5003 nobiscum
3269 4987 3284 5012 ,
3335 4966 3398 5002 ne
3425 4966 3507 5001 me

1928 5039 2122 5091 educas
2153 5039 2298 5094 hinc.
2336 5037 2559 5110 Vulgata
2584 5055 2704 5094 cum
2741 5040 2924 5094 verbis
2956 5041 3140 5095 Basilii
3182 5043 3452 5096 consentit
3491 5057 3505 5094 :

1927 5129 1988 5182 Si
2021 5147 2121 5183 non
2159 5141 2212 5182 tu
2244 5133 2355 5201 ipse
2391 5135 2658 5200 prwcedas
2693 5150 2788 5187 nos
2810 5173 2824 5197 ,
2861 5150 2924 5186 ne
2957 5135 3152 5188 educas
3187 5151 3302 5188 nos.
3342 5135 3510 5188 Paulo

1930 5233 2047 5290 post
2075 5223 2469 5296 ἀνθρωπότητα
2509 5225 2772 5280 intellexit
2803 5225 3198 5281 humanitatem
3226 5242 3256 5280 a
3289 5227 3507 5282 Christo

1932 5316 2309 5367 assumendum
2353 5316 2642 5384 interpres,
2678 5316 2944 5382 scribens,
2993 5334 3012 5367 (
3047 5327 3102 5370 et
3129 5317 3195 5371 ad
3227 5331 3503 5372 assumen-

1932 5408 2053 5459 dam
2089 5422 2118 5460 a
2158 5409 2266 5460 Deo
2306 5407 2480 5462 Verbo
2531 5408 2946 5474 humanitatem,
2993 5411 3278 5480 oportebat
3313 5410 3511 5482 typicis

1930 5498 2117 5567 ﬁguris
2141 5499 2452 5568 praesignari
2487 5517 2500 5552 :
2543 5518 2561 5549 ι
2595 5501 2774 5568 aptius
2803 5510 2982 5556 tamen
3017 5517 3186 5573 genus
3211 5503 3507 5557 humanum

1929 5589 2211 5658 intelliges.
2255 5589 2347 5643 Sic
2383 5591 2571 5644 homil.
2599 5592 2690 5658 51,
2726 5591 2800 5648 De
2833 5593 2996 5648 libero
3027 5596 3252 5649 arbitrio
3288 5611 3307 5649 :
3335 5594 3510 5666 Εἴπερ

1927 5680 2035 5752 γὰρ
2070 5683 2249 5752 ἴσχυεν
2277 5685 2309 5754 ἡ
2337 5683 2434 5753 τῆς
2465 5683 2882 5757 ἀνθρωπότητος
2907 5686 3068 5756 φύσις
3100 5689 3257 5753 ἐκτὸς
3287 5689 3388 5758 τῆς
3411 5687 3508 5740 τοῦ

1930 5774 2084 5844 ἁγίου
2147 5775 2461 5848 Πνεύματος
2525 5778 2847 5844 πανοπλίας.
2915 5779 3188 5852 ltttcrpt‘es
3258 5780 3508 5850 Pt'oc0pii
