3816 6210
381 290 527 366 'ttos

1575 307 1780 364 ΝΟΤίΕ
1823 301 2218 365 FRONTONIS
2255 307 2488 366 DUCEJ

3512 318 3647 372 1104

383 441 439 501 p.
471 423 566 482 101
605 444 618 480 :
666 446 684 478 ι
725 424 1043 496 Figurisque
1089 427 1236 495 prius
1272 427 1518 481 homines
1554 441 1885 481 assuescere.
1930 446 1948 479 ι
1983 432 2029 488 Α
2058 425 2372 494 virginitate
2400 425 2595 493 dogma
2632 421 2916 477 manifeste
2947 424 3292 478 conﬁrmant.
3332 425 3484 493 Quod
3520 443 3649 482 vero

455 516 571 572 Col.
604 515 712 572 439
735 515 780 569 Α
812 516 864 569 1.
919 515 1000 569 Ad
1028 516 1162 569 illud
1192 517 1424 586 quidem.
1470 516 1570 570 Hic
1600 517 1734 570 duas
1758 517 1954 570 omise-

382 618 472 664 rat
500 608 670 663 lineas
695 607 952 662 librarius
982 608 1227 662 codicem
1260 606 1491 676 Regium
1518 607 1580 661 F.
1617 607 1948 670 exscribens,

382 715 518 770 quas
561 699 751 754 Latine
795 715 1085 754 conversas
1136 700 1449 770 interpretis
1491 699 1673 754 verbis
1717 701 1952 754 inserui-

383 806 544 846 mus:
581 793 676 847 sed
713 791 842 845 illud
885 791 988 844 ποῦ
1029 791 1238 846 duabus
1275 791 1538 845 inclusum
1584 792 1805 860 virgulis
1845 807 1950 845 non

381 881 625 948 agnoscit
656 880 852 949 Regius
886 881 974 947 ll.,
1008 897 1185 950 neque
1215 883 1328 952 ipse
1375 883 1672 951 Procopius
1699 899 1754 953 p.
1794 882 1889 936 101
1934 899 1949 935 :

376 975 472 1027 καὶ
508 972 617 1041 ἐγὼ
650 973 1008 1044 πορεύσομαι.

448 1067 584 1120 Ibid.
617 1065 722 1118 445
769 1067 813 1118 Α
859 1069 909 1120 1.
945 1065 1049 1120 Sed
1091 1067 1230 1136 quod
1267 1069 1381 1121 toti.
1430 1068 1632 1123 Novam
1670 1071 1949 1138 periodum

376 1159 468 1212 hic
515 1158 799 1212 inchoarnt
851 1162 1115 1228 interpres
1166 1160 1268 1213 hoc
1310 1163 1468 1215 modo
1517 1180 1532 1215 :
1573 1181 1591 1213 ι
1640 1161 1740 1216 Per
1782 1178 1949 1216 unum

377 1263 644 1316 quemque
690 1260 1020 1318 perseverat.
1061 1248 1201 1314 Quin
1251 1258 1305 1303 et
1352 1251 1578 1321 collegio
1621 1252 1816 1322 Cuique
1855 1267 1950 1320 ap-

377 1339 600 1410 pellatio
626 1355 724 1392 sua
761 1351 1115 1394 conservetur
1148 1359 1160 1393 :
1199 1359 1218 1391 »
1249 1342 1342 1396 sed
1366 1344 1797 1398 emendationem
1852 1358 1950 1397 no-

376 1444 543 1487 stram
562 1447 684 1486 cum
708 1434 1081 1502 manuscripti,
1115 1443 1228 1487 tum
1254 1434 1475 1489 Graecus
1499 1436 1742 1506 Procopii
1770 1447 1949 1491 textus

375 1525 660 1579 conﬁrmat
693 1539 815 1593 pag.
861 1517 963 1578 104
1010 1542 1024 1576 :
1070 1543 1089 1576 ι
1136 1525 1292 1591 Quod
1337 1536 1394 1580 et
1425 1526 1647 1580 urbibus
1686 1526 1816 1595 ipsis
1857 1543 1949 1580 ac-

375 1617 558 1669 cidere
583 1615 846 1669 videmus.
896 1633 914 1665 »
945 1615 1090 1669 Idem
1121 1617 1394 1686 interpres
1424 1616 1672 1687 Procopii
1703 1617 1948 1671 ἀλλοιού-

377 1723 537 1777 μενον
561 1707 717 1774 λόγον
760 1707 921 1759 vertit
951 1708 1216 1760 variatum
1258 1707 1342 1762 vel
1380 1716 1660 1762 mutatum.

2061 514 2125 568 de
2160 513 2462 566 vulturibus
2495 511 2714 566 feminis
2757 511 2989 578 subiicit,
3035 511 3286 569 IElianus
3315 517 3480 568 etiam
3523 533 3648 570 nar-

2062 614 2164 667 rat,
2193 605 2264 658 lib
2303 619 2364 667 ll,
2393 619 2511 668 cap.
2548 604 2617 656 46
2661 601 2734 656 De
2771 605 3089 657 animalibus
3125 622 3144 659 :
3169 605 3320 673 γῦπα
3345 607 3404 658 δὲ
3438 609 3648 678 ᾶρῤενα

2059 696 2119 748 οὗ
2151 713 2280 764 φασι
2299 694 2550 764 γενέσθαι
2578 694 2706 747 ποτὲ
2733 694 2888 759 ἀλλὰ,
2919 695 3138 765 Θηλείας
3169 697 3389 762 ἁπάσας
3424 718 3436 752 :
3477 718 3497 750 ε
3535 702 3649 754 vul-

2062 797 2234 841 turent
2278 804 2384 842 non
2428 788 2575 841 nasci
2624 803 2824 841 marem
2853 789 3025 852 aiunt,
3057 791 3150 843 sed
3197 790 3428 845 ferninas
3456 811 3648 848 oniues

2057 881 2305 950 generari
2341 898 2353 932 :
2390 880 2629 934 adversa:
2657 890 2844 934 austro
2874 887 3085 944 volant;
3123 880 3204 933 vel
3237 881 3286 935 si
3319 893 3512 936 auster
3541 899 3646 938 non

2059 974 2250 1040 spirat,
2287 973 2353 1025 ad
2397 987 2586 1024 cut-um
2634 982 2856 1026 ventum
2901 972 3010 1026 oris
3052 974 3198 1026 hiatu
3246 988 3304 1028 se
3347 977 3643 1044 pandunt:

2057 1063 2279 1130 spiritus
2323 1062 2464 1114 venti
2502 1059 2730 1116 inﬂuens
2761 1063 2905 1129 ipsas
2939 1061 3143 1128 implet.
3186 1081 3206 1114 ι

2127 1151 2244 1206 Col.
2282 1150 2388 1205 469
2447 1149 2584 1206 ϐ’ϐ.
2629 1151 2960 1220 Ἀπώγωνα.
3005 1152 3416 1208 Emendandum
3468 1169 3537 1210 ex
3577 1153 3642 1208 11.

2054 1243 2090 1296 ἃ
2126 1242 2382 1310 πώγωνα,
2430 1261 2449 1295 t
2507 1244 2636 1309 Quae
2685 1245 2904 1298 barbam
2946 1246 3266 1312 appellavit,
3320 1263 3339 1296 ι
3396 1256 3458 1299 ut
3501 1248 3645 1313 apud

2055 1333 2396 1403 Proc0pium,
2425 1351 2476 1404 p.
2519 1337 2614 1388 120
2644 1352 2657 1388 :
2689 1336 2800 1388 Καὶ
2839 1336 2929 1389 τὸν
2964 1335 3225 1402 πώγωνα,
3265 1337 3518 1390 τουτέστι
3552 1339 3649 1390 τὸν

2055 1427 2192 1480 κατὰ
2227 1426 2387 1495 φύσιν
2430 1427 2736 1499 ἀνθρώποις
2770 1429 3048 1500 πρέποντα
3083 1429 3283 1499 κόσμον
3305 1445 3318 1457 ·
3357 1448 3375 1480 ‹
3414 1430 3485 1484 Ει
3521 1430 3646 1484 bar-

2055 1521 2199 1586 bam,
2225 1521 2332 1575 ltoc
2361 1531 2466 1585 est,
2499 1533 2900 1585 ornamentum,
2933 1523 3076 1592 quod
3111 1523 3437 1577 naturaliter
3466 1525 3646 1576 homi-

2057 1628 2152 1667 nes
2180 1613 2356 1666 decet.
2410 1633 2429 1666 ι
2471 1615 2741 1684 lnterpres
2785 1615 3106 1682 scripserat,
3151 1633 3168 1666 ι
3209 1615 3415 1684 absque
3473 1617 3644 1669 barba

2059 1704 2169 1759 fore
2211 1707 2363 1759 dixit.
2409 1725 2427 1758 ι
2462 1706 2591 1760 lletn
2632 1721 2752 1776 qua:
2801 1719 3120 1776 sequuntur,
3161 1705 3197 1759 ἃ.
3230 1707 3323 1758 ἐπὶ
3356 1707 3459 1777 τῆς
3489 1706 3648 1774 γενέ-

443 1799 558 1852 Col.
610 1798 716 1852 455
772 1797 812 1852 C
864 1798 916 1852 8.
994 1797 1256 1852 Lundatio
1327 1799 1441 1853 Dei.
1496 1799 1828 1871 scripsimus
1879 1816 1944 1857 ex
1978 1807 2018 1862 Β
2051 1814 2186 1860 σεως
2207 1797 2717 1866 ylvaratﬂerterat,
2747 1800 3080 1854 «secundum
3105 1800 3441 1854 nativitatem
3468 1801 3645 1854 nostri

371 1893 578 1946 duobus
624 1890 803 1961 Regiis
836 1892 1297 1962 μετονομάζεται,
1354 1907 1450 1962 pro
1503 1895 1941 1965 μετωνόμασται,

371 1983 514 2049 quod
569 1981 756 2036 habuit
809 1984 1182 2051 apograpltum
1239 1983 1455 2052 Anglic.
1509 1984 1665 2054 Apud
1727 1984 1946 2039 Graecos

372 2073 716 2143 Etymologos
745 2072 860 2127 sive
908 2073 960 2126 in
998 2071 1194 2126 Lexico
1231 2073 1296 2126 de
1325 2073 1635 2127 nominibus
1662 2072 1945 2128 Hebraicis

371 2164 619 2234 legimus,
672 2163 899 2216 Ἰουδαία
931 2162 1419 2234 ἐξομολογουμένη.
1465 2163 1524 2218 S.
1581 2164 1943 2235 Hieronymus

367 2256 423 2311 itt
457 2257 550 2312 lib.
590 2255 664 2310 De
707 2256 1001 2310 nominibus
1037 2255 1360 2308 Hebraicis:
1389 2255 1522 2309 Juda
1556 2256 1797 2308 laudatio
1828 2257 1944 2311 sive

364 2348 665 2416 confessio;
696 2357 750 2402 et
775 2349 999 2416 epistola
1031 2347 1102 2401 ‘25
1130 2366 1144 2402 :
1182 2366 1202 2399 ε
1229 2348 1287 2402 Si
1325 2347 1459 2402 Juda
1497 2349 1751 2417 confessio
1779 2351 1944 2404 inter.

365 2446 632 2509 pretatur,
662 2436 928 2492 conﬁtens
958 2446 1138 2491 autem
1168 2438 1345 2491 omnis
1371 2438 1549 2490 anima
1575 2440 1882 2494 credentis:
1915 2459 1936 2492 s

365 2537 422 2581 et
452 2528 504 2581 in
547 2538 701 2595 caput
751 2543 880 2581 xxvr
908 2525 1059 2582 Isaiae
1094 2547 1107 2581 :
1143 2547 1162 2578 ι
1192 2528 1472 2582 Canticum
1504 2529 1672 2581 -istutl
1705 2530 1756 2581 in
1798 2539 1942 2584 terra

365 2618 502 2673 .luda
526 2619 638 2672 sive
667 2616 873 2686 Judma,
898 2620 1039 2688 quod
1071 2620 1459 2688 interpretatur
1486 2628 1778 2689 utrumque
1815 2637 1942 2674 con-

367 2712 546 2780 fessio.
589 2729 608 2762 ι
642 2717 735 2769 rm
771 2718 927 2764 sonat
960 2710 1164 2780 gratias
1197 2726 1370 2778 agere,
1416 2711 1671 2778 conﬁteri,
1697 2711 1939 2764 lutulare.

364 2798 507 2854 Idem
541 2799 898 2872 Hieronymus
922 2800 973 2853 in
1005 2799 1305 2854 Ezechielis
1323 2813 1442 2869 cap.
1470 2815 1614 2853 vau
1645 2817 1660 2854 :
1691 2818 1710 2852 ι
1751 2801 1943 2854 Dama-

365 2907 490 2946 scus
510 2892 728 2962 sanguis
753 2893 922 2956 sacci,
947 2902 1002 2948 et
1023 2891 1192 2947 osculi
1219 2892 1333 2946 sive
1355 2891 1553 2961 poculi,
1578 2911 1595 2943 ι
1621 2900 1677 2945 et
1704 2907 1896 2947 rursus
1923 2911 1936 2946 :

369 3003 388 3034 ι
427 2985 566 3039 inter
609 2985 960 3048 Damascum,
998 2985 1098 3038 hoc
1133 2997 1239 3049 est,
1287 2985 1605 3055 sanguinem
1638 2985 1836 3051 cilicii,
1887 2994 1942 3041 et

361 3076 655 3131 conﬁnium
703 3075 1006 3130 Hematum.
1055 3095 1074 3127 ›
1115 3075 1259 3130 Idem
1301 3076 1352 3130 in
1394 3091 1518 3145 cap.
1564 3092 1680 3130 xvu
1737 3077 1935 3135 Isaias:

365 3183 389 3220 ι
439 3167 733 3221 Damascus
806 3166 1236 3236 interpretatur,

361 3268 456 3311 aut
509 3258 718 3328 sanguis
756 3257 938 3310 cilicii.
982 3275 1000 3307 ›
1038 3256 1324 3325 Propterea
1385 3257 1722 3310 correximus
1775 3256 1936 3324 infra,

367 3368 386 3402 ε
425 3350 792 3419 Superborum
844 3359 1006 3415 caput
1054 3356 1137 3401 est
1177 3347 1551 3413 exsecrabile,
1604 3362 1670 3400 ac
1721 3345 1938 3416 plentttn

359 3440 666 3510 sanguinis,
709 3459 729 3492 ι
769 3455 872 3494 non
901 3447 960 3494 ut
994 3439 1289 3508 scripserat
1320 3437 1661 3504 Tilmannus,
1703 3456 1723 3490 ι
1777 3444 1939 3505 caput

359 3546 444 3593 est
474 3535 691 3605 quidam
721 3534 1100 3604 sanguinarius
1134 3550 1148 3586 :
1197 3551 1216 3584 ι
1257 3547 1433 3600 neque
1467 3531 1609 3585 enim
1643 3533 1805 3585 homo
1833 3539 1935 3592 est,

359 3629 453 3684 sed
487 3629 680 3683 civitas
715 3626 885 3697 Syriae
915 3625 1172 3695 primaria
1207 3624 1525 3686 Damascus,
1560 3623 1709 3677 Isaiae
1748 3638 1846 3689 vn,
1878 3621 1932 3685 8,

357 3726 432 3774 et.
464 3719 536 3772 ita
593 3719 649 3772 in
694 3715 920 3786 Vulgata
969 3715 1190 3770 Latina.
1231 3717 1440 3770 Rursus
1499 3714 1931 3776 emendavimus,

363 3829 386 3864 ι
422 3826 520 3880 pro
547 3811 882 3882 paenitentia,
911 3825 1030 3879 quae
1055 3810 1418 3872 existimatur,
1451 3826 1470 3859 ι
1501 3822 1605 3862 non
1643 3825 1662 3858 ε
1697 3823 1795 3876 pro
1823 3821 1938 3875 pte-

362 3903 586 3956 nitentia
634 3902 858 3956 solemni
907 3911 962 3954 et
997 3901 1048 3954 in
1095 3916 1244 3955 more
1273 3901 1466 3970 posita.
1523 3920 1542 3952 ι
1599 3900 1751 3954 Licet
1786 3901 1934 3954 enim

360 3992 499 4057 apud
534 3990 891 4045 llerodianum
920 3991 995 4055 ὡς
1018 3990 1297 4062 νομίζουσι
1341 3991 1606 4062 Ῥωμαίοι
1648 3989 1848 4054 valeat,
1879 3999 1936 4043 ut

358 4079 614 4133 Romanis
657 4095 766 4134 mos
810 4089 906 4143 est,
935 4095 990 4134 et
1028 4081 1090 4132 τὸ
1124 4079 1480 4150 νομιζόμενον
1515 4080 1604 4144 sit,
1645 4097 1664 4130 (
1704 4078 1846 4148 quod
1883 4079 1934 4131 in

361 4184 511 4223 more
554 4170 784 4236 positum
820 4181 905 4224 est
938 4189 951 4223 :
992 4190 1010 4222 ι
1047 4186 1169 4224 eum
1215 4182 1393 4223 tamen
1425 4180 1686 4239 sequatur
1713 4169 1814 4221 οὐκ
1841 4163 1935 4221 οὗ-

361 4277 462 4314 σαν
491 4259 548 4313 δὲ
583 4259 860 4331 ἀληθινήν,
895 4261 1085 4315 ntelius
1132 4260 1452 4328 accipietur,
1483 4269 1542 4313 ut
1585 4270 1742 4315 sonet
1777 4259 1934 4329 νομί-

359 4348 547 4416 ζεσθαι
587 4353 906 4420 existimari,
940 4352 1136 4421 putari,
1169 4364 1227 4406 ut
1267 4353 1322 4406 in
1373 4351 1606 4406 concilio
1633 4349 1935 4420 Gangrensi

359 4459 479 4498 can.
519 4443 584 4497 12
635 4459 650 4497 :
697 4445 766 4498 El'
796 4462 878 4508 τις
930 4444 1138 4515 ἀνδρῶν
1169 4443 1256 4497 διὰ
1300 4443 1662 4515 νομιζομένην
1697 4443 1934 4515 ἄσκησιν

2054 1889 2435 1943 Emtttanuelis.
2479 1907 2497 1940 ο

2121 1977 2235 2030 Col.
2262 1979 2360 2031 471
2400 1978 2440 2032 C
2481 1979 2534 2033 9.
2568 1976 2718 2031 Mille
2745 1979 2891 2032 uites.
2919 1978 3058 2044 Non,
3089 1986 3148 2030 ut
3178 1976 3503 2031 Tilmannus
3528 1979 3647 2030 eili-

2051 2068 2223 2133 derat,
2261 2087 2280 2119 (
2319 2070 2464 2123 mille
2494 2070 2633 2124 vites
2663 2070 3027 2124 distraherent
3053 2069 3200 2124 mille
3231 2070 3401 2124 siclis.
3449 2088 3468 2120 ι
3502 2069 3644 2122 Pro-

2051 2161 2238 2228 copius
2267 2161 2424 2228 dixit,
2461 2163 2648 2215 Πᾶσαν
2680 2163 2922 2231 ἄμπελον
2957 2163 3059 2217 κᾶν
3091 2163 3274 2216 σίκλον
3312 2163 3413 2236 ἔχῃ
3445 2165 3643 2234 τιμήν,

2063 2269 2080 2299 ι
2119 2249 2342 2304 Omnem
2382 2253 2543 2304 vitem
2577 2255 2928 2322 quantumvis
2956 2254 3073 2308 sicli
3104 2255 3278 2322 pretio
3307 2255 3642 2307 aestimatam

2051 2340 2316 2394 desertam
2360 2350 2414 2394 et
2456 2342 2712 2397 incultam
2746 2345 2862 2398 fore
2909 2361 2923 2397 :
2979 2364 2998 2397 ι
3051 2349 3215 2401 vitem
3266 2349 3409 2400 enim
3457 2353 3644 2416 aptius

2051 2435 2198 2486 reddi
2230 2433 2475 2504 ἄμπελον
2508 2445 2656 2503 puto,
2687 2423 2846 2504 quam
2880 2435 3114 2500 vineam,
3161 2453 3284 2492 cum
3316 2437 3467 2491 mille
3499 2439 3642 2492 vites

2049 2525 2196 2578 siclis
2229 2527 2487 2594 proplteta
2519 2526 2718 2580 dixerit
2743 2528 3056 2581 aestimatas.

2119 2616 2235 2670 Col.
2262 2617 2368 2671 475
2399 2621 2437 2670 A
2478 2619 2533 2673 8.
2572 2618 2793 2686 Propter
2825 2637 3025 2674 eorum.
3060 2619 3287 2689 Legerat
3333 2620 3384 2672 in
3428 2636 3530 2672 ins.
3571 2619 3635 2673 F.

2049 2706 2315 2774 interpres
2353 2708 2420 2760 δι’
2452 2709 2487 2762 ἃ.
2518 2709 2577 2762 τὸ
2617 2709 2894 2774 εὐπειθές,
2933 2713 3158 2779 ideoque
3200 2721 3462 2775 verterat,
3511 2729 3530 2761 ι
3584 2711 3635 2763 vi

2050 2798 2416 2868 intelligentiae
2457 2800 2624 2855 luisse
2658 2818 2686 2854 a
2733 2802 2891 2856 nobis
2921 2803 3343 2870 deprehensum,
3379 2819 3476 2871 per
3511 2820 3637 2873 qua

2051 2906 2156 2943 non
2191 2907 2387 2960 magno
2417 2894 2649 2962 negotio,
2686 2908 2806 2962 qua:
2835 2893 3071 2960 subjecta
3107 2904 3255 2958 sunt,
3288 2898 3633 2962 persuaden-

2056 2993 2161 3050 tur,
2197 3003 2216 3035 ι
2251 2985 2342 3038 sed
2373 2995 2645 3054 receptam
2693 2985 2980 3039 lectionem
3029 2995 3244 3039 tuentur
3273 2985 3338 3039 H.
3381 2998 3436 3042 et
3467 2988 3630 3056 AugL

2047 3084 2101 3130 et
2156 3076 2457 3145 exemplum
2500 3077 2835 3143 Ezechielis,
2881 3077 3024 3145 quod
3071 3078 3376 3145 subjicitur,
3419 3097 3438 3130 ε
3493 3096 3630 3150 pro-

1331 3166 1642 3234 sanguinem
1720 3166 1895 3219 bibens
1916 3206 1932 3231 ,
1963 3167 2006 3224 C
2040 3168 2214 3236 pheta:
2256 3183 2386 3221 vero
2411 3169 2720 3222 obedienlia
2756 3184 2786 3222 a
2819 3169 2974 3223 nobis
3007 3170 3344 3238 intelligitur.
3385 3189 3405 3221 ›

2107 3259 2220 3313 Col.
2266 3258 2370 3312 487
2405 3260 2447 3312 A
2479 3259 2532 3312 9.
2563 3258 2633 3312 Ut
2684 3261 2727 3312 si
2760 3261 3052 3328 perlraliat.
3098 3260 3419 3331 Ἑλκόμενον
3463 3263 3628 3326 dixit,

2028 3341 2143 3402 non
2190 3349 2445 3413 ἕλκοντα,
2500 3359 2558 3403 ut
2600 3351 2853 3420 exigebat
2901 3352 3275 3420 interpretatio
3322 3353 3623 3417 Tilmanni,

2043 3457 2062 3490 ς
2101 3455 2198 3492 nec
2224 3456 2347 3494 eum
2385 3442 2666 3508 pertrahat
2705 3445 2770 3493 ad
2803 3442 3096 3495 tribunalia
3141 3444 3402 3512 judicum,
3440 3447 3530 3514 qui
3564 3462 3626 3500 se

2037 3533 2247 3584 exuerit
2291 3531 2371 3583 vel
2406 3532 2604 3585 tunica.
2647 3551 2665 3584 ι
2701 3531 2906 3586 Alludit
2936 3535 3188 3587 nimirum
3221 3537 3286 3588 ad
3329 3537 3452 3588 illud
3483 3537 3628 3591 Mat-

2038 3625 2160 3677 tbazi
2193 3641 2243 3688 v,
2270 3624 2340 3678 40
2369 3644 2381 3679 :
2414 3626 2523 3678 Καὶ
2552 3624 2631 3690 τῷ
2665 3625 2902 3680 θέλοντι
2933 3627 3228 3694 κριθῆναι,
3271 3629 3369 3683 καὶ
3402 3630 3510 3682 τὸν
3543 3649 3632 3698 χι-

2037 3714 2191 3768 τῶνὰ
2216 3732 2332 3769 σου
2359 3717 2587 3784 λαϐεῖν,
2617 3717 2767 3787 ἄφες
2805 3719 2966 3784 αὐτῷ
2992 3721 3093 3773 καὶ
3134 3721 3202 3773 τὸ
3241 3722 3474 3790 ἱμάτιον
3500 3739 3513 3752 ⁸
3557 3725 3628 3778 Et

2035 3809 2123 3874 qui
2150 3808 2253 3861 vult
2279 3821 2446 3861 tecum
2476 3811 2528 3862 in
2549 3810 2754 3878 judicio
2777 3815 3114 3877 contendere,
3143 3824 3193 3867 et
3217 3821 3446 3866 tunicam
3471 3825 3628 3870 tuam

2037 3901 2236 3969 tollere,
2267 3901 2472 3954 dimitte
2501 3904 2548 3954 ei
2591 3912 2639 3954 et
2673 3902 2916 3970 pallium.
2948 3905 3158 3959 Rursus
3198 3906 3340 3975 quod
3372 3908 3628 3973 sequitur

2037 3989 2524 4061 βλασφημούμενον
2559 3994 2896 4064 παρακαλεῖν
2931 4005 3188 4062 verterat,
3223 4016 3241 4047 ι
3277 4007 3333 4049 ut
3365 3997 3626 4065 blasphe—

2038 4097 2183 4135 tnum
2223 4086 2562 4148 cohortetur,
2593 4095 2647 4137 et
2682 4101 2777 4153 pro
2804 4103 2866 4140 eo
2894 4097 3045 4156 roget
3090 4106 3103 4143 :
3140 4107 3158 4140 ι
3207 4090 3354 4157 atqui
3385 4091 3500 4142 hac
3524 4106 3628 4144 ex-

2037 4189 2220 4242 pressa
2249 4187 2372 4230 sunt
2410 4191 2476 4231 ex
2503 4179 2684 4232 verbis
2723 4180 2959 4246 Apustoli
2987 4179 3004 4231 l
3031 4180 3155 4235 Cor.
3187 4199 3259 4247 tv,
3287 4184 3351 4237 15
3385 4202 3396 4235 :
3424 4185 3626 4256 βλασ-

2035 4268 2400 4336 φημούμενοι
2429 4270 2896 4339 παρακαλοῦμεν
2919 4313 2934 4337 ,
2982 4274 3429 4342 blasphemamur,
3454 4291 3500 4328 et
3528 4280 3626 4329 ub-

2037 4373 2324 4410 sacramus.

2105 4449 2238 4503 Ibid.
2271 4449 2311 4503 C
2355 4451 2411 4504 4.
2463 4449 2553 4505 Est
2609 4470 2727 4506 vero
2766 4471 3034 4523 magnum.
3071 4455 3340 4524 Interpres
3379 4459 3622 4524 scripse-

359 4535 691 4608 περιϐολαίῳ
713 4537 930 4608 χρῆται·
974 4555 993 4587 ‹
1038 4537 1094 4590 Si
1124 4537 1246 4606 quis
1279 4537 1359 4589 vir
1390 4547 1610 4604 propter
1635 4551 1776 4598 eam,
1815 4553 1935 4606 qua:

2065 4548 2125 4591 at
2161 4561 2173 4594 ;
2216 4557 2234 4590 t
2273 4539 2456 4594 Timor
2482 4543 2626 4596 enim
2658 4542 2753 4597 Dei
2797 4546 3089 4599 maximum
3128 4556 3212 4600 est
3239 4561 3619 4616 argumentum

360 4628 722 4692 existimatur,
751 4628 1200 4682 exercitationem
1229 4627 1466 4681 amiculo
1497 4629 1688 4680 utitur.
1725 4647 1744 4678 ι

430 4719 546 4774 Col.
580 4721 686 4774 465
727 4721 771 4773 A
813 4721 864 4773 7.
925 4719 1185 4784 Quoniam
1218 4735 1281 4772 ea:
1314 4720 1528 4774 semine.
1593 4719 1716 4774 llaac
1755 4721 1935 4773 addita

360 4826 485 4866 sunt
515 4813 748 4867 versioni
783 4811 1074 4874 Tilmanni,
1109 4811 1367 4880 quoniam
1408 4823 1465 4865 et
1503 4811 1693 4867 Grieca
1727 4810 1934 4865 inclusa

360 4901 582 4972 virgulis
617 4905 843 4956 aberant
874 4916 905 4955 a
937 4900 1106 4969 Regio
1141 4916 1241 4956 ms.
1277 4899 1339 4955 F.
1374 4908 1429 4954 et
1462 4901 1516 4954 in
1562 4900 1935 4970 sequentibus,

358 4993 420 5045 τὸ
452 4993 667 5064 διέφερε
701 4993 780 5046 sic
809 4993 1016 5062 accepit
1048 4993 1334 5062 interpres.
1364 5002 1422 5046 ut
1443 5003 1662 5047 sonaret
1690 4994 1936 5047 eminen-

361 5085 513 5149 tiam,
551 5085 651 5138 hoc
678 5095 857 5153 pacto,
894 5103 912 5134 ι
951 5083 1131 5138 domui
1167 5083 1367 5148 David,
1400 5084 1500 5138 hoc
1531 5094 1636 5147 est,
1677 5083 1938 5139 Dominus

361 5177 656 5230 secundum
677 5191 916 5239 carnem,
935 5176 1077 5244 quod
1095 5174 1478 5244 praeminebat
1497 5176 1548 5229 in
1573 5175 1822 5231 universa
1842 5193 1936 5232 co-

359 5267 613 5334 gnatione
635 5267 820 5329 David,
839 5267 1002 5337 idque
1027 5267 1261 5322 faustum
1281 5266 1515 5337 felixque
1533 5269 1777 5323 nuntium
1797 5281 1932 5326 est.»

427 5353 543 5408 Col.
577 5353 681 5407 466
711 5355 755 5406 A
790 5354 842 5409 5.
883 5354 1062 5409 Etiam
1096 5365 1388 5426 postquam.
1422 5355 1548 5412 Haec
1583 5359 1761 5413 addita
1812 5371 1940 5416 sunt

357 5444 595 5499 versioni
651 5443 857 5498 Latinae
901 5447 972 5500 ob
1017 5444 1203 5501 Graeca
1256 5461 1324 5502 ex
1379 5447 1621 5517 Anglicis
1661 5451 1936 5506 codicibus

357 5532 582 5600 inserta,
621 5535 744 5590 licet
769 5551 798 5588 a
833 5536 1012 5604 Regiis
1045 5538 1256 5591 duobus
1301 5539 1555 5593 abessent
1589 5557 1602 5592 :
1653 5541 1748 5594 καὶ
1797 5543 1935 5612 μετὰ

353 5625 414 5676 τὸ
430 5625 680 5694 γενέσθαι
706 5626 918 5698 μητέρα
941 5627 1020 5680 ἔτι
1046 5627 1310 5700 παρθένος
1334 5628 1678 5700 διαμένουσα,
1707 5647 1826 5702 quae
1850 5650 1935 5688 re-

352 5729 566 5786 ceptum
615 5720 681 5776 de
728 5729 984 5790 perpetua
1037 5721 1392 5777 sanctissima:
1451 5721 1686 5794 Virginis
1741 5727 1931 5782 matris

2037 4631 2141 4696 his,
2173 4632 2263 4701 qui
2295 4633 2614 4686 adnituntur
2645 4637 2712 4688 ad
2741 4635 3049 4689 sectandam
3080 4635 3471 4706 perfectionem
3501 4655 3623 4694 ser-

2037 4734 2161 4777 vato
2191 4733 2380 4779 tenore
2425 4725 2740 4795 disciplinae.
2790 4746 2808 4779 ι
2846 4728 2975 4782 Illud
3003 4745 3152 4792 vero,
3203 4731 3382 4784 πάντα
3432 4750 3620 4786 κατα-

2036 4817 2321 4887 πτήσσειν,
2354 4818 2552 4872 locutio
2593 4830 2674 4874 est
2703 4833 2958 4890 usurpata
2989 4824 3151 4876 etiam
3189 4840 3218 4876 a
3262 4824 3618 4894 Septuaginta

2034 4901 2292 4960 Proverb.
2337 4923 2528 4971 xxvrn,
2577 4910 2644 4963 14
2691 4929 2704 4965 :
2749 4911 3052 4981 Μακάριος
3097 4914 3273 4982 ἀνὴρ,
3325 4915 3394 4981 ὃς
3437 4934 3622 4970 κατα-

2037 4995 2300 5063 πτήσσει
2328 4998 2526 5052 πάντα
2554 5000 2627 5054 δι’
2657 5001 2996 5056 εὐλάϐειαν
3030 5005 3224 5060 Beatus
3256 5009 3331 5059 vir
3354 5011 3444 5078 qui
3472 5011 3620 5064 timet

2037 5091 2214 5143 omnia
2243 5091 2304 5143 ob
2339 5094 2655 5146 cautionem.
2685 5096 2942 5164 Sequitur
2971 5098 3100 5152 ibid.
3129 5100 3276 5154 locus
3306 5101 3456 5156 Isaia:
3482 5105 3620 5156 citu-

2038 5193 2124 5235 tus
2153 5197 2259 5236 non
2291 5194 2347 5236 ut
2376 5198 2666 5252 expressus
2698 5198 2780 5242 est
2807 5204 2836 5241 a
2871 5188 3036 5249 LXX,
3079 5189 3228 5243 Isaiae
3273 5209 3464 5254 xxvttt,
3504 5197 3569 5248 16
3601 5216 3614 5249 :

2050 5271 2195 5326 Ἰδοὺ
2223 5271 2338 5342 ἐγὼ
2368 5273 2604 5343 ἐμϐαλῶ
2635 5279 2722 5342 εὶς
2750 5278 2822 5332 τὰ
2863 5280 3104 5349 θεμέλια
3148 5281 3318 5348 Σιών,
3355 5284 3492 5340 Ecce
3524 5303 3620 5356 ego

2036 5364 2315 5418 immittam
2343 5367 2396 5419 in
2433 5369 2776 5435 fundamenta
2801 5369 2930 5426 Sion
2957 5387 2976 5424 :
3009 5376 3100 5428 sed
3132 5387 3190 5429 ut
3219 5377 3416 5432 citatus
3441 5392 3523 5432 est
3549 5381 3620 5435 ab

2032 5457 2290 5520 Apostolo
2312 5456 2544 5516 Roman.
2568 5477 2645 5526 lx,
2669 5463 2768 5516 ὅδε
2811 5463 2970 5519 Ἰδοὺ
2993 5465 3109 5535 ἐγὼ
3134 5469 3329 5538 τίθημι
3349 5470 3420 5523 ἐν
3441 5470 3616 5527 Σιών.

2102 5547 2217 5600 Col.
2251 5547 2357 5602 494
2396 5549 2436 5602 Β
2478 5550 2531 5606 6.
2570 5551 2637 5605 Et
2672 5553 2904 5610 Galilwi.
2937 5555 3054 5611 Non
3089 5560 3262 5613 solum
3297 5565 3494 5628 idiotae,
3523 5568 3616 5619 sed

2031 5649 2085 5695 et
2113 5643 2332 5697 natione
2352 5642 2580 5710 Galilmi,
2605 5663 2709 5700 non
2737 5656 2795 5701 ut
2819 5647 3090 5720 interpres
3114 5652 3348 5720 dixerat,
3380 5673 3398 5706 t
3434 5655 3612 5709 idiota-

2029 5731 2228 5802 quippe
2264 5733 2508 5792 homines
2541 5737 2766 5794 Galilaai.
2812 5757 2833 5792 ι
2889 5742 2980 5798 Sic
3011 5741 3244 5800 Matthaei
3287 5761 3437 5812 xm,
3474 5745 3544 5802 69
3593 5764 3606 5801 :
