3816 6210
172 349 329 408 1105

1368 372 1437 427 ΙΝ
1471 372 1822 433 COMMENT.
1863 377 1934 434 IN
1968 379 2226 437 lSAlAM.

3307 405 3447 459 1106

166 463 251 522 Et
285 478 345 522 tu
394 485 512 524 cum
544 471 677 528 Iesu
710 474 930 533 Galilwo
976 495 1117 535 eras.
1154 479 1294 536 Nam
1341 495 1391 539 et
1421 486 1627 558 loquela
1672 501 1762 544 tua
1791 494 1838 551 Α
1867 493 2071 548 mentio
2099 492 2166 548 lll
2210 495 2412 568 Regum
2437 513 2512 565 ιν,
2538 498 2610 553 24
2634 513 2648 551 :
2675 496 2742 552 Et
2778 499 3002 557 habebat
3022 520 3201 575 pacem
3224 523 3288 561 ex
3308 510 3449 565 omni

163 561 524 627 manifestum
554 573 603 618 te
626 567 776 634 facit.
813 568 869 625 In
913 586 1074 641 quem
1120 575 1299 630 locum
1337 576 1699 652 Hieronymus
1743 594 1767 639 :‘

168 668 200 706 α
239 653 399 717 Quod
444 673 785 731 unaquaeque
843 667 1118 734 provincia
1148 677 1204 723 et
1231 671 1377 740 regio
1404 671 1600 728 habeat
1631 690 1760 744 pro-

168 744 441 813 prietates
469 764 619 814 suas,
659 759 715 806 et
748 754 1093 809 vernaculum
1140 760 1392 826 loquendi
1423 762 1636 815 modum
1674 764 1757 815 vi-

169 844 297 892 tare
328 855 435 894 non
479 843 681 911 possit;
720 862 740 897 ι
774 854 830 900 et
863 846 1023 901 Luca:
1056 864 1191 914 χχιι,
1228 849 1329 914 59,
1375 869 1495 906 nam
1525 864 1572 906 et
1604 852 1757 908 Gali-

166 930 306 983 (reus
333 940 432 987 est.
459 931 726 1003 Josephus
752 948 954 1001 autem,
987 940 1081 996 lib.
1127 957 1189 996 Ill
1236 943 1310 996 De
1345 944 1501 1009 bello,
1526 962 1646 1016 cap.
1673 948 1706 1000 Ξ
1738 964 1754 1002 :

162 1018 423 1091 Μάχιμοί
450 1041 511 1076 τε
550 1024 662 1096 γὰρ
690 1029 754 1081 ἐκ
784 1031 995 1099 νηπίων
1034 1033 1128 1087 καὶ
1165 1034 1352 1088 πολλοὶ
1386 1038 1613 1091 πάντοτε
1648 1040 1754 1094 Γα-

160 1110 386 1180 λιλαῖοι,
426 1118 519 1171 καὶ
547 1117 668 1172 οὔτε
702 1121 871 1176 δειλία
914 1125 1044 1179 ποτὲ
1068 1126 1195 1191 τοὺς
1231 1128 1449 1200 ἄνδρας,
1481 1130 1603 1185 οὔτε
1646 1133 1756 1187 λει-

1862 592 2011 650 parte
2048 584 2104 637 in
2137 586 2383 642 circuitu.

1930 674 2045 730 Col.
2089 675 2191 731 515
2221 678 2264 731 Β
2295 680 2382 737 15.
2423 678 2589 737 Parte
2647 685 2807 741 enim.
2861 687 2974 743 Hoc
3036 688 3328 747 maluimus
3380 692 3449 749 ad

1856 766 2105 834 verbum,
2133 785 2293 841 quam
2319 772 2446 827 illud
2474 774 2807 846 interpretis,
2832 798 2852 831 ι
2880 778 3277 838 Portiunculam
3300 784 3444 842 enim

1859 856 2037 913 tribus
2064 858 2336 915 Davidirae
2360 864 2511 918 nihili
2543 866 2825 933 ducentes,
2857 879 3111 943 tanquam
3147 890 3266 945 qum
3300 876 3445 932 nullo

1857 950 2074 1018 negotio
2103 950 2309 1006 aboleri
2335 964 2539 1024 posset,
2571 967 2624 1012 et
2654 962 2921 1030 opprimi;
2964 963 3092 1019 licet
3119 966 3321 1037 regiam
3346 972 3442 1028 ob-

1858 1039 2054 1095 tineret
2075 1042 2415 1112 dignitatem.
2450 1067 2468 1099 ι
2514 1047 2700 1120 Neque
2722 1054 2864 1107 enim
2893 1071 3053 1109 unam
3084 1057 3282 1112 tribum
3311 1072 3438 1128 pos-

1853 1129 2063 1186 sidebat
2091 1133 2282 1190 domus
2321 1137 2506 1203 David,
2533 1142 2627 1196 sed
2658 1144 2794 1197 duas
2823 1145 3018 1213 tribus,
3046 1145 3180 1202 Juda
3212 1159 3266 1203 et
3297 1149 3440 1205 Ben-

162 1207 436 1279 πανδρεία
467 1211 566 1282 τὴν
594 1211 777 1284 χώραν
801 1216 1086 1287 κατέσχεν·
1131 1237 1150 1271 ι
1199 1219 1478 1291 Pugnaces
1519 1234 1642 1278 sunt
1685 1241 1712 1279 a

1847 1221 2040 1292 jamin,
2083 1234 2203 1296 post
2229 1226 2592 1286 defectionem
2625 1233 2811 1289 decem
2846 1207 3098 1304 aliarum,
3131 1254 3251 1308 qua:
3283 1241 3438 1298 dixe-

168 1298 407 1354 inl’au.tia
450 1301 681 1364 Galilzei.
715 1314 768 1359 et
803 1309 947 1361 omni
991 1318 1231 1379 tempore
1279 1313 1533 1383 plurimi,
1578 1332 1752 1387 neque
1853 1324 1974 1369 rant
2004 1314 2045 1369 ll
2068 1315 2402 1387 Paralipom.
2435 1338 2491 1388 x,
2519 1322 2626 1377 16:
2661 1327 2787 1381 Non
2816 1338 2892 1383 est
2916 1330 3063 1385 nobis
3085 1298 3210 1402 pars
3244 1334 3300 1389 in
3327 1333 3439 1391 Da-

160 1402 265 1444 aut
292 1393 523 1448 formido
553 1412 790 1466 unquam
838 1401 1001 1468 viros,
1043 1412 1135 1456 aut
1160 1404 1397 1460 virorum
1427 1410 1651 1477 penuria
1676 1426 1751 1464 reo

159 1484 361 1553 giones
391 1485 508 1540 illas
536 1490 843 1559 occupavit.
879 1510 898 1543 ι

236 1596 355 1653 Col.
389 1598 496 1654 499
534 1598 579 1652 D
609 1600 660 1655 5.
701 1601 869 1671 Atque
904 1602 985 1656 illi
1014 1604 1244 1674 quidem.
1283 1607 1341 1661 In
1374 1609 1543 1679 Regio
1572 1610 1635 1667 F.
1666 1610 1745 1665 la-

158 1701 303 1739 euua
342 1695 485 1752 erat,
517 1691 660 1757 quod
687 1691 821 1747 duas
871 1690 1041 1748 lineas
1076 1694 1331 1754 librarius
1371 1701 1749 1767 praetermisis-

1849 1407 1955 1470 vid,
1986 1424 2149 1480 neque
2180 1410 2461 1468 hcereditas
2490 1416 2544 1470 in
2577 1419 2689 1485 ﬁlio
2727 1419 2912 1475 Israel.

1917 1497 2034 1554 Col.
2073 1499 2178 1554 527
2219 1500 2259 1554 Β
2299 1503 2352 1558 9.
2388 1505 2849 1580 Appi-apinquabo.
2894 1511 3007 1568 Hoc
3030 1514 3147 1570 sine
3177 1515 3437 1587 interpre-

1851 1588 2054 1645 tatione
2100 1594 2434 1649 trausilierat
2481 1596 2825 1666 Tihnaunus,
2879 1604 3021 1671 quod
3068 1607 3322 1661 mendose
3381 1608 3431 1662 in

1848 1686 2078 1748 utroque
2104 1681 2274 1753 Regio
2309 1689 2431 1742 cod.
2473 1689 2763 1761 legeretur,
2795 1694 2999 1765 μᾶλλον
3030 1695 3064 1769 ἢ
3098 1699 3198 1769 οὐχ
3229 1699 3429 1770 ἥττων,

157 1786 268 1839 set,
321 1793 458 1847 quas
509 1793 575 1834 ex
621 1779 685 1833 il.
732 1791 787 1836 et
836 1783 1043 1852 Anglic.
1080 1787 1413 1843 restituimus
1458 1798 1513 1844 et
1557 1790 1719 1846 Graeci

1847 1786 1943 1840 pro
1979 1771 2177 1842 μᾶλλον
2200 1776 2231 1847 ἢ
2259 1780 2287 1831 ὁ
2313 1777 2500 1849 χιτών.
2524 1782 2903 1841 Verumtamen
2932 1803 3031 1859 ope
3054 1788 3256 1845 Indicis
3284 1789 3430 1847 Cra:-

157 1868 359 1932 textui,
388 1877 443 1923 et
486 1870 788 1940 interpreti,
828 1890 998 1943 usque
1043 1877 1110 1931 ad
1150 1879 1238 1932 illa
1287 1881 1476 1949 verba,
1523 1900 1543 1935 ι
1574 1885 1743 1953 quiin

154 1974 409 2014 errorem
442 1962 805 2032 pelliciuntur.
846 1986 867 2018 ι
911 1969 1174 2025 Caeterum
1209 1971 1323 2026 haec
1348 1988 1378 2026 a
1406 1973 1628 2031 Tarasio
1660 1992 1747 2045 pa-

158 2050 406 2105 triarcha
441 2053 678 2109 citantur
707 2056 759 2110 in
797 2050 955 2128 epist.
989 2059 1062 2114 De
1092 2062 1532 2129 ordinationibus,
1563 2083 1616 2135 p.
1644 2068 1746 2125 195

150 2139 307 2197 Iuris
333 2142 781 2202 Gnaeo-Romani
816 2168 831 2205 :
861 2150 1020 2204 τοῦτο
1055 2152 1164 2225 γάρ
1205 2154 1323 2208 ἐστι
1356 2156 1417 2208 τὸ
1443 2159 1745 2227 καταγέλα-

152 2252 308 2290 στον.
356 2234 491 2292 Vide
524 2239 682 2292 etiam
715 2240 1034 2313 ProcOpium
1073 2245 1124 2298 in
1155 2247 1297 2301 hunc
1332 2247 1528 2303 locum.
1574 2249 1742 2307 Paulo

151 2328 299 2384 infra
333 2331 501 2401 aﬂlixi
531 2349 616 2386 eos
655 2349 675 2387 :
712 2335 825 2390 haec
860 2336 1104 2392 alludunt
1139 2341 1204 2393 ad
1244 2341 1370 2396 illud
1404 2344 1739 2401 Deuterono-

149 2423 247 2477 mii
283 2438 397 2484 vnt,
428 2425 462 2478 5
498 2446 510 2481 :
545 2427 656 2481 Kal
693 2430 1024 2501 μνησθήσῃ
1067 2430 1275 2488 πᾶσαν
1314 2435 1433 2505 τὴν
1464 2436 1628 2503 ὁδὸν,
1660 2439 1741 2509 ἢν

147 2511 345 2584 ἢγατέ
385 2532 459 2570 σε
497 2521 716 2588 Κύριος
760 2525 793 2575 ὀ
843 2525 986 2590 Θεός
1029 2540 1145 2579 σου
1176 2527 1246 2579 ἐν
1282 2526 1359 2596 τῇ
1392 2528 1607 2600 ἐρήμῳ,
1640 2533 1739 2587 καί

144 2607 428 2663 ἐκάκωσέ
451 2626 544 2676 σε,
584 2612 683 2665 καί
703 2612 1148 2686 ἑλιμαγχόνησέ
1179 2633 1253 2672 σε
1275 2634 1288 2647 ⁸
1335 2617 1401 2672 Ει
1435 2621 1738 2674 recordabe-

146 2701 226 2753 ris
256 2703 428 2755 omnis
453 2704 567 2767 uite,
600 2720 691 2772 per
715 2723 871 2775 quam
893 2708 1044 2760 duxit
1069 2719 1118 2762 te
1148 2709 1403 2764 Dominus
1427 2721 1548 2767 tuus
1567 2715 1621 2770 in
1644 2718 1734 2769 de-

143 2801 315 2857 serto,
341 2805 386 2847 et
415 2796 598 2865 aﬂlixit
624 2805 696 2863 te,
725 2807 772 2851 et
805 2799 978 2868 a/Iecit
1007 2811 1055 2854 te
1078 2800 1241 2869 fame.

144 2910 177 2973 ’ζ
217 2905 337 2962 Col.
380 2907 486 2962 508
520 2909 561 2964 Β
590 2909 643 2965 8.
679 2912 888 2980 Accepit
918 2915 1144 2983 signum.
1176 2914 1317 2980 Non,
1373 2935 1396 2975 ι
1421 2933 1486 2973 ex
1513 2932 1731 2986 compa-

144 3006 239 3050 cto
272 2998 535 3055 indictum
568 3002 919 3068 curriculum,
952 3025 973 3056 ι
1011 3017 1067 3059 ut
1095 3016 1254 3062 antea
1281 3009 1591 3079 legebatur:
1616 3011 1733 3065 σύν-

143 3088 305 3161 θημα
360 3091 506 3144 enim
566 3093 654 3148 hic
703 3109 810 3147 non
862 3106 1040 3161 sonat,
1105 3115 1126 3149 ι
1177 3108 1516 3167 compactum
1565 3121 1585 3154 ι
1639 3111 1728 3156 aut

147 3200 170 3235 ι
209 3184 593 3250 compositum,
628 3204 647 3237 ι
675 3187 767 3240 sed
798 3187 1054 3259 ἀφορμῆς
1076 3192 1322 3260 σημεῖον,
1353 3208 1375 3242 ι
1408 3193 1616 3262 signum
1638 3208 1733 3246 ex-
1757 3183 1799 3240 Ο

140 3277 422 3332 cursiouis
444 3277 784 3343 inchoandas,
824 3298 844 3333 ι
877 3290 934 3335 ιιι
959 3281 1100 3350 apud
1125 3281 1409 3352 Virgilium
1431 3298 1462 3336 ν
1482 3283 1727 3341 Δικαία

255 3468 272 3485 .
301 3471 363 3501 ._.
391 3470 405 3485 .
436 3471 451 3485 .
482 3472 497 3487 .
531 3469 546 3486 .
582 3470 596 3487 .
616 3431 828 3501 signum
855 3432 1086 3486 clamore
1116 3435 1318 3501 paratis

284 3499 571 3571 A'S'pitydes
605 3499 756 3572 longe
783 3504 954 3568 dedit,
978 3499 1309 3572 insonuitque
1330 3503 1565 3575 ﬂagello,

137 3641 198 3688 et
240 3634 383 3704 apud
423 3633 788 3689 Herodianum
824 3634 918 3692 lib.
954 3652 992 3690 ιι
1026 3652 1040 3688 :
1068 3636 1275 3700 Πάντες
1308 3637 1393 3706 ἐφ’
1420 3637 1502 3690 ἑνὶ
1529 3637 1726 3710 συνθή-

143 3744 280 3798 ματι
311 3725 776 3797 συλλαμϐάνονται
803 3744 817 3756 ·
850 3745 869 3779 ι
893 3727 1095 3782 Omnes
1125 3743 1230 3779 uno
1246 3728 1372 3782 dato
1389 3728 1542 3796 signo
1574 3743 1726 3783 com-

140 3819 574 3890 prehenduntur.
613 3838 631 3870 ι
671 3819 983 3888 Procopius,
1008 3835 1062 3887 p.
1095 3820 1198 3876 M5
1229 3838 1242 3875 :
1286 3821 1532 3892 Δρομεὺς
1565 3820 1621 3873 δὲ
1649 3820 1725 3875 ὢν

135 3911 371 3981 ἀγαθὸς,
418 3912 536 3982 ἅμα
579 3911 658 3983 τῷ
687 3911 988 3984 συνθήματι
1020 3912 1156 3985 πρὸς
1180 3912 1241 3967 τὸ
1261 3912 1413 3976 τέλος
1434 3912 1720 3983 ἠπείγετο·

143 4020 165 4057 ι
208 4003 346 4058 Cum
373 4016 501 4057 vero
518 4004 896 4072 cursorbonus
928 4014 1093 4068 esset,
1117 4004 1184 4058 ad
1213 4003 1374 4059 linem
1407 4006 1533 4059 dato
1570 4005 1725 4074 signo

138 4093 492 4163 properabat.
536 4112 556 4145 ι

207 4206 329 4261 Col.
373 4206 470 4261 511
513 4206 555 4261 B
590 4206 642 4260 7.
683 4206 864 4260 Induit
898 4209 1059 4262 enim.
1090 4208 1479 4278 Corrigendum
1508 4208 1560 4262 in
1582 4207 1726 4263 Grae-

136 4310 205 4350 co
234 4306 390 4351 textu
426 4312 492 4351 ex
530 4311 634 4352 ms.
678 4296 742 4351 H.
789 4296 850 4351 F.
896 4297 1143 4373 Ἐνὲδυσε
1184 4299 1294 4370 γάρ
1341 4315 1432 4369 με,
1483 4316 1503 4350 ι
1551 4298 1724 4357 induit

136 4388 287 4441 enim
316 4402 422 4441 me.
460 4407 478 4439 ι
506 4388 616 4443 Nec
650 4389 807 4443 aliter
834 4387 1059 4456 Vulgata
1089 4390 1260 4445 Biblia
1298 4389 1452 4445 Isaiae
1488 4406 1599 4457 ιιι,
1631 4390 1720 4456 10,

1848 1865 1896 1915 ci
1920 1864 2269 1923 Kirchmauni
2312 1871 2401 1925 diu
2437 1876 2696 1941 quaasitns
2736 1878 2824 1933 hic
2860 1879 3015 1935 locus
3050 1897 3146 1951 per
3185 1883 3429 1953 singulas

1846 1970 2027 2021 voces,
2082 1960 2318 2015 nondum
2368 1966 2525 2020 nobis
2569 1969 2808 2023 occurrit
2852 1971 2905 2025 in
2943 1971 3249 2042 Scriptura.
3298 1974 3427 2033 Vide

1845 2049 2214 2117 proverbium,
2253 2072 2271 2104 ι
2315 2050 2520 2112 Tunica
2546 2060 2783 2128 propior.
2816 2081 2837 2116 ι

1913 2139 2026 2194 Col.
2069 2142 2164 2196 551
2222 2144 2261 2197 Β
2295 2146 2346 2200 6.
2395 2146 2460 2200 Ει
2512 2147 2840 2206 Samariam.
2892 2151 3232 2223 Sequebatur
3284 2159 3422 2228 apud

1842 2229 2211 2301 interpretem.
2263 2253 2282 2286 ι
2318 2239 2779 2303 Quemadmodum
2830 2250 2886 2299 et
2936 2245 3035 2301 hos
3068 2248 3206 2318 cepi,
3236 2258 3292 2305 et
3322 2249 3424 2307 hos

1840 2329 2065 2376 cieteros
2086 2337 2274 2380 omnes
2304 2327 2638 2397 principatus
2672 2331 2881 2402 capiam
2915 2348 2931 2388 :
2962 2354 2981 2387 ι
3016 2337 3109 2391 sed
3144 2337 3257 2393 haec
3285 2355 3316 2393 a
3342 2349 3424 2409 ty-

1838 2415 2116 2482 pographo
2151 2427 2278 2470 sunt
2303 2420 2525 2484 ouuissa,
2551 2436 2671 2475 eum
2706 2438 2767 2476 ea
2791 2424 2966 2480 deleta
2995 2427 3162 2483 fuisse
3198 2444 3229 2483 a
3264 2432 3420 2486 nobis

1840 2514 2072 2571 putaret,
2116 2523 2219 2560 una
2259 2523 2380 2563 cum
2425 2511 2530 2579 his,
2578 2513 2775 2583 quibus
2812 2515 3084 2586 interpres
3107 2531 3417 2589 sequentem

1837 2593 2114 2662 periodum
2143 2609 2505 2667 expresserat,
2544 2601 2597 2656 in
2629 2604 2762 2659 duas
2791 2618 3075 2677 perperam
3119 2624 3150 2664 a
3179 2625 3239 2669 se
3277 2612 3418 2667 divi-

1834 2698 1950 2738 sam
1979 2700 1992 2736 :
2025 2705 2043 2737 ι
2080 2686 2154 2740 Ex
2188 2704 2296 2758 quo
2328 2690 2489 2759 igitur
2520 2692 2621 2746 sibi
2647 2695 2812 2763 cepit,
2846 2698 3082 2767 reliquas
3110 2715 3299 2755 omnes
3322 2716 3419 2773 spe

1836 2778 2114 2844 praesumit
2159 2793 2217 2832 se
2253 2794 2409 2848 posse
2443 2782 2544 2837 sub
2571 2782 2760 2852 jngum
2796 2788 3134 2857 pertrahere.
3178 2788 3289 2846 Nec
3332 2792 3417 2847 in-

1837 2867 1992 2921 terim
2027 2870 2125 2923 iste
2151 2869 2415 2926 intellexit
2437 2872 2491 2927 id
2523 2874 2739 2931 conﬁci.
2770 2894 2791 2929 ι

1870 2970 1873 2973 ‘
1901 2958 2017 3014 Col.
2057 2960 2161 3017 558
2194 2961 2233 3014 Β
2266 2963 2318 3016 5.
2351 2961 2417 3016 Et
2446 2966 2765 3022 concutiant.
2816 2966 3085 3038 lnterpres
3135 2971 3414 3038 ediderat,

1837 3069 1858 3105 ι
1910 3053 2286 3121 persuadendo
2351 3057 2706 3125 pertraham,
2755 3076 2775 3111 ι
2844 3062 2986 3130 quod
3038 3060 3090 3116 in
3157 3061 3414 3134 Complu-

1841 3141 2260 3210 tensi‘editione
2313 3150 2498 3209 esset,
2560 3144 2765 3213 πείσω,
2812 3145 2936 3202 licet
2987 3147 3039 3200 in
3085 3145 3148 3202 F.
3199 3147 3415 3221 legisset

1834 3233 2019 3295 σείσω,
2045 3241 2105 3285 ιιι
2135 3243 2219 3287 est
2259 3233 2313 3287 in
2346 3234 2571 3305 reliquis
2602 3251 2733 3291 mss.
2762 3246 2817 3291 et
2839 3239 2977 3308 apud
3005 3238 3297 3295 Eusebium
3316 3239 3414 3297 lib.

1831 3341 1884 3379 IV
1908 3325 1984 3378 De
2013 3323 2281 3380 Demonst.
2317 3342 2501 3398 evang.
2537 3342 2656 3398 cap.
2683 3327 2718 3382 9
2746 3346 2759 3382 :
2792 3344 2912 3399 quae
2957 3344 3084 3385 vera
3116 3339 3200 3386 est
3231 3331 3412 3399 lectio,

1829 3425 2035 3471 cumet
2067 3416 2141 3470 ita
2175 3415 2437 3473 Vaticana
2484 3429 2538 3474 et
2577 3419 2834 3476 Marcbali
2879 3421 3050 3478 codex
3093 3422 3308 3491 habeat,
3359 3432 3416 3478 et

1830 3507 2209 3580 Hieronymus,
2246 3528 2266 3562 ι
2297 3519 2352 3565 et
2375 3512 2583 3567 detraxi
2606 3513 2760 3582 quasi
2788 3523 2983 3584 potens
3008 3514 3061 3567 in
3094 3514 3311 3570 sublimi
3337 3532 3417 3570 re-

1828 3600 2087 3657 sidentes.
2123 3620 2144 3655 ι
2189 3601 2327 3658 Male
2375 3605 2515 3673 apud
2550 3604 2881 3661 Clementem
2912 3615 2965 3663 et
2994 3607 3282 3663 Eusebium
3311 3623 3411 3664 xm

1828 3690 1905 3743 De
1928 3701 2215 3760 prwparat.
2243 3690 2422 3755 σώσω,
2462 3709 2485 3746 ι
2513 3694 2765 3758 servabo.
2794 3714 2813 3747 ι

1897 3780 2020 3836 Col.
2055 3780 2162 3838 510
2195 3781 2237 3835 Β
2268 3783 2321 3839 9.
2368 3783 2610 3857 Namque
2638 3789 2703 3841 ab
2741 3787 2940 3842 anima.
2969 3788 3023 3842 ln
3045 3789 3215 3859 Regio
3244 3788 3307 3844 F.
3336 3788 3415 3845 le-

1826 3871 2070 3943 gebatur,
2110 3873 2397 3946 ἀρξάμενα
2431 3876 2529 3954 μὲν
2558 3876 2663 3931 ὑπὸ
2681 3877 2881 3951 ψυχῆς,
2909 3879 3140 3952 λήγοντα
3167 3879 3226 3934 δὲ
3259 3882 3316 3934 ὲν
3342 3884 3409 3954 τῇ

1825 3966 2023 4038 καρδίᾳ
2048 3967 2143 4021 καὶ
2167 3969 2289 4022 οὐδὲ
2321 3952 2535 4042 μέχρις.
2566 3969 2644 4024 Ex
2677 3973 2877 4041 quibus
2907 3969 3099 4028 Latine
3123 3952 3410 4044 expresse;

1826 4068 1909 4114 rat
1944 4059 2288 4125 Tilmanuus,
2320 4081 2339 4113 ι
2374 4065 2441 4116 ab
2473 4062 2647 4117 anima
2687 4064 2903 4134 quidem
2929 4079 3083 4119 suum
3107 4075 3285 4121 ortum
3313 4065 3412 4120 du-

1825 4152 2028 4218 centia,
2069 4153 2123 4207 in
2158 4154 2273 4222 ipso
2306 4162 2486 4207 autem
2519 4155 2684 4209 corde
2716 4156 3153 4225 eouquiescentia
3188 4174 3203 4212 :
3250 4176 3271 4211 ι
3313 4157 3410 4212 sed

1826 4243 1881 4297 in
1914 4243 2086 4300 altero
2122 4243 2291 4315 Regio
2329 4247 2448 4300 cod.
2484 4245 2549 4299 H.
2576 4246 2650 4299 ita
2681 4256 2802 4301 erat
2840 4257 2899 4302 ut
2925 4264 2990 4303 ex
3020 4248 3260 4318 Anglicis
3289 4250 3409 4304 edi-

1827 4346 1938 4391 tum
1990 4346 2095 4401 est,
2142 4338 2245 4392 nisi
2280 4339 2422 4408 quod
2458 4335 2670 4393 sublato
2712 4339 2828 4405 καί,
2871 4349 3078 4395 tantum
3109 4342 3406 4412 legebatur,

1822 4428 1943 4481 οὐδὲ
1989 4427 2203 4501 μέχρις.
2259 4428 2414 4500 Apud
2458 4427 2803 4500 Procopium,
2829 4447 2971 4500 ,pag.
3005 4431 3127 4498 170,
3164 4434 3229 4488 ad
3260 4435 3407 4488 hunc

135 4478 232 4532 sed
263 4492 363 4545 pro
390 4477 734 4549 εὐφροσύνης
773 4479 1104 4534 existimavit
1136 4482 1403 4551 interpres
1431 4496 1490 4536 se
1527 4481 1719 4552 legisse

135 4569 488 4596 2----.-_-'...--
546 4572 725 4596 :a-...-..
755 4572 1090 4596 --.ἀλλ-λη...
1164 4591 1180 4596 -
1241 4582 1287 4596 ,ι
1339 4575 1513 4596 .--ηε--
1573 4575 1674 4596 Ιμιε

1847 4477 2773 4592 denmraﬁiiditurrdiagdtpevovrdnb
2788 4477 2966 4594 @315;
2995 4477 3193 4578 TJJV’EV
3224 4523 3302 4595 τῷ
3327 4522 3405 4596 νῷ

131 4569 509 4642 δικαιοσύνης,
546 4572 728 4640 itaque
754 4572 1117 4635 scribendum,
1159 4591 1180 4625 ι
1237 4582 1292 4628 et
1339 4575 1518 4629 tunica
1570 4575 1721 4630 lati—

135 4664 250 4728 tite,
281 4682 302 4716 ι
337 4664 557 4733 utapud
592 4663 914 4734 Procopiqu
948 4681 1002 4734 p.
1030 4664 1154 4721 148.

203 4778 325 4834 Col.
377 4779 484 4835 515
560 4780 600 4835 Β
669 4779 722 4833 1.
783 4779 1152 4834 Dirimeretur.
1209 4780 1720 4854 Συναπαρτίζεσθαι

130 4871 275 4927 idem
307 4871 472 4935 valet,
511 4872 653 4942 quod
682 4872 1105 4944 ἀπαρτίζεσθαι,
1143 4891 1162 4923 ι
1200 4873 1503 4928 absolutum
1546 4877 1717 4938 reddi,

129 4961 388 5017 omnibus
422 4962 664 5017 numeris
694 4962 922 5031 expleri.
962 4983 981 5017 ι
1010 4962 1240 5019 Budaeus
1270 4965 1325 5018 in
1356 4963 1715 5021 Commentar.

131 5067 186 5120 p.
211 5051 342 5113 755,
375 5070 393 5102 ι
429 5052 589 5106 simul
621 5052 790 5118 liniri,
816 5067 967 5121 aequa
993 5068 1115 5107 esse
1143 5053 1537 5122 magnitudine.
1575 5072 1595 5109 ι
1624 5054 1722 5111 llic

130 5148 297 5218 igitur
324 5154 533 5200 vertere
561 5154 737 5213 potes,
773 5162 792 5196 ι
826 5145 988 5199 simul
1016 5160 1138 5199 eum
1170 5146 1282 5216 ipsa
1310 5147 1491 5200 mundi
1519 5149 1720 5203 consti-

130 5240 360 5296 tutione.
399 5258 418 5291 ι
460 5237 708 5309 Procopii
744 5239 1011 5309 interpres
1056 5239 1191 5292 dixit
1244 5253 1297 5307 p.
1331 5239 1427 5293 151
1468 5256 1483 5294 :
1521 5257 1541 5291 ι
1580 5238 1714 5308 Quia

127 5332 176 5387 si
206 5347 277 5390 ex
319 5333 520 5386 mundo
555 5342 721 5399 esset,
755 5333 823 5388 ab
858 5332 973 5401 ipsa
1009 5333 1217 5401 origine
1260 5332 1444 5386 mundi
1478 5334 1714 5403 ctepisse

130 5437 414 5479 necessum
455 5428 546 5479 sit.
585 5442 605 5476 ι
640 5424 771 5490 Quae
799 5439 929 5479 vero
959 5434 1258 5493 sequuntur
1293 5426 1432 5495 apud
1460 5428 1707 5481 eumdem

128 5515 473 5584 Procopium,
524 5531 591 5571 ex
645 5514 843 5570 Basilio
892 5517 972 5572 sic
1017 5516 1353 5571 emendanda
1384 5525 1530 5584 sunt,
1580 5534 1710 5571 συν-

127 5606 285 5662 έσται
328 5606 509 5661 τοίνυν
560 5607 698 5679 αὐτὴ
738 5606 818 5679 τῷ
862 5609 993 5680 παρ’
1034 5606 1183 5679 αὐτῷ
1226 5607 1501 5681 δεξαμένῳ
1550 5609 1712 5683 μέχρι

128 5700 364 5765 παντός·
393 5719 412 5752 ι
442 5699 561 5754 Erit
586 5701 750 5772 igitur
787 5701 839 5755 in
863 5711 1176 5772 perpetuum
1210 5702 1301 5756 illa
1327 5716 1431 5756 una
1466 5717 1588 5757 cum
1621 5718 1708 5771 eo,

128 5795 220 5865 qui
269 5794 338 5852 ab
377 5794 494 5865 ipso
530 5808 651 5851 eam
697 5794 990 5865 acceperit.
1034 5813 1053 5849 ι
1090 5794 1247 5853 Pacis
1290 5793 1596 5854 Salomonis
1651 5797 1711 5853 lit

1820 4606 2180 4680 παθημάτων.
2239 4608 2408 4664 Paulo
2453 4618 2575 4679 post
2626 4612 2883 4667 mendose
2929 4613 3068 4667 idem
3108 4613 3172 4669 F.
3217 4615 3406 4669 habuit

1819 4693 2013 4763 φθόνον
2030 4711 2126 4765 pro
2153 4695 2334 4765 φόνον,
2353 4697 2534 4768 itaque
2556 4698 2610 4753 in
2637 4698 2814 4755 locum
2835 4701 3072 4767 invidiae,
3106 4721 3125 4754 ι
3152 4706 3351 4760 caedem
3377 4723 3396 4756 ι

1818 4786 2221 4841 substituimus.

1887 4878 2006 4936 Col.
2038 4880 2138 4936 551
2174 4881 2221 4934 Α
2255 4880 2343 4937 15.
2385 4876 2659 4955 Siquidem
2718 4882 2833 4939 alii.
2892 4884 3031 4941 Male
3089 4887 3401 4944 immutarat

1819 4971 1937 5028 haec
1959 4975 2249 5045 interpres,
2278 4994 2296 5028 ι
2331 4974 2608 5048 Siquidem
2649 4978 2858 5034 Hebraei
2902 4982 3155 5036 videntur
3181 4985 3401 5053 propius

1818 5065 2100 5120 accedere.
2132 5084 2151 5118 ι
2186 5065 2374 5137 Neque
2400 5073 2545 5126 enim
2587 5070 2845 5128 Hebraeos
2890 5073 3137 5142 designat
3170 5073 3400 5129 Basilius

1814 5155 1909 5207 sed
1956 5154 2175 5211 Graecos
2222 5158 2547 5228 interpretes
2586 5162 2858 5229 Aquilam,
2919 5160 3305 5232 Symmachum
3344 5173 3400 5219 et

1813 5243 2263 5316 Theodotionem,
2327 5265 2449 5305 cum
2504 5252 2584 5306 ait
2629 5254 2679 5306 oi
2725 5252 2895 5318 ἄλλοι,
2938 5255 3394 5323 quemadmodum

1811 5351 1971 5406 supra
2009 5341 2147 5411 ὅπερ
2193 5340 2371 5415 ἕτεροι
2405 5343 2790 5401 ὲκδεδώκασιν.
2826 5344 2896 5401 Ut
2942 5346 2996 5401 in
3029 5346 3178 5401 illum
3214 5347 3393 5403 locum

1808 5432 2188 5488 annotavimus
2223 5450 2237 5486 :
2274 5447 2325 5490 et
2350 5436 2488 5490 infra
2508 5448 2870 5494 cousentanee
2909 5440 3396 5510 respondereApo-

1807 5519 1946 5575 stolo
1977 5521 2363 5594 Symmachum
2387 5538 2443 5584 et
2464 5526 2898 5588 Theodotionem
2930 5531 3031 5587 sub
3062 5529 3223 5586 linem
3250 5531 3395 5601 capi-

1805 5613 1876 5668 tis
1897 5614 2053 5670 istius
2077 5616 2232 5672 dixit.

1879 5704 1996 5761 Col.
2033 5706 2140 5764 555
2199 5709 2246 5764 A
2277 5711 2334 5768 5.
2385 5711 2658 5784 Gloriﬁco.
2713 5713 2829 5770 Non
2858 5756 2874 5782 ,
2923 5725 2983 5770 ut
3017 5724 3174 5770 antea
3233 5726 3386 5780 erat,

1814 5815 1834 5849 ι
1854 5798 2200 5871 gloriﬁcabo:
2226 5822 2245 5856 ι
2261 5800 2466 5871 δοξάζω
2486 5808 2629 5863 enim
2662 5807 2795 5865 dixit
2823 5827 2835 5862 :
2857 5822 3166 5880 quanquam
3190 5809 3240 5863 in
3268 5808 3389 5880 ipso

3421 5624 3442 5705 ἑ
