3816 6210
421 332 556 390 1107
1577 340 1783 399 ΝΟΤῙΕ
1823 342 2216 400 FRO‘NTONIS
2250 340 2485 397 DUCEI
3536 336 3685 391 ιιυε

423 449 718 520 Scriptum
746 457 894 506 textu
918 452 1121 509 editum
1148 463 1253 519 est,
1286 456 1304 509 Ι
1327 456 1459 530 Reg.
1496 474 1559 523 ιι,
1587 461 1658 515 50
1682 480 1694 514 :
1715 463 1837 516 Ὅτι
1857 463 1994 518 ἀλλ’

2156 461 2490 515 nendandum
2520 459 2709 513 suadet
2736 459 3163 529 ἐπιτεταμένως,
3194 455 3337 527 quod
3359 456 3413 510 in
3442 470 3542 510 usu
3571 467 3686 524 est,

419 539 463 610 ἢ
500 540 646 608 τοὺς
678 541 1034 611 δοξάζοντάς
1054 563 1132 614 με
1160 546 1400 612 δοξάσω
1428 566 1444 582 ο
1480 549 1745 616 Quoniam
1786 554 1992 609 nonnisi

2156 570 2205 607 »ιι
2245 550 2710 622 ἐπιτεταγμένως,
2750 565 2923 619 neque
2957 548 3449 618 ἐπιτετευγμένως.
3484 546 3690 601 Proco-

422 633 780 703 gtoriﬁcantes
811 651 891 689 me
915 635 1241 706 gloriﬁcabo.
1273 639 1391 706 Quo
1424 651 1580 711 pacto
1609 644 1769 697 etiam
1798 643 1995 699 citatur
2098 649 2218 715 pius
2265 646 2401 699 dixit
2438 643 2819 711 compendiose
2860 658 2916 712 p.
2961 643 3063 697 195
3091 662 3105 697 :
3155 641 3305 705 Ἐνδς
3346 639 3461 710 γὰρ
3494 639 3687 711 ἄμφω,

422 724 567 779 idem
617 722 765 779 locus
816 724 958 780 infra
1019 727 1124 781 col.

421 811 635 878 ζοντας.

493 903 611 959 Col.
648 903 754 961 558
782 905 826 960 Β
858 906 946 964 12.
978 907 1096 963 Tati
1146 912 1362 967 mundo.
1420 914 1502 969 Ad
1544 914 1765 970 verbum
1829 926 1995 985 esset,

432 1012 454 1047 ι
493 1009 615 1049 cum
652 1006 767 1051 toto
799 1000 1000 1054 mundo
1036 1000 1293 1056 cruciﬁxa
1323 1002 1395 1057 sit
1430 1019 1445 1056 :
1484 1022 1504 1056 ι
1537 1007 1676 1074 quod
1709 1005 1997 1063 obscurum

425 1096 534 1152 est,
564 1095 619 1142 et
641 1102 673 1142 a
694 1085 959 1159 Procopio
988 1092 1446 1160 praetermissum;
1475 1110 1541 1149 ex
1568 1112 1675 1165 quo
1698 1105 1875 1154 tamen
1899 1100 2001 1154 im-

427 1177 759 1233 mutavimus
789 1178 1294 1250 interpretationem
1328 1199 1542 1249 eorum,
1585 1202 1704 1256 qua:
1745 1189 1890 1245 hunc
1926 1190 2003 1246 lo-

431 1280 555 1322 cum
595 1270 982 1337 sequebantur,
1017 1290 1038 1324 t
1075 1274 1235 1343 inque
1263 1276 1439 1330 medio
1466 1277 1667 1334 ellicaci
1695 1280 1810 1346 ejus
1833 1282 2004 1336 virtu-

430 1364 489 1412 te
513 1359 583 1412 ad
616 1357 752 1414 lines
771 1374 941 1428 usque
966 1370 1199 1431 quatuor
1225 1366 1456 1433 partium
1484 1369 1668 1423 mttndi
1698 1384 1755 1423 se
1789 1380 2005 1439 proten-

430 1446 614 1515 dente,
656 1468 677 1500 ι
720 1456 774 1509 et
802 1453 994 1519 pagina
1036 1455 1283 1523 sequenti
1329 1456 1631 1515 addidimus
1684 1460 2007 1532 interpreta-

436 1538 594 1605 tioni,
625 1558 645 1592 ι
686 1554 755 1595 ex
785 1538 973 1608 Israel,
1008 1545 1102 1613 qui
1142 1545 1339 1600 dicitur
1364 1547 1639 1615 Ephraim,
1679 1570 1698 1603 ι
1725 1556 2007 1621 expunctis

435 1630 543 1686 illis
587 1633 791 1701 verbis,
827 1651 848 1686 s
879 1635 994 1689 veri
1030 1636 1306 1692 Israelitae.
1341 1656 1361 1690 ι
1393 1639 1590 1695 Decem
1626 1643 1769 1697 enim
1813 1644 2004 1711 tribus,

436 1736 557 1790 qua:
587 1721 788 1778 familia
823 1724 1041 1781 Davidis
1088 1726 1418 1795 defecerant,
1472 1742 1529 1786 et
1578 1731 1876 1789 Samariam
1914 1752 2007 1790 ur-

1472 773 1488 798 ,
1527 733 1609 786 ὅτι
1658 735 1781 798 τοὺς
1839 735 1995 800 δοξά-

2156 739 2271 791 πνεϊν
2287 754 2348 789 τε
2370 737 2465 790 καὶ
2485 735 2727 800 δοξάζειν
2755 731 2957 797 καλῶς’
2980 754 2998 784 ι
3024 735 3195 789 Unius
3221 734 3365 788 enim
3396 743 3692 801 utrumque

2102 839 2204 893 est,
2237 829 2405 897 gloria
2439 836 2492 881 et
2517 826 2676 895 laude
2708 836 2854 881 recte
2884 824 3113 879 allicere.
3153 843 3173 876 ι

2173 917 2292 972 Col.
2330 917 2435 972 565
2473 916 2515 971 B
2550 917 2605 970 4.
2647 915 2915 971 Sublevat.
2979 915 3171 984 Aptius
3230 911 3689 980 interpretabere,

2105 1006 2366 1062 Dominus
2422 1006 2625 1061 exultat
2662 1010 2859 1075 justas.
2910 1005 3069 1073 Atqui
3116 1007 3255 1073 apud
3298 1004 3557 1058 Davidem
3587 1004 3695 1059 ali-

2110 1108 2190 1153 ter
2215 1097 2440 1153 ell'ertur
2475 1100 2561 1152 hic
2598 1098 2766 1163 locus,
2799 1099 2864 1151 ad
2887 1114 3042 1166 quem
3066 1098 3309 1151 alludere
3336 1097 3551 1150 videtur
3581 1096 3695 1150 Ba-

2108 1188 2284 1251 silius,
2303 1187 2511 1256 psalmo
2527 1202 2685 1253 chv,
2709 1188 2741 1242 8
2761 1205 2774 1241 :
2796 1189 3015 1254 Κύριος
3025 1184 3273 1253 ἀνορθοἷ
3286 1184 3696 1254 κατερῤαγμέο

2106 1297 2276 1345 νους,
2312 1280 2530 1347 Κύριος
2562 1277 2765 1347 ἀγαπᾷ
2791 1279 3077 1342 δικαίους·
3116 1277 3373 1331 Dominus
3411 1276 3561 1344 erigit
3593 1276 3698 1328 eli-

2108 1388 2240 1426 sos:
2278 1370 2537 1425 Dominus
2568 1371 2736 1439 diligit
2752 1373 2947 1441 justos.
2986 1369 3242 1424 Fortasse
3296 1369 3701 1421 observabatur

2110 1464 2277 1517 menti
2316 1465 2555 1517 auctoris
2585 1463 2673 1517 ille
2706 1463 3126 1527 alter,Proverb.
3152 1475 3310 1525 xvm,
3351 1458 3417 1513 lO
3461 1481 3473 1513 :
3519 1459 3705 1524 Αὐτῷ

2112 1552 2181 1605 δὲ
2209 1552 2698 1622 προσδραμόντες
2730 1553 2948 1606 δίκαιοι
2988 1551 3308 1622 ὐψοῦνται·
3345 1553 3703 1609 Accurrentes

2113 1652 2285 1695 autem
2318 1641 2418 1710 ipsi
2434 1643 2570 1709 justi
2594 1642 2911 1696 exn/tantur.

2184 1730 2301 1785 Col.
2343 1731 2446 1786 568
2483 1732 2523 1785 ι)
2556 1734 2606 1786 1.
2665 1732 3036 1787 Educandum.
3068 1730 3261 1786 Verior
3286 1730 3400 1785 haec
3425 1729 3597 1784 lectio
3630 1727 3699 1782 Ρ.

437 1811 560 1867 bem
594 1815 746 1881 regni
776 1816 1086 1884 primariam
1107 1821 1515 1887 constituerant,
1546 1822 1708 1879 lsrael
1742 1831 2007 1881 vocaban-

2156 1832 2167 1876 t
2197 1823 2261 1876 A.
2291 1824 2622 1895 ἀνατροφῆς,
2653 1839 2815 1895 quam
2852 1824 2939 1877 illa
2967 1823 3034 1878 ll.
3075 1822 3446 1893 ἀναστροφῆς,
3496 1840 3517 1873 ι
3566 1836 3706 1875 con-

440 1910 530 1955 tur
556 1912 613 1957 et
644 1903 925 1973 Ephraim,
978 1915 1033 1964 et
1082 1908 1274 1965 domus
1308 1910 1531 1982 Joseph,
1562 1925 1623 1969 ut
1655 1915 1930 1972 Zachariae
1957 1935 2010 1980 x,

439 1996 582 2061 quod
619 1994 872 2050 nimirum
906 1996 1066 2066 primi
1099 1999 1284 2055 decem
1319 2002 1554 2057 tribuum
1589 2019 1742 2075 reges
1779 2023 1845 2062 ex
1874 2010 2014 2064 tribu

441 2085 698 2155 Ephraim
757 2089 863 2143 orti
928 2099 1129 2146 essent.
1176 2092 1409 2162 Cyrillus
1455 2096 1507 2150 in
1545 2112 1563 2150 ι
1597 2095 1736 2153 Osee
1776 2117 1790 2154 :
1834 2100 2017 2155 Ὅταν

437 2178 665 2249 ἀκούῃς
718 2179 839 2235 τῶν
868 2182 1053 2251 ἁγίων
1090 2187 1411 2255 προφητῶν
1464 2188 1870 2259 ὀνομαζόντων
1909 2193 2018 2247 τὸν

451 2269 693 2339 Ἰσραὴλ
718 2270 850 2341 ἤτοι
876 2273 985 2327 τὸν
1024 2276 1287 2348 Ἐφραῒμ,
1312 2280 1445 2333 τότε
1481 2279 1557 2347 δή
1579 2299 1681 2350 μοι
1713 2284 1837 2337 νόει
1875 2285 2016 2351 τοὺς

439 2362 510 2417 ὲν
553 2363 629 2434 τῇ
655 2368 987 2434 Σαμαρείψ
1022 2387 1041 2421 ι
1081 2367 1216 2424 Cum
1269 2373 1422 2426 audis
1463 2385 1679 2428 sanctos
1725 2376 2017 2444 prOphetas

441 2454 788 2514 nominantes
817 2457 985 2515 Israel
1012 2461 1127 2517 sive
1155 2462 1437 2533 Ephraim,
1464 2461 1838 2520 Samaritanos
1863 2466 2020 2520 intel-

442 2543 567 2615 lige.
601 2564 621 2597 ι

514 2632 631 2689 Col.
665 2634 770 2693 559
798 2636 840 2693 (Γ.
864 2638 955 2693 li.
987 2640 1228 2701 Ammon.
1270 2642 1369 2699 llic
1403 2645 1603 2701 lineam
1647 2648 1910 2717 integram
1950 2646 2018 2705 li—

442 2724 658 2782 brarius
685 2725 837 2798 Regii
866 2728 1070 2787 codicis
1095 2731 1157 2787 F.
1185 2733 1464 2800 omiserat,
1491 2751 1652 2806 quam
1684 2736 1750 2791 ll.
1769 2738 1903 2792 etA.
1934 2753 2022 2793 re-

442 2826 792 2887 praesentant.
822 2819 881 2875 In
910 2822 1096 2878 codice
1134 2840 1235 2879 ms.
1269 2825 1452 2896 Regia:
1488 2825 1827 2884 bibliothecae
1862 2828 2022 2885 Lexi-

445 2924 569 2967 cum
601 2909 847 2966 Graecum
880 2913 1156 2977 nominum
1180 2914 1567 2973 llebraicorum
1590 2919 1672 2974 sic
1692 2919 2023 2988 interpreta-

446 3010 555 3066 tur,
619 3001 846 3074 Ἀμμὼν
896 3006 961 3060 ὲκ
1002 3005 1099 3060 τοῦ
1143 3007 1334 3075 γένους
1381 3026 1506 3079 μου,
1573 3011 1848 3082 Ἀμανῖτις
1896 3011 2024 3075 λαὸς

443 3097 625 3173 ἡμῶν,
668 3117 693 3155 s
726 3099 957 3154 Ammon
986 3113 1052 3154 ex
1082 3111 1282 3167 genere
1322 3114 1460 3163 meo,
1496 3101 1765 3156 Amanitis
1794 3101 2023 3170 populus

2114 1916 2440 1970 versatione.
2490 1934 2510 1967 ι
2551 1916 2719 1970 Paulo
2758 1925 2882 1986 post
2921 1916 2973 1970 in
3023 1916 3085 1970 F.
3123 1925 3177 1969 et
3212 1916 3275 1969 ll.
3316 1913 3557 1985 ὀχθῶδες
3592 1929 3702 1967 non

2114 2007 2350 2078 ὁχρῶδες
2373 1999 2628 2077 scriptum
2655 2009 2776 2073 l'uit,
2807 2016 2865 2062 ut
2905 2008 2957 2060 in
2989 2008 3096 2063 alio
3127 2008 3456 2077 apographo.
3489 2005 3706 2062 Proco-

2115 2099 2235 2167 pius
2262 2099 2401 2151 dixit
2421 2114 2475 2167 p.
2505 2097 2615 2151 202
2639 2116 2652 2151 :
2673 2098 2764 2169 Μὴ
2784 2098 3160 2169 ἀπόκρημνον,
3184 2107 3238 2152 et
3261 2099 3377 2168 ejus
3404 2100 3706 2166 interpres,

2123 2207 2141 2240 ι
2184 2205 2288 2243 non
2333 2199 2664 2258 praeruptum
2707 2201 2799 2245 aut
2832 2192 3203 2260 praecipitem;
3252 2208 3271 2241 ι
3315 2190 3407 2243 sed
3439 2188 3711 2258 ὑτὲτιόττιο

2114 2294 2182 2331 τα
2213 2293 2319 2333 non
2343 2280 2474 2333 satis
2503 2288 2624 2347 apte
2647 2280 2831 2343 vertit,
2872 2297 2890 2330 ι
2924 2278 3307 2333 humilitatem.
3341 2296 3360 2329 ι
3393 2276 3581 2345 Itaque
3610 2291 3708 2332 re-

2117 2370 2459 2425 scribendum
2514 2371 2748 2434 vidctur,
2800 2388 2821 2422 (
2876 2386 2971 2425 sua
3027 2381 3206 2425 tamen
3257 2369 3481 2438 planitie
3524 2369 3580 2421 in
3634 2383 3710 2423 eo

2117 2459 2461 2513 manentibus
2513 2474 2788 2514 securum.
2845 2477 2864 2510 ι
2924 2458 3124 2514 Ibidem
3176 2474 3274 2529 pro
3330 2457 3711 2530 ἀκροσφαλεῖς

2117 2551 2447 2605 existimavit
2480 2550 2799 2606 Tilmannus
2825 2565 2884 2606 se
2911 2551 3106 2622 legisse
3122 2552 3405 2621 ἀσφαλεῖς,
3428 2566 3551 2606 cum
3580 2564 3710 2604 ver—

2121 2640 2205 2709 tit,
2237 2659 2257 2693 ι
2300 2641 2473 2697 reddit
2501 2641 2726 2698 tutiores
2747 2642 2852 2706 his,
2883 2644 2975 2712 qui
3020 2645 3318 2698 ascendunt
3348 2646 3636 2706 stationes,
3682 2658 3705 2692 ι

2118 2734 2279 2803 plane
2311 2736 2585 2789 contrario
2613 2749 2796 2790 sensu.
2822 2732 3099 2791 Postremo
3130 2750 3225 2804 pro
3251 2735 3410 2807 νοῆτε
3436 2743 3491 2791 et
3508 2733 3711 2807 διηγῆ-

2121 2827 2237 2891 σθε,
2273 2827 2548 2897 legebatur
2575 2828 2627 2882 in
2652 2827 2716 2881 ll.
2754 2830 2893 2881 νοεῖν
2920 2835 2976 2881 et
3005 2826 3317 2898 διηγῆσθαι.

2191 2917 2308 2974 Col.
2345 2919 2451 2973 574
2481 2918 2522 2974 C
2570 2920 2625 2974 3.
2666 2919 2833 2990 Reges
2872 2935 3011 2973 uero.
3058 2919 3331 2989 lnterpres
3379 2919 3704 2988 scripserat,

2126 3029 2149 3062 ι
2188 3025 2342 3081 reges
2391 3025 2542 3076 vero,
2598 3012 2690 3081 qui
2741 3012 2808 3065 ad
2850 3010 3120 3080 pastorale
3160 3012 3399 3081 regimen
3444 3010 3710 3066 Ecclesia:

2122 3103 2414 3172 eliguntur.
2451 3121 2472 3155 ι
2516 3102 2682 3172 Atqui
2718 3101 2853 3157 nihil
2904 3102 3011 3157 tale
3061 3103 3129 3158 de
3168 3103 3474 3172 pastoribus
3511 3101 3711 3156 Graeca

445 3202 671 3259 noster;
715 3210 736 3244 ι
762 3200 818 3247 et
843 3190 1202 3265 Hieronymus
1232 3190 1284 3246 in
1311 3205 1430 3261 cap.
1457 3207 1515 3251 ιιι
1549 3190 1782 3257 Nabum,
1819 3211 1839 3244 ι
1869 3192 2024 3246 Moab
2050 3183 2097 3246 ϐ
2126 3203 2336 3257 sonant,
2364 3208 2460 3248 nec
2496 3195 2654 3248 aliter
2682 3195 2846 3249 habet
2869 3193 3160 3263 Procopius
3182 3209 3236 3262 p.
3264 3194 3370 3247 204
3396 3210 3411 3247 :
3441 3186 3542 3247 Ὧν
3578 3195 3713 3257 τοὺς

448 3283 840 3351 interpretatur
865 3297 928 3335 ea:
947 3290 1119 3351 patre,
1143 3281 1329 3350 iunior
1348 3295 1478 3337 vero
1500 3281 1731 3338 Ammon
1763 3282 1847 3339 vel
1879 3282 2022 3352 ﬁlius

447 3374 649 3452 generis
668 3374 792 3436 mei,
817 3373 901 3428 vel
923 3373 1142 3442 populus
1165 3382 1358 3429 noster.
1402 3391 1425 3427 ι

521 3466 638 3523 Col.
673 3465 782 3521 562
816 3466 858 3521 D
894 3468 948 3523 5.
990 3466 1062 3520 Et
1122 3475 1239 3536 post
1295 3468 1408 3522 tunc
1461 3468 1665 3524 educet.
1724 3469 2026 3524 Annotarat

449 3560 508 3624 in
533 3560 776 3630 margine
801 3558 1133 3622 Tilmannus,
1175 3576 1194 3609 ι
1223 3573 1320 3627 pro
1339 3557 1492 3623 τέλος
1522 3560 1640 3629 lege
1665 3559 1728 3612 τὸ
1754 3558 1890 3629 φῶς,
1920 3578 1940 3611 ι
1973 3568 2028 3615 et

452 3651 841 3718 interpretatus
863 3657 1002 3711 erat,
1040 3665 1059 3699 ι
1098 3646 1282 3703 Faciet
1298 3649 1561 3718 judicium
1590 3663 1792 3713 meum,
1822 3660 1877 3704 et
1909 3656 2028 3718 post

453 3740 565 3805 hoc
582 3742 774 3798 educet
796 3755 883 3796 me
909 3741 961 3796 in
990 3740 1202 3796 lucem:
1243 3759 1264 3794 ι
1298 3741 1454 3811 quasi
1494 3740 1747 3796 nimirum
1778 3742 2026 3797 substitui

454 3833 619 3889 vellet
647 3847 739 3900 ea,
764 3847 884 3903 qua
919 3833 1059 3901 apud
1101 3832 1378 3889 Michaeam
1413 3832 1731 3903 prophetam
1779 3830 2029 3902 leguntur

453 3923 617 3979 Mich.
643 3940 743 3988 vtt,
777 3924 811 3980 9
843 3941 858 3977 :
892 3923 992 3978 καὶ
1028 3924 1269 3993 ποιήσει
1306 3925 1373 3978 τὸ
1399 3922 1579 3994 κρῒμὰ
1598 3941 1739 3994 μου,
1790 3923 1889 3977 καὶ
1940 3923 2031 3988 ἐξ·

455 4015 587 4081 ᾀξει
609 4033 686 4085 με
711 4018 800 4082 εὶς
832 4015 899 4069 τὸ
929 4015 1074 4085 φῶς.
1107 4015 1216 4071 Nos
1242 4024 1431 4071 contra
1453 4016 1696 4071 codicum
1739 4016 2027 4085 Regiorum

456 4118 513 4169 et
541 4108 751 4178 Anglic.
778 4123 1096 4166 consensum
1120 4108 1254 4163 nihil
1287 4108 1675 4163 immutandum
1699 4108 2027 4174 censuimus,

456 4213 583 4259 cum
611 4214 751 4268 saepe
788 4199 959 4254 soleat
991 4199 1220 4254 Basilius
1259 4198 1343 4253 vel
1384 4198 1600 4254 fallente
1636 4198 1917 4262 memoria,
1948 4198 2033 4253 vel

457 4307 525 4353 ex
589 4290 710 4347 aliis
757 4289 1033 4361 prepbetis
1082 4290 1184 4344 alia
1233 4289 1398 4344 verba
1447 4290 1735 4356 inferente,
1787 4289 2034 4344 nonnihil

460 4382 744 4444 immutata
782 4382 944 4437 unius
987 4382 1150 4436 verba
1201 4381 1463 4449 proferre.
1494 4380 1628 4435 Nam
1669 4391 1725 4436 et
1767 4381 1906 4451 apud
1932 4378 2033 4435 Job

2123 3284 2415 3348 ἐκλεκτοὺς
2449 3283 2702 3354 βασιλέας
2722 3284 2898 3338 καλεῖ·
2937 3304 2955 3337 ι
2990 3284 3226 3351 Quorum
3252 3285 3318 3356 de
3342 3299 3589 3351 numero,
3612 3286 3712 3354 qui

2126 3374 2320 3431 delecti
2354 3384 2501 3442 sunt,
2532 3390 2686 3445 reges
2713 3389 2829 3440 eos,
2863 3383 3117 3443 tanquam
3150 3374 3301 3443 regni
3347 3373 3485 3428 ﬁlios
3523 3375 3715 3442 appel-

2124 3464 2222 3521 lat.
2257 3484 2278 3518 ι
2335 3464 2541 3520 Rursus
2577 3466 2770 3520 ibidem
2805 3466 3227 3530 immutavimus,
3263 3464 3405 3532 quod
3442 3464 3716 3533 sequeba-

2128 3562 2237 3621 tur,
2266 3573 2286 3605 ι
2322 3555 2449 3624 quia
2476 3570 2576 3608 vox
2608 3556 2882 3626 gigantum
2914 3555 3103 3625 utique
3140 3556 3378 3625 gentium
3413 3555 3716 3610 multarum

2125 3657 2256 3697 voce
2281 3643 2604 3712 tequipollet.
2639 3662 2659 3695 ι

2197 3732 2314 3787 Col.
2351 3734 2455 3789 575
2487 3736 2531 3787 A
2564 3735 2651 3790 10.
2692 3734 3050 3803 In/idelitatis.
3075 3734 3377 3803 Legebatur
3408 3735 3463 3789 in
3498 3734 3565 3789 F.
3611 3751 3715 3789 πο-

2128 3825 2299 3898 νηροῦ
2356 3826 2547 3898 Θυρεός
2593 3829 2741 3881 ἐστιν
2794 3827 3039 3883 ἀπιστία.
3093 3827 3406 3883 Tilmannus
3444 3837 3716 3891 verterat,

2137 3938 2156 3971 ι
2191 3919 2404 3987 reprobi
2435 3920 2653 3990 clypeus
2689 3920 2979 3975 lnlidelitas
3011 3929 3138 3976 est:
3178 3941 3197 3974 ι
3226 3931 3281 3974 at
3306 3921 3358 3975 in
3393 3920 3457 3975 H.
3484 3931 3627 3984 erat,
3651 3933 3721 3976 ut

2130 4010 2431 4066 edidimus:
2463 4013 2549 4066 cui
2579 4011 2903 4081 suﬂ'ragatur
2926 4013 3053 4066 illud
3079 4012 3327 4082 Procopii
3359 4026 3412 4080 p.
3434 4012 3543 4067 204
3562 4031 3577 4066 :
3598 4015 3718 4077 τοῖς

2135 4101 2233 4172 μὲν
2272 4101 2462 4174 θυρεός
2508 4105 2625 4157 ἐστι
2654 4104 2910 4170 πίστεως,
2941 4106 3055 4168 τοῖς
3092 4103 3149 4157 δὲ
3182 4103 3457 4166 ἀπιστίας.
3505 4104 3721 4157 Alludit

2132 4194 2199 4249 ad
2244 4195 2370 4249 illud
2398 4195 2591 4264 Ephes.
2623 4211 2698 4263 vr,
2727 4196 2793 4251 l6
2823 4214 2836 4249 :
2881 4196 3309 4260 Ἀναλαϐόντες
3353 4196 3462 4248 τὸν
3492 4195 3724 4260 θυρεὸν

2131 4282 2234 4353 τῆς
2267 4286 2558 4353 πίστεως-ο
2593 4289 2926 4341 Assumentes
2958 4296 3163 4341 scutum
3204 4288 3348 4355 ﬁdei.
3386 4285 3519 4341 ltem
3547 4288 3719 4358 paulo

2133 4378 2321 4447 postin
2356 4378 2419 4432 F.
2461 4390 2578 4435 erat
2609 4380 2941 4449 ἐπαγγελίαν
2971 4380 3176 4447 κακῶν,
3211 4398 3231 4432 ι
3267 4380 3531 4435 malorum
3556 4380 3722 4449 polli-

459 4462 686 4539 legimus
715 4488 874 4538 χχιιι,
906 4472 939 4524 7
976 4488 990 4524 :
1038 4470 1344 4541 Ἑξάταγοι
1386 4471 1459 4525 δέ
1484 4474 1572 4536 εἰς
1609 4470 1783 4537 τέλος
1823 4488 1942 4541 μου
1965 4469 2022 4524 τε

2156 4470 2468 4536 :itatiouem,
2513 4492 2537 4525 ι
2583 4480 2641 4526 at
2691 4472 2756 4525 H.
2811 4473 3173 4542 ἀπαγγελίαν,
3242 4472 3716 4526 denuntiationem.

459 4536 657 4629 κρῒμα·
715 4536 922 4616 Edueat
977 4571 1150 4614 autem
1182 4536 1270 4615 vini
1314 4561 1473 4630 ﬁnem
1515 4536 1779 4631 judicium
1823 4536 2031 4627 ‘meum,
2066 4536 2111 4592 Β
2135 4560 2303 4615 Porro
2335 4562 2485 4627 illud,
2516 4573 2571 4615 ut
2599 4564 2814 4632 spiritus
2842 4536 3017 4618 saluus
3051 4536 3168 4632 ﬁat,
3207 4572 3288 4617 est
3317 4562 3335 4615 l
3364 4560 3615 4614 Corinth.
3655 4576 3715 4626 v,

461 4660 517 4705 et
551 4649 819 4707 Habacuc.
851 4668 891 4717 ι,
922 4650 956 4705 4
983 4670 997 4706 :
1024 4651 1134 4705 Καὶ
1159 4653 1229 4704 οὐ
1250 4650 1582 4721 διεξάγεται
1603 4654 1690 4717 εὶς
1715 4652 1888 4718 τέλος
1915 4652 2038 4721 κρῖ-

456 4759 563 4814 μα·
589 4743 702 4797 Nec
731 4744 1009 4798 deducitur
1033 4744 1090 4798 in
1115 4743 1273 4811 ﬁnem
1286 4743 1574 4814 judicium.
1607 4744 1818 4799 Citatur
1846 4746 2038 4798 deinde

465 4839 616 4892 locus
638 4850 704 4891 ex
734 4838 942 4904 psalmo
969 4852 1064 4903 cn,
1103 4836 1157 4899 9,
1191 4836 1278 4892 ubi
1310 4834 1557 4908 Vulgata,
1596 4853 1759 4907 neque
1800 4838 1859 4890 in
1887 4846 2040 4891 teter-

463 4943 588 4980 num
610 4928 1033 4981 comminabitur.

534 5016 650 5072 Col.
691 5015 797 5071 564
832 5015 873 5069 Β
904 5016 958 5070 7.
993 5017 1075 5071 Ad
1100 5018 1236 5072 idem
1278 5020 1433 5073 enim.
1473 5019 1530 5073 In
1572 5018 1709 5073 libro
1736 5018 1904 5088 Regio
1934 5033 2034 5073 ms.

464 5109 823 5177 perscriptum
873 5107 974 5162 fuit
1011 5107 1256 5173 δοξάζειν
1284 5127 1345 5162 τε
1378 5108 1868 5180 ἐπιτετευγμένως,
1900 5110 2041 5164 unde

467 5201 738 5269 interpres
770 5200 1057 5267 extulerat,
1118 5218 1137 5252 ι
1167 5201 1247 5255 Ad
1266 5216 1359 5255 cor
1384 5202 1602 5269 quidem
1625 5203 1796 5271 ipsum
1809 5210 2038 5270 spectat,

467 5303 529 5346 ut
568 5291 835 5361 glorilicet
876 5291 1045 5347 Deum
1093 5294 1346 5356 obnoxie,
1396 5306 1461 5349 ac
1505 5307 1782 5348 servorum
1833 5292 1937 5346 ritu
1986 5292 2040 5346 in

466 5382 759 5453 psalmodis
790 5382 1062 5437 conclnat.
1094 5401 1112 5435 ι
1153 5382 1592 5454 Ἐπιτεταγμένοι
1618 5393 1744 5438 sunt
1766 5383 1820 5436 in
1845 5380 2042 5450 Vulga-

471 5475 540 5528 tis
584 5472 799 5528 Lexicis
833 5493 852 5525 ι
888 5475 1089 5530 subditi
1126 5494 1144 5527 ι
1174 5476 1256 5530 vel
1284 5493 1303 5527 ι
1336 5476 1592 5540 ministri,
1630 5493 1650 5526 ι
1693 5473 2041 5546 quamobrem

468 5564 919 5635 ὲπιτεταγμένως
949 5565 1162 5619 videtur
1191 5565 1534 5619 existimasse
1553 5563 1927 5631 corrigendum
1953 5577 2043 5617 es-

469 5669 532 5710 se
567 5654 904 5720 Tilmannus,
935 5664 1096 5725 atque
1145 5655 1218 5709 ita
1254 5669 1476 5724 prorsus
1514 5655 1733 5715 exhibet
1782 5654 2044 5724 scriptqu

2137 4653 2192 4708 5.
2229 4652 2305 4708 De
2340 4653 2594 4724 Pbygello
2629 4658 2834 4711 mentio
2865 4658 2925 4710 ﬁt
2953 4656 2996 4709 ll
3034 4657 3101 4709 ad
3136 4654 3372 4709 Timoth.
3402 4668 3441 4717 ι,
3474 4654 3562 4707 15.
3605 4651 3715 4707 Sed

2136 4744 2392 4799 dicuntur
2415 4746 2595 4799 traditi
2628 4746 2844 4802 Satanae
2866 4745 3185 4817 Hymenaeus
3199 4755 3254 4799 et
3272 4742 3619 4800 Alesanderl
3644 4745 3717 4797 ad

2139 4838 2375 4894 Timoth.
2403 4857 2442 4904 ι,
2471 4839 2561 4894 20.

2207 4932 2332 4989 Col.
2360 4933 2623 4990 582A2.
2680 4932 2945 4995 Saluator.
3007 4932 3121 4986 Non
3175 4941 3237 4984 ut
3291 4939 3446 4984 antea
3505 4928 3714 4984 editum

2138 5023 2257 5089 fuit,
2298 5021 2366 5075 Et
2412 5024 2565 5077 homo
2608 5024 2781 5092 gratia
2830 5023 3122 5080 Saluatoris
3157 5024 3261 5074 dici
3291 5021 3451 5085 possit
3494 5020 3710 5072 nobilis.

2136 5112 2249 5167 Nec
2297 5113 2455 5167 aliter
2509 5113 2706 5183 legitur
2756 5113 2810 5166 in
2864 5112 2930 5167 Η.
2984 5128 3145 5182 quam
3194 5114 3223 5165 ὁ
3266 5110 3408 5164 κατὰ
3453 5109 3547 5163 τὸν
3599 5111 3716 5163 Σω-

2137 5207 2302 5277 τῆρα,
2327 5207 2422 5261 sed
2444 5204 2676 5261 fortasse
2704 5207 2906 5261 rectius
2946 5207 3086 5274 apud
3115 5204 3453 5273 Procopium,
3493 5220 3546 5272 p.
3580 5202 3710 5267 208,

2140 5297 2375 5366 ascripta
2414 5307 2498 5352 est
2528 5297 2680 5351 varia
2714 5297 2872 5353 lectio
2909 5298 3005 5352 καὶ
3047 5298 3076 5349 ὁ
3114 5295 3256 5348 κατὰ
3288 5297 3463 5366 σάρκα
3500 5294 3714 5365 ἄνθρω-

2141 5404 2262 5453 πος,
2296 5397 2352 5442 et
2393 5387 2599 5442 idcirco
2650 5387 2916 5454 interpres
2963 5385 3243 5440 Curterius
3300 5383 3505 5435 vertit:
3546 5399 3564 5430 ι
3601 5380 3716 5449 Ipse

2142 5487 2426 5546 prapterea
2474 5477 2766 5529 secundum
2801 5490 3018 5528 carnem
3070 5476 3229 5529 homo
3261 5470 3430 5525 relato
3468 5470 3534 5524 ad
3557 5469 3708 5524 Davi-

2142 5568 2265 5621 dem
2287 5582 2483 5636 genere
2508 5565 2721 5621 nobilis.
2760 5585 2779 5619 ι
2817 5567 2895 5619 lla
2933 5579 3074 5632 saepe
3107 5564 3245 5631 apud
3273 5561 3499 5615 Paulum
3535 5559 3711 5630 appel-

2145 5652 2244 5706 lari
2294 5652 2496 5706 scimus
2525 5651 2826 5718 Christum,
2866 5652 2936 5705 ἐκ
2976 5650 3316 5720 σπέρματος
3347 5647 3525 5703 Audio
3568 5648 3714 5701 κατὰ

473 5748 610 5815 alter
628 5748 828 5823 Regius
858 5747 924 5803 H.
954 5748 1336 5804 Verumtamen
1362 5746 1534 5803 series
1575 5749 1688 5819 ipsa
1721 5746 2014 5806 narrationi

2156 5740 2365 5813 σάρκα,
2400 5739 2626 5797 Roman.
2656 5755 2695 5808 ι,
2728 5739 2793 5809 5;
2838 5746 2892 5796 et
2936 5737 3276 5809 ἐγνώκαμεν
3325 5736 3475 5790 κατὰ
3521 5731 3712 5804 σάρκα
