3816 6210
160 306 316 365 1109

1355 312 1424 369 ΙΝ
1462 312 1817 371 COMMENT.
1856 317 1926 372 ΙΝ
1962 318 2216 377 ΙΞΛΙΑΜ.

3312 322 3451 379 illo

161 423 462 491 Χριστόν,
523 423 544 479 1
604 424 855 482 Corinth.
910 444 966 495 ν,
1021 427 1111 485 16.
1177 428 1344 485 Paulo
1396 442 1518 503 post
1578 435 1739 489 nonni

1875 455 2039 509 τρως,
2107 459 2126 491 ‹
2153 456 2275 495 cum
2316 456 2593 509 mensura,
2642 443 2941 507 moderate,
2971 462 2991 497 ι
3048 442 3220 498 velut
3274 452 3447 499 estur

161 514 251 569 hil
304 531 497 572 sensus
556 517 875 576 immutatus
905 531 1046 586 erat,
1075 522 1204 576 ὅταν
1241 522 1328 577 διὰ
1367 524 1429 578 τὸ
1475 529 1765 597 προσεγγί-

158 601 316 670 ζειν,
354 626 374 657 ι
408 609 622 676 quoties
656 623 756 664 nos
790 610 936 680 ipsos
962 613 1032 667 ab
1058 628 1123 669 eo
1147 615 1600 686 elongaverimus,
1632 634 1763 689 pro-

161 698 508 766 pinquamus
540 701 867 770 perditioni;
908 723 928 756 ›
974 714 1029 760 at
1060 705 1112 759 in
1142 709 1348 777 psalmo
1386 723 1630 777 Lxxxvn,
1673 711 1761 778 l9,

170 807 195 841 ι
234 790 333 858 qui
358 791 748 862 elongant’sea
776 806 848 861 te,
886 798 1153 866 peribunt.
1192 817 1214 851 ι

243 902 368 958 Col.
407 905 512 960 586
547 908 588 962 C
623 907 708 963 15.
739 907 987 965 Orionem
1018 929 1141 982 app.
1171 913 1350 969 Alium
1381 914 1625 971 eliciebat
1648 934 1765 972 sen-

166 1008 299 1049 sum
329 995 625 1065 Tilmann.,
646 1002 774 1070 «qui
807 1002 887 1056 vel
917 1012 1052 1059 teste
1087 1003 1365 1076 Scriptura
1392 1007 1557 1064 Orion
1590 1013 1766 1065 nomi-

167 1100 339 1145 natus
364 1102 466 1156 est,
498 1094 641 1162 quod
667 1094 720 1148 in
745 1111 910 1150 unum
939 1112 1136 1167 corpus
1157 1112 1468 1168 compactus
1496 1104 1587 1158 sit.
1619 1123 1637 1155 ι
1667 1106 1764 1159 At-

166 1180 271 1248 qui
311 1197 576 1251 nusquam
611 1184 665 1239 id
694 1193 925 1241 testatur
956 1189 1260 1259 Scriptura,
1301 1203 1507 1248 tantum
1548 1194 1764 1252 Orionis

170 1273 432 1329 meminit
462 1273 564 1331 Job
612 1293 842 1344 xxxvlu,
875 1280 939 1334 51
976 1282 1129 1348 :qu
1171 1286 1446 1354 φραγμὸν
1491 1289 1764 1356 Ὠρίωνος

168 1358 431 1429 ἧνοιξας
450 1381 464 1395 ·
495 1364 563 1418 Et
591 1377 793 1436 septum
818 1368 1029 1426 Orionis
1052 1376 1325 1441 aperuisti.
1350 1376 1559 1433 Rursus
1585 1381 1634 1433 in
1659 1379 1764 1435 line

170 1453 390 1521 pagina:
418 1459 621 1526 μεταξὺ
643 1461 754 1514 τῶν
792 1462 996 1532 μερῶν,
1030 1475 1294 1529 verterat,
1325 1471 1477 1537 quasi
1509 1482 1671 1535 esset,
1705 1475 1763 1526 ὲν

174 1542 333 1614 μέσῳ
361 1547 472 1603 τῶν
505 1552 707 1622 μερῶν,
754 1554 926 1609 media
959 1557 1013 1608 in
1038 1566 1186 1624 parte
1219 1557 1451 1617 Orionis.
1502 1561 1607 1618 Sed
1635 1566 1765 1619 Ara-

170 1643 266 1690 tus
316 1653 423 1693 non
469 1641 608 1697 inter
652 1655 835 1714 partes
881 1647 1119 1715 Orionis,
1168 1665 1353 1706 verum
1404 1654 1543 1708 inter
1582 1666 1763 1726 partes

168 1724 589 1798 Arctophylacis
611 1749 702 1787 seu
728 1735 909 1790 Bootae
936 1737 1166 1793 collocat
1189 1739 1505 1808 Arcturum,

171 1820 415 1895 12212.1()
450 1820 598 1891 ζώνῃ
624 1825 693 1878 δὲ
719 1831 773 1880 οἱ
793 1829 974 1895 αὐτὸς

184 1885 287 1953 Ἐξ
301 1888 508 1945 ἄλλων
523 1885 865 1966 Ἀρκτοῦρος
878 1885 1187 1957 ἑλίσσεται
1201 1905 1479 1974 ἀμφαδὸν
1496 1909 1691 1980 ἀστήρ
1710 1925 1724 1939 ’

169 1983 325 2050 quod
380 1983 575 2042 Cicero
632 1988 707 2043 ita
752 1993 936 2058 vertit,

320 2073 463 2159 {luis
493 2092 669 2159 autem
703 2082 1198 2159 subterprtecordia
1233 2089 1343 2159 ﬁxa
1366 2091 1572 2146 videtur

321 2144 487 2201 Stella
521 2151 723 2206 micans
752 2144 919 2208 radiis
944 2157 1204 2212 Arcturus
1227 2144 1434 2215 nomine
1458 2144 1618 2219 ἀίδια.

170 2229 320 2287 Idem
335 2236 536 2293 Aratus
548 2240 615 2294 ab
629 2243 1043 2316 Arctophylace,
1057 2262 1149 2303 seu
1167 2249 1356 2317 Boote,
1378 2252 1659 2325 distinguit
1674 2257 1763 2312 τὸν

176 2324 362 2396 μέγαν
389 2328 639 2398 Ὠρίωνα,
664 2351 684 2383 ‹
705 2348 956 2404 magnum
979 2336 1259 2405 Orionem,
1291 2359 1310 2392 ι
1335 2356 1492 2411 quem
1514 2324 1760 2400 eumdem

176 2428 305 2471 esse
335 2432 457 2473 cum
475 2418 642 2475 Boote
675 2421 760 2477 hic
790 2426 865 2479 ait
890 2425 1142 2483 Basilius.
1164 2429 1357 2486 Noster
1385 2448 1514 2488 vero
1547 2436 1764 2494 Clavius

172 2506 231 2562 in
255 2513 664 2567 commentariis
694 2513 745 2567 in
767 2513 1041 2583 Sphwram
1071 2518 1294 2577 Joannis
1324 2524 1389 2578 de
1409 2522 1762 2592 Sacrobosco,

171 2596 361 2658 Bootae
387 2616 483 2655 seu
509 2603 892 2677 Arctophylaci
917 2612 1312 2668 constellationi
1351 2616 1551 2684 quintae
1578 2619 1767 2674 tribuit

171 2687 366 2744 stellas
398 2690 536 2745 duas
561 2706 617 2748 et
641 2696 849 2763 viginti,
883 2701 1056 2756 tertiae
1078 2704 1468 2773 magnitudinis
1507 2720 1763 2777 quatuor,

168 2792 383 2851 quartae
409 2800 624 2852 novem,
663 2789 863 2851 quinta:
888 2792 1014 2849 item
1050 2810 1269 2859 novem,
1310 2800 1764 2865 quemadmodum

172 2873 266 2930 hic
317 2874 585 2943 Basilius,
648 2881 741 2935 sed
789 2881 973 2937 Orioni
1025 2887 1421 2944 constellationi
1474 2891 1765 2950 tricesima:

171 2965 378 3033 quinta:
413 2968 656 3039 impertit
699 2972 886 3029 stellas
925 2989 1156 3031 numero
1198 2979 1415 3047 triginta
1463 2991 1608 3048 octo,
1648 2984 1763 3052 pri-

1865 526 2064 584 Joann.
2090 530 2180 593 ‘54,
2208 531 2277 585 ἐκ
2304 533 2550 602 μέτρου,
2572 536 2639 588 ad
2664 551 2984 590 mensuram.

1936 620 2053 676 Col.
2087 621 2193 678 599
2221 621 2264 675 Β
2297 623 2350 680 3.
2395 623 2572 690 Quare
2610 626 2865 683 absolute.
2903 625 3181 680 Omiserat
3209 627 3296 681 hic
3335 636 3447 681 tres

1864 707 2035 765 lineas
2062 709 2263 781 Regius
2284 712 2542 768 librarius
2573 714 2626 768 in
2667 712 2753 777 F.,
2784 713 3011 780 ideoque
3038 712 3354 767 Tihnannus
3378 727 3446 766 ex

1863 801 2053 857 codice
2081 801 2271 856 mutilo
2299 814 2564 869 verterat,
2598 822 2616 855 ι
2641 818 2813 873 quare
2859 819 2927 859 ea
2961 804 3210 870 vastitas,
3245 814 3447 872 quanto

1866 901 2011 948 esset
2044 903 2288 963 tempore
2330 893 2611 960 duratura,
2650 894 2891 949 absolute
2916 909 3022 947 non
3059 893 3292 961 aperuit.
3323 890 3441 946 Non

1864 985 2009 1039 enim
2040 985 2150 1039 illo.
2182 1005 2202 1038 ι
2249 986 2459 1041 Rursus
2502 986 2641 1040 inl‘ra
2674 1001 2770 1056 pro
2795 984 3197 1047 ἀποτελεῖσθαι,
3231 992 3289 1038 ut
3310 983 3447 1038 scri-

1864 1085 2014 1144 ptum
2038 1075 2142 1131 fuit
2173 1076 2224 1131 in
2249 1076 2337 1143 F.,
2369 1077 2701 1132 existimavit
2727 1077 2994 1145 interpres
3016 1091 3073 1130 se
3099 1076 3291 1143 legisse
3339 1074 3447 1126 ἀπ-

1866 1168 2130 1236 ολεῖσθαι,
2163 1185 2285 1225 cum
2316 1171 2497 1234 vertit,
2554 1188 2574 1222 ε
2599 1170 2764 1225 semel
2822 1170 3062 1238 disrupta
3096 1181 3200 1220 non
3249 1165 3446 1220 sinitur

1865 1260 2179 1331 deperire.»
2238 1261 2528 1318 Contrario
2558 1261 2717 1331 plane
2767 1276 2930 1316 sensu
2987 1277 3002 1314 :
3064 1274 3187 1313 nam
3220 1258 3272 1312 in
3311 1257 3446 1312 locis

1865 1351 2122 1407 habitatis
2170 1354 2346 1421 perire
2390 1354 2612 1419 dicitur,
2647 1362 2708 1407 ut
2767 1352 2906 1421 apud
2958 1350 3278 1420 Procopium
3317 1364 3442 1418 pag.

1863 1443 1970 1499 218
1995 1464 2008 1499 :
2035 1444 2208 1499 Είωθε
2238 1444 2716 1518 παραθραύεσθαι,
2772 1462 2790 1495 ι
2825 1442 2964 1498 unde
2993 1442 3139 1496 illam
3179 1439 3441 1508 disrumpi

1865 1536 2224 1606 dissiparique
2250 1537 2540 1606 contingit.
2569 1555 2587 1588 ι

1936 1625 2054 1684 Col.
2091 1628 2199 1683 602
2218 1629 2260 1682 A
2291 1629 2378 1683 10.
2408 1627 2722 1683 Obscenum.
2745 1624 3115 1694 Ρτοξκὰθυλαν
3146 1624 3200 1677 in
3226 1637 3328 1676 Ius.
3357 1617 3442 1702 F.,

1864 1721 2206 1775 emendatius
2234 1722 2286 1774 in
2316 1722 2437 1776 aliis
2473 1720 2707 1775 κὰθυλον
2749 1718 3055 1788 legebatur,
3089 1716 3232 1786 quod
3265 1724 3445 1768 tamen

1863 1816 1933 1870 ab
1958 1813 2235 1879 ὑλακτεῖν,
2293 1817 2437 1885 quod
2462 1826 2547 1870 est
2599 1832 2622 1868 ι
2647 1814 2865 1879 latrare,
2889 1832 2908 1866 ι
2954 1826 3061 1867 non
3108 1808 3394 1864 deducitur
3425 1821 3442 1859 :

1862 1919 1931 1958 ne
1959 1920 2081 1960 cum
2114 1905 2404 1959 Tilmanno
2443 1906 2531 1959 hic
2572 1914 2777 1967 vertas,
2827 1921 2847 1955 ι
2877 1903 3172 1961 oblatrans,
3199 1918 3219 1950 ι
3264 1896 3360 1952 sed
3384 1895 3445 1950 τὸ

1862 1993 2065 2059 Evolat),
2099 1995 2131 2065 ἢ
2164 1994 2366 2058 ὑλικὸν,
2419 1994 2453 2066 ἢ
2510 1994 2714 2058 ὑλαῖον,
2758 2012 2777 2046 r
2803 1994 2944 2063 quod
2977 1989 3258 2046 maleriale
3283 1998 3388 2055 est,
3420 2006 3440 2038 ι

1864 2094 1924 2137 ut
1956 2084 2245 2156 πρόσυλον,
2283 2103 2301 2136 ι
2326 2084 2471 2154 quod
2510 2085 2753 2140 materiai
2792 2086 3053 2150 adhaeret,
3089 2080 3231 2151 quod
3257 2093 3448 2134 carna-

1866 2177 1915 2232 le
1939 2192 2043 2245 est,
2069 2198 2087 2231 ι
2117 2179 2184 2234 ab
2215 2177 2317 2248 ὕλη
2363 2180 2509 2249 quod
2539 2178 2680 2248 apud
2721 2178 3000 2248 theologos
3037 2177 3224 2231 sordes
3255 2175 3444 2228 fret-es—

1866 2284 1971 2338 que
1997 2272 2300 2325 mundanas
2323 2270 2612 2340 signiﬁcat.
2646 2270 2739 2324 Sic
2763 2269 3030 2337 interpres
3055 2265 3328 2335 Procopii,
3358 2264 3448 2335 δη-

1864 2360 1972 2415 λῶν
1998 2361 2231 2416 κάθυλον
2271 2362 2366 2416 καὶ
2402 2362 2789 2433 ὲσκοτισμένον
2824 2360 3076 2432 δαίμονα,
3110 2378 3129 2412 ι
3158 2369 3216 2412 ut
3254 2358 3446 2412 obsce-

1867 2474 1998 2512 num
2026 2467 2080 2513 et
2106 2456 2465 2527 caliginosum
2491 2458 2791 2512 daemonem
2821 2455 3105 2509 indicaret.
3135 2472 3153 2504 ι
3188 2449 3280 2505 Sic
3307 2448 3449 2517 apud

1865 2547 2196 2618 Hesychium
2257 2546 2652 2618 καθυλομανεῖν
2700 2556 2784 2603 est
2841 2546 2972 2616 ὕλην
3027 2545 3170 2616 ἔχειν
3225 2541 3447 2613 πολλήν.

1868 2639 2021 2707 Quod
2053 2647 2236 2694 autem
2295 2639 2543 2707 sequitur
2573 2640 2640 2692 de
2691 2637 3092 2700 onocentanris,
3152 2635 3293 2688 hanc
3328 2643 3451 2685 esse

1868 2732 2094 2786 alteram
2127 2730 2435 2784 daemonum
2467 2730 2727 2797 speciem,
2759 2742 2923 2797 quam
2957 2724 3146 2795 reliqui
3179 2724 3446 2791 interpre—

1870 2829 1951 2875 tes
1980 2819 2333 2874 nominarunt
2369 2819 2637 2874 Hebraica
2690 2832 2825 2872 voce
2880 2816 3040 2881 Siim,
3091 2815 3160 2870 ab
3216 2810 3449 2868 Eusebio

1868 2925 2084 2979 quoque
2146 2912 2404 2966 traditum
2454 2918 2540 2964 est
2574 2908 2744 2964 citato
2802 2909 2856 2961 in
2892 2906 3126 2963 editione
3164 2902 3446 2973 Vaticana,

1867 2999 1989 3053 ἀντὶ
2020 2998 2117 3051 τοῦ
2170 2998 2549 3068 ὀνοκένταυροι
2599 2995 2766 3049 σείειν
2794 2993 3131 3065 ἀνέγραψαν,
3190 2991 3297 3045 «ΕΙ.
3348 3004 3448 3061 pro

172 3071 279 3113 una:
331 3061 719 3128 magnitudinis
781 3064 934 3130 duas,
981 3068 1231 3123 secundae
1282 3080 1535 3139 quatuor,
1591 3075 1749 3130 tertia

1873 3089 2222 3143 onocentauri
2262 3089 2602 3159 scripserunt
2668 3086 2795 3141 siim
2824 3105 2844 3137 ι
2888 3102 2903 3141 :
2936 3087 3077 3154 quod
3113 3093 3291 3138 tamen
3319 3097 3451 3136 con-

171 3159 322 3213 octo,
348 3159 557 3218 quartae
583 3152 915 3222 quindecim,
956 3167 1125 3212 sexta;
1153 3159 1413 3230 quinque,
1446 3162 1761 3219 nebulosam

172 3256 362 3296 unam.

242 3331 364 3391 C01.
382 3334 484 3390 587
504 3335 550 3388 A
569 3328 628 3390 Ξ.
648 3336 749 3403 Qui
776 3340 1040 3396 nimirum.
1059 3341 1114 3395 In
1143 3342 1206 3397 Ρ.
1234 3353 1438 3400 tantum
1459 3357 1597 3417 erat,
1618 3347 1758 3416 ἔξω·
1831 3346 1841 3359 ’

170 3420 267 3484 θεν
290 3424 558 3496 δηλονότι,
586 3445 649 3483 ex
669 3430 863 3499 quibus
882 3431 1197 3488 Tilmannus
1222 3448 1588 3507 expresserat,
1626 3459 1645 3492 ί
1677 3456 1764 3495 as-

173 3525 480 3583 sectantur,
526 3530 652 3589 puta
704 3518 936 3586 Hebraei,
988 3524 1080 3594 qui
1114 3525 1301 3581 istbmc
1327 3542 1525 3582 arcana
1557 3540 1763 3584 natura:

177 3608 349 3663 anxio
380 3609 565 3665 labore
591 3624 1029 3669 commentantur
1055 3634 1070 3684 ;
1096 3636 1116 3669 ι
1162 3628 1213 3672 at
1246 3618 1300 3672 in
1335 3618 1401 3672 ll.
1435 3619 1635 3687 ἔξωθεν
1655 3622 1763 3677 τῶν

174 3703 308 3769 παρ’
352 3701 619 3775 Ἐϐραίων
660 3706 903 3777 δηλονότι
951 3708 1574 3783 πολυπραγμονούντων,
1616 3724 1670 3769 et
1711 3716 1761 3769 in

173 3794 390 3867 Anglic.
435 3798 817 3868 utedidimns;
877 3801 1060 3871 itaque
1113 3805 1363 3872 repetitio
1389 3806 1603 3860 articuli
1634 3823 1762 3862 sen-

174 3903 298 3943 snm
360 3888 630 3945 immutat.
681 3891 850 3947 Porro
899 3895 1038 3948 idem
1066 3893 1129 3948 ll.
1164 3910 1260 3963 pro
1313 3897 1611 3970 ὑπόκιρρον
1634 3900 1764 3954 scri-

175 3990 330 4050 ptum
355 3982 601 4038 exhibuit
620 3984 933 4058 ὑπόκειρον,
976 3987 1175 4059 Regius
1194 3989 1333 4044 alter
1354 3989 1416 4044 F.
1443 3991 1719 4062 ὑπόκηρον
1745 4005 1758 4017 ο

174 4073 273 4126 sed
308 4071 579 4142 interpres
607 4085 755 4130 recte
801 4078 938 4131 vidit
978 4080 1375 4135 emendandum
1418 4082 1758 4155 ὑπόπυῤῥον,

174 4179 301 4217 cum
331 4181 351 4215 ι
385 4162 770 4221 subrnfescens
799 4187 819 4220 ι
852 4169 1035 4233 vertit,
1071 4171 1213 4240 quod
1241 4173 1382 4242 apud
1412 4173 1758 4229 Aristotelem

177 4254 473 4323 reperitur,
523 4264 580 4311 et
627 4257 1022 4328 interpretatur
1076 4261 1284 4319 Plinius
1348 4283 1366 4316 ι
1400 4266 1577 4320 mellei
1614 4266 1761 4321 colo-

174 4348 271 4404 ris.
303 4366 321 4397 ι
349 4347 583 4402 Pleiadis
616 4351 861 4405 meminit
883 4350 985 4406 Job
1006 4368 1127 4422 cap.
1154 4370 1232 4419 ις,
1262 4356 1317 4411 9.

1865 3178 2062 3233 sistere
2102 3193 2209 3233 non
2242 3188 2421 3248 potest
2466 3192 2591 3233 cum
2621 3191 2710 3241 eo,
2770 3176 2914 3245 quod
2963 3174 3160 3229 ibidem
3198 3174 3276 3228 ait
3307 3173 3449 3228 idem

1866 3264 2156 3332 Eusebius,
2207 3266 2353 3321 Ἀντὶ
2389 3266 2485 3320 τοῦ
2515 3264 2682 3339 θηρία
2708 3265 2872 3319 σείειν
2904 3265 2953 3318 οἱ
2987 3264 3164 3317 λοιποὶ
3191 3265 3452 3335 ἑρμηνευ-

1863 3359 1954 3412 ταὶ
1982 3356 2337 3426 ὲκδεδώκασι,
2374 3376 2393 3409 ι
2419 3358 2524 3413 Pro
2544 3358 2753 3424 bestiae,
2782 3357 2964 3413 caeteri
2988 3358 3312 3425 interpretes
3336 3356 3453 3411 edi-
3531 3373 3540 3380 ·

1864 3453 2062 3507 derunt
2091 3453 2198 3508 siin
2238 3471 2257 3504 ι
2301 3470 2316 3506 :
2343 3468 2524 3521 neque
2549 3453 2685 3505 adeo
2717 3466 2841 3506 cum
2875 3450 2992 3519 ipso
3029 3457 3179 3505 textu
3202 3448 3449 3516 Hebraeo,

1864 3559 1931 3599 ex
1961 3559 2067 3613 quo
2095 3544 2373 3617 Pagninus
2407 3551 2538 3603 εινηι
2594 3544 2735 3597 tsiim
2787 3540 2982 3597 Latine
3011 3539 3222 3605 extulit,
3276 3538 3451 3593 bestia:

1863 3634 2143 3701 silvestres,
2232 3642 2288 3689 et
2363 3648 2463 3702 pro
2532 3641 2753 3697 cit-193m
2834 3631 3100 3702 segltirim,
3164 3631 3447 3691 daemones,

1863 3726 2021 3781 Arias
2057 3725 2343 3782 Montanus
2368 3740 2490 3781 cum
2528 3724 2744 3795 Aquila,
2789 3724 2967 3795 pilosi,
3022 3734 3080 3777 at
3100 3722 3449 3792 Septuaginta

1865 3817 2311 3888 όνοκένταυροι.
2360 3818 2644 3873 Postremo
2689 3817 2841 3882 illud,
2888 3815 3042 3886 μετὰ
3079 3813 3197 3882 τὴν
3228 3813 3452 3883 ἐρήμω-

1864 3925 1991 3975 σιν,
2020 3911 2303 3978 vertimus,
2330 3921 2608 3983 postquam
2646 3911 2862 3964 redacta
2919 3907 3080 3978 fuerit
3121 3908 3179 3962 in
3208 3907 3452 3962 solitudi-

1865 4019 2002 4067 nem,
2030 4017 2159 4068 non,
2204 4014 2264 4058 ut
2295 4011 2454 4058 antea
2489 4012 2629 4071 erat,
2657 4011 2715 4056 ut
2743 4003 2888 4057 locus
2924 4001 3245 4056 assimiletur
3273 3998 3452 4070 Baby-

1864 4086 1973 4148 loni
1997 4093 2053 4147 in
2091 4094 2439 4148 solitudinem
2465 4093 2786 4163 redigenda'.

1934 4186 2049 4242 Col.
2079 4186 2183 4241 607
2213 4186 2260 4241 A
2298 4185 2355 4243 4.
2411 4184 2576 4240 Terra
2634 4185 2768 4244 lucc.
2834 4184 2953 4241 Non
2988 4183 3145 4252 dixit,
3191 4185 3293 4238 οὐκ
3337 4182 3451 4255 ἔχει

1867 4278 2086 4349 μερίδα,
2123 4278 2218 4334 sed
2248 4278 2351 4331 οὐκ
2410 4275 2528 4331 ἔστι
2559 4275 2725 4350 μέρος
2771 4295 2785 4333 :
2834 4292 2905 4333 ne
2942 4277 3094 4333 locus
3125 4275 3449 4332 sitversioni

1867 4372 2097 4439 vulgata:
2129 4378 2313 4433 antea,
2370 4385 2390 4419 ι
2424 4366 2592 4422 Terra
2629 4366 2746 4423 haec
2789 4367 2992 4422 nullam
3051 4366 3213 4422 habet
3238 4373 3448 4436 partem

247 4437 389 4509 Ibid.
424 4438 467 4493 C
496 4439 584 4493 1‘2.
616 4438 952 4498 Maledictus.
991 4443 1103 4498 Etsi
1149 4443 1351 4514 Regius
1375 4447 1440 4503 F.
1474 4448 1763 4505 exhibebat
1794 4454 1838 4508 D
1868 4437 1989 4515 cuni
2016 4476 2101 4524 ea,
2131 4460 2198 4514 de
2232 4474 2337 4529 qua
2376 4457 2619 4526 subjecta
2662 4458 2954 4515 maledicto
2975 4458 3179 4513 dictum
3217 4466 3299 4513 est
3335 4475 3352 4512 ι
3381 4455 3449 4511 In

172 4525 610 4596 ἐπικατάρατος
633 4530 899 4593 Χαναάν,
962 4542 1142 4587 tamen
1196 4549 1385 4591 errore
1443 4539 1627 4595 nescio
1660 4555 1749 4609 qut

1873 4551 2160 4613 doloribus,
2192 4569 2212 4602 ι
2244 4525 2352 4607 etc.
2379 4525 2590 4603 Rursus
2616 4557 2857 4603 verterat
2890 4548 3179 4616 interpres,
3233 4545 3447 4611 Ἰακὼϐ,

174 4620 476 4688 scripserat
501 4621 791 4691 interpres,
823 4642 842 4674 ι
869 4622 1184 4681 Maledictns
1219 4625 1415 4683 Cbam.
1438 4631 1599 4699 Atqui
1637 4647 1749 4687 con-

1873 4643 1923 4697 ὃν
1972 4641 2209 4715 γειώραν
2236 4642 2454 4715 Γραφή,
2505 4640 2697 4704 Iacob,
2723 4641 2863 4694 dicto
2899 4639 2957 4693 in
2980 4638 3258 4707 Scriptura
3285 4636 3450 4707 γειώ-

176 4715 426 4767 tristatus
470 4722 608 4768 erat.
636 4732 655 4765 ι
703 4713 863 4771 Certe
904 4714 1133 4773 Genesis
1186 4735 1261 4785 rx,
1311 4720 1407 4785 25,
1452 4736 1557 4775 non
1613 4723 1749 4777 alite]

1873 4753 1986 4809 ρας,
2023 4713 2177 4805 quasi
2215 4713 2384 4789 Jacob
2406 4713 2530 4801 ipse
2575 4731 2648 4785 sit
2682 4730 2861 4785 dictus
2907 4728 3166 4801 γειώρας.
3220 4730 3332 4785 lmo
3353 4745 3452 4798 per

173 4804 423 4874 legimus,
448 4804 850 4878 ὲπικατάρατος
870 4807 1091 4861 Χαναὰν
1114 4811 1264 4876 παῖς,
1288 4810 1597 4869 Maledictus
1626 4813 1749 4870 Cha.

1873 4804 2316 4898 lacobiintelligit
2336 4825 2589 4896 populum
2618 4820 2998 4885 lsraeliticum,
3025 4824 3112 4878 cui
3144 4823 3238 4892 qui
3264 4836 3326 4877 se
3349 4822 3449 4876 ad-

175 4912 318 4950 naan
344 4913 494 4963 puer.
526 4896 693 4953 Paulo
738 4909 864 4969 post
890 4901 1228 4956 emendanda
1259 4913 1345 4958 est
1386 4906 1588 4971 versio,
1621 4924 1639 4956 ‹
1667 4910 1749 4961 sed

1873 4922 2053 4990 ungit,
2082 4896 2322 4991 γειώρας
2351 4928 2407 4973 et
2433 4916 2797 4989 προσήλυτος,
2848 4935 2868 4969 ι
2896 4916 3129 4980 advena,
3148 4934 3167 4967 ι
3226 4915 3448 4983 dicitur,

173 4990 407 5059 genuini
449 4990 588 5061 ejus,
618 5002 674 5046 et
722 4992 872 5061 operi
915 4993 1105 5064 ipsius,
1160 4996 1303 5065 quod
1359 4996 1587 5066 ﬁgurate
1615 4998 1749 5052 Cha-

1873 5022 1920 5068 ‘rt
1946 5011 2112 5067 Exodi
2145 4990 2241 5073 xu,
2300 5009 2367 5065 19
2405 5026 2421 5064 :
2470 5007 3078 5077 Ἐξολοθρευθήσεται
3119 5006 3192 5061 ἐν
3222 5022 3287 5059 τε
3324 5004 3450 5072 τοῖς

176 5096 318 5135 naan
360 5082 676 5135 nominatur
710 5102 721 5137 :
757 5103 776 5136 ι
820 5100 923 5137 non
948 5086 1090 5139 enim
1125 5084 1314 5141 Graece
1341 5095 1425 5141 est
1451 5087 1539 5140 διὰ
1571 5087 1635 5142 ei)
1674 5088 1749 5160 ἔρ

1873 5082 2125 5173 βειώραις
2149 5102 2249 5156 καὶ
2271 5102 2602 5172 αὐτόχθοσι
2625 5101 2738 5171 τῆς
2766 5098 2880 5172 γῆς
2901 5118 2917 5134 ο
2948 5098 3148 5155 Peribit
3169 5100 3324 5165 inque
3351 5100 3450 5151 ad.

171 5189 289 5241 γον,
317 5175 411 5226 sed
438 5173 530 5226 καὶ
556 5172 636 5243 τῷ
665 5173 812 5246 ἔργῳ
833 5174 1022 5229 αὐτοῦ.

1873 5172 2001 5250 renis
2030 5205 2077 5249 et
2102 5194 2403 5262 indigenis;
2431 5202 2486 5248 et
2516 5194 2570 5248 in
2599 5196 2792 5249 eodem
2826 5192 3026 5261 capite,
3041 5189 3303 5246 vers.49:
3335 5190 3450 5243 Νό-

244 5283 366 5336 Col.
416 5282 522 5338 598
553 5284 678 5339 ΑΞ.
728 5286 856 5339 Cum
895 5302 1160 5340 mensura.
1218 5286 1306 5340 Ἐν
1342 5287 1530 5360 μέτρῳ
1568 5288 1749 5357 praefe-

1873 5305 1969 5355 10¢;
2018 5281 2106 5354 εἷς
2148 5285 2322 5339 ἔσται
2351 5284 2434 5350 τῷ
2471 5285 2732 5354 ἐγχωρίῳ
2771 5283 2871 5338 καὶ
2914 5281 2997 5349 τῷ
3038 5282 3404 5350 προσηλύτῳ
3428 5295 3444 5311 ο

176 5373 337 5428 rebat
367 5373 428 5428 F.
465 5374 805 5443 Tilmannus,
865 5394 884 5427 ι
919 5378 984 5431 ad
1021 5377 1339 5449 exigendam
1388 5379 1456 5433 de
1514 5380 1617 5444 his,
1669 5382 1761 5448 qui
1858 5378 1969 5433 Lex
1986 5395 2091 5432 una
2119 5379 2220 5431 erit
2250 5377 2515 5445 indigena:
2536 5384 2585 5430 et
2616 5376 2850 5429 adventu.
2897 5372 3192 5440 Utrobique
3228 5381 3312 5425 est
3342 5370 3449 5426 lle-

176 5480 461 5539 perperam
486 5466 762 5532 vixerunt,
794 5482 968 5537 poenae
992 5468 1376 5523 diversionem.
1393 5487 1421 5545 ⁸ι
1444 5468 1749 5538 Procopius,

1873 5486 2003 5527 arma
2051 5486 2151 5524 vox
2197 5480 2268 5531 ἰλ
2305 5486 2419 5539 ger,
2450 5483 2570 5538 quae
2598 5477 2656 5523 et
2705 5465 2945 5538 γειώρας
3001 5473 3057 5519 et
3107 5462 3447 5566 προσήλυτος

178 5534 362 5623 una
404 5556 653 5622 κολάζειν
687 5561 744 5613 ὲν
785 5534 970 5631 μέτρῳ
1020 5561 1144 5624 τοὺς
1178 5560 1363 5624 κακῶς
1393 5534 1749 5631 ’βεϐιωκοταςτ

1873 5561 2114 5616 vertitur.
2146 5534 2373 5628 Proprie
2403 5534 2644 5629 γείὡρας
2694 5534 2778 5613 est
2805 5534 2855 5609 ι’)⁷
2881 5556 2986 5626 γῆν
3019 5534 3200 5627 ὡρῶν,
3229 5534 3318 5622 qui
3339 5564 3447 5607 ter-

187 5669 207 5702 ς
234 5659 290 5703 et
315 5649 382 5702 ad
411 5664 602 5719 prunas
640 5649 801 5719 digne
844 5650 911 5704 de
936 5650 1237 5719 sceleratis,
1278 5661 1334 5707 et
1366 5667 1487 5707 cum
1514 5668 1749 5708 mensura

1873 5670 1976 5708 ram
2003 5655 2256 5708 custodit.
2277 5651 2598 5722 Hesychius,
2630 5648 2890 5722 γειώρας,
2923 5647 3173 5718 γείτονας
3196 5645 3257 5712 ἐξ
3284 5646 3444 5700 ἄλλου

180 5742 496 5815 θιίῧθηάδδι
528 5762 549 5797 ³
589 5741 657 5800 Ai
688 5742 740 5799 ίη
781 5741 948 5813 Βεείο
1001 5741 1068 5801 Πο
1101 5752 1224 5800 erat
1261 5753 1320 5800 ιιι
1376 5744 1428 5800 in
1464 5744 1526 5799 Α.
1578 5745 1756 5817 ἐμμὲ-
1863 5746 2079 5819 γένους,
2107 5745 2496 5819 καλουμένους,
2526 5743 2560 5818 ἢ
2585 5744 2712 5808 τοὺς
2745 5744 2874 5816 περὶ
2904 5741 3002 5799 τὴν
3033 5741 3139 5814 γῆν
3165 5740 3448 5795 διαπονου-
