3816 6210
380 347 517 410 ιω

1509 335 1720 397 NOTAE
1756 330 2154 392 FRONTONIS
2194 327 2429 388 DUCEI

3518 312 3661 366 HIS

385 470 605 543 μένους.
642 484 661 520 ι
683 465 907 539 Γεώρας
941 464 1165 535 exponit
1189 464 1400 521 vicinos
1424 478 1494 519 ex
1527 464 1633 518 alia
1668 470 1853 533 gente,
1884 456 1966 511 vel

2123 473 2161 510 ιι·
2189 464 2244 510 et
2289 455 2342 508 in
2386 447 2631 507 centuria
2663 447 2697 502 5
2724 442 3155 506 Prouerbiorum,
3196 434 3234 492 9
3266 454 3281 490 :
3315 434 3663 543 rupvocfpo;

382 575 500 624 eos,
532 557 625 629 qui
659 557 885 612 colenda
916 556 1111 612 tellure
1138 562 1494 625 occupantur.
1525 571 1545 605 ι

453 650 574 707 Col.
625 648 801 705 6MB
847 649 903 704 5.
957 648 1067 703 Pro
1118 647 1367 718 peccatis.
1409 646 1466 702 In
1524 643 1694 714 Regio
1740 651 1971 710 utroque

383 745 505 807 ταῖς
530 740 825 813 ἁμαρτίαις
857 740 1002 811 lego,
1052 756 1160 796 non
1209 738 1305 803 τὰς
1335 737 1631 809 ἁμαρτίας,
1664 743 1723 790 ut
1758 735 1972 788 videtur

387 835 661 906 interpres
714 835 992 905 corrigere
1047 832 1308 897 voluisse,
1365 832 1635 895 scribens,
1673 827 1971 898 «propagi-

390 941 515 982 nem
550 923 847 991 trucident,
902 938 1096 993 nempe
1132 933 1352 994 peccata
1384 939 1398 976 :
1429 940 1448 973 ›
1486 920 1579 975 sed
1634 919 1739 974 hoc
1767 918 1843 972 ait
1872 916 1976 970 Ba-

388 1019 563 1081 silius,
595 1035 615 1068 c
642 1018 836 1072 animae
863 1030 976 1072 suae
1023 1015 1167 1071 fetus
1195 1015 1444 1070 occidant
1468 1013 1729 1083 peccatis,
1763 1030 1783 1064 ι
1833 1010 1976 1065 unde

388 1109 641 1178 subiicit:
682 1128 701 1161 ι
728 1109 841 1163 Nisi
868 1109 1013 1162 enim
1046 1108 1147 1176 ipsi
1177 1107 1473 1162 moriamur
1506 1114 1729 1174 peccato
1758 1121 1773 1158 :
1815 1121 1834 1155 ›
1868 1118 1974 1170 qua

391 1200 601 1256 ratione
652 1200 895 1271 loquitur
942 1208 999 1254 et
1054 1198 1348 1268 Apostolus
1398 1198 1465 1252 ad
1520 1197 1750 1251 Roman.
1783 1194 1973 1257 v1.2:

395 1293 624 1361 Οἴτινες
662 1290 1043 1361 ἀπεθάνομεν
1070 1290 1147 1360 τῇ
1185 1290 1440 1359 ἁμαρτίᾳ
1476 1306 1492 1321 ο
1525 1286 1629 1353 Qui
1669 1286 1862 1340 mortui
1890 1302 1980 1338 stt-

392 1398 511 1436 mus
532 1391 767 1451 peccato.
829 1380 922 1436 Sic
954 1379 1088 1435 dixit
1140 1390 1300 1433 antea
1352 1377 1609 1443 Basilius,
1659 1377 1740 1439 εἰς
1766 1372 1980 1444 σφαγὴν

390 1478 511 1540 ταῖς
533 1475 851 1549 ἁμαρτίαις.
892 1475 1061 1530 Paulo
1086 1484 1207 1544 post
1235 1481 1475 1527 verterat
1494 1470 1795 1534 Tilmann.,
1832 1489 1850 1521 ι
1879 1470 1981 1523 im-

392 1568 538 1638 pleat
568 1576 768 1622 terram
789 1566 966 1628 bellis,
995 1585 1015 1619 ι
1060 1565 1213 1636 quasi
1246 1564 1468 1633 legisset
1520 1562 1572 1615 in
1604 1560 1669 1616 F.
1702 1560 1978 1631 πολέμων,

394 1660 485 1730 qui
544 1669 727 1715 tamen
778 1657 1038 1727 scriptum
1102 1656 1348 1711 exhibuit
1402 1655 1663 1717 πόλεων,
1714 1660 1773 1704 ut
1799 1650 1980 1705 caeteri

2078 546 2286 619 ὑπέρου
2320 544 2418 599 καὶ
2437 540 2739 611 λεὸηρίδοςο
2774 554 2794 587 «
2820 534 3024 589 Nttdior
3046 528 3248 601 pistillo
3272 537 3327 582 et
3348 524 3614 588 leberide,
3639 541 3659 573 ι

2072 650 2127 694 et
2157 615 2497 710 Pupvdrepoq
2523 631 2822 698 παττάλου,
2861 646 2880 679 ι
2903 625 3109 681 Nudior
3129 623 3307 687 clavo,
3330 638 3352 671 ι
3384 619 3452 673 de
3483 615 3666 671 homi-

2073 734 2235 788 nibus
2256 726 2656 800 egentissimis.‘

2145 822 2261 878 Col.
2290 797 2393 875 est
2418 818 2460 872 c
2491 818 2580 872 ιδ.
2632 813 2858 870 Nomine
2888 808 3044 863 enim.
3082 805 3148 861 ιτ.
3174 803 3274 875 τὴν
3302 801 3417 873 γὰρ
3440 797 3666 853 Νασάό.

2074 914 2227 968 Alter
2258 921 2433 966 autem
2476 910 2608 978 Reg.
2652 905 2719 960 11.
2747 902 2963 957 Ναὸαὖ.
3010 898 3106 954 Cui
3142 895 3471 963 suﬁ'ragatur
3505 891 3665 943 Vati-

2076 1021 2208 1063 cana
2232 1005 2422 1067 editio,
2450 1000 2611 1071 Augl.
2638 997 2850 1058 Nat65'tv,
2881 1004 2934 1050 et
2957 1001 3137 1047 textus
3161 989 3339 1043 editus
3365 1000 3491 1040 cttm
3523 981 3670 1036 Pro-

2077 1100 2252 1169 copio,
2296 1099 2569 1164 interpres
2615 1091 2753 1146 male
2810 1106 2829 1139 ι
2855 1086 3025 1141 Nabo.
3055 1102 3075 1135 ι
3141 1082 3247 1136 Sed
3282 1079 3464 1131 verior
3505 1072 3673 1127 lectio

2076 1194 2291 1248 videtur
2337 1187 2555 1254 Ναϐαὖ,
2610 1185 2765 1254 cujus
2810 1180 3133 1253 etymologia
3179 1186 3230 1231 et
3286 1169 3674 1239 interpretatio

2078 1285 2348 1354 explicata
2374 1280 2623 1341 diﬁicilis,
2658 1278 2760 1333 etsi
2786 1284 3075 1332 annotarat
3099 1270 3421 1325 Tilmannus
3448 1266 3505 1318 in
3526 1275 3675 1315 mar.

2080 1352 2204 1446 giue
2239 1385 2327 1435 τι)
2366 1373 2594 1443 loquela,
2624 1368 2923 1439 prophetia,
2957 1365 3120 1418 sessio
3172 1374 3190 1412 :
3233 1370 3408 1427 neque
3438 1354 3585 1409 enim
3614 1352 3669 1405 in

2084 1471 2355 1525 Thesauro
2410 1464 2634 1519 Hel:er
2689 1457 2921 1528 Pagnini
2988 1453 3201 1524 reperio
3266 1447 3434 1508 aliud,
3504 1458 3670 1512 quam

2081 1571 2269 1623 metu,
2310 1573 2429 1627 qua:
2454 1571 2559 1610 vox
2617 1551 2965 1623 prophetiam
3003 1563 3098 1601 seu
3144 1541 3459 1597 vaticinium
3487 1545 3671 1598 sonat,

2085 1665 2348 1719 nusquam
2383 1647 2705 1702 sessionem.
2742 1641 2846 1696 Sed
2878 1652 2975 1702 -ω
3026 1651 3193 1703 nagar
3238 1633 3472 1688 vertitur
3505 1630 3676 1697 tm.

394 1719 529 1808 mss.
556 1751 787 1817 Vulgata
837 1719 1032 1804 Latina
1067 1747 1222 1813 dixit,
1270 1762 1434 1816 neque
1477 1743 1760 1810 impiebunt
1792 1742 1981 1811 faciem

2126 1744 2257 1808 ῐζειν
2293 1737 2598 1795 Ezechielis
2624 1751 2792 1798 xxxv,
2825 1734 2858 1787 5
2892 1749 2908 1785 :
2949 1729 3059 1785 Καὶ
3092 1724 3453 1789 ὲνεκὰθισας
3478 1720 3561 1786 τῷ
3588 1719 3678 1772 οἷ-

396 1807 537 1899 orbis
560 1807 853 1898 civiiatunt.
878 1841 948 1895 At
979 1840 1032 1894 in
1065 1807 1323 1893 Vaticana
1347 1807 1497 1891 'edit.
1532 1807 1835 1905 ἐολέμωτλ,
1868 1832 1979 1887 bel-

2123 1807 2169 1901 qu
2213 1830 2454 1900 Ἰσραὴλ
2500 1830 2661 1893 δόλῳ
2693 1840 2711 1878 :
2748 1824 2815 1878 Et
2884 1819 3165 1876 tetenderis
3205 1815 3522 1870 inimicitias
3576 1814 3677 1863 do-

395 1933 488 2000 lis,
521 1943 577 1990 et
599 1942 891 1989 annotatur
920 1932 974 1986 in
1001 1931 1321 2000 quibusdam
1348 1928 1498 1983 libris
1528 1929 1628 1999 legi
1654 1926 1980 1996 πολεμίων,

396 2026 654 2093 hostibus,
704 2038 759 2081 et
783 2023 1107 2081 Hebraicam
1145 2037 1330 2075 vocem
1384 2021 1695 2090 signiﬁcare
1729 2034 1887 2089 posse
1914 2033 1983 2075 ex

396 2117 665 2173 sententia
696 2114 1011 2186 Hieronymi
1036 2113 1270 2167 civitates
1301 2118 1355 2164 ct
1378 2110 1726 2164 adversarios.

468 2207 584 2262 Col.
620 2205 725 2261 6l5
754 2206 795 2261 C
822 2207 877 2260 5.
928 2205 1190 2259 Adversus
1228 2204 1450 2269 ineptos.
1498 2200 1712 2255 Mallem
1758 2200 1984 2257 dixisset

405 2316 426 2350 ι
458 2314 586 2368 erga
640 2297 1023 2367 simpliciores,
1052 2312 1072 2347 ι
1126 2294 1213 2348 vel
1272 2293 1634 2347 «innocentes
1663 2300 1719 2345 et
1763 2292 1985 2345 minime

400 2390 591 2446 malos.
627 2408 646 2441 ι
683 2388 755 2444 Ut
802 2389 855 2443 in
892 2387 1159 2458 psalmum
1195 2399 1364 2440 xxvm
1412 2385 1590 2438 dixit:
1631 2383 1720 2446 Ὠς
1779 2382 1988 2455 πρόϐα-

398 2499 490 2536 τον
512 2480 599 2535 διὰ
620 2480 681 2534 τὸ
707 2481 914 2552 ἥμερον
944 2479 1039 2532 καὶ
1076 2476 1424 2549 μεταδοτικὸν
1451 2475 1667 2545 λέγεται
1719 2476 1748 2528 ὁ
1778 2474 1932 2544 ἅγιος
1967 2491 1982 2507 ’

406 2593 425 2626 ι
450 2572 543 2628 Sic
565 2583 620 2627 et
640 2573 759 2627 ovis
786 2572 987 2627 dicitur
1012 2579 1253 2635 sanctus,
1288 2569 1413 2638 quia
1440 2577 1781 2632 mansuetus,
1809 2576 1863 2620 et
1888 2580 1984 2619 sua

401 2663 654 2733 dispertit
702 2663 755 2718 in
787 2677 1097 2717 commune.
1131 2679 1151 2712 ι
1210 2662 1419 2714 Auctor
1445 2658 1630 2728 Operis
1688 2657 1988 2727 imperfecti

401 2754 590 2810 homil.
619 2754 674 2807 in
723 2753 915 2808 Matth.
969 2769 989 2807 :
1028 2770 1049 2805 ι
1076 2751 1422 2806 Manifestum
1452 2759 1537 2805 est
1564 2752 1691 2820 quia
1721 2765 1852 2805 oves
1893 2765 1989 2820 ap-

402 2847 565 2918 pellat
595 2855 818 2917 propter
853 2844 1345 2908 mansuetudinem,
1382 2856 1489 2898 non
1517 2842 1774 2897 timentes
1808 2850 1985 2897 autem

403 2937 575 2992 Deum
603 2937 759 3006 lupos
788 2946 1012 3006 propter
1041 2934 1445 2989 crudelitatem.
1476 2950 1496 2983 ι

475 3027 591 3085 Col.
627 3028 731 3083 625
758 3027 818 3083 (Σ.
847 3027 898 3082 7.
936 3025 1003 3079 Et
1032 3027 1252 3080 idcirco.
1291 3024 1404 3078 Καὶ
1436 3022 1526 3077 διὰ
1542 3022 1700 3077 τοῦτο
1729 3023 1987 3092 scriptum

2087 1926 2197 1978 miti
2232 1921 2444 1986 Israel;
2476 1930 2530 1974 et
2563 1913 2929 1971 Ecclesiastici
2965 1926 3084 1975 vin,
3111 1909 3201 1969 14,
3227 1907 3417 1960 eadem
3451 1901 3676 1956 notione

2085 2025 2376 2084 usurpatur
2403 2011 2622 2064 verbum
2639 2004 2966 2077 ἐγκαθίζειν
2984 2019 2996 2032 ·
3015 2002 3142 2056 Ἵνα
3162 1998 3249 2068 μὴ
3274 1995 3570 2066 ἐγκαθίσῃ
3597 1992 3679 2056 ὡς

2084 2103 2338 2171 ἕνεδρον
2360 2099 2441 2166 τῷ
2466 2097 2723 2166 στόματι
2750 2110 2867 2151 σου
2902 2109 2919 2146 :
2953 2092 3035 2146 Ne
3052 2093 3230 2144 sedeat
3265 2085 3421 2157 quasi
3446 2085 3677 2138 insidia-

2086 2208 2168 2248 tor
2202 2196 2282 2249 ori
2313 2206 2424 2247 tuo.
2454 2190 2569 2244 Vox
2626 2199 2804 2242 tamen
2864 2186 2983 2255 ipsa
3016 2178 3352 2252 éyxaﬂtcpd;
3394 2190 3576 2247 neque
3623 2172 3681 2229 in

2088 2284 2285 2341 Crttca'
2314 2284 2508 2354 lingula
2533 2280 2799 2334 Thesauro
2824 2276 3111 2346 reperitur.

2156 2378 2272 2434 Col.
2305 2378 2408 2433 658
2443 2376 2484 2431 C
2520 2376 2610 2429 15.
2639 2373 2934 2442 Appetitas,
2969 2368 3200 2440 ὀρέξεις.
3233 2364 3371 2419 Male
3406 2370 3563 2416 antea
3591 2374 3681 2414 er-

2087 2484 2211 2525 rore
2262 2469 2442 2538 potius
2496 2462 2817 2537 typograplti
2885 2461 2987 2515 fuit
3037 2460 3243 2514 editum
3294 2474 3313 2507 ι
3348 2451 3684 2524 apparentia:

2090 2560 2298 2618 subfer.
2333 2575 2458 2630 gen.
2509 2556 2937 2627 supprimendae,
2966 2572 2985 2605 ι
3020 2568 3147 2608 cum
3201 2549 3516 2618 scripsisset
3568 2544 3682 2599 ior-

2090 2663 2233 2709 tasse
2263 2653 2532 2721 interpres
2585 2668 2604 2701 ‹
2635 2647 3027 2720 appetentiasu
3090 2644 3204 2699 Sub
3254 2642 3418 2695 linem
3469 2638 3687 2709 pagina

2090 2746 2242 2801 deest
2273 2754 2399 2799 nota
2436 2740 2887 2811 interrogationis
2948 2739 3000 2792 in
3035 2736 3227 2791 Grmco
3272 2743 3422 2788 textu
3449 2745 3685 2794 excuso,

2089 2849 2149 2893 et
2178 2838 2233 2891 i‘n
2259 2846 2493 2905 utroque
2520 2833 2693 2903 Regio
2719 2848 2821 2886 ms.
2849 2828 3146 2899 supplenda
3167 2842 3230 2881 ex
3253 2826 3398 2881 serie
3419 2823 3690 2878 orationis

2093 2943 2255 2998 quam
2294 2935 2349 2982 et
2382 2935 2527 2981 recte
2558 2924 2763 2980 addidit
2795 2921 3114 2976 Tilmannus
3137 2917 3397 2983 versioni,
3424 2916 3693 2984 quemada

2094 3020 2309 3075 modum
2332 3012 2466 3073 et’in
2490 3016 2762 3072 nonnullis
2799 3013 3076 3068 Geneseos
3115 3010 3271 3065 libris
3312 3010 3559 3072 additur,
3586 3008 3691 3063 hoc

404 3121 624 3177 exhibet
648 3117 739 3184 F.,
784 3128 841 3173 at
899 3120 952 3172 in
983 3119 1086 3173 line
1125 3117 1319 3185 capitis
1371 3117 1426 3170 in
1454 3116 1863 3172 Commentario
1888 3113 1986 3167 Ba-

2123 3120 2278 3175 tacto,
2308 3109 2404 3164 καὶ
2456 3109 2683 3181 ζήσεται
2711 3109 2745 3179 ἡ
2792 3104 2939 3176 ψυχή
2998 3118 3137 3173 pou;
3189 3102 3417 3171 Vulgata
3463 3099 3684 3164 Latina,

404 3212 511 3268 silii
542 3211 609 3265 δι’
636 3211 802 3265 αὐτοῦ
831 3211 880 3264 οἱ
904 3210 1150 3263 ταπεινοὶ
1176 3207 1271 3261 τοῦ
1297 3208 1428 3261 λαοῦ
1463 3207 1814 3279 σωθήσονται,
1846 3225 1865 3259 ι
1893 3222 1988 3277 per

407 3306 583 3374 ipsum
618 3302 853 3359 humiles
910 3302 1083 3369 plebis
1127 3294 1355 3355 salutem
1397 3309 1775 3369 assequentur,
1806 3317 1825 3351 ι
1882 3311 1990 3368 quo

404 3407 563 3466 pacto
611 3398 774 3452 etiam
825 3397 1022 3466 legitur
1076 3396 1131 3454 in
1173 3395 1433 3450 Vaticana
1481 3396 1722 3450 editione
1762 3402 1818 3450 et
1849 3394 1988 3464 apud

408 3487 755 3556 Proc0pium.
815 3486 1182 3551 Quamobrem
1237 3487 1328 3541 hic
1384 3486 1670 3541 delendum
1724 3495 1810 3542 est
1838 3485 1987 3552 illud,

414 3598 433 3631 α
464 3579 819 3634 salvabtlnlur
880 3577 1064 3647 populi
1105 3577 1257 3631 mulli
1293 3596 1307 3632 :
1345 3596 1363 3629 ι
1426 3593 1551 3631 nam
1605 3588 1659 3632 et
1715 3578 1769 3632 itt
1803 3577 1864 3633 Γ.
1893 3577 1991 3631 fuit

407 3670 667 3737 scriptum
713 3667 763 3719 oi
814 3667 1062 3719 ταπεινοὶ
1117 3664 1212 3719 τοῦ
1243 3664 1396 3719 λαοῦ.
1438 3666 1549 3721 Sub
1603 3667 1763 3721 linem
1787 3668 1994 3738 pagime

407 3757 825 3813 Palaestiuorum
850 3756 1176 3827 etymologia
1207 3755 1473 3812 Hebraica
1502 3758 1752 3821 traditur,
1788 3759 1876 3812 ubi
1910 3758 1993 3812 in-

409 3859 621 3919 terpres
654 3858 943 3905 annotarat
970 3865 1030 3906 se
1089 3850 1351 3920 scriptum
1400 3847 1690 3905 offendisse
1721 3851 1772 3903 in
1825 3849 1994 3920 Regio

407 3941 472 4000 F.
510 3942 811 4007 πίπτοντας
838 3943 1136 4014 πτοήματι,
1171 3961 1190 3995 ι
1220 3942 1477 3997 cadentes
1514 3956 1737 4010 pavore,
1770 3952 1863 3997 aut
1884 3958 1995 3998 me-

412 4047 493 4098 tu,
520 4056 540 4090 ι
567 4038 660 4091 sed
689 4050 747 4092 se
776 4037 957 4107 legere
972 4044 1026 4091 et
1054 4036 1402 4102 interpretari
1436 4037 1733 4106 ποτήματι,
1760 4054 1778 4086 ι
1798 4045 1949 4105 potu,
1968 4054 1988 4088 ι

412 4143 535 4183 nam
569 4138 622 4182 et
647 4129 735 4181 hic
768 4126 1185 4196 sequitur’apud
1214 4124 1474 4181 Basilium
1504 4137 1559 4181 et
1588 4128 1643 4181 in
1669 4126 1860 4182 eodem
1889 4126 1997 4182 Re-

411 4221 503 4291 gio
524 4219 733 4283 codice,
772 4217 1029 4271 πίπτουσι
1053 4217 1110 4271 δὲ
1132 4211 1278 4271 οὗτοι
1309 4218 1604 4288 ποτήματι.
1646 4217 1717 4270 At
1740 4217 1791 4271 in
1825 4217 1997 4272 altero

416 4312 584 4381 lteglo
608 4307 671 4364 li.
700 4310 866 4378 priori
887 4309 1007 4364 loco
1033 4309 1228 4380 legitur
1248 4309 1523 4380 πτώματι,
1555 4326 1573 4359 ‹
1601 4308 1775 4377 lapsu,
1797 4322 1949 4373 casu,
1972 4327 1991 4360 ι

412 4407 716 4476 posteriore
738 4403 1036 4474 ποτήματι,
1098 4419 1117 4454 t
1146 4412 1297 4473 potu.
1322 4420 1341 4453 ι
1392 4403 1449 4455 in
1496 4401 1807 4456 Graecorum
1840 4401 1997 4455 scho-

2100 3201 2357 3272 Nunquid
2394 3218 2498 3255 non
2548 3200 2759 3254 modica
2804 3198 2926 3251 est?
2953 3194 3001 3249 A
3050 3193 3367 3265 quibusdam
3402 3200 3592 3248 tamen
3621 3191 3687 3246 li-

2098 3294 2210 3349 bris
2243 3294 2395 3347 abest
2421 3293 2534 3346 haec
2563 3301 2711 3344 nota.

2168 3388 2285 3444 Col.
2314 3387 2420 3441 642
2443 3387 2483 3440 A
2513 3385 2567 3438 7.
2614 3381 2798 3438 Sermo
2832 3382 2992 3436 enim.
3045 3380 3218 3448 Λόγος
3248 3377 3401 3449 δηλοῖ
3434 3391 3692 3431 nonanno

2099 3495 2266 3552 quam
2307 3478 2451 3549 apud
2480 3476 2674 3532 Patres
2714 3475 2855 3530 idem
2880 3475 3022 3529 valet
3046 3471 3211 3543 quod,
3240 3490 3259 3522 ι
3284 3470 3570 3538 Scriptura
3598 3469 3694 3522 de-

2100 3569 2272 3626 clarat
2307 3586 2322 3622 :
2375 3585 2395 3619 ›
2427 3575 2712 3637 propterea
2741 3571 2983 3618 verterat
3029 3563 3317 3632 interpres,
3354 3576 3373 3611 ι
3400 3559 3693 3628 Scriptura

2099 3662 2247 3716 enim
2276 3659 2610 3728 simulatque
2658 3656 2871 3720 revieit,
2911 3665 2966 3709 et
2996 3655 3198 3709 acriter
3226 3652 3548 3723 perstrinxit
3590 3651 3695 3704 im-

2101 3753 2286 3823 probae
2314 3750 2517 3805 mentis
2545 3749 2859 3813 elationem,
2888 3761 3009 3801 eam
3034 3747 3205 3815 ipsam
3232 3744 3563 3799 contritione
3588 3741 3697 3796 cola

2102 3844 2219 3898 lidit
2244 3861 2264 3895 ι
2305 3858 2320 3896 :
2357 3842 2455 3896 sed
2483 3842 2548 3895 de
2582 3839 2775 3909 quovis
2798 3852 3051 3892 sermone
3073 3836 3425 3904 casugatorio
3454 3835 3548 3888 hic
3577 3832 3694 3903 agi.

2114 3944 2224 3999 tur,
2256 3949 2361 3988 non
2388 3932 2455 3988 de
2477 3937 2589 3987 sola
2615 3930 2924 4001 Scriptura,
2954 3938 3013 3983 ut
3056 3941 3213 3983 antea
3236 3928 3302 3981 de
3324 3925 3495 3981 Paulo
3527 3927 3695 3980 verba

2104 4027 2308 4081 faciens
2353 4025 2588 4088 dixerat,
2644 4025 2733 4089 εἰς
2778 4022 3198 4088 συναίσθησιν
3249 4017 3511 4088 ἄγοντας
3551 4017 3693 4092 τοὺς

2102 4115 2320 4170 ἑαυτοῦ
2348 4116 2590 4183 λόγους.
2643 4110 2755 4167 Sub
2785 4111 2945 4166 linem
3003 4111 3211 4180 paginae
3260 4109 3388 4164 item
3421 4108 3695 4173 ediderat,

2097 4208 2184 4280 μὴ
2210 4207 2312 4263 καὶ
2343 4207 2498 4261 οὕτω
2523 4204 2756 4276 μέλλει,
2787 4214 2844 4257 ut
2876 4218 2940 4257 ne
2957 4203 3035 4257 sic
3059 4201 3221 4256 salvae
3246 4200 3452 4268 fierent.
3486 4198 3559 4253 At
3588 4203 3693 4253 hoc

2106 4300 2223 4355 loco
2252 4300 2327 4371 μὴ
2352 4301 2672 4368 interrogat,
2703 4310 2808 4349 non
2842 4302 3024 4364 negat,
3054 4303 3113 4347 ut
3138 4290 3330 4346 Matth.
3361 4304 3459 4356 vu,
3491 4291 3561 4346 9:
3592 4291 3695 4360 Μὴ

2102 4393 2278 4448 λίθον
2317 4390 2598 4446 ἐπιδώσει
2646 4387 2845 4454 amri);
2880 4385 3140 4457 Nunquid
3181 4385 3410 4455 lapidem
3460 4387 3692 4453 porriget

415 4496 501 4551 liis
524 4501 589 4551 de
631 4497 856 4552 vocibus
886 4494 1128 4549 llebratis
1172 4494 1409 4549 occurrit
1463 4509 1605 4563 saepe
1658 4493 1990 4565 Φυλιστιεὶμ,

2123 4486 2198 4541 ei?

414 4588 723 4660 ἀλλόφυλοι,
789 4587 1117 4659 θαυμαστοί,
1188 4585 1575 4657 «alienigenae,
1653 4587 1992 4642 mirabiles.»

415 4681 783 4753 Hieronymus
822 4682 877 4734 in
912 4680 1105 4749 psalm.
1140 4694 1311 4734 xxvttt
1348 4697 1362 4732 :
1398 4697 1419 4730 α
1450 4678 1736 4733 Pltilistiim
1768 4693 1897 4734 vero
1920 4679 2001 4732 in-

417 4780 788 4841 terpretantur
847 4769 1093 4825 cadentes
1117 4772 1346 4840 potione,
1376 4771 1479 4825 hoc
1497 4780 1600 4837 est,
1626 4770 1716 4840 qui
1747 4770 1999 4825 inebriati

415 4875 542 4918 sunt
561 4864 627 4919 de
652 4864 823 4919 calice
851 4862 1071 4928 diaboli,
1102 4871 1158 4918 et
1183 4862 1441 4918 inebriati
1479 4864 1812 4917 ceciderunt.
1840 4882 1858 4913 ›
1890 4862 2001 4915 Au-

416 4955 666 5027 gustinus
694 4956 748 5009 in
783 4955 1038 5008 eumdem
1070 4953 1339 5024 psalmum
1367 4971 1381 5008 :
1413 4971 1433 5004 ι
1462 4953 1792 5023 Alienigena:
1816 4952 1867 5007 in
1895 4951 2001 5007 He-

417 5049 564 5102 braeo
599 5047 855 5102 dicuntur
886 5045 1198 5113 Philistiim,
1221 5046 1364 5117 quod
1393 5046 1782 5115 interpretatur
1806 5045 2003 5098 caden-

420 5149 495 5193 tes
532 5139 763 5208 patione,
793 5137 941 5191 velut
970 5153 1105 5207 quos
1131 5137 1464 5192 fecitebrios
1517 5136 1728 5189 luxuria
1777 5135 2005 5191 sarcula-

422 5233 517 5288 ris.
551 5251 571 5284 ι
604 5232 760 5302 Apud
807 5231 1030 5286 Santem
1067 5231 1366 5302 Paguinum
1404 5214 1569 5291 ηυδε)
1608 5228 1866 5295 Peleseth,
1899 5227 2003 5282 Pa-

421 5323 633 5379 lzestina
670 5322 871 5378 dicitur
918 5324 1069 5394 regio
1122 5323 1391 5377 maritima
1436 5323 1503 5376 ad
1537 5322 1872 5377 occidentem
1905 5318 2004 5375 Ju-

419 5416 568 5479 daea,
603 5416 890 5472 continens
933 5418 1171 5486 quinque
1200 5414 1553 5485 praefecturas
1606 5414 1689 5469 vel
1716 5414 2003 5484 satrapias,

421 5517 477 5562 et
513 5508 701 5563 incola:
745 5508 862 5578 ejus
915 5492 1147 5570 ενιπιυῆε
1195 5505 1468 5561 Pelisthim
1512 5507 1786 5569 dicuntur,
1850 5507 2004 5577 quasi

420 5601 646 5656 volutati
702 5603 753 5656 in
803 5603 1028 5668 cinere;
1109 5613 1163 5655 et
1198 5601 1417 5669 quidam
1468 5600 1696 5671 mystice
1732 5602 1879 5656 curis
1906 5615 2005 5655 sa:-

423 5694 528 5747 culi
560 5695 855 5765 implicitos
881 5702 1196 5764 exponunt;
1233 5708 1356 5747 nam
1379 5675 1507 5755 ωδε
1530 5692 1744 5763 palasch
1770 5704 1855 5749 est
1886 5693 2002 5763 pul-

422 5803 553 5845 vere
575 5797 668 5845 aut
699 5788 882 5845 cinere
914 5801 973 5844 se
1013 5787 1308 5844 involvere.
1359 5785 1512 5857 Apud
1563 5784 1782 5842 Suidam
1810 5786 2009 5857 reperi-

2173 4577 2286 4632 Col.
2321 4576 2428 4631 645
2454 4576 2497 4631 A
2532 4575 2589 4630 2.
2633 4573 2776 4628 Nam
2798 4571 3069 4643 quoniam.
3116 4566 3174 4623 In
3208 4566 3277 4622 H.
3310 4576 3366 4624 et
3403 4567 3444 4623 Ι.
3476 4566 3557 4639 τῷ
3591 4567 3692 4623 αὖε

2101 4669 2178 4741 τῷ
2206 4668 2429 4723 δύναται
2461 4668 2556 4721 καὶ
2586 4667 2760 4739 πέρας
2800 4661 2942 4717 εἶναι
2980 4661 3170 4733 χώρας
3193 4661 3289 4714 καὶ
3312 4660 3455 4732 ἀρχὴ
3496 4660 3560 4713 τὸ
3578 4678 3691 4733 χω-

2107 4766 2221 4838 ρίον
2242 4764 2361 4835 τῆς.
2391 4762 2498 4818 Sed
2521 4767 2793 4817 consentit
2829 4774 2949 4813 cum
2980 4756 3148 4826 Regio
3179 4753 3241 4808 F.
3276 4754 3430 4821 Angl.
3461 4763 3517 4807 et.
3560 4753 3692 4808 Pro-

2103 4857 2310 4928 c0pius,
2362 4872 2416 4926 p.
2456 4853 2584 4919 217,
2617 4852 2771 4921 cujus
2828 4851 3181 4919 interpretem
3232 4846 3407 4902 secuti
3471 4861 3688 4909 sumus,

2103 4951 2387 5021 expunctis
2413 4947 2518 5003 illis
2557 4945 2828 5001 Tilmanni
2852 4945 3069 5000 verbis:
3105 4941 3276 4997 «Nam
3295 4942 3510 5011 quando
3532 4941 3691 4995 limes

2104 5060 2226 5101 esse
2250 5051 2450 5112 potest,
2488 5055 2665 5110 neque
2693 5036 3019 5109 principium
3058 5045 3113 5090 et
3143 5033 3412 5088 terminus
3441 5031 3693 5086 Moabiti-

2105 5137 2208 5191 dis.
2235 5154 2253 5187 ι
2287 5134 2361 5187 Ex
2405 5134 2596 5188 eodem
2646 5130 2911 5199 Procopio
2941 5128 3249 5182 addidimus
3270 5124 3437 5178 textui
3475 5122 3686 5188 Graeco,

2105 5229 2210 5292 ἕως
2237 5226 2332 5280 τοῦ
2355 5225 2590 5298 φρέατος
2626 5221 2831 5293 Ἐλείμ.
2862 5220 3071 5275 Rursus
3103 5217 3511 5273 emendavimus
3536 5216 3687 5280 illud,

2111 5340 2131 5373 ‹
2156 5335 2341 5375 semen
2372 5317 2550 5382 Moab,
2575 5330 2678 5370 non
2709 5324 2765 5367 ut
2785 5316 2852 5367 ad
2872 5312 3094 5366 meliora
3116 5310 3520 5378 transmigret,»
3546 5309 3687 5376 quod

2102 5421 2222 5468 erat
2267 5411 2457 5466 (ἐι-ωερε
2497 5409 2548 5463 in
2578 5407 2641 5462 F.
2674 5404 2737 5459 τὸ
2780 5404 2856 5477 μὴ
2902 5401 3225 5474 μεταόαῖνον
3260 5399 3353 5453 ἐπὶ
3402 5399 3471 5451 τὰ
3509 5397 3691 5463 κρειτ-

2104 5522 2256 5569 τονα,
2293 5502 2434 5573 apud
2475 5499 2820 5567 Procopium,
2869 5511 2990 5566 pag.
3015 5494 3142 5559 ηδ,
3200 5493 3262 5546 τὸ
3296 5490 3372 5563 μὴ
3416 5489 3690 5562 μεταστὰν

2112 5599 2206 5652 ἐπὶ
2229 5598 2298 5651 τὰ
2321 5594 2626 5666 κρείττονα,
2659 5610 2679 5643 t
2710 5590 2854 5659 quod
2891 5588 2958 5643 ad
3004 5586 3229 5641 meliora
3255 5583 3476 5637 minime
3510 5591 3686 5634 trans-

2106 5692 2185 5747 ire
2212 5688 2500 5745 voluerit.»
2530 5685 2663 5740 Vide
2687 5682 2863 5737 locum
2877 5679 3168 5735 Dcuteron.
3195 5691 3355 5739 xxm,
3390 5674 3443 5729 '5.
3475 5674 3685 5727 Postre—

2110 5797 2198 5839 mo
2267 5778 2563 5838 delevimus
2630 5777 2685 5832 in
2762 5770 3211 5843 interpretatione
3280 5766 3427 5824 Ariel
3502 5779 3692 5822 vocem
