3816 6210
196 340 343 398 1113

1385 339 1458 397 IN
1495 340 1858 398 COMMENT.
1897 342 1966 398 ΙΝ
2005 341 2260 399 ΙΞΑΙΔΜ.

3354 345 3495 401 illi}

195 476 222 510 ι
254 459 381 523 Dei;
407 477 427 511 ν
458 465 668 513 tantum
706 457 850 514 enim
874 465 956 514 est
981 456 1177 515 Graece
1209 457 1348 513 λέων
1378 459 1785 533 ἑρμηνεύεταιε

1968 460 2242 514 εείεεὶαιεω
2263 472 2405 515 vers.
2436 457 2502 513 l6
2527 459 2626 513 :El
2656 458 2715 513 δὲ
2750 459 2893 514 κατὰ
2936 458 3118 514 κοινοῦ
3152 460 3397 533 ὲκληφθῇ
3434 465 3496 516 τὸ

193 551 253 604 in
294 549 364 606 ll.
400 548 465 606 Ε.
494 548 532 601 1.
564 559 617 603 ει
665 550 807 619 apud
855 549 1205 619 Procopium,
1252 550 1377 606 licet
1428 551 1484 605 in
1548 553 1791 619 margine

185 641 571 710 conjecturam
595 657 749 696 suam
782 642 1102 712 ascripserit
1130 643 1419 713 interpres,
1457 643 1624 707 Ἴσως
1652 642 1791 699 λέων

188 731 361 797 Θεοῦ,
394 750 414 783 ι
445 732 609 787 Forte
652 731 736 788 leo
779 733 897 787 Dei.
925 752 945 786 ι
998 732 1362 804 Hieronymus
1408 735 1632 803 epistola
1671 733 1785 788 9.7:

194 844 217 877 ι
250 823 341 879 Vae
364 824 484 892 tibi,
510 825 709 880 civitas
733 825 907 889 Ariel,
933 825 984 881 id
1028 835 1132 891 est,
1167 825 1248 880 leo
1289 825 1407 890 Dei,
1439 837 1493 881 et
1522 827 1789 894 quondam

188 918 513 980 fortissima,
551 932 712 987 quam
755 918 1085 987 expugnavit
1127 918 1319 976 David.
1348 938 1368 972 ι
1412 918 1660 973 Meminit
1687 919 1789 972 hu-

180 1007 279 1077 jus
307 1008 552 1062 civitatis
593 1006 737 1062 idem
769 1007 1030 1076 propheta
1064 1006 1251 1073 lsaias,
1301 1022 1351 1061 c.
1383 1020 1536 1072 xxtx,
1560 1006 1596 1059 ἓ
1624 1020 1639 1059 :
1671 1004 1793 1059 Cir-

188 1100 532 1154 cumvallabo
581 1097 773 1163 Ariel;
835 1099 929 1153 sed
987 1098 1059 1153 ibi
1136 1099 1257 1169 lego
1301 1098 1564 1153 Hebraice
1611 1080 1791 1156 ΒΝἺἾΝ

187 1188 364 1254 Ariel,
395 1189 487 1243 hic
526 1204 655 1242 vero
686 1197 893 1243 tantum
949 1198 1032 1243 est
1069 1198 1213 1248 n71}:
1236 1227 1253 1253 ,
1305 1204 1425 1257 qua:
1457 1204 1558 1241 vox
1592 1186 1791 1240 leonem

188 1291 380 1343 sonat,
412 1280 556 1340 unde
617 1280 980 1351 Hieronymus
1009 1282 1191 1348 vertit,
1225 1281 1307 1334 Itis
1356 1280 1448 1351 qui
1472 1280 1701 1351 fugerint
1728 1279 1791 1331 de

190 1372 361 1427 Moab
389 1371 615 1429 leonem.

260 1462 382 1518 Col.
401 1462 506 1517 6M
536 1462 576 1517 C
610 1462 661 1519 7.
682 1460 990 1519 Genuerint.
1020 1464 1358 1536 Γεγενῆσθαι
1385 1465 1543 1527 dixit,
1564 1480 1670 1518 non
1693 1482 1788 1533 γε·-

184 1555 528 1627 γεννῆσθαι,
564 1558 658 1612 sed
692 1558 923 1612 emenda
955 1557 1044 1612 διὰ
1072 1557 1134 1611 τὸ
1163 1574 1350 1628 γεγεν.
1385 1574 1452 1613 ex
1486 1557 1788 1628 Procopio,

191 1648 357 1717 cujus
385 1650 659 1720 interpres
690 1651 898 1720 edidit,
936 1669 956 1703 ι
984 1653 1201 1721 quando
1244 1666 1342 1707 sua
1393 1652 1495 1721 ipsi
1548 1651 1792 1721 nequitia

186 1749 513 1808 serpentum
549 1750 796 1795 naturam
823 1752 878 1796 et
903 1742 1052 1797 virus
1079 1751 1517 1813 assumpserunt.
1549 1762 1569 1795 ι

1889 549 2010 606 ὑπὸ
2043 549 2155 605 τὸν
2188 549 2407 618 ἥλιον·
2444 568 2463 602 ι
2494 548 2646 617 Quod
2675 550 2719 605 si
2754 553 2819 605 ad
2855 560 3148 624 utrumque
3178 553 3390 607 referas
3431 553 3495 605 il—

1889 640 2002 706 lud,
2034 643 2129 695 sub
2161 641 2272 696 sole
2296 656 2315 694 :
2342 663 2364 693 ι
2393 650 2447 695 et
2476 643 2616 712 apud
2649 641 2708 697 S.
2743 641 2901 698 Joan.
2931 644 3378 716 Clirysostomum
3397 685 3413 709 ,
3437 646 3491 699 in

1888 732 2151 802 psalmum
2199 747 2381 788 cxxvn
2406 774 2422 800 ,
2459 748 2513 787 v.
2540 733 2573 787 6
2610 752 2624 788 ε
2674 735 2784 788 Kal
2836 734 2927 789 ἴδε
2973 736 3118 803 τοὺς
3159 736 3332 803 υἱοὺς
3372 736 3496 790 τῶν

1889 823 2041 879 υἱῶν
2070 839 2210 891 σου,
2241 824 2494 893 εἰρήνην
2521 824 2620 878 ἐπὶ
2655 824 2762 879 τὸν
2796 825 3043 894 Ἰσραὴλ
3062 865 3077 890 ,
3107 826 3259 880 κατὰ
3287 825 3493 881 κοινοῦ

1891 919 1931 987 ἡ
1958 916 2114 989 εὐχή
2138 959 2152 983 ,
2188 917 2286 972 sed
2318 917 2722 971 emendandum
2767 927 2850 970 est
2886 932 2953 970 ex
2994 915 3202 971 Catena
3230 918 3395 987 Regia
3434 918 3493 971 in

1892 1006 2137 1062 Psalmos
2167 1023 2294 1071 ms.,
2325 1005 2472 1061 κατὰ
2505 1005 2687 1059 κοινοῦ
2721 1006 2783 1059 τὸ
2813 1004 2910 1059 ἴδε.
2938 1005 3109 1058 Τοῦτο
3127 1006 3237 1078 γὰρ
3261 1006 3494 1078 μάλιστα

1899 1098 2184 1153 ποθοῦσιν.
2226 1116 2245 1149 ι
2280 1096 2473 1151 Pacem
2504 1113 2659 1166 super
2688 1090 2883 1152 Israel.
2915 1096 3175 1162 Snbaudi,
3206 1097 3354 1152 Vide.
3379 1098 3494 1154 Hoc

1892 1192 2039 1247 enim
2102 1189 2340 1244 maxime
2388 1189 2726 1243 desiderant.
2765 1207 2784 1239 ›
2823 1188 3142 1254 Librarius,
3171 1188 3316 1258 quod
3351 1189 3494 1244 hanc

1893 1281 2225 1337 loeutionem
2267 1295 2376 1336 non
2407 1289 2670 1350 caperet,
2715 1294 2813 1350 pro
2834 1280 2896 1332 τὸ
2935 1280 3011 1333 ῐδε
3051 1280 3422 1347 substituerat,
3455 1282 3493 1353 ή

1893 1378 2054 1449 εὐχή,
2090 1378 2234 1432 unde
2265 1377 2541 1447 interpres
2581 1384 2860 1441 verterat,
2897 1392 2916 1427 ι
2947 1374 3071 1429 Haec
3099 1385 3180 1430 est
3211 1375 3389 1431 oratio
3426 1376 3495 1430 de

1893 1469 2195 1526 comnuni.
2236 1488 2257 1523 ι

1964 1557 2063 1612 Col
2135 1558 2242 1613 659
2287 1557 2327 1613 C
2348 1557 2404 1613 ι1.
2439 1557 2525 1612 Ea:
2558 1556 2784 1627 Spiritu.
2815 1556 2956 1621 Non,
2988 1573 3051 1611 ea:
3081 1554 3260 1621 Patre,
3285 1566 3343 1610 ut
3366 1557 3494 1611 scri-

1892 1658 2079 1719 pserat
2126 1650 2435 1717 interpres,
2481 1651 2624 1718 quod
2667 1649 2924 1703 mendose
2953 1657 3096 1702 esset
3124 1650 3175 1702 in
3210 1649 3268 1703 F.
3306 1649 3371 1703 ὲκ
3397 1646 3494 1702 τοῦ

1827 1738 1841 1814 ξ
1894 1757 2054 1812 προς,
2089 1755 2190 1811 pro
2224 1759 2349 1806 πνς.
2392 1742 2727 1814 πνεύματος.

264 1830 384 1885 Col.
417 1829 516 1885 651
552 1832 599 1886 Α
628 1831 683 1886 9.
721 1830 1089 1900 Iniquitatem.
1128 1812 1482 1898 Maleianlea,
1513 1854 1531 1884 ι
1561 1847 1789 1902 persua-

1968 1833 2082 1887 Col.
2114 1833 2219 1889 660
2251 1834 2291 1889 C
2316 1834 2370 1890 9.
2424 1812 2624 1899 Qui—ad
2652 1832 2945 1888 euitandas.
2976 1831 3497 1904 Συμπεριφέρεσθαι

182 1924 287 1980 det
313 1923 545 1978 antistes
574 1923 870 1988 haeresum,
892 1934 951 1978 ut
981 1925 1199 1979 excelso
1228 1925 1413 1994 iniqua
1432 1924 1740 1995 loquantur.
1763 1944 1782 1978 ι

185 2014 374 2073 Lscus
401 2026 486 2071 est
517 2016 728 2084 psalmo
758 2032 903 2071 uxn
927 2056 943 2080 ,
980 2016 1013 2071 8
1037 2060 1051 2083 ,
1099 2016 1187 2071 ubi
1234 2015 1503 2073 Vaticana
1555 2019 1725 2072 editio
1759 2032 1790 2073 e

185 2108 386 2163 Graeco
407 2105 574 2171 LXX,
606 2106 821 2161 ἀδικίαν
851 2108 931 2172 είς
956 2107 1017 2160 τὸ
1046 2105 1181 2178 ὕψος
1206 2106 1501 2179 ἐλάλησαν,
1532 2109 1791 2178 iniquita-

187 2211 297 2254 tem
352 2201 408 2254 in
454 2203 619 2253 altum
648 2200 812 2255 locuti
857 2208 1002 2254 sunt.
1049 2201 1394 2271 Sequebatur
1420 2202 1502 2265 εἰς
1534 2198 1793 2273 ζητήσεις

190 2294 710 2362 συγκαταϐαίνοιεν.
731 2295 1008 2351 Tilmann.
1032 2313 1047 2350 :
1073 2312 1091 2345 ι
1114 2295 1171 2348 Si
1200 2295 1418 2363 quando
1444 2309 1510 2349 eo
1535 2310 1594 2350 se
1623 2294 1793 2350 demi-

187 2388 412 2452 serint,
457 2397 515 2440 ut
555 2389 932 2443 assentiantur
976 2388 1271 2458 propositae
1320 2386 1632 2455 quaesﬁoni.
1671 2406 1689 2437 ι
1724 2386 1794 2441 At

189 2479 663 2549 συγκαταϐαίνειν
719 2496 825 2535 non
872 2490 959 2535 est
1011 2497 1031 2531 ι
1061 2479 1353 2545 assentiri,
1385 2497 1405 2532 ι
1446 2479 1541 2535 sed
1579 2498 1599 2531 ι
1630 2494 1697 2535 eo
1733 2494 1794 2536 se

190 2572 505 2627 demittere.
546 2591 565 2623 ι
1290 2635 1300 2644 _

262 2664 382 2720 Col.
417 2664 522 2721 654
552 2665 595 2719 Α
627 2664 681 2720 4.
721 2662 1095 2734 Nequaquam,
1125 2663 1204 2720 Ob
1233 2666 1351 2720 hoc.
1382 2663 1496 2721 Non
1535 2665 1674 2720 bene
1697 2680 1795 2721 ex-

187 2758 397 2831 pressit
423 2757 864 2812 emendationem
892 2769 1135 2812 uostram
1172 2759 1570 2829 typographus:
1595 2759 1795 2811 rescri-

190 2849 440 2905 bendum
494 2835 688 2916 igitur,
730 2863 1060 2917 nequaquam
1105 2849 1517 2917 confundentur.
1575 2845 1653 2901 0b
1698 2848 1795 2901 hoc

193 2940 406 2995 dictum
433 2952 537 3006 est,
570 2939 755 3009 Campi
796 2938 1023 2993 Esebon.
1064 2938 1371 2994 Delevimus
1411 2939 1555 2995 enim
1588 2940 1679 2994 illa
1714 2940 1796 2992 in-

193 3032 476 3102 terpretis,
513 3050 532 3082 ι
563 3047 905 3102 nequaquam
942 3033 1216 3102 attingent
1237 3040 1485 3088 centrum
1509 3031 1627 3087 sive
1652 3047 1794 3100 pun-

191 3136 365 3185 ctum.
401 3145 422 3178 ›
468 3123 734 3178 Vitiosam
761 3124 907 3177 eiiim
940 3124 1229 3179 lectionem
1262 3124 1468 3180 codicis
1511 3123 1578 3179 ιε’.
1610 3123 1795 3192 expri-

194 3225 354 3272 munt
389 3217 516 3279 ista,
545 3214 726 3285 λόγοις
769 3214 831 3268 οὐ
870 3214 1084 3287 κέντρῳ
1119 3216 1463 3287 ποιήσονται.
1508 3214 1608 3269 Διὰ
1640 3213 1798 3268 τοῦτο

191 3310 267 3364 τὰ
290 3307 473 3362 πεδία.
513 3306 909 3377 Corrigendum
962 3307 1066 3361 fuit
1098 3323 1165 3361 ex
1200 3308 1316 3376 ipso
1358 3316 1507 3360 textu
1542 3316 1701 3374 prout
1741 3315 1797 3361 et

194 3401 466 3468 scriptum
500 3399 760 3455 exhibent
802 3397 867 3452 Η.
914 3406 970 3453 ει
1022 3398 1063 3452 Ι.
1113 3400 1227 3453 οὐκ
1271 3398 1796 3466 ἐντραπήσονται·

196 3494 407 3547 dictum
440 3491 584 3547 enim
620 3499 705 3545 est
733 3505 763 3544 a
796 3491 1058 3560 pr0pheta
1086 3528 1101 3553 ,
1142 3490 1244 3543 καὶ
1273 3492 1387 3544 οὐκ
1418 3489 1796 3560 ἐντραπήσῃ,

198 3596 247 3640 et
293 3601 401 3638 non
434 3582 799 3654 ronfunderis.
838 3583 996 3650 Apud
1027 3581 1288 3653 Cyrillum
1320 3583 1520 3651 legitur
1552 3585 1714 3637 etiam
1747 3591 1803 3637 et

205 3680 353 3746 apud
393 3677 736 3747 pr0phetam,
760 3674 863 3729 καὶ
887 3675 999 3728 οὐκ
1027 3672 1512 3742 ἐντραπήσονται
1534 3674 1606 3728 τὰ
1624 3673 1802 3728 πεδία

215 3769 496 3824 Ἑσεόών.
526 3767 597 3823 Et
626 3785 729 3822 non
764 3767 1133 3823 reverebantur
1157 3782 1368 3836 campos
1399 3767 1623 3821 Esebon.
1645 3766 1801 3823 Unde

201 3863 441 3917 lortasse
468 3876 572 3915 non
629 3863 809 3917 minus
852 3872 976 3930 apte
1005 3860 1142 3914 verti
1184 3872 1387 3929 posset,
1413 3861 1513 3914 καὶ
1554 3863 1668 3915 οὐκ
1699 3860 1801 3913 er.

201 3955 531 4025 τραπήσῃ,
593 3964 643 4009 et
706 3971 810 4008 non
840 3957 1189 4018 revereberis,
1227 3965 1281 4006 et
1318 3954 1370 4007 in
1402 3953 1804 4008 Commentario

200 4046 424 4111 Basilii,
475 4048 598 4101 Οὐκ
638 4046 1162 4115 ἐντραπήσονται,
1215 4062 1543 4117 nequaquam
1600 4061 1802 4100 revere-

205 4143 425 4207 bantur,
455 4150 569 4206 aut,
602 4144 925 4195 erabesrent.

281 4236 399 4290 Col.
435 4234 543 4289 655
585 4232 630 4286 D
671 4235 726 4287 4.
768 4234 1126 4289 Subauditur.
1177 4230 1494 4286 Tilmannus
1538 4230 1803 4296 ediderat,

205 4329 247 4381 Α
273 4327 541 4381 communi
579 4327 794 4395 quidem
831 4327 895 4378 de
928 4334 1156 4394 utraque
1202 4334 1353 4394 gente
1399 4322 1619 4386 dicitur,
1673 4322 1802 4390 quia

205 4417 483 4487 lugebant,
521 4432 674 4486 seque
703 4415 972 4485 plangeut.
1018 4414 1131 4469 lloc
1165 4423 1249 4467 est
1285 4414 1352 4466 de
1402 4413 1611 4467 Esebon
1646 4421 1703 4466 et
1736 4414 1804 4466 de

1892 1925 1981 1980 hic
1997 1936 2055 1982 ut
2071 1929 2212 1996 apud
2241 1927 2704 1997 Epictetumlidem
2736 1925 2947 1979 videtur
2963 1941 3179 1990 sonare,
3200 1928 3343 1994 quod
3367 1941 3496 1977 συν-

1891 2019 2366 2094 αναστρέφεσθαι,
2387 2038 2406 2071 ι
2436 2034 2546 2073 una
2581 2034 2703 2072 cum
2733 2017 2986 2088 gentibus
3037 2017 3243 2071 versari
3276 2034 3290 2070 :
3331 2035 3351 2067 ι
3391 2014 3495 2070 nisi

1895 2115 2054 2170 malis
2103 2114 2178 2167 ita
2211 2111 2395 2175 sumi,
2446 2120 2507 2163 ut
2550 2109 2644 2163 lib.
2690 2107 2731 2162 ll
2776 2107 3204 2162 Machabmorum
3240 2124 3358 2176 cap.
3387 2124 3438 2162 ix
3477 2124 3494 2163 :

1897 2201 2540 2277 συμπεριενεχθήσεσθαι
2576 2203 2737 2273 ὑμῖν,
2770 2199 3126 2255 voluntatibus
3151 2200 3333 2254 uestris
3359 2200 3499 2269 faci-

1894 2297 1994 2350 lem
2047 2313 2102 2351 se
2154 2297 2505 2364 praebiturum
2557 2305 2710 2363 atque
2757 2291 3146 2345 assentientem.
3198 2290 3497 2357 Proc0pius

1902 2389 2041 2442 dixit
2071 2403 2124 2457 p.
2157 2386 2265 2441 240
2291 2407 2302 2442 :
2333 2384 2657 2455 συγκαθιεὶς
2702 2383 2894 2438 ἑαυτὸν
2921 2381 3187 2454 δόγμασιν
3225 2383 3457 2446 ὲθνικοῖς
3476 2397 3494 2414 ·

1901 2499 1920 2532 ι
1964 2480 2325 2535 Ethnicorum
2359 2480 2614 2548 dogmata
2651 2476 3050 2546 amplectende.
3099 2494 3117 2527 ι
3173 2473 3497 2528 Tilmannus

1896 2573 2232 2642 scripserat,
2270 2590 2290 2622 ι
2322 2587 2461 2640 quos
2496 2571 2657 2625 nulla:
2683 2579 2906 2640 gentes.
2940 2566 3146 2622 nullum
3184 2564 3500 2622 tentationis

1897 2680 2068 2735 genus
2104 2665 2477 2734 persequitur,
2506 2663 2559 2717 bi
2591 2663 3075 2717 circumleruntur.
3113 2676 3133 2711 ›

1968 2756 2085 2811 Col.
2116 2756 2224 2811 662
2248 2756 2289 2810 Α
2324 2756 2410 2809 ll.
2441 2755 2815 2809 Ascensioues.
2851 2752 3146 2806 Addiderat
3192 2747 3496 2818 interpres,

1903 2872 1922 2900 ι
1958 2848 2264 2917 disposuit,
2305 2867 2324 2899 ι
2381 2855 2435 2902 et
2487 2854 2778 2900 annotarat
2809 2845 2862 2898 in
2897 2843 3161 2912 margine,
3206 2859 3225 2891 ι
3267 2840 3399 2893 Deli:
3442 2838 3496 2892 in

1903 2940 2202 3009 exemplari
2256 2939 2504 2995 διέθετο.
2555 2956 2574 2989 ι
2629 2937 2734 2993 Sed
2771 2951 2894 2991 cum
2940 2936 2990 2989 in
3038 2934 3100 2987 ll.
3128 2933 3248 2987 etl.
3286 2932 3499 2987 deesset

1901 3032 2032 3086 illud
2077 3032 2301 3088 verbum
2330 3073 2345 3092 ,
2394 3047 2423 3083 a
2484 3029 2686 3084 Basilio
2727 3028 2991 3083 omissum
3042 3024 3499 3089 existimavimus,

1900 3124 2259 3177 subaudiente
2291 3121 2424 3185 είσί,
2457 3140 2477 3173 ι
2506 3119 2857 3175 ascensiones
2885 3126 3052 3171 sunt:
3084 3134 3102 3167 ι
3130 3114 3367 3185 alioquin
3393 3115 3494 3168 im~

1909 3216 2138 3269 mutavit
2171 3214 2422 3269 nonnihil
2470 3213 2636 3267 verba
2687 3210 2906 3266 Davidis
2942 3208 3134 3277 psalm.
3179 3223 3388 3271 Lxxxu,
3417 3205 3449 3261 6
3479 3220 3496 3259 :

1898 3303 2197 3367 ἀναϐάσεις
2237 3304 2296 3356 ὲν
2340 3305 2410 3374 τῇ
2455 3301 2657 3373 καρδίᾳ
2702 3298 2868 3355 αὐτοῦ
2903 3298 3130 3352 διέθετο.
3166 3295 3501 3351 Scholiastes

1902 3406 2082 3450 tamen
2133 3394 2361 3451 Graecus
2415 3395 2672 3449 admonet
2719 3390 2981 3462 quosdam
3035 3401 3291 3459 punctum
3336 3388 3501 3458 ﬁgere

1900 3498 2023 3558 post
2056 3486 2249 3549 αὐτοῦ,
2287 3501 2352 3542 ac
2384 3486 2608 3541 verbum
2637 3483 2846 3540 διέθετο
2873 3481 3227 3550 sequentibus
3247 3478 3497 3550 jungere,

1902 3591 2064 3650 atque
2115 3582 2190 3634 ita
2242 3595 2463 3650 quoque
2502 3578 2909 3632 Theodoretqu
2943 3576 3332 3645 interpungere
3370 3572 3496 3628 Fla-

1902 3674 2101 3727 minius
2130 3670 2380 3727 Nobilius
2414 3669 2720 3726 annotavit.

1973 3783 2089 3838 Col.
2119 3781 2228 3837 666
2262 3785 2306 3837 A
2346 3781 2402 3836 2.
2449 3779 2516 3833 Et
2553 3783 2653 3834 erit
2688 3789 2745 3833 ut
2798 3788 3158 3833 revereantur.
3195 3776 3501 3832 Emendan—

1902 3875 2030 3929 dum
2060 3884 2164 3939 est,
2199 3893 2218 3925 ι
2250 3872 2317 3928 Ει
2343 3875 2451 3929 erit
2479 3881 2539 3926 ut
2563 3882 2615 3926 tu
2647 3871 2949 3926 reverearis
2972 3908 2988 3933 ,
3017 3870 3099 3925 uel
3128 3878 3187 3924 ut
3216 3878 3268 3923 tu
3302 3869 3500 3923 erube-

1904 3981 2047 4024 scas.
2086 3986 2105 4020 ι
2141 3965 2198 4021 In
2227 3966 2466 4021 editione
2500 3963 2759 4018 Vaticana
2791 3963 3041 4029 vertitur,
3074 3959 3142 4015 Et
3173 3961 3268 4015 erit
3293 3962 3348 4014 iu
3370 3976 3499 4014 con-

1906 4059 2171 4127 fusionem
2201 4070 2373 4117 tuam.
2409 4057 2658 4126 Procopii
2685 4056 2977 4125 interpres,
2996 4065 3043 4108 et
3065 4056 3249 4109 erit.ut
3275 4051 3498 4121 confun-

1904 4153 2054 4206 daris
2081 4167 2101 4206 :
2130 4152 2226 4207 sed
2259 4153 2384 4221 quia
2428 4149 2664 4203 Basilius
2707 4148 2860 4202 addit
2887 4146 3120 4213 αὐτούς,
3157 4148 3211 4202 in
3252 4147 3385 4201 locis
3405 4146 3498 4215 qui

1903 4251 2247 4312 sequuntur,
2284 4242 2463 4310 aptius
2504 4241 2672 4295 verbo
2715 4259 2734 4291 ι
2765 4239 3043 4303 revereri,
3076 4257 3097 4290 ι
3133 4237 3216 4291 vel
3259 4254 3279 4289 ι
3305 4237 3499 4292 erube-

1906 4348 2060 4388 scere
2092 4353 2111 4386 ι
2145 4334 2336 4387 uteris.
2375 4331 2443 4385 Et
2471 4333 2569 4386 erit
2598 4342 2656 4385 ut
2683 4342 2741 4384 tu
2767 4332 3050 4384 reverearis
3072 4331 3231 4399 ipsos,
3263 4328 3369 4383 hoc
3389 4337 3502 4395 est,

1906 4427 2138 4489 eveniet.
2167 4435 2225 4480 ut
2248 4426 2323 4480 illi
2354 4425 2449 4480 tibi
2478 4425 2737 4495 pudorem
2763 4425 3056 4487 incutiant,
3088 4421 3173 4476 vel
3197 4422 3498 4489 imponant.

209 4509 479 4573 Sabama,
528 4510 622 4564 sed
671 4508 760 4561 illa
806 4508 1022 4577 phrasis
1045 4506 1231 4561 Graeca
1276 4506 1398 4559 ἀπὸ
1432 4504 1639 4558 κοινοῦ
1669 4503 1795 4558 nihil

1968 4529 2194 4578 istremo
2217 4533 2343 4588 pag.
2383 4518 2511 4586 617,
2540 4518 2753 4584 Quanto
2794 4517 3048 4586 majorem
3086 4513 3244 4583 fama:
3278 4510 3502 4564 celebri-

208 4602 355 4656 aliud
390 4610 569 4665 sonat,
595 4616 757 4670 quam
783 4600 1007 4653 verbum
1030 4597 1321 4664 πενθήσει
1348 4596 1799 4661 subaudiendum,

205 4696 353 4768 quod
388 4709 674 4749 commune
702 4693 806 4758 sit,
851 4703 905 4745 et
952 4692 1290 4762 jungendum
1336 4705 1457 4745 cum
1485 4690 1590 4743 illis
1623 4691 1803 4742 verbis

203 4788 281 4843 τὰ
309 4785 488 4840 πεδία
521 4782 801 4848 Ἐσεϐὠν,
831 4795 887 4838 et
919 4799 1041 4837 cum
1079 4783 1197 4838 istis
1239 4781 1510 4851 ἄμπελος
1546 4779 1800 4849 Σεϐαμά.

202 4880 344 4937 Nam
373 4880 427 4933 in
460 4877 723 4933 Vaticana
758 4877 1037 4943 editione,
1087 4886 1142 4931 et
1189 4875 1331 4944 apud
1380 4875 1705 4943 Procopium
1755 4875 1805 4925 in

206 4982 359 5027 textu
389 4972 492 5025 ista
537 4970 618 5025 sic
656 4971 1151 5037 interpunguntur:
1180 4967 1303 5019 Οὐκ
1342 4962 1693 5033 ἐντραπήσῃ
1737 4962 1810 5017 τὰ

201 5064 387 5121 πεδία
425 5062 720 5118 Ἐσεϐὠνο
767 5059 1063 5129 πενθήσει
1105 5057 1376 5129 ἄμπελος
1428 5053 1684 5124 Σεϐαμάο
1743 5050 1809 5106 Et

206 5174 315 5211 non
343 5156 659 5209 rerereberis
706 5168 920 5222 campos
973 5148 1184 5205 Escbon
1209 5165 1228 5203 :
1273 5149 1421 5203 vinea
1458 5146 1690 5201 Sabama
1724 5144 1809 5196 lu-

205 5250 367 5320 gebit.
397 5247 456 5301 In
483 5246 605 5300 aliis
639 5245 829 5309 libris,
872 5254 930 5298 ut
965 5243 1056 5298 hic
1089 5242 1228 5310 apud
1278 5239 1535 5294 Basiliam
1558 5277 1574 5302 ,
1616 5236 1810 5306 legitur

204 5340 319 5396 Kal
348 5341 462 5394 οὐκ
492 5335 870 5407 ἐντραπήσῃ.
906 5340 949 5391 Τ
945 5335 984 5390 ὰ
1010 5336 1191 5390 πεδία
1219 5330 1480 5388 Ἐσεϐὼν
1499 5327 1810 5395 πενθήσει,

205 5432 483 5506 ἄμπελος
526 5429 782 5502 Ζεδαμὰ.
832 5431 924 5488 Sic
975 5430 1116 5501 apud
1148 5426 1614 5500 Olympiodorum,
1654 5425 1708 5481 in
1750 5437 1810 5479 ιιι

1804 5740 1877 5774 =3

1909 4623 2090 4676 tatem,
2113 4611 2501 4665 substituimus
2526 4610 2576 4663 in
2602 4609 2779 4662 locum
2808 4608 3023 4661 illorum
3050 4603 3362 4672 interpretis
3378 4615 3500 4656 ver-

1910 4703 2102 4757 borum
2132 4720 2146 4756 :
2189 4722 2208 4754 ι
2240 4703 2455 4769 Quanto
2484 4701 2631 4754 enim
2672 4697 3027 4753 existimabat
3074 4707 3359 4765 superesse
3395 4692 3503 4748 sibi

1909 4796 2300 4849 lnculentiores
2327 4795 2583 4856 divitias,
2624 4801 2779 4847 tanto
2808 4790 3143 4856 merebatur,
3175 4797 3233 4842 ut
3273 4802 3378 4841 non
3415 4801 3508 4840 τες.

1909 4888 2100 4941 νειςιιίε
2135 4886 2353 4942 arcanis
2382 4903 2394 4938 :
2432 4906 2452 4938 ι
2487 4882 2758 4954 ὑπόληψις
2787 4880 2933 4936 enim
2964 4881 3200 4942 famam,
3231 4894 3336 4931 non
3369 4891 3502 4945 opes

1908 4980 2219 5051 significat,
2263 4989 2321 5033 et
2356 4974 2845 5033 ἀποκαλύπτεσθαι
2888 4971 3162 5036 revelare,
3208 4986 3315 5024 non
3350 4968 3500 5023 obte-

1908 5088 2034 5142 gere
2056 5112 2070 5135 ,
2107 5082 2166 5125 ut
2203 5070 2363 5126 Luca:
2397 5088 2429 5126 χ
2450 5114 2465 5138 ,
2491 5070 2557 5125 9-1
2592 5086 2609 5124 :
2642 5067 2755 5124 Kal
2785 5065 3188 5133 ἀπεκάλυψας
3215 5060 3369 5117 αὐτὰ
3391 5076 3500 5128 νη-

1910 5164 2072 5230 πίοις
2092 5181 2111 5197 ο
2165 5163 2232 5216 Et
2264 5163 2504 5216 revelasti
2537 5178 2599 5215 ea
2630 5158 2868 5229 parvulis
2892 5175 2911 5213 :
2948 5168 3003 5213 et
3033 5156 3050 5211 Ι
3085 5156 3210 5210 Cor.
3241 5169 3352 5216 λιν,
3382 5151 3453 5206 25
3485 5174 3497 5206 :

1914 5252 1995 5308 Τὰ
2024 5254 2261 5320 κρυπτὰ
2292 5253 2404 5322 τῆς
2428 5251 2679 5322 καρδίας
2723 5246 2955 5320 φανερὰ
2987 5247 3245 5319 γίνεταιο
3280 5240 3503 5299 Occulta

1913 5348 2088 5402 cordis
2123 5347 2402 5417 manifesta
2433 5345 2593 5416 ﬁunt.
