3816 6210
368 297 505 355 1115

1746 315 1896 370 FED.
1932 316 2236 374 MORELLI

877 471 2128 499 Ἦ

3501 323 3645 382 1116

3216 493 3633 504 m

1267 642 1937 762 FEDERICI
2026 653 2719 799 MORELLI,

1473 888 1925 937 PROFESSORUM
1948 894 2274 940 REGIORUM
2298 897 2556 960 DECANI,

1062 1047 1426 1141 NOTAE
1498 1055 1654 1145 ΕΤ
1722 1056 2015 1149 ΑΝΙΜ

2088 1062 2936 1157 lDVERSIONES.
3040 1018 3053 1029 ’

1943 1255 2016 1272 —

435 1359 589 1427 Quod
624 1361 843 1432 Ulysses
876 1361 1199 1423 Homericus
1243 1370 1312 1424 de
1352 1370 1612 1430 Diomede
1643 1376 1748 1433 ﬁdo
1777 1389 1829 1433 et
1859 1381 1943 1433 iu-
1975 1389 2021 1446 Α

368 1452 585 1507 divulso
615 1456 814 1510 comite
842 1457 1192 1525 depraedicat,
1221 1465 1420 1519 merito
1446 1468 1512 1521 de
1540 1467 1741 1525 Basilio
1760 1471 1951 1544 Magno

365 1547 743 1615 usurpaverim
774 1548 918 1602 κατὰ
954 1553 1255 1623 παρῳδίαν.

362 1655 496 1744 Hgio
515 1656 606 1744 iis”.
626 1657 701 1744 δὴ
727 1662 1050 1744 Βασιᾴείου
1074 1665 1189 1735 ἐγὼ
1214 1671 1394 1744 gelato
1420 1675 1736 1744 λαθοίμην,

365 1722 449 1818 ρπῦ
477 1722 1062 1818 μὲνπρᾷφρων
1088 1722 1353 1818 apud-171.;
1714 1722 1951 1818 ἀγήνωρ

361 1795 469 1849 Ἐν
487 1795 786 1854 advrsum
802 1795 1043 1858 :‘zmm
1061 1824 1072 1836 ·
1092 1795 1261 1876 ςριλεῖ
1276 1795 1344 1865 δέ
1364 1814 1395 1865 ἑ

492 1914 670 1978 magni
700 1931 904 2001 plossem
938 1916 1131 2001 Basilii
1163 1939 1274 2001 esse
1304 1926 1581 1982 immemor
1610 1949 1863 2001 unquam,

365 1978 533 2063 (injust
566 1999 658 2034 cor
684 1978 863 2039 alacre
894 1999 942 2063 et
974 1988 1225 2063 sublimia
1254 1978 1465 2063 pectora
1493 2000 1548 2051 in
1575 1978 1717 2055 omni

361 2046 562 2119 Magno
589 2068 741 2123 opere
765 2072 786 2110 :
815 2059 955 2113 unde
987 2060 1204 2115 adamat
1236 2046 1508 2121 ἁδειᾱπὲέὶτὶ
1518 2046 1950 2128 *1ιῖιίι-ἷ121ινῑειιιι

1758 2143 1951 2199 Iesus?

358 2229 624 2301 Equidem
656 2236 725 2290 ab
755 2238 883 2295 hinc
916 2243 1076 2299 annis
1109 2262 1177 2299 XL
1205 2249 1424 2319 scriptis
1458 2253 1574 2320 ejus
1608 2258 1949 2325 gravissimis

357 2319 536 2378 libens
582 2325 898 2385 incumbere
943 2337 1118 2401 cmpi;
1156 2353 1258 2393 nec
1306 2343 1679 2409 paenitendum
1731 2352 1943 2421 suscepi

356 2410 601 2469 laborem
627 2456 644 2482 ,
692 2421 891 2488 partim
945 2423 1000 2479 in
1038 2431 1382 2487 emendando
1413 2437 1536 2491 cod.
1578 2437 1942 2510 Germanico,

359 2517 467 2571 qua
503 2506 570 2559 ab
607 2507 1047 2578 interpunctione
1080 2526 1135 2570 et
1175 2518 1332 2575 {mdis
1363 2526 1574 2581 mendis
1617 2537 1825 2600 typogr.
1865 2506 1943 2584 la;

360 2594 611 2662 borabat,
643 2601 840 2665 partim
869 2618 991 2656 eum
1024 2621 1154 2661 mss.
1185 2610 1553 2682 conferendo;
1586 2594 1784 2685 partim
1816 2636 1945 2674 con-

355 2680 587 2753 jecturis
618 2704 724 2743 non
759 2689 1066 2749 infelicibus
1102 2698 1343 2755 medicas
1377 2680 1686 2762 adhibendo
1723 2725 1916 2763 manus

2777 1430 2791 1446 .
2822 1430 2838 1444 .
2875 1431 2892 1448 .
2912 1395 3224 1467 mistumque
3258 1398 3461 1455 duobus

2061 1477 2167 1542 Qui
2191 1495 2346 1545 super
2370 1480 2623 1534 ethereas
2657 1483 2907 1538 volitabat
2942 1484 3177 1553 Spiritus
3210 1490 3403 1545 undas.

2054 1569 2340 1624 Enimvero
2368 1581 2492 1659 qm
2524 1587 2629 1627 vox
2657 1573 2823 1630 Hebr.
2869 1590 2900 1629 a
2943 1577 3087 1631 Mose
3122 1594 3172 1641 ι,
3198 1580 3266 1644 2,
3299 1579 3436 1635 Gen.
3472 1598 3642 1637 usur-

2054 1672 2174 1727 pata
2206 1662 2310 1715 vim
2348 1663 2515 1718 habet
2537 1665 2634 1717 τοῦ
2669 1666 3049 1738 ἐπιφέρεσθαι,
3080 1670 3427 1737 συνθάλπειν,
3458 1675 3646 1729 tm-

2056 1752 2208 1819 ζειν,
2263 1755 2503 1824 agitandi
2550 1756 2877 1828 fovendique
2920 1761 3096 1816 instar
3134 1764 3280 1818 alitis
3325 1765 3643 1823 incubantis

2054 1859 2216 1914 supra
2247 1846 2435 1901 nidum
2461 1863 2644 1905 suum.
2669 1852 2768 1904 Ast
2796 1866 2829 1905 0
2856 1851 2946 1906 ubi
2978 1868 3121 1908 nunc
3144 1855 3385 1922 gentium
3411 1856 3641 1928 Syriaca

2054 1936 2143 1989 illa
2185 1936 2541 1995 Pentateuchi
2591 1942 2938 2016 μετάφρασις
2964 1985 2979 2011 ,
3019 1947 3173 2017 cujus
3221 1947 3310 2001 hic
3339 1963 3520 2004 praeco
3555 1961 3647 2003 est

2054 2027 2224 2098 Syrus
2253 2030 2589 2087 Basilianus!

2121 2119 2239 2176 Col.
2259 2120 2329 2175 44
2357 2124 2398 2179 C
2427 2124 2483 2180 2.
2517 2125 2841 2195 Γενηθήτω
2868 2126 3018 2196 φῶς.
3061 2128 3276 2201 Insigne
3302 2146 3368 2185 ac
3394 2131 3645 2186 luculen—

2053 2221 2164 2267 tum
2195 2217 2567 2273 testimonium
2602 2222 3019 2291 magniﬁcentia:
3045 2222 3205 2291 hujus
3232 2225 3499 2280 orationis
3529 2224 3649 2280 Mo-

2050 2308 2211 2361 saica:
2242 2324 2269 2360 a
2311 2311 2569 2382 Dionysio
2601 2311 2847 2383 Longino
2881 2303 3149 2383 scriptore
3183 2317 3367 2371 Attico
3410 2318 3644 2388 antiquo

2047 2398 2338 2453 exhibetur
2364 2401 2416 2453 in
2447 2404 2776 2458 aureololib.
2802 2405 2945 2473 Περὶ
2969 2406 3189 2473 ὕψους,
3215 2406 3301 2460 bis
3322 2406 3507 2461 verbis
3532 2428 3546 2462 :
3578 2409 3641 2461 ὐ

2048 2490 2156 2544 τῶν
2192 2492 2462 2548 Ἰουδαίων
2495 2494 2851 2568 θεσμοθέτης,
2878 2498 2976 2568 οὐχ
2996 2499 3024 2550 ὁ
3048 2498 3226 2569 τυχὼν
3254 2498 3415 2571 ἀνὴρ,
3445 2500 3643 2572 ἐπειδὴ

2045 2584 2146 2656 τὴν
2179 2586 2275 2638 τοῦ
2313 2587 2470 2641 Θείου
2509 2588 2738 2661 δύναμιν
2770 2591 2915 2643 κατὰ
2941 2591 3039 2662 τὴν
3065 2591 3221 2658 ἀξίαν
3251 2592 3527 2665 ἐξέφηνεν,
3547 2594 3645 2646 εὑ-

2047 2676 2144 2741 θὺς
2174 2680 2233 2731 ὲν
2259 2682 2323 2751 τῇ
2353 2681 2571 2753 εἰσϐολῇ
2588 2722 2603 2747 ,
2625 2684 2654 2736 ὁ
2674 2682 2826 2747 Θεὸς,
2862 2684 3017 2755 φησί.
3041 2685 3106 2738 Τί
3127 2702 3142 2751 ;
3178 2684 3458 2742 Γενέσθω
3482 2685 3639 2757 φῶς.

359 2787 426 2827 ac
451 2790 631 2830 meros
663 2777 852 2835 tollere
884 2790 940 2836 et
974 2787 1145 2840 nodos
1175 2787 1386 2845 solvere
1426 2795 1704 2850 tentando.
1760 2795 1938 2853 Etiam
1972 2749 2013 2803 Β

2088 2770 2152 2824 αι
2177 2749 2435 2842 ἐγέιλὲτο.

358 2882 503 2921 nunc
536 2877 695 2924 aetate
724 2884 975 2942 provecta
1026 2878 1167 2931 idem
1218 2883 1451 2937 stadium
1496 2886 1640 2941 ultro
1690 2903 1808 2942 sum
1861 2904 1943 2944 re-

358 2973 581 3015 mensus
611 2962 664 3015 in
694 2962 794 3018 hac
823 2981 959 3020 nova
986 2978 1042 3022 et
1073 2983 1399 3040 exaggerata
1433 2975 1690 3033 editionis
1726 2979 1943 3034 Graaco-

359 3048 570 3107 Latinae
596 3054 876 3111 molitione
901 3097 916 3123 ,
962 3060 1085 3112 dum
1116 3071 1290 3117 rotam
1342 3070 1783 3139 typograpbicam
1816 3087 1942 3126 cur-

359 3156 567 3205 rentem
597 3148 844 3205 animose
874 3165 1198 3223 prosequor.

682 3278 750 3317 AD
790 3280 808 3318 I
845 3281 1107 3323 BOIIILIAI
1148 3285 1201 3324 IN
1241 3286 1622 3331 BEXAEMERON.

424 3349 549 3406 Col.
589 3353 622 3408 8
666 3353 709 3407 B
740 3356 826 3411 15.
858 3356 991 3427 Leg.
1022 3361 1105 3414 ὄτι
1137 3362 1300 3434 καλή.
1339 3364 1610 3431 lnterpres
1651 3377 1835 3422 noster
1869 3369 1939 3422 ita

355 3453 599 3498 verterat
626 3462 692 3500 ac
719 3449 765 3502 si
793 3449 1037 3518 legisset,
1066 3453 1143 3517 ὡς
1174 3456 1314 3527 καλὴ
1345 3458 1377 3527 ἡ
1413 3457 1600 3523 τάξις,
1638 3461 1789 3528 quasi
1819 3466 1943 3516 κατ’

357 3541 711 3614 ἐπιφώνημα,
746 3555 808 3599 ut
839 3547 1030 3614 psalm.
1060 3563 1153 3602 vm
1186 3568 1198 3602 :
1233 3550 1325 3615 Ὠς
1354 3551 1704 3619 θαυμαστὸν
1723 3555 1788 3607 τὸ
1812 3554 1945 3608 ὄνο-

351 3630 437 3700 μά
463 3648 600 3687 σου.
639 3632 790 3690 Plato
819 3637 870 3689 in
906 3636 1040 3692 Tim.
1066 3654 1085 3692 :
1110 3639 1169 3691 '0
1198 3638 1332 3703 Θεὸς
1363 3642 1471 3694 πᾶν
1510 3642 1631 3696 ὅσον
1663 3638 1729 3715 ἧν
1749 3646 1943 3716 ὁρατὸν

356 3724 437 3789 είς
470 3724 622 3791 τάξιν
651 3727 855 3798 ἢγαγεν
880 3727 939 3794 ἐξ
971 3728 1219 3794 ἀταξίας.

669 3852 738 3891 ΔΙ)
779 3855 816 3892 ll
850 3855 1117 3895 ιιοιιιιιΑιί
1156 3858 1211 3896 1N
1248 3859 1630 3902 HEXAEIERON.

425 3949 543 4005 Col.
575 3950 643 4004 57
678 3950 718 4003 Β
747 3952 832 4006 15.
866 3954 976 4007 Καὶ
1006 3953 1244 4024 διενεκιῖ
1275 3973 1330 4011 τ.
1359 3974 1415 4012 κ.
1448 3957 1601 4025 Apud
1640 3957 1860 4013 Lucret.
1903 3958 1939 4013 1.

354 4052 395 4094 ιι
425 4040 613 4093 eadem
644 4040 960 4111 hypotbesis
993 4048 1314 4116 proponitur
1345 4049 1399 4103 in
1437 4051 1635 4105 atomis
1665 4068 1679 4105 :

356 4149 530 4223 Multa
563 4152 765 4206 minuta
798 4155 969 4209 modis
994 4157 1172 4210 multis
1194 4174 1285 4223 per
1309 4175 1464 4213 mane
1493 4159 1686 4213 videbis

355 4220 594 4298 (iorpora
623 4224 833 4277 misceri
868 4227 1141 4279 radiorum
1176 4220 1375 4280 lumine
1403 4231 1460 4282 in
1485 4231 1622 4298 ipso,

356 4288 586 4367 idtaelut
622 4304 816 4347 (eterna
849 4300 1131 4348 certamine
1157 4299 1345 4365 prwlia
1378 4288 1685 4367 pugnasque

356 4360 538 4436 fidere
562 4367 838 4436 turmatim
870 4360 1166 4436 certantia,
1197 4383 1289 4419 nec
1323 4360 1471 4420 ἄστε’
1485 4360 1708 4436 pausam

355 4431 608 4486 Conciliis
636 4443 684 4487 et
720 4435 962 4487 dissidiis
989 4437 1221 4488 exercita
1252 4431 1513 4491 erebi-isf-

353 4547 435 4602 En
483 4548 760 4613 ἄπαυστος
805 4550 1041 4621 πόλεμος
1077 4550 1172 4602 καὶ
1203 4550 1517 4622 διηνεκὴςή
1549 4551 1753 4629 φθορὰ,
1802 4573 1939 4626 κρα-

351 4640 587 4695 τούντων
615 4644 674 4696 ὲν
708 4643 863 4715 μέρει
904 4645 1000 4697 καὶ
1041 4642 1451 4714 κρατουμένων.
1493 4643 1713 4701 Homer.
1750 4647 1936 4702 ὀλλύν-

348 4748 458 4787 των
489 4750 548 4786 τε
579 4733 674 4786 καὶ
701 4733 1030 4804 ὀλλυμένων.

423 4825 537 4880 Col.
569 4825 639 4880 40
665 4827 709 4879 Α
737 4826 788 4879 ’5.
828 4826 942 4880 Ἀεὶ
969 4826 1081 4895 γὰρ
1106 4826 1224 4881 τῶν
1253 4845 1373 4898 τιν.
1404 4829 1633 4900 Epicteti
1669 4831 1938 4904 Ἐγχειρι-

348 4916 461 4977 δίου
499 4919 755 4987 princeps
796 4918 992 4973 divisio
1016 4960 1030 4985 ,
1074 4920 1183 4974 τῶν
1211 4921 1380 4975 ὄντων
1413 4922 1484 4977 τὰ
1514 4923 1613 4995 μέν
1660 4926 1808 4980 ἐστιν
1851 4927 1935 4999 ἐφ’

344 5014 500 5084 ἡμῖν,
529 5008 599 5063 τὰ
628 5009 685 5061 δὲ
711 5010 813 5063 οὐκ
841 5010 927 5079 ἐφ’
950 5013 1104 5082 ἡμῖν.

415 5125 534 5181 Col.
565 5126 637 5180 45
669 5125 707 5178 Β
736 5125 789 5180 6.
830 5126 1183 5183 Συνέθαλπε
1208 5129 1306 5183 καὶ
1335 5129 1423 5195 ἐξ.
1455 5148 1509 5183 τ.
1537 5147 1591 5184 τ.
1623 5133 1681 5187 ὑ.
1710 5133 1931 5201 φύσιν,

340 5217 498 5272 κατὰ
540 5216 660 5286 τὴν
701 5220 910 5272 εἰκόνα
954 5218 1068 5289 τῆς
1117 5220 1501 5291 ἑπωαζούσης
1544 5222 1671 5291 «Spir.
1720 5223 1936 5281 Plenior

343 5310 547 5375 versio,
581 5309 661 5363 Ad
686 5308 895 5363 similit.
928 5311 1060 5375 auis,
1089 5313 1460 5367 incubantibus
1500 5316 1626 5380 ovis,
1660 5332 1708 5368 υ.
1740 5314 1935 5369 Adria-

345 5418 446 5458 nus
480 5402 532 5457 in
561 5402 855 5474 Εἰσαγωγὴ
887 5405 968 5467 εἰς
1005 5404 1104 5468 τὰς
1137 5404 1288 5469 θείας
1329 5406 1586 5478 Γραφάς,
1625 5406 1930 5474 huiusmodi

2330 2904 2401 2943 ΔΙ)
2440 2903 2495 2943 ιν
2532 2905 2800 2948 ΗΟΙΙΙῙᾸΔΠ
2838 2908 2892 2946 IN
2930 2906 3314 2948 BEXAEIERON.

2119 3017 2237 3073 Col.
2268 3020 2336 3074 77
2378 3020 2421 3076 C
2465 3022 2556 3078 10.
2584 3025 2724 3079 Eia-1
2754 3043 2915 3093 τινες
2953 3028 3166 3093 πόλεις
3197 3042 3262 3079 π.
3299 3026 3474 3092 Quam
3504 3040 3639 3080 vera

2050 3109 2123 3164 sit
2162 3110 2277 3167 haec
2301 3117 2559 3183 assertio,
2593 3118 2753 3173 docet
2779 3118 2966 3173 Basilii
2995 3119 3169 3173 nostri
3210 3117 3420 3172 amicus
3463 3124 3520 3169 et
3553 3115 3643 3170 ia-

2047 3204 2281 3258 miliaris
2311 3204 2576 3262 Libanius
2610 3209 2665 3262 in
2693 3210 2945 3264 Monodia
2994 3224 3162 3278 super
3205 3208 3545 3267 Nicomedia,
3580 3216 3643 3260 et

2047 3295 2099 3349 in
2140 3295 2293 3352 Orat.
2325 3300 2463 3369 πρὸς
2493 3301 2622 3365 τοὺς
2655 3300 2811 3365 νέους
2859 3303 2991 3373 περὶ
3033 3301 3130 3354 τοῦ
3159 3300 3342 3368 λόγου,
3377 3316 3497 3368 qua:
3528 3301 3642 3353 hoc

2048 3402 2188 3442 anno
2220 3405 2250 3443 a
2286 3406 2370 3444 me
2399 3390 2589 3447 Grmce
2621 3401 2677 3447 et
2719 3391 2844 3448 Lat.
2888 3404 3017 3448 sunt
3058 3395 3248 3457 editas;
3304 3401 3358 3447 et
3405 3390 3467 3445 B.
3521 3393 3645 3445 Au-

2044 3480 2296 3546 gustinus
2330 3480 2581 3535 Enarrat.
2614 3485 2669 3536 in
2693 3489 2831 3552 psal.
2872 3499 2993 3547 cm,
3027 3484 3117 3537 ubi
3172 3483 3386 3547 scribit,
3414 3502 3432 3535 ι
3461 3480 3641 3535 Vide-

2047 3569 2116 3624 tis
2155 3571 2283 3638 quid
2322 3571 2485 3626 faciat
2527 3575 2747 3637 civitas.
2793 3574 2882 3629 ubi
2914 3576 3192 3629 abumlant
3220 3574 3572 3645 spectacula?
3612 3593 3633 3625 ι

2045 3661 2287 3731 Itemque
2336 3662 2395 3717 S.
2435 3664 2675 3719 Hilarius
2720 3668 2775 3718 in
2813 3667 2949 3733 psal.
2989 3676 3182 3733 exvrtl,
3213 3675 3401 3720 octon.
3429 3664 3528 3727 He,
3556 3664 3643 3718 De

2045 3753 2212 3807 oculis
2240 3769 2258 3808 :
2289 3754 2393 3819 Qui
2436 3757 2493 3809 in
2546 3756 2896 3810 theatralibus
2947 3758 3087 3810 ludis
3116 3758 3309 3825 captivi
3337 3756 3593 3809 incubant
3614 3795 3635 3822 ,

2043 3846 2132 3912 qui
2161 3846 2472 3899 circensium
2501 3847 2881 3901 certaminibus
2913 3850 3167 3901 serviunt.

2115 3938 2232 3992 Col.
2275 3938 2345 3993 80
2374 3940 2421 3993 A
2446 3940 2535 3996 15.
2575 3942 2755 4008 Ὄναρ
2790 3940 2944 4010 ὑπὲρ
2973 3941 3095 3997 τῶν
3140 3943 3340 3996 ἵππων
3364 3958 3512 4012 μαχ.
3549 3941 3637 3996 Ex

2046 4029 2410 4099 Aristophane
2447 4032 2506 4084 ὲν
2537 4031 2856 4100 Νεφέλαις.
2888 4034 3096 4103 Streps.

2266 4214 2281 4229 -
2760 4192 2816 4244 Ὀ
2844 4191 2912 4245 δὲ
2941 4192 3137 4260 κόμην
3167 4191 3322 4260 ἔχων

2231 4256 2554 4319 Ἱππάζεται
2578 4276 2643 4313 τε
2668 4262 2761 4314 καὶ
2797 4256 3270 4329 ξυνωρύιεϋετὰί,

2235 4330 2641 4398 Ὀνειροπολεῐ
2660 4332 2711 4387 θ’
2743 4333 2987 4397 ἵππους.

2112 4486 2232 4543 Col.
2269 4488 2332 4543 81
2384 4487 2449 4542 1).
2504 4489 2558 4544 5.
2596 4489 2755 4557 Πρὸς
2793 4491 2909 4559 τὴν
2930 4491 3131 4559 ρυτὴν
3158 4488 3403 4560 ἀφορῶν
3432 4507 3486 4546 τ.
3530 4489 3634 4546 Hic

2043 4582 2260 4636 eximite
2294 4582 2378 4636 vir
2424 4583 2753 4637 eruditionis
2805 4594 2861 4638 et
2907 4584 3177 4639 facundia:
3208 4583 3402 4639 Joach.
3440 4582 3631 4637 Perio-

2042 4676 2186 4743 nius,
2216 4676 2441 4731 notione
2471 4675 2567 4729 τοῦ
2600 4676 2822 4748 ἀφορῶν
2867 4693 2971 4731 nou
3021 4687 3297 4746 percepta,
3320 4676 3502 4731 docuit
3530 4677 3630 4729 ab—

2043 4769 2207 4824 surda
2241 4769 2723 4837 interpretatione,
2760 4789 2778 4820 ι
2804 4785 2966 4838 quam
3000 4770 3235 4823 humana
3289 4783 3483 4837 parum
3517 4784 3621 4820 na-

2041 4871 2163 4916 tura
2194 4862 2380 4916 videat
2409 4861 2710 4927 interdum,
2732 4881 2751 4915 ι
2790 4871 2850 4915 ut
2876 4872 3063 4915 monet
3102 4861 3354 4925 Flaccus,
3377 4860 3466 4929 qui
3496 4875 3625 4914 sen-

2044 4954 2269 5009 tentiam
2317 4954 2459 5008 hanc
2498 4953 2829 5008 Basilianam
2895 4953 3185 5008 admodum
3241 4952 3481 5007 illustrat
3539 4953 3629 5007 bis

2042 5047 2238 5102 versib.
2274 5046 2372 5117 Ep.
2405 5047 2472 5102 ad
2500 5045 2730 5102 Lollium
2771 5047 2796 5100 1
2835 5062 2850 5099 :

2190 5185 2438 5238 Rusticus
2462 5196 2726 5249 exspectat
2752 5186 2879 5237 dum
2911 5182 3107 5253 deﬂuat
3129 5183 3322 5245 amnis,
3347 5191 3404 5234 at
3430 5182 3520 5237 ille

2186 5253 2412 5308 Labitur
2445 5265 2492 5307 et
2520 5254 2728 5308 labetur
2758 5254 2813 5308 in
2835 5270 2986 5306 omne
3011 5254 3257 5307 volubilis
3283 5270 3471 5306 (rvunt.

2039 5390 2170 5457 Quis
2205 5390 2385 5459 aptius
2434 5397 2491 5443 et
2545 5386 2849 5459 elegantius
2895 5385 2997 5457 τὴν
3044 5386 3213 5458 ῥυτὴν
3256 5384 3365 5440 τῶν
3414 5383 3627 5443 ὑδάτων

347 5493 599 5550 Hebraici
632 5468 967 5551 charaeieris
997 5497 1194 5569 ἰδίωμα
1222 5468 1317 5550 sui.
1343 5468 1753 5569 τίῆςθιανοίσς,
1796 5516 1935 5554 ηυη-
1966 5468 2009 5525 υ

2088 5486 2232 5555 οῖραν
2267 5481 2536 5551 exprimat
2553 5479 2577 5533 ?

345 5595 508 5656 cupat
532 5585 640 5640 ἀπὸ
666 5588 936 5659 κινήσεως
968 5588 1316 5660 σωματικῶν,
1343 5590 1566 5644 velim?)
1590 5591 1803 5657 τόπων,
1847 5592 1930 5647 vel

351 5677 461 5731 ἀπὸ
516 5678 841 5748 στολισμῶν.
909 5679 1178 5737 Ausonius
1225 5681 1362 5737 scite
1405 5683 1689 5739 amulatus
1737 5694 1821 5739 est
1875 5684 1959 5741 in.

356 5767 711 5837 Enbetueride,

2109 5592 2225 5648 Col.
2257 5591 2325 5646 89
2359 5593 2403 5644 Α
2436 5591 2488 5643 7.
2534 5591 2895 5645 Ὠϐἐλισται·
2929 5593 2962 5645 ό
2999 5588 3068 5643 δὲ
3116 5591 3349 5656 όὸελός.
3404 5590 3625 5646 Αιίὶηιιη

2043 5693 2344 5737 transverso
2371 5682 2583 5734 calamo
2612 5678 2817 5749 signuni
2854 5682 2927 5734 ab'
2958 5680 3146 5735 ﬂerat.
3175 5680 3374 5734 dicitur
3406 5682 3476 5735 ad
3511 5679 3622 5735 Pis.

2045 5772 2342 5841 Ausonius,
2405 5771 2588 5842 Epigr.
2640 5773 2708 5827 ad
2756 5770 3041 5835 Pacatum,
3080 5768 3271 5825 Obelos
3323 5771 3623 5840 spuriormu
