3816 6210
198 334 341 392 III?

1725 328 1962 385 ΝΟΤᾸΕ.

3324 326 3463 381 1118

198 450 460 518 stigmata
516 454 692 500 vatum
739 458 915 501 vocat.
959 447 1152 500 Mirum
1214 455 1300 500 est
1348 454 1455 499 tam
1514 444 1778 513 insignem
1809 446 2070 513 Aitaque
2097 447 2163 499 ad
2184 446 2545 499 maturitatem
2578 444 2725 497 ducit
2762 458 2775 493 :
2814 461 2831 492 ι
2864 442 2965 495 huc
2992 440 3255 494 insectum
3288 437 3462 492 Graeci

201 537 401 592 Basilii
435 538 605 591 nostri
651 539 1182 593 animadversionem
1237 538 1463 592 latuisse
1507 536 1786 590 eruditiss.

203 642 273 683 ac
310 628 769 699 diligentissimus
804 631 1067 698 quosdam
1112 631 1262 684 viros
1310 628 1785 700 φιλιερογρὰφους.

527 776 596 815 AD
634 776 666 813 ν
704 776 969 815 ιιοιιιιιΔιι
1023 777 1078 815 IN
1108 776 1487 817 IIEXAEIIERON.

274 889 396 945 Col.
427 889 531 945 105
559 890 601 947 C
630 891 683 945 4.
716 891 861 945 Idem
915 903 1135 948 notatur
1186 909 1218 946 a
1271 890 1356 947 Jo.
1418 891 1700 962 Chrysost.
1736 894 1788 947 in

204 981 482 1052 Panegyri
509 982 563 1036 in
590 982 647 1035 S.
681 982 969 1037 Thomam.
1382 1002 1399 1017 ο

276 1074 418 1127 Ibid.
447 1073 490 1128 C
522 1073 577 1126 4.
608 1075 708 1128 Ἵν’
738 1075 806 1127 ἐκ
829 1073 935 1128 τοῦ
968 1075 1240 1144 ἀφανοῦς
1264 1075 1372 1141 τὰς
1399 1077 1533 1143 παρ’
1563 1075 1791 1129 ἑαυτῶν

200 1163 448 1233 ,βλάϐας
478 1166 605 1232 τοῖς
635 1167 1072 1235 ἁκεραιοτέροις
1098 1167 1458 1236 ἐμϐάλωσιν.
1500 1169 1610 1221 Ilor
1649 1170 1786 1221 idem

206 1257 403 1322 Basil.,
441 1268 572 1313 tom.
626 1258 689 1321 II,
731 1260 892 1329 epist.
946 1258 1092 1324 410,
1145 1261 1376 1328 appellat
1434 1260 1789 1322 καταπαίζειν

203 1347 318 1402 τῶν
358 1350 783 1423 ἀκεραιοτέρων,
810 1351 1030 1405 eludere
1052 1352 1271 1404 minime
1299 1350 1489 1404 malos.

276 1439 398 1495 Col.
430 1441 535 1495 105
563 1440 604 1493 Β
634 1442 688 1497 8.
713 1441 871 1495 Corr.
907 1443 1155 1513 ῥοδωνιαί
1187 1460 1241 1495 κ.
1261 1441 1448 1511 Virgil.
1487 1462 1505 1494 ι
1528 1444 1782 1498 rosaria»

206 1530 278 1584 Et
312 1533 457 1600 apud
504 1531 604 1590 Rei
646 1544 783 1588 rust.
835 1536 1053 1603 scripl.,
1106 1545 1164 1589 ut
1216 1535 1330 1600 hic,
1370 1553 1388 1585 ι
1414 1547 1613 1600 roseta,
1645 1550 1791 1606 myr-

212 1627 317 1691 thi,
354 1627 563 1682 laurus.
597 1647 617 1680 ι
1015 1634 1020 1639 ’

279 1716 401 1773 Col.
439 1718 541 1773 108
575 1720 621 1773 Α
660 1720 715 1775 5.
754 1719 809 1772 '0
840 1719 1238 1788 ὑποκείμενος
1283 1717 1364 1783 τῷ
1408 1720 1623 1786 φύλλῳ
1648 1720 1787 1772 κόκ-

208 1821 343 1873 κος,
395 1807 469 1861 ὃν
518 1809 747 1877 μίσχον
811 1808 971 1874 τινὲς
1024 1826 1077 1863 τ.
1136 1808 1274 1862 Hinc
1328 1808 1657 1878 Ilcsychium
1710 1810 1790 1864 sic

207 1897 443 1951 emenda
479 1916 494 1952 :
525 1899 767 1969 Μίσχος·
824 1897 969 1952 οὕτω
1020 1898 1304 1967 λέγουσιν,
1359 1892 1404 1966 ᾧ
1457 1900 1788 1971 συνήρτηται

207 1986 355 2059 πρὸς
380 1989 442 2041 τὸ
469 1990 635 2058 φυτὸν
657 1991 751 2044 καὶ
774 1993 802 2044 ό
827 1991 1037 2063 καρπὸς
1070 1992 1164 2044 καὶ
1188 1990 1248 2043 τὸ
1273 1990 1489 2060 φύλλον.
1523 1993 1730 2063 Μίσχος
1760 1991 1789 2043 ό

210 2080 369 2154 παρά
389 2082 469 2153 τῷ
497 2082 679 2155 φύλλῳ
722 2084 943 2162 κόκκος.
975 2104 992 2136 ι
1019 2083 1286 2138 Mischum
1326 2084 1626 2155 indigetant
1664 2101 1789 2152 gra-

210 2188 346 2227 num
375 2171 505 2228 folio
543 2176 862 2242 adhazrens;
901 2177 953 2230 id
1004 2175 1258 2230 videlicet
1313 2190 1420 2243 quo
1479 2174 1691 2231 fructus
1738 2185 1793 2231 et

210 2263 403 2320 folium
464 2279 707 2320 connexa
762 2275 887 2320 sunt
942 2266 1170 2335 plantze.
1202 2285 1221 2318 ι
1275 2264 1465 2321 Nonne
1510 2267 1627 2322 haec
1668 2282 1791 2323 cum

209 2353 508 2417 Basilianis
537 2358 711 2413 amice
731 2358 1056 2426 conjurant?

282 2446 423 2501 Ibid.
447 2448 489 2501 A
528 2448 614 2502 14.
646 2445 826 2503 Οἶνον
868 2448 1145 2517 γεννῶσα
1182 2451 1319 2519 susp.
1351 2449 1424 2505 XI
1452 2448 1576 2505 Iud.
1610 2451 1661 2504 in
1696 2466 1792 2520 pa-

213 2538 405 2593 rabola
451 2537 706 2594 Joathan.
749 2535 903 2594 εἶπεν
952 2541 1215 2611 ἄμπελος,
1270 2545 1471 2613 ἀφεῖσα
1523 2544 1613 2597 τὸν
1653 2538 1796 2597 οἶνόν

214 2644 345 2697 μου,
376 2626 476 2699 τὴν
508 2629 847 2701 εὐφροσύνην
896 2632 1003 2684 τῶν
1036 2631 1359 2704 ἀνθρώπων.
1400 2634 1621 2687 Fremat
1648 2638 1796 2688 Ana-

213 2719 430 2774 charsis
472 2719 620 2786 licet,
662 2716 802 2776 οἶνον
843 2717 982 2775 εἷναι
1026 2722 1171 2795 ὕδωρ
1225 2724 1396 2777 σαπὲν
1438 2723 1543 2777 ὑπὸ
1589 2722 1791 2794 φλοιοῦ.

221 2829 241 2862 ι
266 2811 480 2882 Aquam
528 2815 629 2868 sub
674 2817 877 2869 cortice
912 2826 1146 2884 putrem.
1170 2834 1190 2868 ι

285 2904 407 2960 Col.
442 2906 545 2962 109
571 2906 612 2960 D
650 2908 705 2961 ὅ.
752 2907 1052 2977 Ἐρέψιμα.
1091 2908 1394 2980 Hesychius
1422 2910 1641 2980 exponit
1676 2926 1797 2962 στε-

213 2998 453 3069 γάσιμα,
488 3016 508 3050 ι
535 2999 600 3053 ad
654 3008 784 3054 lect.
828 3014 965 3068 opus
1003 2999 1195 3070 tigilla,
1244 3001 1480 3071 tignave.
1509 3021 1528 3053 ι
1562 3002 1694 3056 lhid.
1738 3002 1794 3057 d.

1893 537 2039 608 ψῆνα
2067 549 2264 592 vocant
2295 554 2308 590 :
2343 539 2445 590 hoc
2471 537 2765 590 etiamnum
2804 535 2854 587 in
2891 548 3020 601 agro
3050 530 3463 597 Constantinop.

1894 630 1960 682 ad
2011 644 2165 683 usum
2218 629 2487 693 adhiberi,
2515 627 2781 680 αὐτόπται
2816 624 3119 689 ἀξιόπιστοι
3151 622 3280 676 mihi
3316 631 3459 674 retu-

1892 720 2089 775 lerunt.

1965 811 2081 864 Col.
2113 810 2211 869 1,13
2251 810 2290 861 A
2321 809 2405 862 10.
2439 807 2562 874 Τὴν
2588 803 2964 873 ἐντεριώνην.
3003 800 3290 871 llesychio.
3317 801 3469 852 ὲντε-

1896 899 2083 971 ριὼνη,
2133 899 2194 953 τὸ
2247 899 2396 962 ἐντὸς
2444 898 2535 951 τοῦ
2598 897 2790 967 ἀγρίου
2835 893 3042 958 σικύου,
3099 892 3131 964 ἦ
3173 892 3240 944 τὰ
3294 890 3461 943 ἔνδον.

1897 994 2057 1045 Ἤτοι
2103 992 2165 1044 τὸ
2200 992 2362 1062 μέσον
2393 990 2486 1042 τοῦ
2519 990 2673 1054 ξύλου
2702 988 2928 1059 καρδίαο
2962 988 3011 1038 oi
3045 985 3102 1036 δὲ
3138 982 3352 1054 μυελός.
3391 982 3466 1035 De

1895 1084 2192 1138 meditullio
2258 1084 2464 1145 corde,
2527 1080 2872 1149 medullaque
2934 1076 3143 1131 fructus
3202 1086 3259 1129 et
3309 1075 3461 1145 ligni,

1895 1183 2206 1240 usurpatur.
2647 1188 2650 1192 ’

1961 1263 2098 1318 Ibid.
2142 1262 2183 1318 C
2223 1263 2276 1319 8.
2302 1261 2433 1332 Leg.
2466 1264 2527 1315 ἐν
2565 1258 2858 1330 ἀψινθίῳῆ
2906 1276 2992 1311 ex.
3043 1256 3255 1310 Festive
3303 1253 3465 1308 ἀπίν-

1892 1354 2006 1409 θιον
2055 1355 2193 1423 apud
2246 1355 2488 1409 comicos
2518 1351 2640 1418 Gr.,
2672 1352 2816 1421 quod
2856 1352 3099 1404 bibentes
3129 1348 3258 1401 illud
3301 1345 3460 1399 Iasti-

1890 1446 2062 1510 diant,
2094 1446 2162 1499 ob
2201 1445 2464 1513 insignem
2516 1444 2847 1505 amaritiem,
2884 1455 3044 1509 quam
3092 1439 3175 1492 hic
3229 1436 3465 1508 ἐσχάτην

1891 1538 2197 1609 πικρότητα
2258 1538 2440 1599 dixit,
2501 1536 2642 1591 unde
2696 1533 3027 1604 βαθύπικρον
3094 1538 3464 1597 nuncupatur;

1889 1632 2029 1700 quod
2064 1631 2415 1685 scammoniae
2446 1644 2665 1698 quoque
2707 1626 2960 1693 congruit
2993 1625 3098 1678 :de
3131 1637 3233 1692 qua
3282 1620 3461 1673 Diosc.

1888 1723 1926 1775 1.
1979 1738 2053 1786 tv,
2094 1737 2214 1791 cap.
2256 1722 2383 1775 261.
2432 1721 2548 1776 Cic.
2583 1736 2600 1774 ι
2630 1718 2707 1772 De
2754 1718 2887 1781 div.,
2922 1717 2987 1770 Et
3011 1716 3205 1784 Georg.
3235 1712 3463 1774 Pisides,

1891 1812 2224 1884 Cosmurgite
2251 1828 2393 1868 vers.
2432 1812 2560 1877 929,
2590 1808 2992 1881 ἀσκαμμωνίαν
3026 1815 3223 1861 vocat:

2037 1948 2242 2018 Τράγο(
2270 1949 2369 2001 καὶ
2408 1946 2525 2014 τὴν
2562 1946 2831 2018 ἄπεπτον
2859 1940 3294 2018 ιξσκαμμωγΙαν
3324 1946 3333 1955 ⁸

2032 2011 2443 2085 Δειπνοῦντες,
2471 2011 2811 2070 Ἴέκπτύουσι
2838 2014 2953 2081 τὴν
2978 2011 3265 2079 ἀπεψίαν.

1897 2177 2048 2244 Quod
2087 2174 2478 2244 interpretatus
2513 2171 2639 2225 olim
2676 2184 2815 2236 sum,

2035 2312 2186 2367 Haedi
2228 2325 2389 2379 usque
2408 2304 2662 2379 difﬁcilem
2687 2317 2819 2379 cum.
2846 2301 3005 2379 edunt
3030 2294 3430 2356 scammoniam,

2035 2382 2160 2436 Cibo
2192 2372 2312 2434 Iwc'
2333 2372 2539 2431 dolores
2568 2373 2846 2427 cruditatis
2873 2372 3093 2423 leniunt.

1968 2542 2098 2597 Ibid.
2128 2541 2216 2594 1t.
2264 2538 2360 2590 Ἐν
2395 2534 2525 2600 ταῖς
2567 2531 2949 2600 Τερεϐιί·οοις.
2982 2526 3058 2580 Ex
3099 2518 3373 2590 Theophr.
3411 2529 3471 2569 III

1895 2636 1972 2691 De
2014 2635 2067 2687 h.
2113 2650 2166 2701 p.
2215 2630 2340 2685 Lat.
2396 2628 2560 2682 scrib.
2612 2626 2667 2679 in
2722 2619 3070 2676 Terebinthis.
3120 2614 3320 2675 Diosc.,
3360 2608 3470 2701 1.-1,

1894 2696 2181 2800 τέρμινθον
2230 2730 2480 2792 usurpat.
2518 2719 2577 2772 Et
2616 2715 2850 2784 Hesych.
2900 2704 3257 2800 Τερέμινθος,
3309 2696 3475 2769 φυτὸν

1896 2796 2138 2889 ἐμᾲερὲς
2176 2812 2253 2882 τῷ
2281 2811 2431 2881 λίνῳ,
2472 2806 2533 2871 ἐξ
2552 2800 2611 2859 οὗ
2642 2803 2931 2857 πλέκουσιν
2975 2796 3245 2866 Ἀθηναῖοι
3271 2802 3476 2859 παρορ-

1901 2884 2055 2981 μίας..
2098 2924 2117 2958 ι
2141 2906 2319 2974 Stirps
2346 2910 2430 2957 est
2458 2897 2717 2953 assimilis
2764 2894 2912 2957 lino;
2946 2889 3088 2949 unde
3114 2884 3475 2940 Athenienses

1896 2977 2187 3056 nectebant
2207 2993 2489 3049 monilium
2522 2986 2869 3059 appendices.
2907 3001 2927 3035 ι
2955 2980 3049 3035 Sic
3080 2977 3224 3033 enim
3252 2980 3473 3026 autumo

214 3090 269 3146 9.
313 3089 396 3143 Τὰ
428 3089 526 3160 μὲν
567 3090 836 3161 μονόλοπα
856 3090 946 3145 att’).
982 3089 1126 3145 Idem
1161 3089 1463 3161 Hesychius
1488 3093 1791 3164 μονόλωπα,

1914 3089 2213 3162 παρορμίας
2250 3087 2338 3141 hic
2372 3082 2567 3151 accipi,
2597 3079 2811 3132 tametsi
2849 3073 3015 3130 dictio
3055 3082 3177 3123 rara
3205 3073 3258 3120 et
3287 3076 3478 3130 suspe-

217 3182 569 3253 μονόδερμα,
639 3182 1013 3254 μονοχίτωνα,
1075 3184 1330 3253 explicat.
1374 3185 1551 3249 Λοπός
1618 3187 1792 3241 eidem

214 3272 530 3342 aequipollet
555 3271 827 3343 λεπισμῷ.
863 3272 1055 3343 Itaque
1103 3274 1451 3328 scribeudmn
1490 3276 1669 3344 potius
1700 3293 1796 3347 μο-

216 3363 443 3428 νόλοπα,
482 3363 549 3418 de
583 3363 781 3432 plantis
817 3364 974 3417 unica
1023 3362 1341 3417 membrana
1395 3367 1647 3420 tuuicave
1681 3369 1796 3420 cin-

217 3454 326 3511 ctis
372 3452 592 3517 Fabius,
631 3452 684 3506 in
716 3451 952 3505 Declam.
988 3466 1090 3507 xm
1129 3449 1329 3515 Ραιινη
1364 3453 1586 3507 lloribns
1631 3457 1793 3510 etiam

219 3546 438 3599 tunicas
467 3544 678 3598 tribuit.
707 3542 905 3607 Λῶπος
935 3552 1117 3596 tamen
1164 3534 1397 3598 amicius
1430 3547 1610 3613 quivis
1657 3549 1796 3603 dici-

216 3647 331 3704 tur,
367 3637 587 3711 pallium
631 3636 850 3706 proprie
885 3653 899 3690 :
932 3636 1074 3690 unde
1100 3634 1407 3690 λωποδύται
1446 3642 1759 3709 nuncupati.

292 3728 411 3784 Col.
462 3728 565 3782 112
596 3728 639 3780 Α
688 3726 774 3780 15.
803 3725 1118 3795 Σπέρματα
1165 3726 1284 3780 τῶν
1323 3729 1454 3797 ἀρῤ.
1496 3730 1636 3797 τοὺς
1665 3736 1795 3803 λεν.

216 3818 448 3891 ψῆνας.
484 3818 721 3887 IIcsych.
747 3818 799 3872 id
825 3818 897 3870 ita
936 3818 1130 3883 lirmat,
1163 3828 1222 3872 ut
1250 3819 1378 3873 hinc
1407 3823 1799 3892 deprompsisse

219 3912 472 3965 videatur
505 3925 518 3961 :
545 3906 722 3978 ψῆνας
768 3905 836 3959 τὰ
892 3905 1182 3977 σπέρματα
1216 3908 1325 3961 τῶν
1353 3908 1598 3980 ἀρρένων
1624 3900 1802 3980 φοινί-

218 4018 359 4056 κων.
410 3999 535 4055 Mox
580 3997 938 4070 ἀνορθοῦσθαι
972 3999 1104 4053 πάλ.
1153 3998 1413 4055 Libanius
1461 4002 1512 4055 in
1547 4002 1800 4063 Encomio

221 4095 437 4169 palma’,
462 4108 516 4162 p.
544 4093 578 4146 5
604 4092 699 4145 Gr.
724 4092 857 4145 edit.
901 4102 1098 4145 nostra:
1130 4107 1144 4143 :
1191 4091 1249 4143 Ὀ
1282 4091 1457 4160 φοίνιξ
1495 4092 1629 4162 ὑψοῦ
1665 4095 1800 4164 πρό-

223 4202 354 4250 ε.σι,
389 4186 485 4238 καὶ
534 4183 639 4253 γῆς
676 4183 857 4253 ἀνέχει
912 4183 981 4235 τά
1032 4183 1293 4253 μάλιστα·
1329 4186 1422 4237 καὶ
1461 4186 1591 4255 παρ’
1615 4186 1798 4251 αὐτὸν,

223 4278 303 4341 ὡς
335 4278 531 4342 εἰπεῖν,
586 4275 722 4328 ἰέναι
776 4274 995 4327 σπεύδει
1055 4275 1147 4328 τὸν
1204 4276 1460 4347 ούρανόν’
1495 4278 1715 4331 «Palma
1750 4280 1801 4331 in

226 4372 397 4425 altum
453 4383 513 4422 se
563 4366 751 4436 erigit,
813 4368 1089 4435 humoque
1135 4368 1344 4422 extollit
1394 4369 1804 4425 admodum:et

226 4464 297 4517 ad
349 4461 547 4531 ipsum,
595 4433 759 4512 ut‘ita
812 4433 1016 4524 dicam,
1053 4458 1250 4511 coelum
1304 4473 1532 4528 pergere
1582 4468 1805 4514 conten-
1838 4481 1882 4534 ι)
1986 4438 2125 4508 ριιίά
2165 4433 2420 4534 ῖιῑξιιῂίη
2463 4443 2629 4532 9³⁸⁵³
2659 4436 2869 4534 ch-fur
2902 4433 3091 4523 διξοιοτ

229 4556 330 4610 dit.
359 4572 377 4604 ι
416 4551 581 4605 Addit
624 4550 766 4605 idem
818 4549 990 4604 solum
1041 4549 1275 4618 palmam
1327 4549 1601 4603 surculum
1634 4550 1687 4604 in
1717 4567 1808 4606 ca-

230 4648 342 4716 pite
399 4658 749 4707 conservare,
808 4642 969 4712 μόνος
1015 4642 1135 4694 κατ’
1166 4640 1296 4695 εὐθὺ
1344 4642 1547 4713 προῖὼν
1595 4644 1687 4696 ἐπὶ
1713 4644 1815 4714 τῆς

231 4737 478 4810 κεφαλῆς
509 4732 795 4799 διασώζειν
824 4733 922 4805 τὴν
957 4733 1199 4805 κεφαλήν
1226 4748 1239 4761 ·
1287 4748 1355 4787 ex
1403 4732 1678 4802 Theophr.
1720 4736 1813 4791 lib.

232 4846 289 4894 tv
320 4829 488 4895 Hist.,
538 4844 589 4882 c.
615 4827 709 4891 25,
755 4826 844 4879 ubi
897 4835 1074 4877 tamen
1130 4823 1431 4893 ἐγκέφαλος
1463 4826 1679 4894 legitur,
1712 4843 1816 4880 non

231 4919 468 4990 κεφαλή.
496 4916 672 4980 Philo,
708 4932 723 4970 ι
757 4915 835 4969 De
864 4914 971 4968 vita
1005 4913 1167 4978 Mos.,
1206 4915 1456 4988 καρδίαν,
1490 4931 1607 4977 cor,
1637 4919 1813 4969 nomi-

233 5023 360 5067 nat:
394 5010 573 5075 Φοίνιξ
598 5009 696 5079 τὴν
718 5006 956 5079 ζωτικὴν
978 5005 1091 5077 ἔχει
1111 5006 1365 5077 δύναμιν,
1395 5008 1495 5062 οὐκ
1528 5011 1586 5063 ὲν
1611 5008 1813 5080 ῥίζαις,

232 5104 425 5174 ὥσπερ
457 5102 550 5155 καὶ
588 5100 658 5154 τά
694 5100 828 5154 ἀλλα
870 5098 1031 5168 φυτὰ,
1084 5098 1222 5151 ἀλλά
1267 5098 1566 5168 ἁνώφυτον,
1594 5100 1819 5170 καρδίας

231 5196 454 5267 τρόπον,
485 5195 542 5248 ὲν
570 5191 650 5263 τῷ
684 5191 995 5263 μεσαιτάτῳ
1021 5188 1130 5242 τῶν
1158 5190 1476 5260 ἀκρεμόνων
1505 5191 1618 5262 ἱδρυ
1629 5191 1815 5262 μένην.

205 5286 402 5361 ⁸Ρειιιιιι
461 5292 583 5352 post
635 5284 701 5338 de
736 5281 894 5337 licub.
928 5282 978 5335 oi
1025 5279 1083 5334 δὲ
1124 5282 1250 5344 τοὺς
1281 5280 1534 5344 ὀλύνθους
1557 5281 1820 5353 ἐκδήσαν-

230 5392 346 5441 τες,
372 5391 424 5428 τ.
462 5372 731 5428 ElI'ectum
773 5372 936 5442 hujus
980 5371 1198 5426 artiﬁcii
1257 5372 1323 5425 ad
1373 5386 1592 5425 causam
1653 5374 1814 5426 etiam

235 5462 544 5519 naturalem
599 5460 765 5515 refert
812 5459 1116 5530 Hesychius
1169 5460 1220 5513 in
1259 5456 1544 5527 ψηνίζων.
1579 5460 1817 5519 Ἔστινὸ

232 5552 343 5624 ψὴν
372 5547 511 5615 εἶδος
547 5547 688 5615 ξώου
727 5550 909 5620 ὅμοιον
945 5547 1189 5613 κώνωπι,
1234 5547 1263 5601 ὃ
1290 5546 1557 5601 εἰσδύεται
1582 5549 1662 5612 είς
1693 5550 1820 5614 τοὺς

234 5643 492 5707 ὀλύνθους
520 5643 631 5697 τῶν
658 5642 863 5706 σύκων,
893 5643 990 5696 καὶ
1038 5640 1292 5696 πεπαίνει
1319 5639 1537 5705 αὐτούς.
1574 5659 1594 5693 ι
1624 5641 1819 5697 Insecti

245 5735 458 5814 species
507 5734 702 5792 similis
759 5734 920 5792 culici
977 5743 1221 5797 penetrat
1260 5734 1313 5791 in
1344 5748 1564 5805 grossos
1589 5732 1812 5805 ﬁcuum,

1900 3195 1984 3240 cta
2011 3184 2100 3238 sit.
2134 3180 2176 3233 A
2207 3175 2477 3231 Nicandro
2505 3169 2756 3244 τρίμιθος
2786 3168 2952 3222 etiam
2976 3169 3224 3216 vocatur.

1972 3275 2089 3333 Col.
2125 3273 2227 3327 115
2272 3270 2314 3325 C
2358 3269 2412 3323 5.
2457 3266 2609 3333 Quod
2645 3263 2711 3315 ad
2762 3261 2937 3314 locmn
2990 3251 3237 3309 Ieremize
3263 3246 3476 3307 attinet,

1902 3386 2023 3439 cap.
2058 3382 2192 3429 ιιι-ιι,
2239 3380 2289 3416 v.
2323 3362 2376 3425 6,
2420 3375 2525 3413 non
2557 3355 2780 3426 μυρίκη
2810 3353 2861 3404 in
2890 3364 3029 3422 vers.
3056 3342 3199 3401 LXX
3249 3341 3475 3439 Interp,

1902 3427 1995 3516 sed
2022 3427 2411 3527 ἀγριομυρίκη
2445 3448 2662 3517 legitur,
2706 3444 2876 3497 ἔσται
2914 3440 2994 3506 ὡς
3024 3439 3063 3506 ἠ
3093 3427 3477 3504 ἁγριομυρίκη

1902 3552 1942 3620 ἡ
1977 3550 2046 3603 ἐν
2074 3545 2149 3615 τῇ
2183 3541 2403 3614 ἐρήμῳ.
2437 3541 2511 3594 De
2542 3536 2794 3605 iunipero
2830 3530 3113 3585 Πρω-ηἰοω
3149 3527 3367 3620 lingua:
3383 3532 3479 3620 pe-

1903 3608 2124 3698 ritiores
2176 3608 2452 3705 accipiunt
2479 3633 2541 3685 τὸ
2567 3637 2755 3691 '1';th
2796 3624 2900 3693 qua
2936 3621 3170 3676 dictione
3201 3632 3297 3672 rex
3329 3608 3483 3666 Psal-

1904 3731 2234 3804 mographus
2271 3741 2404 3783 usus
2443 3735 2525 3778 cst
2570 3720 2707 3790 psztl.
2761 3734 2834 3782 CI,
2878 3716 2962 3769 vel
3007 3723 3067 3767 ut
3096 3710 3262 3765 llehr.
3295 3718 3482 3759 nume-

1904 3799 2029 3881 rant
2079 3799 2175 3886 cit,
2205 3820 2295 3874 ubi
2337 3816 2615 3872 contrario
2648 3827 2809 3867 sensu
2862 3805 3098 3862 humiles
3127 3799 3361 3870 myricas
3384 3809 3481 3862 ap—

1906 3917 2072 3987 pellat
2118 3908 2407 3971 ταπεινοὺς
2479 3906 2573 3959 καὶ
2652 3899 2966 3972 ἀκεραίους,
3021 3908 3250 3966 quorum
3298 3900 3486 3958 preces

1908 3977 2050 4061 I)eus
2084 4003 2347 4059 exaudire
2371 3997 2526 4060 solet,
2554 3995 2824 4065 quomodo
2871 3991 2999 4045 olim
3031 4000 3247 4041 versum
3269 3981 3336 4035 57
3364 3977 3487 4034 Sta-

1910 4102 1968 4154 tii
1994 4096 2339 4167 eXpnsuimus
2363 4107 2393 4145 e
2430 4090 2617 4160 Sylvia
2656 4088 2711 4140 in
2742 4084 2970 4153 Epulum
3006 4077 3294 4133 Domitiani
3322 4090 3341 4128 :

2020 4230 2262 4296 Namque
2318 4227 2523 4279 animas
2555 4222 2769 4294 (superi)
2798 4235 2932 4285 stirpe
2958 4216 3207 4269 exaudire
3256 4209 3481 4262 minores

2014 4304 2367 4357 Μίκωνα..

3118 4425 3301 4472 noster
3322 4426 3486 4466 accu-

1916 4531 2097 4584 ratiss.
2136 4528 2188 4580 in
2231 4520 2535 4593 Scripturis
2561 4518 2733 4573 sacris
2764 4513 3011 4569 Ieremia:
3052 4510 3270 4575 quidem
3302 4513 3486 4559 aucto-

1914 4623 2131 4677 ritatem
2163 4614 2495 4677 adhibuerit,
2533 4609 2773 4665 Davidici
2803 4623 2928 4661 vero
2952 4604 3135 4677 hymni
3157 4615 3258 4654 non
3296 4595 3486 4651 memi-

1913 4712 2093 4767 nerit?
2138 4709 2273 4775 Quia
2329 4707 2585 4760 nimirum
2620 4700 2763 4756 LXX
2796 4700 3023 4766 interpr.
3066 4693 3285 4748 Cra-cos
3327 4690 3490 4743 duces

1915 4805 2268 4874 sequebatur,
2301 4800 2354 4853 hi
2396 4809 2575 4852 autem
2604 4796 2655 4849 in
2687 4792 2922 4849 Ieremia
2968 4789 3073 4842 vim
3109 4782 3350 4837 vocabuli
3386 4780 3491 4834 He-

1916 4897 2043 4949 ltrzei
2072 4901 2491 4961 expresserant;
2530 4890 2580 4941 in
2634 4884 2832 4940 Davide
2888 4895 3025 4941 vero
3048 4892 3151 4930 non
3184 4876 3335 4938 item,
3366 4886 3489 4925 cum

1914 4987 2031 5041 loco
2078 4980 2347 5055 μυρικῶν,
2384 4977 2764 5032 substituerint
2803 4973 2865 5026 τὸ
2894 4968 3183 5024 ταπεινῶν.
3224 4966 3490 5020 (Sa-ternm

1913 5078 2055 5146 quod
2114 5073 2175 5127 Β.
2234 5072 2464 5126 Basilius
2516 5070 2604 5123 hic
2652 5065 2948 5136 proposuit,
2981 5063 3079 5134 τὴν
3114 5058 3348 5131 μυρίκην
3380 5057 3495 5118 τοῖς

1914 5164 2189 5236 φιλύδροις
2244 5155 2719 5231 συναριθμεῖσθαι,
2774 5153 3040 5211 ﬁrmatur,
3106 5150 3156 5200 in
3210 5160 3311 5198 tus.
3374 5157 3495 5195 meo

1916 5233 2039 5312 cod.
2079 5233 2169 5324 τῷ
2218 5252 2360 5305 πάνυ
2416 5246 2664 5302 παλαιῶν
2692 5244 2914 5309 λέξεων,
2952 5238 3256 5309 hujusmodi
3289 5233 3494 5286 deseti-

1913 5350 2113 5419 ptione,
2154 5346 2400 5418 Μυρίκη,
2449 5342 2644 5414 βοτάνη
2670 5340 2962 5410 ἄχρηστος,
3014 5327 3493 5404 κυπαρισσοειδὴς,

1913 5441 2324 5512 περιπεφυκυῖα
2364 5439 2422 5490 ὲν
2473 5434 2775 5503 ποταμοίςο
2818 5449 2835 5481 ι
2866 5428 3088 5499 Myrice,
3138 5425 3317 5494 planta
3351 5419 3493 5482 vilis,

1914 5532 2161 5603 cnprcssi
2190 5531 2394 5600 specie,
2420 5526 2723 5581 innascitur
2752 5531 2967 5592 propter
2995 5517 3238 5572 ﬂumina.
3266 5533 3287 5569 ι

2200 5659 2268 5699 AD
2309 5658 2361 5695 Vl
2406 5652 2669 5694 IIOIIlLIAII
2711 5652 2762 5690 IN
2802 5646 3186 5689 IIEXAEIIERON.

1988 5735 2103 5794 Col.
2140 5736 2237 5791 117
2268 5735 2326 5791 Β.
2367 5731 2688 5805 Ἀκροατὴν
2726 5727 3035 5803 προσῆκεν
3060 5726 3296 5783 οἴκοθεν
3327 5721 3503 5823 ἔχειν.
