3816 6210
386 330 522 387 1119

1763 351 1919 408 FED.
1960 354 2268 411 MORELLI
2304 392 2311 400 κ

3498 372 3647 430 ΝΞΟ

377 444 479 513 ἢκ.
511 445 785 505 Plutarcb.
837 452 888 506 in
940 454 1218 512 dissertat.
1256 462 1395 529 Περὶ
1453 464 1561 519 τοῦ
1598 465 1864 535 ἀκούειν,
1898 470 1931 524 it

2073 487 2159 529 tas
2206 489 2401 529 causas
2443 488 2608 527 unum
2641 474 2934 532 circuitum
2966 479 3095 535 solis
3123 480 3303 538 eﬂ‘ecit
3326 487 3643 554 sapientiss.

375 538 622 595 eamdem
683 544 1005 597 sententiam
1058 549 1270 612 scribit,
1311 551 1361 603 οἳ
1403 552 1498 606 τοῦ
1550 556 1648 626 μὲν
1703 557 1956 627 λέγοντος

371 625 577 680 οἴονταί
605 645 658 682 τι
704 630 865 702 ἔργον
896 628 1058 699 εἶναι,
1086 637 1179 691 τοῦ
1211 639 1267 693 δὲ
1308 625 1597 710 ἀκούοντος
1622 625 1806 704 οὐδέν·
1838 651 1956 706 ἀλλ’

372 712 580 769 ἐκεῖνον
615 718 713 787 μὲν
748 720 987 785 ἀξιοῦσιν
1029 727 1185 796 ἥκειν
1232 737 1626 802 πεφροντικότα
1685 740 1776 793 καὶ
1812 759 1952 813 παρ-

372 809 793 878 εσκευασμένον,
822 815 975 868 αὐτοὶ
1004 817 1061 871 δὲ
1081 819 1343 876 ἄσκεπτοι
1378 827 1472 879 καὶ
1502 828 1817 899 ἀφρόντιδες
1845 833 1954 886 τῶν

371 894 723 995 καθηκόντων
771 904 1101 973 ἐμϐαλόντες
1157 914 1500 983 καθέζονται,
1547 894 1812 995 καθάπερ
1828 926 1954 979 ἀτε-

369 984 511 1053 χνῶς
548 988 641 1042 ἐπὶ
687 991 901 1048 δεῖπνον
948 998 1175 1069 ἥκοντες
1220 1001 1278 1058 εὖ
1331 1007 1541 1072 παθεῖν,
1605 1014 1953 1085 πονουμένων

367 1076 593 1148 ἑτέρων.

437 1169 551 1265 001.
587 1172 688 1225 117
713 1173 754 1229 0
784 1176 836 1230 4.
875 1181 970 1247 Τίς
998 1185 1031 1236 ό
1052 1184 1177 1251 τοῖς
1206 1187 1421 1245 ἄνθεσι
1450 1208 1503 1247 τ.
1538 1192 1946 1265 διαποικίλας.

364 1257 610 1315 Allusum
645 1268 711 1318 ad
741 1282 953 1325 versum
980 1272 1201 1332 Homer.
1232 1278 1395 1335 Iliad.
1422 1284 1483 1350 Σ,

375 1396 473 1451 Ἐν
498 1398 567 1453 δὲ
603 1401 674 1457 τὰ
704 1405 897 1475 τείρεα
922 1408 1140 1476 πάντα,
1176 1412 1298 1467 τάτ’
1332 1418 1586 1486 οὐρανὸς
1614 1421 1949 1566 ἐστεφάνωὶ

1806 1510 1918 1547 ται.

1806 1510 1918 1547 ται.

367 1598 506 1657 Hinc
532 1613 618 1659 est
655 1610 797 1678 quod
820 1609 1118 1668 Columella
1149 1615 1200 1670 in
1230 1615 1425 1686 Horto,
1467 1619 1504 1674 1.
1537 1637 1591 1690 ι,
1626 1624 1945 1679 «terrestria

364 1693 545 1748 sidera
587 1695 744 1753 liores
770 1717 788 1750 ι
822 1703 1059 1757 vocavit.

2059 571 2222 629 atque
2254 563 2540 630 Optimum.
2577 581 2595 613 ι
2628 562 2803 630 Philo,
2839 564 2992 619 initio
3034 568 3190 635 primi
3235 572 3376 639 Περὶ
3416 589 3650 643 parap-

2056 657 2229 724 χίας,
2299 656 2384 709 his
2440 654 2623 709 verbis
2679 655 2912 711 illustrat
2968 658 3110 714 hanc
3168 662 3592 731 disputationem
3627 684 3645 720 :

2068 747 2290 810 Ἰδόντες
2337 747 2492 818 ἡλίου
2549 746 2650 818 μὲν
2697 748 2947 819 προόδοις
2990 752 3084 805 καὶ
3124 753 3509 827 ἀναχωρήσεσι
3540 760 3649 824 τὰς

2054 838 2307 910 ἐτησίους
2350 838 2498 912 ὥρας
2534 842 2952 912 συνισταμένας,
2999 844 3058 897 ὲν
3092 840 3182 910 αἶς
3209 847 3303 900 καὶ
3343 849 3498 913 ζώων
3543 852 3648 904 καὶ

2055 931 2239 1000 φυτῶν
2273 932 2367 985 καὶ
2395 931 2627 1003 καρπῶν
2657 935 2903 1001 γενέσεις
2934 935 3256 1008 ὡρισμένων
3301 941 3511 1012 χρόνων
3540 962 3646 996 πε-

2057 1022 2249 1093 ριόδοις
2297 1014 2781 1094 τελεσφοροῦνται·
2833 1026 3064 1099 σελήνην
3120 1028 3164 1082 δ’
3215 1032 3493 1104 ὑπηρέτην
3542 1037 3643 1088 καί

2050 1115 2294 1186 διάδοχον
2331 1115 2506 1186 ἡλίου,
2538 1116 2754 1190 νύκτωρ
2782 1120 2883 1189 τὴν
2922 1122 3245 1190 ἐπιμέλειαν
3278 1126 3373 1178 καὶ
3394 1144 3643 1198 προσταο

2052 1206 2172 1259 σίαν
2210 1206 2578 1276 ἁνειληφυῖαν,
2626 1202 2701 1263 ὧν
2755 1210 2874 1281 μεθ’
2907 1213 3118 1285 ἡμέραν
3147 1214 3320 1285 ἥλιον,
3368 1220 3463 1273 καὶ
3508 1221 3644 1284 τοὺς

2049 1297 2240 1361 ἄλλους
2272 1299 2528 1371 ἀστέρας,
2565 1301 2709 1355 κατὰ
2742 1304 2842 1374 τὴν
2885 1305 3022 1376 πρὸς
3053 1305 3123 1359 τὰ
3159 1308 3381 1376 ὲπίγεια
3414 1314 3643 1382 συμπά-

2049 1384 2218 1448 θειαν,
2238 1387 2407 1457 μυρία
2434 1388 2543 1442 τῶν
2575 1390 2668 1442 ἐπὶ
2687 1391 2915 1465 διαμονῇ
2937 1395 3031 1447 τοῦ
3054 1397 3321 1468 παρόντος
3347 1400 3644 1472 ἐνεργοῦν-

2046 1477 2144 1540 τάς
2164 1494 2223 1529 τε
2260 1479 2354 1531 καὶ
2385 1479 2650 1549 δρῶντας,
2689 1482 2889 1537 πλάνον
2925 1485 3310 1559 ἐπλανήθησαν
3342 1492 3639 1563 ἀνήνυτον,

2049 1568 2244 1638 μόνους
2276 1566 2415 1622 εἶναι
2448 1571 2671 1635 τούτους
2693 1572 2849 1638 θεοὺς
2882 1576 3348 1650 ὑποτοπήσαντες.

2115 1661 2249 1716 Ibid.
2300 1663 2339 1716 Β
2389 1663 2441 1717 9.
2478 1664 2717 1735 Σελήνη
2742 1666 2860 1734 μὲν
2902 1667 3000 1722 ἐπ.
3053 1672 3243 1726 Annus
3267 1674 3355 1729 hic
3384 1690 3489 1730 non
3518 1684 3637 1731 tam

2046 1750 2256 1807 lunaris
2294 1770 2455 1824 quam
2498 1773 2672 1812 annus
2702 1760 2909 1813 dierum
2938 1762 3005 1814 ab
3034 1760 3276 1821 Hebraeis
3319 1767 3639 1834 dicebatur,

436 1827 553 1883 Col.
609 1832 705 1887 121
747 1834 790 1886 Α
846 1835 899 1889 5.
943 1839 1028 1892 Οὐ
1075 1839 1188 1910 γὰρ
1241 1845 1515 1910 τορευταὶ
1572 1848 1633 1899 λ.
1677 1845 1931 1902 Germana

2073 1849 2191 1914 μιοά
2219 1850 2335 1918 ejus
2365 1853 2480 1908 dies
2509 1855 2775 1925 explorati
2829 1869 3016 1913 essent
3049 1860 3195 1926 365;
3241 1877 3458 1918 menses
3493 1864 3637 1918 nulli

362 1915 489 1973 lect.
535 1924 840 1993 τορνευταί,
889 1941 1049 1995 quam
1095 1941 1315 1986 secutus
1358 1942 1445 1988 est
1496 1934 1788 2005 interpres.
1840 1937 1943 1992 He-

358 2010 510 2080 sych.
544 2017 846 2085 τορνευταὶ,
883 2019 1137 2088 γλύπται.
1176 2023 1486 2095 Τορνεύειν,
1522 2027 1769 2097 γλύφειν.
1804 2031 1941 2084 Ara-

357 2103 454 2158 bes
488 2104 556 2158 ab
586 2106 687 2161 hac
729 2124 862 2164 voce
907 2114 1219 2168 caelaturam
1256 2119 1647 2188 cnsionemque
1690 2133 1940 2177 nummo-

357 2209 476 2248 rum
514 2199 795 2255 nominaut
832 2205 1035 2259 toreba.

426 2284 543 2344 Col.
570 2290 674 2346 124
707 2294 750 2347 A
779 2293 833 2347 5.
864 2296 1038 2350 Ὅταν
1070 2298 1338 2368 μάλιστα
1367 2303 1697 2373 μηνοειδὴς
1727 2323 1779 2361 τ.
1828 2305 1938 2361 1100

318 2442 319 2445 η
355 2387 436 2429 est
469 2378 667 2445 κάλλος
703 2386 1001 2455 νουμηνίας
1031 2390 1170 2456 apud
1198 2388 1482 2445 Philonem
1510 2391 1663 2459 Jud.,
1713 2395 1789 2447 De
1835 2394 1935 2449 Se-

353 2479 494 2535 pten.
524 2470 730 2538 festam,
777 2490 829 2542 p.
864 2476 935 2530 54
957 2479 1088 2532 edit.
1132 2490 1187 2534 et
1219 2484 1484 2538 versionis
1513 2498 1732 2542 nostrae.
1764 2487 1935 2559 Virg,

351 2556 486 2611 Διή.
520 2575 593 2627 γι,
630 2566 885 2639 μηνοειδῆ
914 2575 996 2626 vel
1024 2572 1331 2647 σεληνοειδῆ
1369 2578 1667 2647 designavit

780 2738 841 2754 ..ι
865 2719 1075 2770 (100.οω
1105 2722 1276 2771 prtmo
1298 2725 1385 2777 qut
1423 2726 1636 2778 surgere
1662 2727 1830 2765 mense

496 2763 600 2818 Aul
633 2767 792 2836 videt,
818 2763 909 2825 aut
955 2763 1140 2829 vidisse
1192 2763 1341 2844 puta't
1377 2797 1470 2847 per
1504 2763 1687 2833 nubila
1726 2763 1930 2837 lunam.

352 2892 615 2964 Macrob.,
640 2917 657 2956 t
681 2903 735 2956 in
764 2901 945 2962 Somn.
979 2909 1149 2976 Scip.,
1180 2912 1410 2980 primam
1443 2914 1582 2969 lunae
1617 2915 1781 2986 φάσιν
1812 2933 1932 2987 per-

350 2989 779 3050 tnutationemve
826 3002 1067 3068 exponit,
1103 3022 1121 3054 ι
1148 3018 1270 3057 00ιο
1326 3008 1587 3064 nascitur.
1613 3034 1632 3060 ι
1702 3008 1927 3078 Legitur

349 3089 403 3133 et
436 3083 735 3153 μηνοειδῶς
763 3089 984 3144 adverb.
1018 3092 1177 3166 δίκην
1211 3095 1535 3169 σελήνης,10
1573 3115 1674 3156 ms.
1707 3099 1926 3172 λεξικῷ.

420 3194 537 3251 001.
598 3199 702 3256 128
754 3202 796 3256 Δ
847 3204 900 3259 7.
954 3206 1442 3279 Προσηρτῆσθαι.
1503 3212 1707 3268 Eodem
1779 3214 1927 3268 verbi
1958 3173 2004 3234 ο

348 3290 597 3357 tempore
632 3294 943 3362 observato,
966 3299 1278 3355 maluissem
1314 3303 1679 3373 interpretari,
1716 3325 1737 3358 ι
1763 3307 1929 3360 vitam

350 3390 591 3435 nostram
634 3399 662 3437 a
692 3387 807 3443 cad.
843 3403 997 3459 corp.
1040 3393 1341 3448 motionum
1398 3412 1694 3466 appensam
1729 3413 1874 3460 esse.
1907 3418 1926 3451 ι

347 3481 406 3524 ιιι
437 3472 664 3530 Aristot.
717 3481 961 3547 graviter
1009 3483 1077 3537 de
1134 3485 1242 3540 Deo
1285 3487 1581 3555 disserens,
1638 3490 1672 3545 l.
1721 3490 1928 3547 ana-

345 3565 586 3633 pieutiw,
630 3568 753 3625 ait:
798 3572 933 3627 Ἀπὸ
961 3575 1059 3647 τῆς
1091 3576 1267 3648 ἀρχῆς
1318 3579 1535 3651 ἐκείνης
1582 3582 1815 3654 ἤρτηται
1862 3586 1931 3639 τὰ

348 3658 550 3714 πάντα.
593 3681 612 3712 ι
649 3662 731 3718 Ab
781 3664 876 3718 illo
922 3668 1192 3737 principio
1240 3685 1477 3740 appensa
1508 3684 1635 3728 sunt
1666 3677 1872 3730 omnia.
1904 3698 1922 3730 ι

416 3769 547 3842 Pag.
581 3773 648 3828 56
672 3775 717 3829 Α
745 3777 799 3833 9.
826 3773 928 3846 Οἷς
941 3779 1007 3834 τὸ
1033 3781 1368 3853 ἀντιλέγειν
1400 3784 1500 3840 ἄλ.
1518 3785 1594 3841 Ex
1627 3788 1793 3843 Eveni
1818 3803 1926 3846 vet.

346 3874 517 3932 poeta:
541 3868 801 3938 epigram.
836 3890 850 3926 :

346 4002 961 4090 Holiois‘drgléietr
990 4011 1109 4090 μὲν
1135 4013 1274 4081 ἔθος
1292 4017 1425 4090 περὶ
1453 4018 1679 4087 παντὸς
1700 4021 1926 4090 ὁμοῖον,

572 4075 779 4143 Ὀρθῶς
806 4075 859 4130 δ’
881 4075 1466 4153 ἀντὶλέγεινίοὺῡῖέτι
1493 4075 1755 4144 τοῦτ”ὲν
1786 4075 1925 4146 ἐθειί

420 4204 533 4259 001.
565 4207 688 4263 152.
728 4210 769 4263 Β
807 4212 895 4267 12.
944 4215 1222 4272 Ἐκείνων
1261 4223 1730 4292 συγχρήσασθαι
1777 4227 1924 4295 ρήμ.

351 4292 428 4348 [te
451 4296 597 4353 hisce
612 4301 792 4355 verbis
818 4308 1187 4374 superioribus
1203 4312 1408 4379 accipe,
1428 4315 1485 4366 ὲν
1501 4314 1580 4386 τῷ
1606 4292 1929 4389 κακοδαιμο-

346 4387 551 4458 νήματι
586 4391 860 4464 κείμενον,
897 4412 1018 4466 (μιιο
1053 4402 1355 4454 castrensia
1390 4404 1562 4459 fuisse
1595 4387 1925 4481 ἀστρονομι-

2047 1940 2146 1990 rati
2197 1951 2381 1994 essent
2418 1959 2430 1994 :
2471 1945 2565 1998 sed
2612 1946 2679 1999 ad
2705 1961 2799 2002 eos
2839 1948 2957 2003 dies
2986 1959 3239 2020 tanquam
3271 1951 3340 2004 ad
3365 1955 3637 2008 amussim

2046 2044 2258 2085 menses
2290 2032 2508 2089 lunares
2557 2037 2936 2106 dirigerentur.
2974 2040 3094 2094 Mox
3127 2043 3372 2098 meminit
3402 2044 3639 2114 ἐμϐολί-

2046 2135 2147 2189 μου
2176 2123 2364 2192 μηνός,
2385 2126 2474 2188 qui
2504 2129 2706 2182 mensis
2730 2129 3066 2186 intercalaris
3081 2131 3437 2202 ὲμΰολιμαϊος
3458 2136 3637 2189 etiam

2042 2210 2240 2263 dicitur
2274 2231 2289 2266 :
2324 2214 2622 2287 ὲκῦόλιμος
2650 2228 2827 2271 autem
2851 2221 3239 2288 expunctitius.
3273 2222 3442 2277 Porro
3466 2224 3639 2294 ἀκρι-

2040 2299 2143 2371 ϐὴς
2166 2303 2277 2357 τῶν
2309 2305 2469 2377 ὡρῶν
2509 2309 2807 2381 συνδρομή,
2830 2310 2895 2362 ad
2921 2323 3233 2367 accurat-am
3259 2316 3386 2368 anni
3412 2315 3635 2370 descri-

2040 2393 2280 2460 ptionem
2315 2396 2367 2448 in
2423 2401 2755 2465 quadrantes
2789 2399 3042 2466 refertur,
3080 2404 3364 2473 Tecnpbas
3409 2404 3634 2460 Hebraei

2042 2496 2380 2553 nuncupant.
2420 2487 2759 2545 Describitur
2794 2493 2929 2547 item
2954 2492 3075 2566 ὥρα
3108 2495 3160 2548 in
3198 2498 3319 2551 cod.
3357 2512 3480 2552 meo
3520 2514 3631 2553 ms.

2037 2573 2132 2626 τοῦ
2164 2576 2307 2630 πάνυ
2343 2578 2473 2634 παλ.
2525 2579 2637 2647 λεξ.
2695 2583 2796 2638 hoc
2850 2585 3031 2651 modo,
3085 2587 3317 2659 καρπῶν
3348 2588 3634 2659 διαφόρων

2039 2666 2331 2742 συνδρομή.
2361 2670 2478 2725 Jam
2514 2688 2643 2726 vero
2685 2676 2772 2730 hic
2801 2678 3024 2748 ἡλιακὸς
3066 2680 3313 2744 ἐνιαυτὸς
3340 2681 3568 2737 brevius
3599 2698 3633 2736 ι

2038 2755 2259 2814 Platone
2290 2762 2341 2815 in
2391 2760 2523 2819 Tim.
2557 2767 2759 2821 ὁπόταν
2800 2770 2953 2840 ἥλιος
2981 2772 3072 2826 τὸν
3101 2773 3299 2826 ἑαυτοῦ
3344 2774 3633 2845 περιέλθοι

2035 2849 2256 2906 κύκλον.
2283 2852 2492 2920 Annus,
2528 2877 2547 2909 ι
2598 2861 2687 2915 ubi
2727 2862 2807 2916 sol
2862 2878 3020 2918 suum
3071 2873 3243 2919 totum
3296 2865 3539 2921 confecit
3573 2876 3633 2922 et

2034 2944 2341 3010 peragravit
2373 2945 2583 3000 orbem.
2617 2965 2638 3000 ι

2102 3032 2218 3088 001.
2240 3035 2333 3090 141
2354 3035 2396 3089 Β
2411 3037 2462 3091 5.
2481 3039 2677 3109 Μικρὰ
2690 3039 2806 3099 οὖν
2828 3044 2866 3113 ἡ
2886 3044 3029 3114 ὄψις
3052 3045 3242 3115 ἡμῶν.
3259 3045 3355 3101 Hic
3369 3047 3492 3118 ὄψις
3509 3063 3627 3104 non

2036 3130 2144 3176 tam
2177 3125 2298 3180 ἀντὶ
2321 3128 2420 3199 τῆς
2452 3131 2718 3203 όρατικῆς
2748 3134 3050 3206 δυνάμεως,
3081 3153 3178 3204 pro
3203 3139 3255 3193 vi
3288 3139 3624 3209 perspicaci,

2034 3228 2344 3285 usurpatur,
2368 3234 2528 3288 quam
2545 3224 2667 3276 ἀντὶ
2681 3225 2779 3293 τῆς
2797 3226 2986 3297 κόρης.
3008 3245 3104 3298 pro
3123 3231 3259 3295 acie,
3275 3246 3370 3285 seu
3389 3231 3624 3299 pupilla,

2034 3309 2247 3374 utapud
2269 3310 2497 3365 Aristot.
2517 3312 2698 3384 Ὅπερ
2734 3316 2883 3368 ἐστὶν
2912 3316 3037 3387 ὄψις
3067 3321 3124 3372 ὲν
3148 3318 3433 3390 ὀφθαλμῷ,
3460 3320 3628 3375 τοῦτο

2032 3394 2156 3459 νοῦς
2182 3397 2240 3449 ἐν
2277 3398 2445 3471 ψυχῇ,
2477 3404 2618 3471 quod
2654 3407 2801 3459 acies
2830 3416 2909 3461 est
2957 3408 3014 3462 in
3045 3410 3219 3477 oculo,
3250 3411 3347 3464 hoc
3370 3427 3513 3465 mens
3543 3420 3627 3465 est

2031 3483 2085 3536 in
2113 3487 2473 3544 animo.ldem
2513 3493 2566 3547 in
2602 3493 2872 3561 Meteort’s,
2905 3501 2973 3551 de
3007 3515 3074 3553 00
3109 3502 3199 3569 qui
3235 3503 3449 3572 pupillae
3482 3503 3627 3558 vitio

2033 3574 2350 3633 laborabat:
2386 3583 2547 3653 Ὄψις
2585 3585 2757 3650 οὕτως
2774 3589 3005 3661 ἀσθενὴς
3041 3587 3109 3662 ἦν
3143 3593 3238 3646 καὶ
3267 3592 3438 3665 λεπτὴ
3463 3594 3628 3667 πάμι

2032 3683 2141 3721 παν
2171 3670 2275 3724 ὑπὸ
2300 3672 2403 3743 τῆς
2436 3675 2772 3746 ἀρρωστίας,
2800 3680 2943 3734 ὥστε
2984 3681 3248 3756 ἔσοπτρον
3275 3685 3499 3755 ἐγένετο
3519 3688 3625 3742 καὶ

2027 3761 2057 3811 ό
2088 3760 2314 3831 πλησίον
2342 3766 2470 3837 ἀήρ.

2101 3852 2233 3907 Ιιίά.
2259 3854 2301 3908 Β
2326 3858 2410 3911 15.
2440 3862 2508 3913 El
2551 3858 2639 3929 μὴ
2663 3863 3015 3933 μυρμήκων.
3048 3865 3258 3921 Clarius
3283 3867 3398 3922 1000
3432 3878 3621 3924 verte-

2032 3957 2236 4011 rentur,
2273 3965 2292 3997 ι
2330 3948 2524 4004 Αο000
2559 3951 2932 4018 formicarum,
2958 3977 2976 4008 ι
3010 3969 3113 4012 etc.
3144 3958 3348 4012 Seneca
3383 3961 3437 4013 in
3476 3976 3623 4029 pra:-

2031 4032 2231 4089 l‘nione
2262 4035 2467 4100 Quwst.
2498 4052 2613 4094 nat.
2647 4045 2836 4097 eodem
2882 4058 3201 4114 argumento
3230 4050 3441 4109 scribit,
3483 4068 3501 4099 ι
3546 4051 3621 4104 li-

2030 4124 2174 4179 bebit
2204 4128 2405 4193 dicere,
2438 4133 2489 4182 in
2513 4135 2719 4201 nigrum
2750 4136 2951 4201 campis
2989 4152 3193 4203 agmen.
3231 4136 3616 4195 Formicarutn

2030 4213 2132 4265 iste
2161 4215 2437 4272 discursus
2476 4229 2561 4273 est
2599 4223 2649 4274 in
2680 4233 2909 4290 angusto
2945 4224 3328 4279 laborantium.
3365 4246 3383 4278 ι

2100 4306 2231 4360 lbib.
2268 4307 2309 4362 C
2341 4309 2393 4362 6.
2439 4311 2949 4382 Ἐνὸαπανηθεῖσα
2974 4316 3055 4382 τῷ
3080 4316 3208 4385 ἀέρι
3249 4320 3289 4387 ἡ
3332 4319 3474 4387 ὄψις
3516 4320 3615 4384 ἐξ.

2029 4394 2140 4450 1100
2165 4398 2235 4453 ab
2268 4399 2490 4454 Euclide
2515 4403 2923 4460 detnonSIratnr
2957 4409 3249 4462 Ὀπτικῶν
3272 4410 3617 4468 theoremate

343 4482 458 4546 κῶν
487 4496 705 4541 constat
736 4490 802 4541 ὲκ
833 4489 931 4560 τῆς
956 4489 1355 4558 δωδεκατόπου,
1386 4509 1480 4548 seu
1517 4507 1640 4550 octo
1674 4508 1919 4569 luporum

2079 4484 2371 4541 ε”Εκαστον
2394 4489 2502 4543 τῶν
2531 4492 2824 4563 ὁρωμένων
2851 4494 2964 4565 ἔχει
2990 4514 3043 4550 τι
3078 4501 3251 4571 μῆκος
3284 4501 3620 4572 ἀποστήμα-

341 4590 469 4629 cutn
501 4587 738 4646 quatuor
770 4580 1086 4635 cardinibus
1133 4582 1557 4651 diagrammate,
1593 4590 1681 4642 ubi
1718 4606 1794 4646 xu
1827 4593 1921 4646 do-

344 4685 464 4725 nnts
514 4672 734 4740 ponitur
781 4673 923 4726 dicta
979 4674 1351 4745 κακοδαίμων,
1409 4679 1691 4752 ἀναφορὰ·
1720 4684 1773 4739 in
1813 4701 1920 4755 qua

343 4759 470 4812 vitia
493 4768 547 4813 et
569 4761 914 4826 aegritudines
938 4760 1206 4818 Firmicus
1234 4765 1483 4833 collocat,
1505 4782 1559 4823 et
1583 4771 1839 4837 Manil.,l.
1858 4790 1919 4829 ιι.

410 4851 527 4906 001.
565 4853 670 4907 155
701 4853 757 4905 Β.
796 4853 866 4906 Τὸ
887 4854 1221 4917 ,βασιλικὸν
1253 4856 1371 4913 τῶν
1400 4861 1673 4931 ἀστέρων
1691 4865 1918 4936 σχῆμα.

342 4942 598 5011 lntelligit
627 4943 727 5017 τὴν
761 4942 868 4998 τῶν
904 4945 1110 5010 ζωδίων
1140 4950 1414 5005 οἰκείωσιν
1462 4955 1604 5012 κατὰ
1653 4974 1924 5029 σχηματι-

343 5034 503 5104 σμόν.
538 5032 710 5104 Vulgo
739 5053 757 5085 ι
789 5047 1064 5104 aspectum
1093 5056 1112 5090 ι
1144 5040 1349 5096 dicunt.
1376 5041 1710 5101 Censorinus
1750 5066 1769 5099 ι
1794 5066 1925 5103 000-

339 5136 607 5193 spectum.
636 5145 654 5177 ι
697 5125 869 5181 (ἓτκοί
916 5131 1178 5185 neotorici
1235 5130 1472 5202 βλέψεις.
1516 5153 1534 5186 ι
1579 5135 1919 5194 Conseusum

343 5229 394 5271 et
433 5217 654 5273 ltedus:
701 5218 975 5287 signorum
1028 5220 1281 5279 Manilius
1346 5226 1613 5296 indigitat,
1646 5231 1769 5282 eod.
1824 5231 1918 5287 lib.

344 5307 467 5362 Mox
516 5324 612 5378 per
661 5311 876 5378 γένεσιν
914 5312 1246 5380 genituram,
1277 5326 1332 5369 et
1358 5315 1459 5389 τὴν
1494 5318 1805 5393 ἀποκύησιν
1827 5340 1924 5393 po-

342 5399 448 5452 tius
476 5398 670 5462 innuit,
701 5415 860 5467 quam
899 5402 1109 5472 σπορὰν
1139 5403 1173 5475 ἢ
1204 5405 1473 5477 σπόριμον
1499 5407 1707 5473 ζώδιον.

414 5490 533 5544 001.
564 5492 685 5546 157.
705 5491 766 5547 Β.
788 5493 923 5559 Πῶς
945 5491 1058 5550 οὖν
1072 5497 1198 5566 ἔχει
1227 5498 1342 5567 τὴν
1366 5500 1454 5564 ἐξ.
1475 5500 1627 5557 Plato
1659 5506 1709 5558 in
1741 5505 1878 5561 Tim.
1901 5527 1921 5565 :

341 5573 460 5641 Νὺξ
492 5576 674 5649 ἡμέρα
706 5595 765 5631 τε
811 5580 1034 5649 γέγονεν
1065 5581 1228 5649 οὕτω,
1267 5585 1363 5637 καὶ
1409 5584 1497 5639 διὰ
1543 5587 1719 5642 ταῦτα
1758 5592 1790 5661 ἡ
1824 5592 1923 5663 τῆς

345 5673 476 5742 μιᾶς
502 5674 596 5727 καὶ
624 5676 1043 5748 φρονιμωτάτης
1069 5677 1391 5750 κυκλήσεως
1422 5681 1688 5753 περίοδος.
1715 5682 1923 5740 Tullius

345 5762 421 5817 De
457 5766 596 5821 univ.
632 5782 654 5822 :
685 5786 704 5820 ι
754 5765 869 5823 Nox
910 5778 965 5825 et
1008 5769 1121 5828 dies
1159 5770 1228 5829 ad
1278 5773 1421 5829 hunc
1457 5776 1696 5846 modum,
1753 5786 1808 5833 et
1854 5777 1923 5835 ob

2025 4593 2138 4641 τος,
2174 4574 2235 4633 οὗ
2265 4584 2580 4653 γενόμενον,
2608 4586 2793 4640 οὐκέτι
2851 4589 3084 4660 ὁρᾶται*
3116 4611 3134 4644 ι
3174 4592 3616 4665 Unumquodque

2026 4685 2213 4724 eorum
2264 4689 2383 4742 quae
2431 4688 2734 4731 cernuntur
2777 4691 2985 4734 certum
3034 4684 3304 4739 intervalli
3366 4689 3606 4753 spatium

2029 4762 2213 4826 habet,
2247 4765 2298 4818 in
2332 4781 2443 4835 quo
2480 4783 2603 4821 cum
2638 4768 2822 4835 fuerit,
2874 4788 2980 4825 nou
3027 4774 3259 4841 amplius
3296 4777 3531 4832 videtur.
3585 4800 3604 4829 ο

2097 4854 2212 4910 Col.
2262 4856 2356 4910 141
2406 4857 2465 4911 Β.
2516 4863 2825 4917 Τοσαύτιιν
2858 4863 2927 4916 δὲ
2970 4861 3172 4921 οὖσαν
3215 4866 3333 4936 τὴν
3370 4868 3490 4939 γῆν
3538 4885 3609 4927 π.

2027 4942 2218 5015 Virgil.
2250 4963 2302 5001 tv
2327 4949 2545 5005 Αῑηεὶά.
2567 4969 2586 5007 :

2169 5059 2262 5116 Sol
2283 5065 2373 5131 qui
2404 5074 2667 5121 terrarum
2699 5069 2931 5139 ﬂammis
2954 5088 3111 5140 opera
3137 5074 3315 5128 omnia
3345 5073 3559 5130 lustrat.

2027 5167 2090 5207 ex
2126 5155 2367 5225 principe
2389 5157 2502 5212 0άο
2530 5158 2685 5215 Piud.
2716 5161 3071 5232 Olympionic.
3092 5179 3112 5218 :

2481 5251 2690 5319 μηκέθ’
2715 5254 2892 5308 ἁλίου
2918 5256 3134 5309 σκόπει

2145 5316 2335 5373 Ἀλλο
2360 5316 2776 5391 θαλπνότερον
2796 5324 2867 5378 ἐν
2881 5324 3070 5394 ἁμέρᾳ
3092 5326 3345 5394 φαεινὸν
3359 5328 3607 5397 ἄστρον.

2026 5406 2234 5461 Tullius
2266 5422 2318 5462 Iv
2348 5409 2420 5462 De
2444 5427 2554 5479 rep.

2096 5498 2212 5554 Col.
2260 5501 2361 5554 144
2406 5504 2444 5556 Α
2494 5504 2580 5559 11.
2625 5503 2775 5560 ’Υπό
2814 5504 3114 5575 σελήνην,
3146 5508 3349 5576 umor.
3386 5507 3610 5565 Cassius

2029 5591 2472 5664 ἰατροσοφιστής,
2497 5593 2791 5659 Question.
2824 5597 3022 5650 medio.
3053 5597 3228 5664 probl.
3254 5614 3363 5653 xxv
3399 5601 3537 5655 ιΔιὰ
3554 5600 3607 5654 τί

2024 5684 2074 5737 οἱ
2106 5681 2204 5755 μὲν
2240 5685 2605 5758 ἐγρηγορότες
2633 5690 2691 5742 ὲν
2706 5687 2784 5760 τῷ
2809 5688 2951 5759 φωτὶ
2975 5689 3075 5760 τῆς
3103 5690 3354 5776 σελήνης,
3379 5693 3484 5747 κᾶν
3516 5694 3607 5748 ἐπὶ

2027 5777 2161 5832 πολὺ
2211 5776 2447 5849 τύχωσιν
2501 5780 2560 5835 ὲν
2612 5780 2791 5853 τούτῳ
2843 5782 3234 5854 διατρίϐοντες,
3278 5784 3429 5839 οὐδὲν
3473 5788 3608 5850 ὅλως
