3816 6210
137 351 274 408 1121

133 650 282 705 lunae
304 650 529 711 lumine,
559 645 773 700 tametsi
804 644 994 712 perdiu
1023 643 1075 694 in
1101 653 1167 693 eo
1191 648 1495 699 versentur,
1511 650 1716 701 nequa—

133 757 301 811 quam
324 741 393 795 ab
432 741 523 793 illo
559 737 826 792 laeduntur
853 751 869 790 :
907 734 999 803 qui
1040 745 1172 786 vero
1201 726 1475 783 dormiunt
1500 725 1551 778 in
1578 724 1715 778 luna:

135 836 323 895 radiis.
353 833 549 902 capitis
570 831 918 900 gravedinem
946 831 1287 893 comparant.
1331 840 1351 873 ι

211 922 445 978 cum“
479 919 520 973 B
548 920 632 974 11.
667 917 765 972 Hic
789 918 1052 985 interpres
1074 910 1388 984 ἀμπώτιδος
1406 923 1536 962 voce
1550 906 1711 959 etiam

135 1013 477 1085 πλημμύραν
508 1008 895 1080 comprehendi
949 1005 1303 1066 existimavit,
1344 1003 1713 1071 reciprocatos

135 1118 317 1161 motus
345 1104 571 1160 aﬂluxus
600 1115 655 1156 et
678 1100 931 1155 reﬂuxus.
960 1098 1123 1152 Poeta
1148 1096 1466 1165 Georgicus,

488 1234 502 1247 .
531 1236 544 1249 .
575 1234 588 1247 .
619 1210 721 1263 qua
747 1193 789 1245 vi
815 1192 983 1243 maria
1019 1192 1129 1241 alta
1162 1195 1470 1263 tumescant,

310 1264 563 1322 Obicibus
599 1253 792 1327 ruptis.
821 1275 1107 1330 rursusque
1155 1259 1209 1310 in
1239 1275 1292 1310 se
1320 1258 1433 1325 ipsa
1462 1253 1711 1307 residant.

705 1368 773 1408 ΔΙ)
810 1367 996 1406 110111..
1041 1366 1134 1404 νη.

203 1450 324 1506 Col.
361 1448 458 1503 148
481 1448 522 1501 Α
556 1447 641 1501 15.
678 1443 945 1513 Οὐρανὸς
992 1441 1110 1495 τῶν
1136 1438 1406 1507 ἀστέρων
1429 1439 1501 1491 τὰ
1530 1436 1710 1504 ἄνθη.

136 1540 343 1596 Eadem
378 1541 604 1607 ﬁgurata
636 1536 798 1591 verba
828 1535 1132 1589 notavimus
1165 1535 1404 1600 insuper.
1454 1532 1597 1581 hom.
1640 1544 1710 1580 ιἰ.

135 1635 408 1701 Interpres
438 1630 641 1683 addidit
663 1627 841 1683 Graec.
871 1628 1143 1694 epitheton
1164 1639 1269 1677 non
1293 1621 1572 1692 φορτικόν,
1589 1636 1712 1672 cum

132 1726 294 1792 ﬂores
336 1738 510 1777 roseos
565 1719 720 1784 dixit,
766 1728 823 1773 ut
858 1715 1000 1780 Ἠώς
1025 1716 1092 1769 ab
1127 1714 1360 1770 Homero
1394 1712 1713 1783 ῥοδοδάκτυ-

132 1817 226 1881 λος
254 1815 493 1869 canitur.

206 1911 344 1965 Ibid.
380 1906 429 1962 C
451 1908 504 1964 5.
537 1904 714 1960 Scrib.
739 1902 847 1956 τῶν
886 1897 1236 1973 ἐρπυστικῶν
1268 1897 1317 1952 ὲ.
1350 1895 1617 1950 Homerus
1655 1892 1714 1945 τὸ

133 2002 328 2075 ἕρπειν
354 2001 540 2055 tribuit
578 1998 904 2052 animalibus
932 1993 1286 2047 terrestribus
1314 2008 1328 2044 :

636 2087 835 2143 οὐδὲν.
845 2124 883 2142 ..
893 2126 906 2139 .
944 2081 1320 2150 ὀϊζυρώτερον
1340 2079 1560 2147 ἀνδρὸς

237 2161 491 2217 Πάντων
510 2161 670 2214 ὅσσα
684 2175 748 2211 τε
769 2156 945 2227 γαῖαν
955 2149 1256 2221 ἐπιρρέπει
1278 2150 1387 2219 ἡδὲ
1411 2149 1510 2202 καὶ
1524 2150 1713 2217 ἕρπει.

201 2249 324 2304 Col.
357 2247 456 2303 M9
486 2248 529 2299 Α
552 2248 636 2301 II.
675 2241 1180 2313 Ἀπαριθμεῖσθαι,
1213 2240 1252 2309 ἣ
1279 2238 1410 2305 ταῖς
1434 2240 1718 2303 κοτύλαις

134 2339 457 2409 πειρᾶσθαι
503 2338 571 2392 τὸ
622 2337 781 2405 ὕδωρ
836 2353 891 2389 τ.
943 2334 1286 2389 Proverbiale
1340 2333 1470 2403 περὶ
1523 2329 1719 2385 ἀδυνά-

135 2449 266 2487 των.
322 2431 393 2487 Ut
433 2432 574 2503 apud
607 2431 900 2484 Pindarum
929 2429 983 2482 in
1013 2426 1249 2482 clausula
1299 2425 1416 2479 oda-
1455 2423 1491 2477 2
1533 2422 1719 2495 Olym-

137 2524 343 2594 pionic.
369 2541 389 2580 :

350 2614 480 2669 ἐπεὶ
503 2612 747 2683 ψάμμος
777 2610 1030 2679 ἀριθμὸν
1052 2608 1510 2677 περιπέφευγεν.

208 2708 331 2763 Col.
374 2706 476 2760 H9
505 2706 565 2759 C.
604 2704 805 2757 Δίαιτα
854 2718 1065 2771 κεχωρ.
1117 2700 1524 2769 The0phrastus
1579 2697 1721 2765 Περὶ

141 2802 384 2869 ἰχθύων,
428 2799 514 2853 ubi
543 2798 754 2851 δίαιταν
804 2796 966 2849 etiam
993 2794 1270 2862 διαγωγήν
1305 2803 1481 2845 vorat.
1511 2790 1723 2844 Plutar-

138 2895 278 2946 chus
328 2892 378 2944 in
414 2899 644 2944 traeiatu
695 2889 769 2941 De
814 2887 1026 2941 solertia
1063 2887 1308 2949 auimal.,
1349 2886 1406 2937 Ὀ
1438 2884 1546 2937 τῶν
1593 2884 1691 2936 ὲνα

138 2983 268 3036 λίων
304 2980 439 3053 βίος,
471 2980 599 3044 ἴδιός
629 2977 860 3032 ἐστικαὶ
890 2976 1205 3047 αὐθιγενής.
1243 2975 1318 3028 Ex
1356 2976 1574 3027 iisvero
1606 2990 1723 3042 qua-

142 3089 265 3127 mox
294 3082 612 3141 sequuntur,
631 3069 732 3123 Διὰ
756 3068 915 3121 τοῦτο
943 3068 1065 3121 οὐδὲ
1094 3065 1510 3120 τιθασσεύεσθαί
1536 3083 1588 3118 τι
1614 3065 1723 3118 τῶν

1657 342 1886 397 κους.

133 469 465 540 βλάπτονται
495 464 637 537 ὑπὲρ
659 461 850 517 τούτου
873 474 888 491 ο
923 460 974 512 οἱ
997 458 1055 512 δὲ
1082 454 1435 518 καθεύδοντες
1478 452 1569 506 ἐπὶ
1598 452 1719 506 τοὺ·
1748 458 1795 513 Α

128 578 267 626 των,
312 556 637 629 σφηνοῦνται
670 553 769 617 τὰς
823 548 1103 621 κεφαλάς·
1147 565 1167 599 ι
1209 545 1319 602 Cur
1339 543 1624 614 vigilantes
1660 545 1710 595 iu
1774 558 1783 565 '

3253 330 3392 387 1123

1966 451 2195 505 Baianos
2222 450 2361 504 sedet
2381 452 2452 502 ad
2481 447 2631 501 lacus
2667 458 2897 515 rogator.

1958 523 2021 575 At
2061 534 2137 583 tu,
2169 521 2293 573 dum
2318 529 2485 585 poles.
2516 521 2760 569 innocens
2784 529 2980 577 recede,

1954 590 2124 643 Juctis
2149 589 2472 650 simplicibus
2496 591 2624 640 cibis
2657 589 2709 639 in
2739 592 2928 652 undas,

1958 660 2027 713 Et
2050 664 2216 725 pisces
2249 674 2495 712 venerare
2517 659 2812 709 dedicatos.

1814 752 1978 816 Idem,
2022 750 2114 804 lib.
2146 766 2201 815 ι,
2248 749 2566 818 epigramm.
2594 748 2687 811 30,
2725 748 2791 801 de
2830 760 3076 809 murena,
3105 744 3304 814 mugile
3336 750 3392 798 et

1817 844 2011 897 mullis.
2034 842 2565 921 AdisisAIhenaaum,
2590 840 2684 893 lib.
2704 856 2797 892 vni
2823 841 3044 895 Δειπν..
3071 836 3390 899 Lucianum,

1816 936 1851 989 Ι.
1896 935 1973 987 De
2019 935 2116 987 dea
2150 932 2334 1001 Syria.
2362 930 2559 997 Quidni
2594 947 2721 984 vero
2758 931 2989 984 Basilius
3025 930 3208 997 regius
3261 940 3392 981 vere

1817 1026 2003 1079 doctor
2024 1025 2266 1078 eamdem
2292 1024 2445 1092 plane
2466 1024 2516 1076 in
2544 1023 2933 1078 assertionibus
2951 1021 3193 1091 physicis
3213 1018 3385 1073 ratio-

1816 1136 1935 1172 nem
1976 1116 2249 1178 habuerit,
2283 1132 2446 1185 quam
2477 1115 2885 1183 TlteOplirastus
2935 1113 2987 1165 in
3021 1113 3180 1165 rebus
3212 1110 3387 1163 civili-

1814 1206 1949 1260 bus?
1979 1222 2104 1259 eum
2141 1224 2160 1257 ι
2202 1205 2325 1275 jura
2381 1205 2634 1259 constitui
2708 1214 2961 1273 oportere
3012 1202 3171 1263 dixit,
3206 1201 3259 1253 in
3305 1201 3392 1255 his

1814 1313 1930 1365 quae
1952 1297 2028 1360 ὡς
2067 1297 2160 1348 ἐπὶ
2195 1296 2257 1348 τὸ
2287 1295 2538 1348 πλεῖστον
2567 1294 2820 1349 accidunt
2850 1312 2863 1347 :
2895 1312 2915 1344 ι
2947 1292 3196 1345 laudante
3232 1288 3392 1344 Pom-

1814 1391 1973 1459 ponio
1997 1388 2047 1443 .l.
2090 1390 2173 1453 (3.,
2222 1389 2255 1441 l.
2291 1403 2347 1441 ιιι
2377 1387 2468 1453 D.,
2499 1386 2573 1440 De
2604 1387 2822 1456 legibus,
2864 1394 2920 1438 et
2945 1382 3111 1436 Paulo
3140 1382 3174 1435 Ι.
3209 1398 3259 1435 vr
3294 1381 3391 1449 D.,

1813 1484 2001 1535 eodem
2036 1497 2051 1535 :
2091 1481 2164 1533 Τὸ
2191 1478 2301 1551 γὰρ
2333 1478 2477 1545 ἅπαξ
2510 1479 2543 1550 ἢ
2584 1479 2666 1542 δὶς
2699 1475 3124 1549 παραϐαίνουσιν
3152 1476 3203 1527 οἱ
3234 1489 3388 1544 νομο-

1816 1571 1989 1624 θέται.
2015 1571 2134 1637 Quo
2163 1586 2324 1624 sensu
2357 1571 2546 1624 Celsus
2570 1569 2837 1636 interpres
2867 1567 3007 1619 lidus
3032 1562 3392 1633 Theophrasti

1816 1664 1891 1714 ait
1924 1662 1959 1714 l.
2016 1676 2067 1715 Iv
2099 1660 2192 1724 0.,
2228 1661 2387 1713 eod.:
2442 1676 2462 1709 ι
2518 1658 2595 1711 Ex
2631 1658 2713 1710 his
2741 1671 2859 1724 qua:
2900 1653 3041 1708 forte
3075 1669 3181 1706 uno
3211 1652 3393 1721 aliquo

1817 1769 1943 1806 Casu
2006 1752 2252 1807 accidere
2309 1751 2678 1821 possuntjura
2730 1762 2835 1801 nou
2882 1746 3321 1807 constituuntur,
3363 1761 3384 1795 ι

1750 1823 1790 1877 Β
1820 1841 2043 1910 proinde
2072 1855 2169 1894 uec
2195 1842 2546 1893 assertiones.

1882 1930 1998 1987 Col.
2026 1931 2132 1985 I53
2156 1931 2218 1984 Ο.
2252 1929 2382 1995 Τοῖς
2401 1931 2645 1994 οἰκείοις
2667 1926 2860 1996 ἀραιοῦ
2877 1942 2892 1956 ·
2918 1925 3098 1979 πενία
3122 1923 3274 1994 μετὰ
3288 1923 3396 1978 αὐ·

1814 2023 2092 2093 ταρκείας
2114 2024 2214 2077 ἀλ.
2246 2024 2497 2091 ΑΙρΙιειειιε
2529 2021 2694 2089 Mytil.
2727 2021 2781 2073 in
2818 2017 2973 2071 Phal.
3008 2020 3260 2088 epigram.
3288 2030 3308 2071 :

1957 2113 2301 2183 Αὑτάρκους
2330 2113 2541 2181 ἔραμαι
2560 2113 2729 2183 βίον,
2754 2110 2988 2183 Σαϐῖνε,

1955 2186 2065 2238 Καὶ
2094 2178 2203 2256 πῖαρ
2217 2178 2412 2252 μηδὲν
2434 2178 2618 2253 ἄγαν,
2643 2181 2800 2251 ἄγαν
2833 2196 2909 2249 με
2933 2178 3155 2247 τέρπει.

1817 2275 1976 2330 Mart.
2014 2276 2302 2330 auuulatur
2333 2274 2431 2327 lib.
2471 2288 2522 2327 IV
2554 2272 2831 2341 Epigram.
2857 2286 2875 2323 :

1966 2367 2251 2437 Nunquam
2287 2367 2504 2418 divitias
2530 2364 2695 2417 Deum
2721 2363 2917 2437 rogavi,

1960 2435 2243 2490 Contentus
2272 2437 2500 2501 modico,
2540 2450 2753 2502 meoque
2783 2435 2958 2486 (tctus.

1895 2528 2027 2583 Ibid.
2081 2529 2123 2581 D
2163 2528 2214 2581 1.
2267 2527 2365 2580 Ἐν
2394 2523 2474 2590 τῷ
2503 2523 2882 2593 προσχήματι
2917 2521 3029 2592 τῆς
3060 2519 3399 2586 εὐλαϐείας.

1823 2620 2167 2673 Demostheni.
2229 2616 2380 2683 πρὸς
2402 2616 2708 2682 Λεπτίνην
2762 2617 2950 2668 eadem
2992 2615 3104 2667 fere
3169 2621 3399 2667 inmte:

1822 2707 1959 2779 Χρὴ.
1996 2709 2072 2770 ὼς
2091 2707 2282 2777 ἔμοιγε
2314 2707 2481 2770 δοκεῖ,
2515 2705 2691 2759 πάντα
2722 2705 2822 2757 ὅσα
2856 2720 2941 2766 τις
2993 2703 3223 2774 πράττει
3274 2703 3403 2765 τοὺς

1824 2800 1978 2865 θεοὺς
2032 2800 2404 2871 ἐπιφημίζων,
2443 2797 2669 2851 τοιαῦτα
2716 2795 3022 2866 φαίνεσθαι,
3061 2788 3149 2849 οἷα
3183 2794 3305 2865 μηδ’
3334 2793 3405 2849 ἂν

1823 2894 1910 2947 ἐπ’
1959 2893 2251 2965 ἀνθρώπου
2283 2892 2599 2965 πραχθέντα
2633 2889 2852 2961 πονηρὰ
2901 2889 3119 2959 φανείη.
3156 2888 3273 2942 Mox
3318 2887 3404 2940 λύ-

1824 3003 1949 3049 κους
1966 2985 2221 3056 ἂρπαγας
2242 2985 2320 3038 ὲν.
2342 2986 2524 3037 Matth.
2547 2998 2641 3047 vn,
2668 2982 2730 3035 15
2755 2998 2769 3032 :
2793 2983 3084 3051 Ἐρχονται
3104 2978 3242 3050 πρὸς
3258 2978 3404 3048 ὑμᾶς

1826 3079 1883 3131 ὲν
1924 3077 2185 3145 ἐνδύμασι
2215 3075 2524 3147 προϐάτων,
2571 3073 2772 3127 ἔσωθεν
2805 3072 2861 3125 δέ
2891 3074 2995 3125 εἰσι
3032 3070 3184 3124 λύκοι
3225 3070 3405 3139 ἅρπα-

141 3162 358 3236 νηκτῶν
389 3162 769 3232 καταδέχεται,
801 3160 1056 3227 colligere
1101 3160 1277 3212 estad
1320 3174 1512 3212 manus
1540 3157 1722 3211 Basilii

1844 3186 1943 3239 reg.
1972 3169 2028 3223 Β.
2057 3167 2215 3222 Juan.
2250 3170 2653 3237 Cluysostonu,
2679 3166 2703 3218 I
2728 3175 2869 3219 orat.
2898 3167 2951 3217 in
2977 3160 3134 3217 Gem:
3162 3161 3220 3215 '0
3242 3160 3405 3225 λύκος

144 3256 447 3313 nostri-non
473 3255 785 3323 pervenisse
814 3251 1054 3305 libellum
1085 3252 1314 3304 citatum
1340 3250 1637 3313 Plutarchi,
1670 3250 1721 3304 in

142 3367 252 3421 quo
287 3363 570 3403 sacrarum
619 3356 675 3399 et
703 3346 1071 3399 cicuratarum
1102 3342 1462 3411 anguillarum
1490 3342 1542 3395 in
1579 3341 1728 3396 fonte

144 3443 452 3504 Arethusae,
500 3448 553 3493 et
596 3438 827 3491 aliorum
865 3435 1094 3505 piscium
1127 3434 1273 3487 alibil
1302 3432 1540 3499 gentium
1573 3448 1726 3486 man-

144 3534 520 3589 suefactorum
556 3529 841 3584 historiam
872 3525 1176 3588 didicisset,
1232 3533 1286 3577 et
1323 3539 1561 3577 murena:
1586 3523 1730 3577 illius

147 3642 312 3696 quam
349 3626 578 3679 Crassus
609 3631 875 3676 mortuam
919 3619 1122 3672 luxisse
1172 3617 1396 3672 dicitur.
1437 3616 1499 3669 Et
1527 3616 1617 3683 qui
1657 3616 1732 3669 la-

150 3728 267 3773 tere
297 3718 569 3786 πάνσοφον
600 3716 878 3769 doctorem
907 3713 1102 3779 potuit,
1133 3709 1275 3778 quod
1313 3708 1729 3763 celeberrimum

153 3812 259 3865 luit
299 3811 352 3863 in
385 3809 604 3879 piscinis
633 3808 867 3862 Caesaris
887 3804 1204 3866 Domitiani,
1228 3816 1350 3870 qua:
1379 3808 1533 3853 erant
1562 3797 1730 3860 Baiis,

153 3905 337 3975 pisces
372 3904 624 3957 nimirum
656 3909 877 3954 vocatos
922 3900 989 3952 ad
1043 3910 1239 3951 nomen
1269 3892 1525 3948 venisse?
1561 3894 1736 3961 Atque

155 3997 262 4052 hoc
289 4004 606 4066 argumento
632 3993 857 4056 Plinius,
892 3991 1057 4054 lib.x,
1083 4004 1201 4058 cap.
1228 3987 1318 4049 70,
1341 3986 1532 4055 probat
1560 3985 1736 4054 pisces

155 4089 361 4143 habere
410 4085 672 4146 auditum,
735 4083 825 4135 sed
864 4082 1136 4149 prarcipue
1175 4077 1428 4146 mugilem
1456 4115 1472 4140 ,
1503 4076 1732 4142 salpam,

154 4179 448 4239 cbrouiim,
464 4176 664 4245 lupum.
688 4170 761 4225 De
783 4173 1093 4225 earumdem
1118 4167 1551 4232 mansuetudine,
1572 4166 1733 4231 idem,

157 4270 253 4326 lib.
289 4285 465 4331 χχιιι,
504 4283 622 4336 cap.
657 4266 713 4319 2.
754 4264 1014 4333 Aclupns
1062 4263 1282 4330 quidem
1336 4261 1578 4314 marinus
1616 4272 1733 4313 aevo

160 4374 350 4415 nostro
378 4362 429 4413 in
453 4358 628 4413 Caroli
686 4356 825 4411 Noui
888 4355 1029 4423 regis
1085 4351 1467 4407 Christianiss.
1530 4350 1736 4418 piscina

153 4454 310 4522 juxta
355 4452 573 4520 Regiam
602 4449 828 4519 anarte
860 4446 1118 4508 nutritus,
1169 4445 1236 4497 ad
1266 4458 1474 4507 vocem,
1502 4440 1733 4510 Lupnle.

159 4544 365 4615 lupule,
419 4543 789 4606 clamantium,
827 4549 881 4593 et
913 4538 979 4591 ad
1042 4551 1236 4589 manus
1294 4535 1449 4603 panis
1498 4533 1730 4587 l'ruswla

160 4634 556 4706 projicientium
606 4635 678 4701 (e
719 4645 947 4699 quorum
978 4642 1203 4682 numero
1255 4623 1574 4678 adolescens
1608 4622 1681 4676 l‘ui
1713 4624 1732 4694 )

160 4725 504 4783 accurrebat.
534 4724 607 4778 De
636 4722 821 4775 Baiani
864 4720 1008 4773 illius
1037 4718 1184 4770 lacus
1211 4715 1505 4767 mansuetis
1530 4723 1584 4766 et
1612 4712 1732 4767 Ca:-

161 4832 289 4873 sare
311 4817 569 4872 dedicatis
602 4814 840 4883 piscibus
866 4810 990 4864 audi
1015 4807 1291 4869 festivum,
1327 4803 1552 4868 morale,
1576 4804 1743 4858 histo-

163 4912 338 4966 ticum
364 4906 623 4961 Martialis
652 4907 820 4974 epigr.
849 4903 941 4965 50,
967 4901 1055 4955 lib.
1082 4913 1135 4953 tv
1168 4913 1183 4950 :

306 4996 513 5052 Baiano
543 4995 724 5063 procul
750 5012 780 5047 a
811 4993 951 5053 lacu,
979 5005 1271 5063 monemus,

310 5061 575 5126 Piscator,
608 5069 749 5133 Iuge,
776 5080 837 5116 ne
861 5078 1048 5115 nocens
1076 5061 1305 5133 recedas.

311 5136 491 5191 Sacris
516 5129 742 5203 piscibus
764 5135 845 5184 Im:
874 5140 1128 5184 natantur
1158 5129 1337 5185 uiuite,

312 5205 417 5270 Qui
447 5194 635 5257 norunt
669 5204 958 5263 dominum,
987 5212 1299 5270 manumque
1329 5194 1567 5248 lenibunt

308 5269 470 5329 Illam
485 5291 588 5343 qua
612 5274 741 5325 nihil
761 5281 836 5325 est
854 5273 920 5343 in,
942 5271 1063 5343 orbe
1090 5269 1282 5343 majus,

315 5345 477 5408 Ouid,
497 5334 652 5412 'quod
678 5358 862 5412 nomen
902 5341 1109 5412 habent,
1134 5347 1190 5388 ut
1217 5335 1285 5388 ad
1318 5334 1558 5403 magistri

317 5412 508 5469 Vocem
527 5409 867 5483 'guisquesui
895 5412 1028 5483 venit
1050 5409 1260 5483 citatus.

313 5483 429 5538 Hoc
458 5473 724 5553 guo'utlum
755 5481 907 5553 Libys
937 5480 1126 5543 impius
1149 5473 1409 5553 prol'uutlo

315 5553 452 5633 Qum
468 5547 716 5633 jar-tedam.
728 5547 936 5633 calamo
958 5555 1205 5601 tremente
1230 5547 1394 5610 ducit,

318 5619 504 5690 Raptis
531 5619 817 5675 luminibus
839 5628 1040 5689 repente
1062 5631 1231 5690 caecus

316 5687 543 5759 Captum
576 5709 679 5744 non
700 5691 865 5758 putuit
890 5687 1061 5741 videre
1090 5687 1319 5759 piscem:

322 5756 552 5815 Et'uunc
577 5756 861 5829 sacrilegos
886 5773 1100 5829 perosus
1116 5756 1299 5808 hamos

1826 3261 1989 3315 εἰκὼν
2028 3258 2123 3314 τοῦ
2164 3256 2529 3331 ἁρπακτικοῦ.

1902 3353 2034 3409 lbib.
2080 3353 2121 3407 D
2146 3352 2199 3406 5.
2254 3349 2440 3419 Φεῦγε
2457 3349 2519 3401 τὸ
2544 3345 2934 3399 παντοδαπὸν
2958 3361 3016 3399 κ.
3068 3342 3244 3398 Colles
3274 3356 3409 3398 aure

1830 3459 1986 3511 (piam
2014 3444 2279 3497 concinna
2308 3450 2362 3494 et
2395 3437 2669 3511 εὔρυθμος
2705 3439 2775 3492 sit
2800 3438 2998 3501 oratio,
3033 3446 3091 3491 ut
3140 3452 3205 3491 ex
3236 3436 3409 3490 hemi-

1834 3534 2031 3586 stichio
2059 3531 2217 3586 facile
2257 3532 2331 3587 sit
2372 3541 2766 3601 peutametrum
2809 3529 3092 3583 absolvere
3137 3528 3183 3583 si
3234 3525 3409 3581 ascri~

1833 3626 2023 3694 pseris,
2055 3623 2389 3677 πολλαπλὸον
2409 3640 2468 3676 τε
2504 3623 2727 3694 τρόπου.
2759 3621 2984 3676 Proteus
3010 3622 3212 3687 animo,

1974 3715 2164 3771 Omnia
2188 3717 2578 3787 transformans
2612 3732 2717 3769 sese
2745 3716 2800 3768 in
2832 3714 3089 3767 miracula
3120 3729 3335 3768 rerum:

1875 3794 1880 3800 ’
2641 3806 2880 3872 VincIL.,
2900 3821 2967 3858 -tv
2991 3803 3182 3873 Georg.

1903 3901 2032 3954 Ibid.
2065 3898 2106 3953 ι)
2132 3900 2184 3953 7.
2228 3900 2296 3953 Ὀ
2332 3899 2468 3968 ὄφις
2500 3900 2794 3964 ποικίλος.
2847 3896 2997 3950 Idem
3039 3896 3199 3951 Joan.
3231 3894 3409 3966 Chry-

1835 4006 2083 4054 snsmm.,
2113 3992 2242 4044 ihid.
2275 3992 2303 4044 ὀ
2335 3990 2457 4060 ὄφις
2482 3989 2648 4044 εἰκὼν
2688 3988 2784 4042 τοῦ
2817 3986 3031 4040 σκολιοῦ
3072 3988 3167 4042 καὶ
3193 3986 3287 4041 τοῦ
3315 4005 3410 4041 πο-

1834 4082 2128 4155 νηροτάτου
2161 4082 2252 4136 τὸν
2284 4083 2504 4155 τρόπον.
2529 4081 2793 4152 Georgius
2826 4079 2958 4145 Pis.,
2986 4095 3126 4135 vers.
3174 4078 3299 4146 758,
3341 4082 3412 4135 de

1836 4190 1954 4230 astu
1978 4174 2191 4230 Satanae
2222 4194 2235 4230 :

1978 4269 2182 4335 Ὄφεις
2204 4265 2272 4319 δὲ
2301 4266 2549 4333 πικροὺς
2580 4264 2818 4319 ἐκτελεῖ
2835 4265 2977 4331 τοὺς
2992 4263 3371 4331 βασκάνους,

1978 4341 2022 4391 Τ
2019 4336 2091 4390 ὸν
2118 4337 2210 4390 ἰὸν
2232 4336 2426 4402 ἐνθεὶς
2450 4335 2523 4405 τῇ
2553 4335 2709 4405 κακῇ
2732 4335 3113 4402 περιπλάσει.

1984 4427 2087 4481 Hic
2119 4428 2320 4481 luridas
2344 4444 2409 4481 ex
2434 4428 2607 4480 lividis
2631 4444 2828 4495 angues
2852 4428 3015 4495 parit,

1982 4497 2233 4551 Fuudens
2255 4514 2502 4551 venenum
2520 4497 2729 4565 ﬁctione
2754 4499 3000 4562 pessima.

1912 4587 2028 4642 Col.
2067 4586 2169 4643 I56
2200 4586 2238 4639 Β
2262 4585 2348 4640 10.
2384 4581 2518 4640 Οἵδε
2545 4586 2618 4639 τὰ
2642 4584 2816 4652 κήτη.
2840 4586 2923 4640 Ab
2941 4585 3025 4639 bis
3052 4585 3184 4639 cetis
3204 4585 3413 4639 orcisve

1841 4677 2109 4748 Theognis
2142 4678 2463 4749 μεγακήτεα
2493 4677 2688 4729 πόντον
2720 4677 2868 4730 canit
2890 4675 3308 4747 μετωνυμικῶς.
3354 4675 3411 4731 In

1840 4770 2087 4825 versione
2118 4769 2234 4823 Lat.
2267 4770 2569 4839 legendum,
2607 4767 2819 4821 Norant
2860 4767 3014 4835 plane
3060 4767 3200 4822 Cete.
3231 4769 3302 4821 De
3329 4769 3414 4821 his

1841 4863 1979 4917 idem
2010 4862 2205 4931 Georg.
2239 4859 2437 4926 Pisid.,
2470 4874 2615 4915 vers.
2641 4858 2746 4915 969
2767 4857 2915 4927 Opif.
2950 4858 3137 4911 mundi
3170 4873 3189 4911 :

1984 4973 2081 5037 Τίς
2099 4972 2197 5027 καὶ
2226 4970 2299 5026 τὰ
2321 4972 2494 5041 κήτη,
2524 4972 2635 5038 τῆς
2657 4973 2973 5039 θαλάσσης
3000 4971 3142 5037 τοὺς
3160 4972 3415 5040 λόφους,

1993 5043 2095 5097 Ἐν
2116 5041 2241 5109 τοῖς
2271 5042 2512 5111 ἐρήμοις
2542 5041 2655 5111 τῆς
2685 5043 2965 5096 ἀϐύσσου
2988 5041 3275 5109 συλλέγει
3292 5057 3312 5104 ;

1991 5131 2112 5201 ςειι
2149 5132 2263 5201 quis
2286 5136 2396 5186 litec
2423 5142 2661 5199 portenta
2689 5135 2871 5193 maris,
2906 5134 3017 5185 alta
3051 5143 3105 5183 ut
3130 5132 3287 5201 juga,

1990 5199 2056 5253 In
2082 5199 2318 5254 vastitate
2347 5203 2588 5254 immensi
2615 5202 2792 5270 abyssi
2819 5202 3095 5255 continet?

1916 5293 2048 5347 Ibid.
2075 5294 2115 5348 C
2142 5294 2226 5346 ll.
2255 5292 2479 5363 Corrige
2499 5291 2598 5361 τῆς
2628 5294 2879 5364 κυήσεως
2900 5309 3023 5346 κατ.
3058 5291 3255 5347 Cenes.
3290 5307 3417 5353 xu,

1844 5401 1912 5440 ex
1939 5384 2081 5439 LXX
2104 5386 2330 5455 Interpr.
2360 5398 2527 5447 vers.,
2552 5384 2615 5436 τὸ
2644 5384 2904 5455 ὲγκισσᾷν
2956 5384 3178 5437 denotat
3229 5381 3421 5453 καιρὸν

1842 5479 1942 5549 τῆς
1988 5480 2256 5551 κυήσεως.
2302 5476 2401 5531 Hic
2434 5475 2728 5529 ὲνεκίσσων
2776 5475 2847 5528 τὰ
2900 5476 3149 5547 πρόϐατα
3194 5479 3275 5539 είς
3320 5476 3420 5540 τὰς

1846 5571 2096 5644 ῥάϐδους.

1922 5665 2037 5717 Col.
2089 5661 2185 5716 I57
2229 5660 2271 5715 Β
2327 5662 2415 5717 14.
2460 5660 2768 5730 Legendum
2812 5676 2825 5712 :
2869 5659 3038 5714 ὑπτία
3084 5657 3421 5730 προκειμένη

1845 5753 1952 5808 τῶν
1989 5755 2074 5810 ἀν.
2110 5757 2228 5817 ταῖς
2274 5753 2444 5824 βίαις,
2473 5751 2662 5820 ὀλίγας
2716 5751 2889 5817 ἀκτὰς
2938 5755 3033 5807 καὶ
3089 5751 3426 5822 ὐποδρόμους
