3816 6210
401 343 535 397 “’23

1794 331 1948 388 FED.
1989 330 2299 387 MORELLI

3552 323 3700 378 112‘

400 458 618 529 ἔχουςα.
665 455 935 523 lnterpres
968 453 1264 524 ὑπόδρομοι
1311 450 1400 505 ltic
1440 451 1576 505 scite
1619 468 1637 502 ι
1679 458 1887 505 tractus
1919 460 1976 503 et

2170 467 2177 499 ι
2222 447 2469 501 πλεῖστον
2500 445 2794 515 φυλάσσειν
2836 445 2936 516 τὴν
2980 442 3134 507 ναῦν,
3178 441 3369 514 ὥσπερ
3418 443 3697 514 καταρρι-

403 548 708 618 superfugit)
752 565 771 597 ι
798 545 1081 614 exposuit;
1110 560 1206 597 nec
1249 543 1445 597 inscite
1485 541 1777 611 Strigelius
1823 543 1991 595 vertit

2173 539 2355 591 Θεῖσαν
2382 540 2438 591 ἐν
2469 537 2619 608 αὑτῷ
2651 536 2729 608 τῷ
2756 536 3004 604 πελάγει.

409 659 429 692 ι
469 655 736 701 recessus,
779 640 831 690 in
858 636 1056 706 quibus
1091 644 1267 689 tutum
1296 634 1366 688 sit
1390 634 1581 687 latere.
1614 652 1632 684 ι
1669 634 1811 688 Sunt
1842 634 1986 688 enim

404 732 701 803 ὑπόδρομοι
732 731 819 783 hic
847 730 1003 798 quasi
1060 730 1217 797 longa
1250 727 1523 797 quzedam,
1581 735 1637 780 et
1674 733 1813 781 tecta
1849 727 1992 781 clau-

404 838 573 892 Saque
608 824 968 891 undequaque
1018 821 1366 884 atnbulacra;
1399 835 1494 873 ceu
1573 819 1745 873 stadia
1799 834 1989 889 opaca,

403 913 505 967 sub
534 913 727 979 quibus
760 912 964 980 degunt
1015 921 1275 964 natantve
1311 911 1508 979 pisces.
1550 909 1756 964 Plinius
1783 910 1989 978 junior,

406 1009 499 1063 lib.
533 1025 585 1070 v,
619 1009 777 1075 epist.
807 1009 839 1058 6
860 1044 874 1067 ,
902 1004 1225 1075 hypodrotni
1254 1019 1446 1058 vocent
1501 1004 1720 1073 pmprie
1766 1016 1993 1072 usurpat

408 1104 474 1154 de
496 1102 672 1154 nativa
705 1099 915 1168 porticu
957 1100 1009 1150 in
1044 1097 1202 1150 horto
1234 1096 1555 1151 Tuscanicae
1580 1097 1744 1159 villre,
1801 1096 1990 1164 cujus-

413 1191 558 1246 modi
590 1199 787 1244 natura
822 1189 904 1243 vel
934 1200 1051 1242 arte
1086 1188 1200 1241 lieri
1242 1187 1403 1252 solet,
1441 1189 1713 1241 consertis
1762 1188 1909 1242 inter
1937 1204 1996 1243 se

412 1278 736 1346 reﬂexisquc
781 1279 1037 1330 arborum
1079 1275 1245 1329 ramis
1279 1292 1292 1326 :
1323 1285 1493 1344 atque
1539 1278 1641 1329 boc
1666 1278 1993 1332 vocabulum

413 1371 695 1427 Sidonium
720 1388 785 1424 ex
818 1372 922 1424 hoc
960 1385 991 1423 e
1025 1369 1184 1422 Plinii
1217 1369 1474 1437 castigati
1508 1370 1716 1423 scrinio
1745 1370 1998 1439 deprom-

414 1465 607 1533 psisse,
635 1465 769 1517 etin
802 1465 963 1530 epist.
1015 1462 1103 1525 11,
1163 1461 1257 1515 lib.
1306 1476 1387 1526 x1,
1442 1460 1790 1514 transtulisse
1836 1470 1995 1516 acute

413 1555 797 1609 animadvertit
828 1557 910 1608 vir
940 1555 1153 1609 clariss.
1212 1563 1267 1607 et
1294 1553 1575 1607 eruditiss.
1611 1552 1849 1608 Iacobus
1874 1552 1996 1608 Sir-

416 1647 643 1699 mondus
677 1647 960 1700 societatis
1010 1646 1140 1699 .lesu
1180 1645 1465 1714 theologus
1516 1645 1567 1698 in
1620 1646 1895 1713 perductis
1929 1648 1997 1700 ad

416 1738 565 1791 illum
584 1738 905 1807 scriptorem
939 1737 1101 1791 notis.
1135 1735 1403 1790 Cmterum
1433 1736 1594 1805 paulo
1623 1746 1737 1804 post
1768 1752 1834 1789 ex
1869 1751 2000 1804 prae-

2162 631 2277 686 Col.
2309 631 2413 685 164
2444 633 2490 685 A
2512 631 2566 683 2.
2606 628 2899 697 Κυμάτων
2947 624 3233 695 συνεχεῖς
3270 624 3367 677 καὶ
3408 623 3698 689 emun-

2091 728 2188 777 λοι
2214 723 2528 793 ἑπιδρομαί
2554 723 2807 777 dicuntur
2834 719 3029 775 Ovidio
3058 719 3193 790 [imo
3223 717 3472 778 Horatio,
3491 715 3603 786 Ep.
3632 730 3696 781 ll,

2093 816 2147 883 2,
2184 814 2332 887 176],
2361 830 2482 867 cum
2515 813 2657 865 unda
2690 811 2983 880 supervenit
3016 812 3237 861 undam.

2165 910 2295 961 lbitl.
2325 906 2364 958 Β
2390 904 2473 960 10.
2537 902 2865 958 Μελετῶσα
2896 900 3118 967 νυκτὸς
3165 899 3264 954 καὶ
3308 898 3562 968 ἡμέρας,
3612 907 3701 950 at-

2099 1014 2302 1056 textum
2343 1007 2428 1055 est
2469 1015 2500 1051 e
2550 997 2743 1067 psaltn.
2802 1014 2816 1051 ι
2856 1012 3002 1051 vers.
3030 998 3106 1050 Ξῖ
3140 994 3250 1050 Καὶ
3292 993 3364 1047 ὲν
3404 991 3489 1058 τῷ
3524 993 3699 1061 νόμῳ

2094 1094 2283 1148 αὑτοῦ
2309 1089 2635 1162 μελετήσει
2656 1087 2881 1159 ἡμέρας
2914 1088 3014 1142 καὶ
3048 1088 3287 1152 νυκτός.

2584 1223 2590 1229 -
2629 1199 2696 1237 ΑΙ)
2735 1195 2997 1236 HOMILIAI
3038 1194 3157 1232 γιιι.

2173 1276 2291 1331 Col.
2322 1275 2424 1330 165
2453 1277 2493 1329 A
2521 1276 2575 1329 7.
2616 1274 2971 1345 Λογιζόμεθα
3010 1272 3219 1325 τοίνυν
3262 1269 3352 1323 ὅτι
3402 1268 3527 1322 τῶν
3572 1267 3702 1338 μὲν

2096 1367 2336 1438 νηκτῶν
2368 1370 2405 1437 ἡ
2445 1369 2651 1436 φύσις,
2681 1377 2788 1419 etc.
2833 1365 2959 1419 llaec
3001 1365 3065 1416 ad
3100 1350 3463 1416 roborandam
3505 1376 3702 1415 asser-

2102 1463 2298 1515 tionem
2334 1460 2479 1514 illatn
2512 1465 2756 1527 spectant
2785 1458 2853 1511 de
2887 1457 3105 1511 feritate
3133 1466 3424 1523 stuporeve
3451 1453 3697 1522 piscium

2099 1564 2153 1607 et
2193 1568 2385 1607 natura
2449 1553 2847 1616 immansueta;
2899 1550 2967 1603 de
3019 1563 3125 1617 qua
3182 1547 3453 1616 superiori
3514 1561 3698 1601 serui.

2100 1647 2536 1699 animadversum
2571 1653 2676 1697 est.

2173 1738 2308 1793 Ibid.
2335 1738 2396 1792 B.
2433 1737 2493 1791 Ἡ
2522 1736 2695 1807 ψυχὴ
2733 1735 2851 1804 τὴν
2886 1735 3216 1806 ἠγεμονίαν
3242 1731 3700 1800 ἐπιτέτραπται.

414 1831 618 1899 scripto
652 1830 786 1896 legis
830 1830 1222 1897 prosopOpteia:
1261 1827 1568 1896 legendum,
1610 1827 1703 1879 ἐπὶ
1732 1827 1803 1880 τὰ
1826 1844 1996 1898 προσ-

2170 1834 2292 1885 »ιιιίι
2348 1832 2624 1893 scribere,
2665 1832 2731 1902 τῇ
2786 1831 2931 1901 ψυχῇ
2981 1832 3014 1900 ἡ
3070 1828 3344 1899 ἡγεμονία
3394 1826 3704 1897 ἐπιτέτρα-

413 1922 541 1993 ήλιοι
559 1921 666 1973 τῶν
683 1921 896 1991 χωρίων
914 1917 1268 1990 ἐπειγόμεθα,
1299 1928 1354 1973 et
1371 1933 1517 1983 mox,
1544 1917 1769 1983 κόλποις
1794 1918 2001 1987 ἐγκαθ-

412 2011 774 2087 ορμιζόμεθα.

488 2108 616 2160 lttid.
659 2107 697 2157 lt
720 2108 771 2158 8.
809 2103 1001 2174 Ἀργία
1035 2103 1369 2173 κακουργίας
1401 2104 1566 2174 ἀρχή.
1607 2102 1890 2168 Ilesiodus,

489 2198 663 2251 Οὔτοι
695 2196 871 2266 ἔργον
910 2195 1157 2260 ὄνειδος,
1198 2196 1431 2264 ἀεργείη
1464 2196 1532 2248 δέ
1564 2196 1615 2265 γ’
1643 2194 1895 2261 ὄνειδος.

418 2286 542 2343 Non
571 2306 699 2356 opus
725 2299 801 2341 est
826 2289 1097 2354 probrum,
1121 2289 1211 2339 sed
1235 2291 1381 2340 deses
1410 2290 1600 2341 inertia
1633 2290 1879 2355 probrum
1904 2297 2002 2342 est.

417 2381 704 2449 :Etiologia
739 2391 822 2434 est
853 2379 991 2448 apud
1028 2377 1397 2447 Pborylidctn,

418 2493 544 2559 Πᾶς
568 2493 677 2564 γὰρ
702 2492 914 2562 ἀεργὸς
942 2491 1096 2562 ἀνὴρ
1119 2490 1239 2553 ζώει
1276 2492 1588 2560 κλοπίμων
1616 2490 1735 2545 ἀπὸ
1766 2490 1999 2560 χειρῶν.

493 2587 681 2655 Segnis
723 2586 923 2653 furtivo
954 2585 1145 2638 victum
1178 2584 1278 2637 sibi
1312 2592 1585 2648 comparat
1619 2592 1765 2636 astu.

488 2694 606 2748 Col.
649 2692 754 2747 160
785 2695 831 2746 A
871 2694 924 2747 5.
968 2692 1021 2746 Ὁ
1055 2691 1395 2758 θαλάσσιος
1431 2692 1658 2761 ἐχῖνος,
1689 2710 1743 2747 τ.
1792 2693 1865 2748 De
1904 2694 2007 2748 hoc

420 2784 717 2857 Oppianus,
748 2801 784 2839 ll
822 2785 1076 2839 Ἀλιευτ.

660 2898 901 2952 νώτοισι
934 2898 985 2951 δ’
1012 2897 1442 2968 ἁνοχλίζουσιν
1466 2898 1723 2965 ἕκαστος

419 2971 609 3036 Λᾶαν,
640 2970 793 3024 ὅσον
824 2970 1175 3037 ,βαρύθοντα
1224 2972 1358 3038 περὶ
1403 2970 1774 3039 σφετέρῃσιν
1821 2972 2005 3025 ἀκάν-

430 3110 703 3179 ⁹Ρηῖδίως
734 3108 1025 3181 φορέοιεν.
1781 3040 1937 3113 [θαις

420 3201 618 3273 Georg.
643 3202 869 3268 Pisides,
894 3217 1034 3256 vers.
1060 3201 1199 3255 1155
1222 3201 1566 3270 (Josmurgiw,
1590 3217 1654 3257 ex
1678 3202 1797 3257 Lat.
1822 3213 2003 3257 nostra
2033 3187 2076 3244 ο

422 3296 691 3360 versione,

491 3385 814 3457 Ecquisnam
839 3386 1039 3439 echinis
1075 3385 1325 3455 pelagici:
1365 3383 1571 3457 Nereus
1603 3386 1749 3440 dedit

490 3456 559 3511 In
584 3454 700 3525 fere
729 3459 976 3523 prwscias
1009 3456 1175 3525 futuri
1202 3454 1457 3521 pupulas,

493 3526 585 3581 Uti
617 3538 738 3580 ante
768 3528 1025 3579 turbinem
1058 3526 1302 3590 procella:
1333 3527 1461 3593 agili
1498 3526 1628 3594 fuga

493 3597 726 3666 llapiant
756 3596 988 3665 lapillos,
1019 3598 1249 3663 pondere
1281 3607 1333 3646 ut
1365 3609 1500 3649 stent
1532 3599 1742 3664 [irmius
1768 3600 1794 3654 ?

492 3689 625 3744 Ibid.
668 3689 715 3743 A
751 3688 805 3743 9.
856 3689 946 3742 Sic
1011 3688 1504 3756 interpungondutn
1549 3704 1563 3740 :
1610 3690 1697 3740 ἐπ’
1760 3690 2006 3761 ἀγκύρας

425 3783 667 3854 βεῆαίας,
718 3797 806 3835 σα.
845 3779 969 3836 Ηεεο
1012 3788 1067 3833 et
1115 3780 1394 3832 scauentia
1436 3778 1821 3834 Lucretianum
1878 3785 2007 3834 illud

424 3878 615 3931 lirman
626 3888 636 3926 t
648 3915 664 3940 ,

494 3966 766 4020 Duntaxat
798 3981 971 4019 rerum
1001 3980 1312 4033 magnarum
1338 3980 1501 4025 parva
1531 3972 1694 4031 potest
1728 3981 1809 4017 res

497 4037 807 4104 Exemplare
841 4038 986 4098 dare,
1015 4046 1063 4088 et
1107 4036 1318 4104 vestigia
1352 4035 1583 4089 notitiai.

494 4130 626 4185 Ibid.
655 4128 697 4180 Β
717 4130 770 4182 5.
800 4126 966 4195 Παρὰ
1006 4129 1069 4179 Θ.
1097 4126 1301 4180 Πάντα
1341 4127 1633 4180 σκοπεύει
1681 4128 1714 4180 ὀ
1758 4127 1976 4195 ἀπο-’μη
1996 4156 2010 4164 -

422 4236 528 4285 τος
560 4219 885 4288 ὀφθαλμός.
924 4217 1034 4272 ΙΙ’›ε
1070 4219 1391 4287 praecinerat
1414 4228 1417 4231 '
1441 4217 1725 4287 Hesiodus
1757 4219 1860 4271 hoc
1913 4234 2012 4270 au-

431 4326 524 4365 reo
556 4326 737 4375 versu,

425 4447 629 4504 Πάντα
663 4446 805 4502 ἰδὼν
836 4447 969 4532 ᾼιὸς
1013 4446 1340 4516 ὀφθαλμὸς,
1377 4446 1476 4499 καὶ
1523 4446 1721 4501 πάντα
1753 4446 2007 4515 νοήσας.

2105 1938 2261 1983 πται,
2291 1936 2437 1975 more
2468 1919 2778 1983 Homerico,

2244 2025 2318 2101 τῼ
2348 2033 2485 2086 λαοὶ
2515 2030 2992 2099 ἐπιτετράφαται,

2248 2104 2449 2171 Ὥραις
2479 2101 2895 2170 ἐπιτέτραπται
2916 2103 3108 2170 μέγας
3139 2101 3417 2168 οὐρανός.

2106 2197 2270 2253 Iliad.
2303 2197 2364 2260 lt,
2392 2205 2499 2251 etc.

2174 2307 2287 2362 Col.
2310 2306 2431 2371 166,
2466 2306 2506 2360 Β
2531 2306 2586 2361 4.
2621 2306 2940 2361 Ἀκούσατε
2970 2308 3024 2359 οἱ
3047 2304 3409 2374 βαρύθυμοι.
3437 2304 3519 2359 Ad
3548 2304 3709 2376 prin-

2105 2398 2276 2466 cipem
2312 2399 2681 2464 Homericum,
2715 2399 2782 2453 de
2817 2414 2927 2467 quo
2958 2397 3208 2463 Calchas,
3241 2396 3406 2451 Iliad.
3440 2398 3509 2465 A,

2106 2511 2421 2579 Κρείσσων
2462 2509 2574 2580 γὰρ
2605 2510 2909 2576 ,ϐασιλεὺς
2947 2510 3048 2565 ὅτε
3094 2509 3356 2654 χώσειταὶ
3378 2511 3558 2637 ἀΐδρὶ
3600 2512 3708 2581 χέει

3354 2599 3435 2651 ρη
3465 2623 3480 2648 ,
3507 2595 3628 2639 etc.

3354 2595 3480 2651 ρηῑ,
3507 2595 3628 2639 etc.

2178 2694 2309 2748 Ibid.
2362 2692 2426 2750 D.
2481 2693 2655 2761 Πλήν
2721 2712 2788 2766 γε
2849 2695 2939 2750 ὅτι
3010 2695 3192 2751 οὐδὲν
3266 2694 3387 2751 τῶν
3450 2698 3712 2767 πτηνῶν

2106 2785 2323 2840 ἄπουν.
2358 2785 2564 2840 Plinius
2613 2796 2789 2841 tamen
2825 2786 3098 2856 integrum
3135 2799 3299 2856 caput
3332 2788 3374 2842 l.
3407 2804 3442 2842 ι
3490 2791 3704 2845 inscri~

2106 2878 2242 2947 psit,
2290 2875 2366 2929 De
2414 2878 2693 2945 apodibus,
2743 2879 2885 2945 quod
2941 2879 3015 2932 ita
3069 2881 3285 2933 orditur
3332 2893 3350 2933 :
3389 2877 3708 2935 Plurimum

2106 2969 2283 3023 volant
2326 2984 2443 3038 qua:
2491 2970 2683 3031 apodes
2722 2982 2997 3035 vocantur,
3044 2971 3170 3039 quia
3216 2984 3396 3025 carent
3452 2989 3559 3026 usu
3611 2991 3712 3041 pe-

2080 3059 2266 3122 .dum,
2303 3070 2361 3112 ttt
2404 3056 2546 3111 infra
2583 3059 2649 3112 de
2697 3075 2856 3127 apum
2900 3076 3022 3131 rege
3054 3062 3248 3116 scribit
3293 3063 3460 3117 Basil.
3496 3083 3509 3118 :
3546 3066 3713 3119 Ἐστι

2109 3150 2335 3221 κέντρον
2370 3149 2447 3221 τῷ
2476 3150 2705 3220 βασιλεῖ,
2739 3152 2853 3206 ἀλλ’
2876 3154 2934 3206 οὐ
2966 3155 3164 3224 χρῆται
3195 3156 3373 3227 τούτῳ
3399 3157 3539 3228 πρὸς
3565 3159 3718 3230 ἄμυ-

2109 3260 2225 3296 ναν.
2256 3244 2391 3309 Quid
2425 3244 2466 3296 si
2499 3244 2783 3314 legendum
2816 3245 2889 3298 sit
2920 3247 3058 3315 apud
3087 3246 3320 3301 Plinium
3349 3246 3714 3316 Cacopodes.’

2111 3350 2212 3404 qua
2254 3351 2384 3390 voce
2446 3346 2636 3390 auctor
2685 3347 2873 3392 noster
2931 3321 3094 3408 paulo
3151 3350 3273 3408 post
3328 3341 3518 3405 utitur,
3579 3358 3711 3397 cum

2110 3428 2315 3493 scribit,
2344 3429 2513 3499 ὀλίγοι
2541 3431 2598 3483 δὲ
2627 3430 2736 3483 τῶν
2762 3430 2991 3501 ὀρνίθων
3020 3432 3324 3495 κακόποδὲς
3354 3433 3482 3486 εἱσι.

2182 3519 2297 3576 Col.
2327 3520 2428 3576 169
2464 3521 2504 3572 (ἶ
2543 3521 2598 3575 6.
2644 3522 2873 3589 Ὥσπερ
2918 3521 3016 3575 διὰ
3063 3522 3378 3589 καυτήριον
3404 3520 3615 3577 τινῶν.
3655 3524 3718 3577 In

2113 3614 2363 3667 versione
2397 3614 2652 3666 mendum
2701 3626 2785 3667 est
2824 3626 2926 3665 non
2964 3614 3295 3681 interpretis.
3344 3615 3438 3668 sed
3494 3616 3717 3669 descri-

2113 3718 2327 3777 ptorutn
2375 3719 2431 3761 ct
2487 3721 2813 3776 operarum,
2866 3717 3121 3778 tanquam
3170 3710 3488 3776 quibusdam
3537 3708 3713 3776 justis

2114 3798 2281 3862 notis;
2318 3813 2542 3865 repone,
2584 3799 2775 3851 inustis
2835 3799 3005 3860 notis;
3054 3808 3185 3852 sunt
3233 3799 3375 3853 enim
3421 3798 3715 3870 καυτῆρες

2113 3904 2232 3958 qum
2277 3890 2569 3943 inuruntur
2604 3888 2905 3957 pecudibus
2949 3901 3004 3943 et
3049 3890 3335 3959 mancipiis
3368 3899 3426 3942 et
3472 3905 3704 3943 crume-

2115 3979 2313 4033 nisccis
2356 3981 2421 4032 ad
2468 3979 2763 4047 ἐπίγνωσιν
2797 3979 2889 4033 καὶ
2921 3980 3254 4050 δυσφημίαν,
3301 3979 3383 4032 vel
3432 3978 3711 4034 valetudi-

2116 4072 2283 4126 nariis
2319 4073 2583 4141 aegrisque
2613 4073 2677 4125 ad
2712 4071 3010 4144 κάθαρσιν.
3057 4073 3180 4127 Mox
3230 4070 3565 4143 σχιζόπτερα
3613 4086 3713 4126 ex-

2116 4174 2387 4232 ponuntur
2427 4164 2770 4233 lissipennes,
2809 4167 2891 4218 vel
2940 4156 3268 4233 lissipennai,
3299 4175 3356 4216 ut
3390 4164 3534 4231 apud
3573 4164 3710 4217 Var-

2116 4269 2299 4308 ronem
2348 4253 2703 4326 πληξόπτερα
2742 4257 3175 4326 quassagipennae
3221 4265 3425 4309 anates.
3473 4254 3708 4323 Nonius,

2117 4346 2171 4396 in
2209 4346 2448 4409 pecudes.

2194 4435 2311 4489 Col.
2346 4436 2447 4489 172
2482 4436 2521 4489 Β
2546 4436 2600 4490 4.
2640 4435 2840 4505 Ψάρες
2886 4438 2986 4491 καὶ
3040 4438 3289 4491 κολοιοί.
3319 4436 3578 4501 Aristot.,
3612 4438 3706 4490 lib.

497 4563 611 4617 Col.
640 4561 737 4615 161
788 4561 829 4617 c
857 4524 918 4614 '5.
968 4559 1258 4630 Ἰχθύδιον
1297 4560 1335 4628 ἡ
1375 4560 1617 4630 έχενηις
1664 4561 1756 4615 οὕ.
1800 4563 1872 4617 De
1925 4580 1996 4617 rei

2174 4541 2208 4577 tt
2242 4525 2314 4578 De
2342 4528 2679 4591 moribus,ad
2699 4526 2841 4587 Nic.,
2868 4511 3116 4579 Doricam
3152 4526 3327 4578 laudat
3357 4528 3707 4594 parmtniatn,
3770 4553 3778 4559 -

429 4670 578 4707 tnora
617 4654 698 4707 vel
733 4652 1074 4720 remeligine,
1109 4663 1167 4703 ut
1204 4652 1272 4703 ab
1323 4652 1553 4705 Afranio
1583 4664 1636 4705 et
1676 4652 1868 4707 Plauto
1905 4670 2006 4707 no-

426 4751 682 4812 minatur,
723 4747 863 4800 idem
895 4743 1093 4810 Georg.
1122 4745 1258 4808 Pis.,
1282 4743 1605 4812 Cosmurgia:
1633 4759 1773 4798 vers.
1808 4744 1913 4799 985
1946 4764 1957 4796 ;

501 4840 608 4893 Καὶ
638 4840 730 4904 τίς
768 4838 875 4891 τὸν
902 4837 1076 4906 ἰχθὺν
1104 4837 1212 4890 τὸν
1243 4837 1488 4905 ,βραχὺν
1518 4837 1624 4889 τὸν
1651 4835 2003 4904 ναυκράτψε

494 4909 662 4964 Ποιεῐ
692 4907 1039 4977 τρεχουσῶν
1078 4906 1353 4961 ὁλκάδων
1387 4907 1756 4973 ἀντιστάτην
1775 4926 1792 4970 ,·

493 4980 604 5034 Καὶ
640 4979 880 5031 πλωτὸν
910 4980 1235 5031 εὐόλισθον
1261 4979 1521 5044 dicta/pet
1554 4980 1804 5040 στόλον,

495 5048 611 5103 Καὶ
649 5049 780 5115 ταῖς
810 5049 1141 5115 πνεούσαις
1171 5048 1576 5102 ἀντιτάττεται
1604 5049 1793 5112 βίαις.

502 5143 692 5206 Quisve
728 5156 987 5194 remorant
1018 5141 1209 5205 piscem
1241 5140 1493 5206 pusillum
1525 5143 1577 5193 in
1620 5156 1828 5208 loquore

498 5212 695 5265 Statuit
731 5210 926 5263 carinis
958 5211 1162 5264 obvium
1194 5212 1563 5263 currentibus?

500 5281 603 5335 llic
632 5280 788 5333 classi
817 5281 872 5331 in
903 5279 1068 5331 altum
1106 5280 1212 5332 vela
1240 5283 1388 5331 danti
1427 5281 1725 5345 opponitur,

502 5352 940 5419 Spirantibusque
968 5351 1116 5403 auris
1148 5351 1344 5403 resistit
1372 5352 1631 5419 gnaviter,
1664 5364 1770 5404 etc.

428 5445 786 5510 Aristot.,lib.
813 5445 1311 5509 tllistor.animal.,
1332 5460 1453 5514 cap.
1482 5445 1581 5501 Νι
1613 5443 1785 5513 Plin.,‘
1813 5442 1904 5497 lib.
1928 5459 2006 5507 Ix,

429 5558 480 5596 c.
504 5539 607 5607 25’;
639 5539 938 5606 Plutarch.,
979 5540 1224 5608 Symnos.
1246 5538 1307 5602 2,
1340 5537 1603 5609 problem.
1634 5536 1703 5602 '7;
1739 5535 2008 5604 Oppiam,

430 5634 525 5687 lib.
557 5649 575 5687 1
610 5629 883 5696 Halieut.;
928 5631 1109 5685 Pbiles
1142 5631 1434 5699 lambogr.,
1476 5628 1619 5696 Περὶ
1681 5626 1839 5688 ζώων
1869 5627 2013 5681 ὶδιό-

427 5742 626 5795 τητος.
657 5723 810 5792 Quod
841 5723 1089 5793 sequitur
1127 5724 1266 5791 apud
1300 5721 1564 5777 Basiliam
1610 5722 1691 5776 sic
1735 5724 2014 5790 interpun-

430 5819 674 5888 gendumt
710 5826 758 5873 et
810 5814 1206 5872 emendandum
1248 5812 1494 5886 _videtur,
1547 5812 1686 5867 ὥστε
1734 5814 2010 5887 ’ἀκίνητον

2116 4617 2324 4680 κολοιὸς
2356 4618 2481 4670 ποτὶ
2512 4617 2741 4684 κολοιόν,
2775 4616 3039 4670 Graculus
3068 4618 3259 4670 assidet
3294 4617 3535 4685 graculo.

2186 4707 2316 4760 Ibid.
2350 4707 2390 4759 Β
2416 4707 2499 4762 10.
2536 4707 2825 4777 Χειροήθη
2857 4706 2926 4759 δὲ
2965 4709 3063 4762 καί
3098 4708 3359 4762 τιθασσὰ
3390 4709 3465 4762 τὰ
3502 4711 3707 4765 πολλὰ

2115 4799 2233 4853 τῶν
2263 4801 2313 4852 ό.
2351 4799 2579 4868 Gregor.
2610 4800 2887 4870 Nyssenus
2925 4800 2975 4851 id
3011 4800 3190 4852 ﬁrmat
3232 4800 3391 4853 Orat.
3431 4814 3598 4869 super
3637 4817 3704 4853 χι.

2117 4900 2366 4959 tuartyr.,
2400 4890 2604 4960 p.208,
2658 4902 2789 4945 tom.
2830 4891 2870 4943 ll
2920 4890 3053 4943 edit.
3102 4899 3301 4943 nostrae
3340 4907 3353 4942 :
3396 4889 3471 4942 Τὸ
3517 4891 3703 4961 μεῖζον

2114 4984 2202 5036 ἀεὶ
2253 4983 2423 5035 δεινὸν
2474 4982 2581 5037 τῶν
2636 4981 3044 5052 ὑποδεεστέρων
3106 4980 3288 5049 φόϐων
3343 4980 3442 5051 τὴν
3500 4981 3703 5037 δειλίαν

2108 5075 2395 5128 ἐκϐάλλειο
2438 5074 2560 5128 ὅθεν
2595 5075 2808 5147 ὄρνιθες
2858 5076 2989 5147 παρ’
3029 5072 3337 5145 ἀνθρώποις
3384 5075 3702 5139 εἰσοικίζονο

2107 5182 2229 5219 ται’
2267 5168 2361 5219 καὶ
2392 5166 2644 5237 μένουσιν
2681 5165 3008 5235 ὑπωρόφιοι.

2179 5258 2312 5312 Ibid.
2344 5260 2384 5311 (1
2418 5260 2470 5311 5.
2511 5259 2575 5310 Οἱ
2628 5258 2729 5328 μὲν
2790 5257 2901 5328 γὰρ
2948 5256 3168 5310 κωτίλοι
3220 5256 3316 5310 καὶ
3378 5256 3529 5311 λάλοι
3589 5257 3696 5310 τῶν

2111 5352 2335 5423 ὀρνίθων
2363 5351 2530 5403 εἰσίν·
2564 5353 2615 5405 οἱ
2648 5351 2705 5404 δὲ
2735 5350 2946 5421 σιγηλοί
2971 5367 2985 5381 °
3023 5352 3115 5404 καὶ
3145 5350 3214 5403 τὰ
3258 5351 3358 5421 μὲν
3388 5350 3560 5419 ᾠδικὰ
3604 5349 3701 5404 καὶ

2111 5443 2424 5511 πολύφωνα.
2473 5442 2765 5498 Volucrum
2803 5444 3082 5497 distinctio
3126 5443 3178 5497 in
3215 5445 3483 5513 garrulas,
3532 5458 3698 5497 cauo—

2114 5552 2222 5601 ras,
2269 5537 2504 5601 oscines,
2535 5544 2823 5604 praepetes,
2852 5543 2907 5589 et
2956 5537 3310 5603 inauspicata!
3353 5535 3697 5607 garrulitatis

2113 5645 2275 5705 aves,
2315 5629 2383 5683 de
2429 5628 2626 5696 quibus
2670 5628 2986 5700 luculenter
3021 5639 3148 5699 post
3179 5632 3433 5697 Aristot.,
3462 5646 3513 5683 Ix
3554 5626 3703 5698 Περὶ

2112 5721 2266 5783 ζώων
2280 5726 2423 5786 ἱστ.,
2449 5720 2587 5775 Plin.
2615 5720 2710 5776 lib.
2728 5739 2782 5777 χ.
2805 5721 2911 5776 Per
2933 5721 3188 5793 σιγηλούς
3219 5732 3399 5776 autem
3425 5738 3533 5779 non
3560 5721 3705 5776 taci—

2113 5825 2302 5872 turnos
2331 5813 2574 5883 omnino,
2604 5815 2696 5871 sed
2731 5815 3027 5873 stridentes
3056 5827 3111 5872 et
3147 5827 3429 5887 gementes
3462 5824 3702 5871 tantum-
