3816 6210
187 332 338 393 ιιεο

1740 327 1831 387 ΝΟ
1846 326 1972 387 I'AS.

3330 336 3470 393 1150

344 449 572 516 Partito,
607 467 672 506 ne
699 450 1137 522 quamuligincm
1182 460 1275 504 aut
1314 464 1511 504 canem
1555 450 1797 510 trahant.
1832 452 1879 508 Δ
1910 451 2048 516 tilia,
2084 451 2391 522 accipiunt;
2419 462 2480 507 ut
2512 462 2566 508 et
2608 450 2937 522 Apollinaris
2973 451 3028 507 in
3054 451 3273 508 beroica
3301 449 3470 506 Meta-

338 543 445 598 Aut
477 545 691 598 noxium
723 561 757 598 a
784 544 963 598 radice
1009 560 1225 613 gramen
1257 543 1504 611 pullulet,
1529 553 1639 596 etc.

186 636 466 706 Quidquid
499 636 591 702 sit,
628 634 855 691 Flaccus
897 633 1258 708 γενικώτερον
1300 636 1437 690 dixit
1482 637 1549 689 de
1591 635 1778 689 cadem

188 728 449 791 formica,

187 815 302 871 Ore
352 817 514 869 trahit
553 817 903 886 quodcunque
955 826 1159 885 potest,
1192 825 1349 886 atque
1388 815 1534 869 addit
1575 830 1779 868 acervo.

261 908 384 963 Mox
409 923 570 978 quam
584 908 813 963 Basilius
834 916 987 964 vocat
1008 908 1218 981 εὑδινὴν
1241 908 1403 980 ἀέρος
1418 908 1776 969 κατάστασιν,

186 997 285 1056 hic
313 998 735 1070 Iambographus
774 999 990 1072 αἰθρίαν
1039 1000 1402 1072 πετιηγμένην
1446 1001 1582 1054 scite
1621 999 1776 1054 dixit.

182 1089 463 1146 Cancrum
511 1092 709 1147 Aratus
749 1092 892 1147 inter
932 1095 1154 1164 σημεῖα,
1176 1092 1420 1161 signa,et
1452 1106 1785 1161 προγνωστι·

182 1182 447 1245 κά,1ιιιησ
480 1180 831 1238 formicarum
860 1196 1074 1239 cautam
1109 1182 1471 1254 προαίσθησιν
1501 1189 1651 1253 prius
1683 1183 1782 1237 ob.

186 1287 350 1328 serva
359 1280 442 1325 rat
480 1272 532 1326 in
558 1270 974 1343 Φαινομένοις,

338 1363 417 1417 ’Ἠ
452 1364 664 1431 κοίλης
694 1366 1002 1435 μύρμηκες
1036 1360 1194 1434 ὀπῆς
1220 1363 1290 1428 ἓξ
1311 1362 1429 1418 ὤεα
1465 1361 1663 1417 πάντα

334 1453 584 1510 Θᾶσσον
630 1456 1068 1528 ἀνηνέγκαντο.

181 1544 340 1614 Quos
374 1562 563 1607 versus
595 1548 818 1602 laudans
846 1549 1147 1613 Plutarch.,
1170 1548 1221 1602 in
1260 1548 1477 1619 Dialogn
1506 1547 1582 1603 De
1616 1547 1780 1602 soler-

180 1639 263 1693 tia
289 1640 485 1706 auim.,
526 1651 677 1695 notat
727 1642 1015 1697 nonnullos
1065 1658 1168 1696 non
1213 1639 1326 1695 ὤεα
1373 1643 1634 1704 scribere,
1660 1656 1780 1709 qum

179 1744 283 1784 ora
313 1731 623 1801 designant,
670 1732 764 1786 sed
798 1733 913 1804 ἤϊα,
955 1749 1149 1803 nempe
1201 1733 1599 1805 ἀποκειμένους
1637 1748 1777 1803 καρ·

180 1820 347 1888 πούς,
375 1823 615 1877 conditas
644 1823 845 1895 fruges,
895 1840 1003 1895 quo
1035 1827 1201 1881 etiam
1246 1826 1365 1882 loco
1400 1825 1582 1881 Basilii
1616 1825 1774 1880 lectio
1807 1809 1848 1866 Β

181 1913 247 1968 llr
258 1925 459 1970 matur.

256 2004 375 2060 Col.
403 2007 505 2062 I97
535 2006 575 2062 C
619 2007 672 2062 5.
712 2007 853 2078 Lege
898 2006 1052 2063 οὖπω
1084 2008 1154 2062 τὰ
1192 2008 1397 2080 κέρατα
1439 2007 1519 2079 τῷ
1565 2005 1770 2078 μόσχῳ,

178 2110 253 2151 ex
288 2096 514 2152 Philone
565 2098 731 2155 Hebr.
782 2116 887 2153 non
938 2100 1122 2168 procul
1163 2101 1233 2154 ab
1287 2103 1440 2159 initio
1487 2101 1582 2154 lib.
1630 2099 1772 2167 Περὶ

176 2189 306 2246 τῶν
332 2193 909 2264 μετονομαζομένων.
938 2194 1092 2250 Ovid.
1134 2194 1186 2248 in
1228 2193 1542 2248 Halieuticis
1576 2209 1590 2247 :

328 2281 536 2348 Accepit
561 2285 788 2337 mundus
810 2285 994 2352 legem,
1023 2284 1164 2337 dedit
1199 2299 1350 2337 arma
1381 2298 1473 2350 per
1498 2298 1700 2346 omnes,

326 2372 713 2442 Admonuitque
741 2375 823 2427 sui
846 2386 865 2426 :
890 2373 1082 2427 vitulus
1113 2374 1192 2426 sic
1226 2387 1449 2441 namque
1474 2372 1670 2425 minari

331 2463 435 2530 Qui
468 2466 699 2517 nondum
731 2464 862 2534 gerit
905 2465 960 2517 in
1004 2475 1178 2518 tenera
1200 2464 1317 2533 jam
1345 2479 1542 2517 cornua
1578 2463 1769 2532 fronte.

250 2554 390 2612 Ibid.
418 2554 459 2610 C
490 2556 540 2610 I.
594 2556 796 2625 Σοφοὶ,
825 2557 933 2622 τὰς
982 2556 1101 2610 τῶν
1143 2560 1404 2625 συλλογ.
1446 2555 1773 2610 Plutarchus

177 2647 237 2701 in
277 2646 501 2715 Dialogo
535 2646 750 2701 laudato
782 2648 1053 2703 concisins
1094 2649 1231 2702 hanc
1260 2648 1411 2701 canis
1436 2646 1771 2715 συλλογιστι-

176 2740 286 2811 κὴν
312 2739 541 2808 δύναμιν
589 2748 788 2792 tractat
830 2740 911 2793 his
955 2740 1154 2802 verbis,
1189 2755 1308 2808 qum
1337 2739 1622 2794 Basilianis
1669 2743 1775 2796 col-

176 2828 289 2883 lata
320 2831 584 2895 juvab‘unt
612 2845 627 2883 :
668 2830 730 2882 Οἱ
769 2829 1095 2883 διαλεκτικοί
1137 2847 1267 2900 φασι
1289 2831 1378 2885 τὸν
1401 2831 1540 2885 κύνα
1566 2831 1643 2903 τῷ
1684 2833 1771 2887 διὰ

176 2920 446 2975 πλειόνων
490 2919 855 2992 διεζευγμένῳ
885 2922 1166 2994 χρώμενον
1199 2925 1256 2977 ἐν
1296 2927 1416 2988 ταῖς
1459 2924 1774 2996 πολυσχιδέ-

176 3024 265 3065 σιν
290 3011 557 3083 άτράποις
590 3011 991 3081 συλλογίζεσθαι
1019 3013 1154 3083 πρὸς
1180 3013 1373 3067 ἑαυτόν
1390 3032 1403 3045 ·
1432 3013 1591 3066 Ἤτοι
1613 3014 1770 3086 τήνδε

172 3103 240 3155 τὺ
287 3101 476 3174 θηρίον
534 3101 818 3174 ὥρμηκεν,
862 3104 895 3175 ἢ
943 3104 1199 3175 τήνδε,ἢ
1251 3104 1440 3177 τήνδε·
1476 3105 1612 3160 ἀλλὰ
1659 3106 1765 3177 μὴν

171 3191 304 3245 οὔτε
325 3193 504 3262 τήνδε,
531 3190 654 3245 οὔτε
679 3192 839 3264 τήνδε
860 3210 875 3224 ·
898 3195 1058 3264 τήνδε
1081 3194 1267 3248 λοιπὸν
1292 3195 1422 3269 ἄρα.

247 3283 369 3337 Col.
405 3283 510 3337 200
549 3283 589 3338 C
614 3282 661 3338 I.
690 3285 1021 3352 Ἔνυστρα.
1057 3284 1182 3340 Ηςυο
1216 3301 1319 3340 vox
1370 3287 1573 3354 maiora
1630 3289 1768 3343 inle-

172 3376 325 3427 stina
371 3374 620 3445 designat
666 3376 806 3440 apud
837 3374 1029 3430 Galen.
1077 3377 1194 3430 Alia
1230 3387 1356 3432 sunt
1394 3378 1618 3452 ἔλυτρα,
1646 3396 1767 3448 quae

173 3467 347 3522 dictio
383 3466 539 3537 Hipp.
587 3467 951 3540 κεκρυφάλοις
995 3471 1304 3538 respoodet,
1351 3481 1404 3525 et
1457 3475 1760 3528 communis

171 3558 487 3612 oratoribus
523 3568 608 3613 est
637 3574 758 3612 cum
812 3564 1005 3628 poetis.
1041 3559 1128 3619 Jo.
1181 3562 1407 3617 Tzetzes
1453 3565 1605 3619 initio
1634 3580 1763 3634 poe-

173 3649 344 3720 matis
378 3647 454 3703 De
494 3648 759 3720 allegoriis
812 3665 1001 3705 recens
1048 3651 1236 3707 Grazce
1279 3663 1333 3706 et
1373 3654 1492 3709 Lat.
1539 3672 1567 3708 a
1614 3659 1766 3711 nobis

172 3742 335 3804 editi,
1058 3726 1061 3729 '

322 3833 582 3902 Ἔλυτρα
619 3832 804 3888 ταῦτα
835 3832 956 3888 τῶν
995 3836 1239 3906 γραφῶν
1268 3841 1615 3906 τεθεικότες.

325 3923 454 3977 ﬂwc
489 3926 755 3977 involucra
786 3926 1085 3991 scriptionis
1130 3929 1219 3995 qui
1262 3940 1465 3983 notant.

243 4016 369 4072 Col.
406 4016 512 4071 204
550 4018 597 4071 Α
644 4016 698 4071 8.
756 4015 920 4088 Ὁρᾷς
955 4018 1038 4072 ὅτι
1082 4019 1538 4093 φρυγανιξομένῳ
1568 4022 1647 4095 τῷ
1684 4026 1755 4080 Π.

174 4108 255 4162 Ex
290 4110 476 4161 Actor.
541 4107 763 4176 apostol.
814 4123 929 4176 cap.
979 4108 1050 4164 28
1085 4128 1099 4163 :
1130 4110 1538 4181 Συστρέψαντος
1565 4112 1623 4166 δὲ
1665 4115 1758 4168 τοῦ

169 4197 393 4255 Παύλου
439 4197 732 4270 φρυγάνων
776 4199 1001 4270 πλῆθος,
1046 4202 1139 4255 καὶ
1183 4202 1465 4269 ἐπιθέντος
1515 4207 1610 4259 ἐπὶ
1659 4206 1759 4279 τὴν

172 4289 378 4360 πυράν.
408 4290 569 4344 Vides
599 4300 857 4360 quantam
895 4293 1001 4347 vim
1046 4305 1102 4349 et
1142 4294 1384 4365 ἔμφασιν
1437 4297 1523 4352 hic
1565 4298 1760 4354 habeat

169 4384 234 4437 τὸ
260 4381 711 4453 φρυγανίξεσθαι,
746 4384 888 4454 quod
917 4395 994 4439 tot
1018 4387 1205 4441 verbis
1230 4387 1292 4442 Β.
1330 4388 1509 4443 Lucas
1535 4402 1759 4459 expres-

171 4475 244 4529 sit
263 4473 289 4525 7

244 4560 381 4616 Ibid.
415 4561 530 4618 B7.
579 4564 952 4635 Ἔπιγνῶναι.
987 4567 1069 4620 Οὐ
1095 4566 1206 4637 γὰρ
1234 4569 1427 4638 μόνον
1448 4570 1756 4643 ὀφθαλμὸς

170 4654 247 4708 τὰ
289 4654 406 4718 ἔξω
442 4653 715 4720 βλέπων,
745 4657 795 4710 ὲ.
831 4655 975 4711 Idem
1009 4658 1170 4712 tradit
1210 4660 1359 4714 Philo
1394 4662 1535 4718 libro
1567 4663 1756 4719 lauda-

172 4755 250 4801 to.
287 4750 437 4814 Quod
470 4765 590 4803 mox
627 4751 926 4819 subjicitur,
959 4751 988 4803 ὁ
1019 4751 1143 4816 νοῦς
1185 4752 1373 4820 ὀξέως,
1404 4754 1467 4809 τὸ
1507 4756 1754 4831 ἀλλότρ..

172 4840 241 4894 ab
271 4839 494 4896 lloratio
527 4849 967 4909 reprteseutatum
997 4850 1079 4896 est
1104 4844 1187 4897 his
1219 4859 1357 4898 vers.
1392 4861 1408 4899 :

318 4928 448 4983 Cum
479 4938 570 4982 tua
601 4931 870 4997 pervideas
905 4931 1071 4985 oculis
1097 4932 1235 4985 male
1261 4933 1436 5002 lippus
1461 4936 1716 5005 inunctis,

316 5019 426 5075 Cur
447 5021 502 5073 in
534 5022 825 5074 amicorum
862 5022 1001 5076 uitiis
1035 5032 1144 5077 tant
1182 5028 1348 5079 cernis
1372 5037 1608 5092 acutum,

317 5112 487 5176 Quam
514 5119 606 5164 aut
644 5111 827 5181 aquila
858 5122 951 5166 aut
984 5129 1191 5183 serpens
1229 5114 1553 5181 Epidaurius
1578 5119 1604 5172 ἵ

169 5202 227 5257 In
257 5200 374 5256 Lat.
399 5202 648 5257 versione
678 5203 794 5258 hinc
816 5205 1061 5271 emenda,
1085 5207 1239 5259 tarda
1271 5218 1345 5260 est
1375 5219 1423 5261 et
1449 5211 1754 5264 cunctatior

169 5296 243 5348 ad
276 5310 380 5347 om.

242 5382 376 5437 Ibid.
402 5383 445 5438 C
491 5384 545 5439 5.
581 5385 776 5456 Ἐμοῦ,
819 5383 1151 5450 τουτέστιν,
1181 5386 1443 5456 ἐμαυτὸν
1482 5406 1614 5445 κατ.
1644 5393 1754 5447 Ea-

168 5477 296 5529 dem
325 5476 634 5545 explanatio
676 5478 832 5548 bujus
864 5481 1057 5532 versic.
1085 5478 1139 5533 6.
1171 5495 1199 5531 c
1246 5479 1439 5548 psalm.
1471 5494 1738 5549 cxxxvm,

171 5571 432 5636 repetitur
502 5571 569 5623 ab
602 5580 825 5625 auctore
881 5580 1087 5634 nostro,
1135 5581 1282 5627 lomo
1325 5571 1388 5639 ll,
1430 5573 1590 5642 epist.
1623 5576 1748 5631 595.

172 5659 236 5714 Β.
270 5658 427 5714 Joan.
456 5661 874 5732 Chrysostomus
905 5675 958 5717 et
988 5664 1239 5730 Rabbini,
1265 5663 1334 5718 de
1376 5665 1631 5733 mirabili,
1657 5684 1749 5721 ac.

171 5753 278 5807 dua
321 5769 384 5810 ac
422 5754 714 5825 perdilIicili
765 5755 858 5809 τοῦ
909 5755 1104 5826 βάθους
1125 5755 1237 5827 ᾕῆς
1270 5757 1602 5827 θεογνωσίας
1647 5778 1748 5818 ηο-

494 5854 764 5915 Pyram.
810 5854 928 5914 Ga.
968 5856 1080 5914 ΧΧ
1097 5854 1176 5915 Χ.
1756 5856 1763 5867 “

1885 545 2067 616 pbrasi
2085 583 2102 609 ,

1885 635 2092 707 Θαῦμά
2112 654 2159 706 μ
2193 651 2317 704 εχει
2336 635 2427 690 ὅτι
2454 634 2584 691 σεῖο
2602 635 3039 706 περιφράσομαι
3064 634 3242 704 φρεσὶ
3258 633 3465 704 μῆτιν,

1887 728 2040 784 οὐδὲ
2062 730 2183 795 νόῳ
2212 729 2467 799 δύναμαι
2491 726 2896 797 κρατερώτατα
2925 727 3163 783 πολλὸν
3189 726 3463 796 ὁρᾶσθαι.

1957 821 2088 875 Ibid.
2122 821 2164 876 ϐ
2204 819 2256 875 6.
2285 820 2412 875 Ποῦ
2447 838 2550 890 μοι
2598 823 2631 875 ό
2657 819 2959 886 Ἰουδαῖος,
3008 819 3077 886 ὃς
3113 819 3183 873 ὲν
3222 836 3274 874 τ.
3327 835 3463 873 κατ.

1885 913 2023 979 Quid
2065 914 2111 966 si
2154 912 2297 983 legas
2335 913 2508 979 57:00;
2538 912 2739 982 Ecquis
2776 912 2864 968 hic
2914 911 3189 980 Judmusl
3219 913 3299 966 An
3339 913 3465 967 κατ’

1883 1001 2096 1074 ὲξοχήν,
2133 1002 2287 1058 Philo
2323 1003 2599 1069 IIebrmus,
2627 1003 2657 1055 ὁ
2686 1004 2829 1058 πάνυ
2855 1002 2964 1058 τῶν
2998 1004 3320 1075 ἐλλογίμων.
3349 1006 3463 1060 ele-

1884 1097 2111 1164 gantiss.
2140 1093 2516 1166 Κοσμοποιίας
2540 1095 2810 1166 scriptor?
2832 1096 3151 1165 Neu‘tiquam
3176 1118 3191 1153 ι
3216 1114 3309 1152 seu
3332 1116 3464 1167 gen-

1887 1188 1954 1239 tis
1981 1184 2349 1258 χριστομάχου
2393 1200 2587 1240 nomen
2620 1208 2633 1243 :
2666 1189 2808 1242 unde
2838 1187 2997 1257 paulo
3037 1196 3159 1257 post
3190 1188 3457 1258 sequitur,

1882 1275 2121 1341 ἀκούεις,
2149 1270 2194 1330 ὦ
2223 1276 2559 1349 χριστομάχε
2584 1270 2605 1341 ς’
2641 1292 2749 1333 non
2775 1279 2930 1334 video
2967 1293 3068 1333 cur
3113 1279 3378 1348 interpres
3399 1279 3462 1332 τὸ

1882 1369 1940 1420 ὲν
1972 1369 2088 1431 τοῖς
2118 1368 2349 1422 κατόπιν
2377 1370 2443 1423 ad
2475 1368 2747 1423 antedicta
2776 1370 3002 1436 referat,
3031 1369 3369 1439 potiusquam
3394 1373 3460 1424 ad

1882 1460 2134 1514 debentia
2166 1458 2295 1523 dici,
2348 1468 2407 1513 ut
2443 1458 2686 1528 loquitur
2735 1458 2963 1514 Flaccus
2997 1480 3009 1516 :
3046 1459 3234 1528 utique
3271 1463 3460 1515 eadem

1881 1553 2064 1622 phrasi
2096 1551 2236 1606 infra
2270 1551 2478 1615 scribit,
2510 1551 2687 1605 πάντα
2712 1550 2941 1605 κατόπιν
2968 1567 3060 1604 σου
3084 1551 3316 1619 γίνεται.

1948 1643 2066 1701 Col.
2087 1643 2196 1698 205
2224 1643 2264 1699 C
2287 1643 2337 1699 9.
2373 1644 2530 1709 Νέας
2557 1661 2616 1697 κ.
2643 1646 2676 1698 ό
2704 1643 2812 1696 τὸν
2850 1642 3221 1711 Ἰουδατσμύν
3243 1645 3455 1712 πρεσϐ.

1878 1738 1947 1791 ἐν
1976 1754 2071 1808 χρ.
2111 1734 2534 1809 προσποιήσει.
2567 1735 2661 1790 Sic
2700 1734 2929 1788 Basilius
2956 1735 3166 1792 Seleuc.
3202 1738 3369 1803 episc.
3403 1735 3456 1788 in

1880 1829 2091 1883 laudata
2131 1842 2287 1883 conc.
2318 1830 2398 1891 είς
2433 1826 2502 1880 τὰ
2541 1825 2732 1897 Ὀλύμ.
2776 1824 2986 1896 Olymp.
3023 1826 3330 1897 πανήγυριν
3363 1840 3458 1878 vo-

1875 1929 1964 1975 cat
2004 1919 2356 1991 Ἐλληνισμὸν
2388 1917 2818 1991 Χριστιανισμοῦ
2848 1917 3179 1989 προσωπείῳ
3214 1916 3456 1970 κουπτό-

1878 2031 2056 2086 μενον.

2172 2118 2242 2159 ΔΙ)
2278 2115 2511 2158 NUSDEI
2545 2112 2807 2157 HOMILIAM
2846 2116 2897 2155 IN
2936 2115 3082 2155 ΡςΑι..
3116 2114 3154 2157 I.

1942 2194 2060 2252 Col.
2093 2193 2200 2248 9.12
2225 2195 2270 2246 A
2303 2194 2356 2249 I.
2392 2193 2558 2264 Ἵαμα
2590 2191 2719 2263 γὰρ,
2751 2191 2905 2263 φησι,
2926 2208 3128 2246 καταπ.
3163 2187 3318 2247 Vers.
3346 2200 3455 2245 ler-

1876 2286 1981 2340 tius
2025 2285 2344 2341 Ecclesiast.
2392 2283 2597 2338 Salom.
2632 2297 2751 2351 cap.
2809 2299 2863 2346 ι,
2922 2285 3002 2339 sic
3051 2284 3218 2339 habet
3259 2300 3274 2338 :
3316 2283 3454 2338 Ἐὰν

1872 2374 2111 2446 πνεῦμα
2135 2374 2591 2441 ἐξουσιάζοντος
2617 2371 2811 2442 ἀναϐῇ
2841 2374 2938 2426 ἐπί
2968 2375 3044 2428 σὲ
3061 2416 3073 2437 ,
3121 2376 3310 2429 τόπον
3336 2392 3453 2430 σου

1866 2468 1953 2538 μὴ
1983 2467 2165 2539 ἀφῇς,
2192 2467 2279 2522 ὅτι
2304 2468 2446 2537 ἴαμα
2465 2466 2836 2522 καταπαύσει
2856 2467 3143 2536 ἁμαρτίας
3163 2467 3450 2538 μεγάλας.

1944 2558 2075 2612 Ibid.
2140 2557 2179 2610 Β
2224 2556 2278 2610 5.
2318 2554 2431 2624 Τῆς
2457 2553 2775 2625 μελῳδίας.
2811 2554 3144 2609 Themistius
3174 2557 3226 2609 in
3261 2559 3452 2611 exord.

1873 2660 2012 2706 orat.
2038 2665 2108 2703 vn
2139 2650 2280 2702 hunc
2306 2648 2615 2717 psalmodia:
2636 2648 2768 2703 Dav.
2791 2657 3113 2701 concentum
3142 2657 3298 2702 vocat
3332 2650 3456 2702 Ἀσ-

1876 2743 2058 2813 σύριον
2104 2740 2284 2811 μέλος,
2317 2739 2411 2792 καὶ
2443 2741 2510 2793 ὲκ
2555 2738 2812 2806 Λιϐάνου,
2873 2748 2928 2795 et
2970 2739 3279 2810 subiungit,
3309 2741 3455 2806 τινὲς

1873 2832 2129 2906 κηλοῦσιν
2165 2834 2310 2905 ὑμᾶς
2347 2833 2412 2903 τῇ
2453 2849 2515 2885 τε
2555 2831 2764 2886 οἴκοθεν
2800 2832 3065 2903 ἁρμονίᾳ,
3108 2831 3203 2886 καὶ
3241 2836 3309 2905 τῇ
3353 2833 3452 2887 θύ-

1875 2929 2063 3000 ραθεν.
2098 2927 2208 2979 Alii
2247 2923 2468 2997 (inquit)
2509 2924 2844 2978 vernaculum
2910 2927 3069 2978 malos
3109 2925 3451 2996 (Pegaseium

1875 3020 2096 3073 Persius
2121 3019 2173 3071 in
2205 3019 2413 3087 prolog.
2446 3018 2566 3070 Sat.
2599 3017 2777 3086 dixit),
2808 3015 2902 3069 alii
2937 3018 3207 3085 Assyrium
3239 3033 3453 3072 carmen

1872 3119 1922 3163 et
1951 3124 2017 3162 ea:
2041 3107 2243 3161 Libano
2267 3107 2559 3177 profectum
2591 3115 2855 3171 canentes,
2888 3120 3003 3160 cum
3028 3109 3316 3164 domestico
3338 3126 3450 3178 vos,

1872 3213 1982 3255 tum
2017 3201 2292 3271 peregrino
2320 3209 2572 3253 concentu
2603 3200 2918 3255 demulcent.

1940 3291 2075 3347 Ibid.
2104 3292 2146 3345 B
2175 3292 2229 3347 8.
2261 3292 2424 3347 Κατὰ
2466 3291 2608 3358 τοὺς
2644 3292 2877 3362 σοφοὺς
2908 3291 3026 3347 τῶν
3073 3293 3306 3364 ίατρῶν.
3340 3293 3451 3350 Lu-

1868 3393 2004 3439 cret.
2036 3383 2073 3442 1.
2098 3399 2151 3437 tv
2178 3402 2191 3438 :

2255 3476 2430 3543 pueris
2462 3475 2728 3530 absinthia
2759 3483 2893 3530 tetra
2927 3478 3187 3533 medentes

2007 3567 2141 3623 Cum
2171 3569 2300 3620 dare
2326 3576 2605 3627 conantur,
2633 3567 2782 3635 prius
2815 3584 2934 3621 oras
2962 3568 3151 3637 pocula
3178 3570 3377 3624 circum

2007 3654 2332 3726 Contingunt
2369 3656 2538 3709 mellis
2564 3655 2709 3708 dulci
2736 3656 2975 3726 ﬂavoque
3002 3657 3230 3729 liquore.

1865 3746 1963 3803 Hic
1991 3747 2167 3818 μέλιτι
2204 3746 2304 3819 τὴν
2336 3747 2534 3801 κύλικα
2566 3748 2960 3818 περιχρίουσιν.
3000 3749 3141 3803 Idem
3179 3749 3448 3808 Tltemist.

1863 3849 2002 3895 orat.
2024 3841 2245 3895 eadem:
2275 3839 2415 3904 Τοὺς
2445 3840 2780 3910 σοφωτέρους
2805 3840 3070 3911 μιμητέον
3092 3841 3199 3896 τῶν
3226 3843 3447 3916 ἰατρῶν,

1861 3932 1913 3987 οἳ
1953 3933 2022 3986 τά
2064 3932 2365 4006 πικρότερα
2405 3933 2514 3986 τῶν
2549 3934 2874 4004 φαρμάκων,
2911 3934 3088 3988 ιιέλιτι
3122 3934 3218 4007 τὴν
3252 3937 3450 3991 κύλικα

1864 4025 2299 4098 περιχρίσαντες,
2326 4025 2501 4078 πίνειν
2528 4024 2752 4079 διδόασι.
3328 4070 3333 4077 .

1933 4119 2050 4173 Gol.
2080 4119 2184 4172 215
2212 4119 2253 4171 Α
2291 4118 2379 4171 11.
2410 4116 2667 4187 Μὰθημα
2696 4119 2769 4171 οὐ
2814 4131 2879 4172 π.
2928 4133 3067 4193 παρ.
3113 4119 3181 4176 τὸ
3207 4121 3277 4177 δὲ
3303 4125 3451 4193 μετὰ

1858 4212 2122 4281 τέρψεως
2145 4210 2245 4265 καὶ
2270 4209 2511 4282 χάριτος
2540 4214 2659 4267 είσ.
2685 4210 2829 4267 Idem
2859 4213 3133 4284 Theognis
3156 4215 3282 4270 olim
3307 4233 3448 4286 pra»-

1861 4306 2092 4365 cinerat,

2040 4392 2315 4463 Τερπωλὴ
2345 4392 2486 4460 νικᾷ
2517 4392 2715 4448 πάντα
2740 4394 2863 4449 σὺν
2894 4397 3266 4467 εὐφροσύνῃο

1795 4493 1842 4548 D
1868 4489 1949 4545 vel
1976 4487 2250 4558 parodice,
2283 4485 2381 4539 σὺν
2406 4485 2635 4558 ὠφελίῃ.

1925 4583 2061 4639 Ibid.
2089 4582 2130 4636 D
2185 4582 2243 4637 9.
2268 4578 2447 4653 Ὅπερ
2472 4582 2501 4635 ὁ
2529 4578 2776 4651 θεμέλιος
2801 4582 2862 4633 ὲν
2890 4584 2960 4636 οἱ.
3000 4583 3277 4639 Demosth.
3326 4586 3378 4640 in
3412 4602 3448 4641 tt

1857 4673 2076 4746 Olynth.
2106 4672 2249 4744 (pag.
2267 4671 2359 4743 21)
2389 4689 2405 4727 :
2437 4673 2525 4737 Ὠς
2560 4671 2736 4736 οίκίας
2760 4673 2854 4727 καὶ
2883 4673 3069 4727 πλοίου
3096 4676 3191 4730 καὶ⁵
3222 4677 3331 4732 τῶν
3357 4680 3450 4734 άλ-

1854 4768 1962 4822 λων
1990 4764 2100 4821 τῶν
2123 4764 2378 4819 τοιούτων
2414 4764 2484 4817 τὰ
2517 4764 2760 4818 κάτωθεν
2786 4766 3115 4839 ἰσχυρότατα
3138 4766 3282 4823 εἶναι
3315 4771 3399 4825 δεῖ
3424 4787 3451 4811 τ

1858 4857 1997 4912 οὕτω
2029 4856 2256 4910 καὶτῶν
2284 4855 2536 4927 πράξεων
2559 4856 2660 4921 τὰς
2688 4857 2865 4929 ἀρχάς
2895 4861 2988 4914 καὶ
3032 4860 3131 4926 τὰς
3157 4863 3446 4930 ὑποθέσεις

1855 4950 2074 5021 ἀληθεῖς
2095 4949 2189 5002 καὶ
2208 4948 2427 5012 δικαίας
2449 4945 2584 5003 εἶναι
2619 4950 2910 5022 προσήκει.

1924 5040 2040 5097 Col.
2066 5040 2172 5094 217
2196 5041 2238 5094 Α
2263 5041 2317 5097 2.
2351 5040 2517 5108 Θῆλυ
2541 5041 2672 5096 ἐπο.
2699 5045 2797 5097 αὐ.
2827 5036 2916 5098 ὧν
2935 5043 3005 5099 δὲ
3037 5047 3078 5115 ἡ
3100 5049 3290 5117 φύσις
3310 5051 3441 5119 μία,

1855 5133 2014 5186 τούτ.
2050 5131 2201 5186 Plato
2229 5131 2265 5185 Ι.
2307 5146 2341 5182 v
2383 5132 2459 5186 De
2495 5149 2630 5200 rep.,
2681 5136 2772 5189 ubi
2804 5138 2997 5193 statuit
3043 5142 3342 5209 generatim
3383 5154 3443 5198 et

1854 5222 2173 5297 ἀδιορίστως
2197 5223 2443 5279 eamdem
2477 5238 2599 5278 esse
2628 5224 2871 5280 virorum
2899 5237 2955 5282 et
2995 5230 3304 5298 mulierum,
3331 5251 3436 5290 nou

1854 5314 2123 5366 diversam
2155 5323 2400 5367 naturam
2433 5315 2492 5367 ὲν
2543 5313 2794 5388 πολιτικῇ
2842 5316 3135 5389 διοικήσει,
3165 5337 3228 5375 ac
3258 5328 3445 5393 proin-

1853 5406 1921 5459 de
1946 5404 2205 5461 mulieres
2231 5406 2296 5459 ad
2334 5406 2512 5461 civilis
2558 5408 3042 5466 administrationis
3089 5429 3313 5469 munera
3338 5419 3439 5472 ad-

1855 5495 1996 5551 mitti
2047 5511 2171 5552 cum
2203 5498 2339 5552 viris
2379 5499 2617 5564 debere;
2663 5511 2864 5569 quanta
2906 5517 3033 5558 vero
3088 5506 3138 5560 id
3189 5511 3441 5565 cautione

1852 5588 2247 5644 admittendum
2293 5590 2383 5658 sit,
2415 5589 2575 5645 docet
2618 5591 2845 5649 Proclus
2885 5593 2939 5648 in
2973 5595 3345 5656 Commentar.
3373 5606 3440 5659 ad
3518 5590 3525 5597 ’

1855 5681 2002 5737 hunc
2033 5680 2171 5737 Plat.
2215 5683 2306 5737 lib.

1920 5770 2036 5831 Col.
2067 5773 2173 5828 220
2199 5775 2242 5829 Α
2285 5774 2338 5827 7.
2367 5770 2665 5843 Πώλησον
2696 5792 2765 5834 σ.
2814 5778 3003 5837 Matth.
3050 5800 3143 5839 xix
3171 5799 3188 5839 :
3215 5783 3442 5860 Ὕπαγε

3121 5881 3200 5943 36
