3816 6210
370 307 500 362 IIS!

1690 300 1923 356 VARUE
1960 297 2364 355 LECTIUNES.

3498 292 3651 346 “'9.

368 426 521 479 πὼλ.
561 422 927 493 ὑπάρχοντα,
954 421 1050 475 καὶ
1073 421 1130 474 δ.
1160 420 1282 474 Mox
1307 420 1398 473 ml.
1424 418 1519 473 ὲάν
1553 434 1633 482 τις
1663 435 1715 473 σ.
1752 417 1940 471 Matth.
1977 418 2017 471 Α
2116 415 2242 470 Ibid.
2277 416 2318 471 C
2342 415 2426 470 I5.
2453 413 2782 469 Δυναστείαν
2809 407 3295 484 περιϐεϐλημένον,
3322 405 3457 479 me.
3485 404 3649 460 Idem

369 532 424 580 v,
460 515 673 586 legitur,
702 514 759 568 ει
785 531 874 580 τις
898 527 972 567 σε
991 512 1333 583 (impavida
1347 530 1411 582 μ.
1445 512 1509 567 Β.
1540 510 1727 583 Cypr.,
1759 510 1938 565 Simus

2054 510 2241 564 scribit
2287 511 2353 561 ad
2390 504 2661 573 Iulianum
2714 506 3029 573 Apostatam
3063 500 3221 568 epist.
3267 513 3380 553 ccc.
3432 497 3650 551 Eodem

371 609 485 662 sine
520 607 740 677 angaria
786 605 953 676 bajuli
999 607 1193 659 crucis.
1242 604 1408 659 Paulo
1456 616 1598 674 post,
1652 606 1686 657 ὀ
1729 603 1945 672 Κύριος
2046 599 2374 659 ιθηόίιίιιυιι
2404 598 2638 661 Homeri,
2660 610 2849 650 omnes
2882 593 3064 649 clades
3093 592 3221 646 oriri
3252 591 3529 653 canentis,

370 697 617 753 ἔνδοθέν
642 714 832 767 φησιν
873 694 1026 753 εἶναι
1060 697 1134 752 τὰ
1164 696 1483 752 κοινοῦντα
1530 713 1581 750 τ.
1618 695 1805 750 Matth.
1838 710 1902 748 xv
1931 713 1946 748 :

373 798 440 845 to
467 791 941 860 ἐκπορευόμενον
962 791 1031 845 ἐκ
1056 790 1162 844 τοῦ
1201 790 1517 858 στόματος,
1549 788 1725 842 τοῦτο
1761 788 1957 842 κοινοῖ

372 882 482 935 τὸν
512 881 847 949 ἄνθρωπον.
879 883 1153 950 Interpres
1185 880 1259 934 ita
1291 880 1473 943 vertit,
1504 894 1569 935 ac
1612 880 1658 935 si
1697 881 1823 933 illud
1851 881 1950 934 ἐν·

372 974 550 1028 δοθεν
577 970 730 1029 εἶναι
768 991 822 1027 τ.
868 970 1035 1027 verba
1080 970 1292 1027 Domini
1328 983 1530 1036 essent,
1571 986 1691 1025 cum
1721 971 1951 1025 Basilius

372 1070 621 1122 oratione
648 1067 865 1137 obliqua
892 1081 1023 1121 usus
1050 1065 1236 1128 fuerit,
1260 1078 1365 1117 non
1396 1072 1544 1118 recta
1578 1081 1591 1117 :
1619 1063 1825 1117 rectius
1852 1062 1951 1115 ita-

374 1166 483 1227 itue
503 1168 836 1213 verteretur:
864 1158 1016 1212 Dom.
1042 1157 1119 1211 ait
1143 1156 1288 1210 intus
1314 1170 1435 1209 esse
1457 1169 1577 1225 quae
1596 1153 1951 1224 coinquinant

376 1250 669 1303 hominem.
719 1248 801 1302 Ah
852 1248 955 1302 hoc
1000 1248 1165 1302 verbo
1213 1243 1449 1310 κοινοῦν,
1485 1245 1566 1298 vel
1606 1242 1945 1306 ἀνακοινοῦν,

374 1337 598 1393 Latinos
629 1354 785 1393 suum
818 1339 1095 1402 inquinare
1121 1337 1341 1392 ﬁnxisse
1368 1335 1497 1390 olim
1525 1335 1808 1390 admonui.

445 1430 579 1486 ibid.
603 1431 646 1486 ο
676 1432 762 1485 t5.
801 1428 961 1495 Ὁδὸς
991 1427 1111 1499 μὲν
1136 1424 1248 1483 οὖν
1274 1432 1307 1483 δ
1330 1428 1472 1495 ,ϐίος
1496 1428 1609 1496 ετρ.
1642 1426 1785 1482 Idem
1817 1424 1949 1480 Tul-

377 1525 482 1580 lius
513 1541 567 1580 vt
598 1525 677 1579 De
708 1541 817 1593 rep.
852 1524 1018 1578 Basil.
1065 1524 1325 1581 Seleucia:
1356 1524 1473 1576 loco
1500 1522 1739 1586 laudato,
1769 1522 1847 1583 εἰς
1881 1518 1949 1572 τὰ

390 1617 538 1681 ’ολ.,
581 1625 637 1671 et
676 1615 987 1671 Gennadius
1026 1616 1164 1670 libro
1198 1613 1457 1685 singulari
1503 1613 1632 1684 περὶ
1676 1612 1953 1683 προδιορι-

380 1708 519 1778 σμοῦ
566 1707 764 1779 (cujus
811 1707 1111 1762 versionem
1160 1705 1278 1761 Lat.
1326 1705 1620 1775 Appendici
1663 1703 1951 1758 Basilianm

2135 692 2463 761 Ἠγεμόνων
2489 688 2793 756 κακότητι,
2823 685 3249 755 ἐφημοσύνῃσί
3276 700 3341 737 τε
3362 681 3558 745 λαῶν,

2057 784 2231 838 Mente
2257 786 2445 836 ducum
2471 798 2655 850 prava,
2685 789 2734 835 et
2768 782 3082 850 populorum
3107 789 3313 847 pectore
3350 777 3524 847 segni.

2655 890 2707 928 IN
2747 890 2893 929 PSAL.
2938 889 3033 927 ΠΙ.

2127 965 2244 1021 Col.
2277 964 2383 1019 229
2411 963 2454 1018 Β
2480 964 2532 1019 5.
2559 963 2778 1028 Συλλέξ.
2831 965 3152 1035 luterpunge
3184 972 3239 1019 et
3280 973 3429 1018 muta
3476 978 3655 1033 pros-

2058 1058 2268 1121 odiam,
2305 1056 2402 1120 τὰς
2451 1055 2741 1127 δυνάμεις’
2794 1054 2917 1108 ὅθεν
2957 1055 3052 1108 καὶ
3088 1055 3380 1118 ἀπόδεκτος
3408 1050 3478 1126 ἦν
3514 1071 3652 1118 πανη,

2058 1149 2200 1219 quod
2234 1148 2467 1202 Homero
2494 1157 2596 1213 est,
2628 1146 2824 1217 ἥνδανε
2849 1146 3028 1218 θυμῷ.

2056 1258 2075 1283 ι
2128 1240 2244 1295 Col.
2275 1240 2381 1296 248
2419 1240 2461 1295 C
2492 1240 2546 1298 8.
2577 1239 2677 1295 Διὰ
2714 1239 2823 1294 τῶν
2857 1237 3110 1310 πονηρῶν
3145 1238 3396 1310 πράξεων
3432 1236 3657 1307 ἐγκαύ-

2061 1350 2177 1397 σας.
2222 1333 2464 1390 Manusc.
2490 1334 2553 1390 C.
2589 1334 2872 1388 lectionem
2919 1333 3085 1388 secuti
3127 1348 3335 1394 sumus,
3380 1330 3466 1386 cui
3508 1345 3660 1384 con—

2060 1425 2204 1496 gruit
2231 1424 2407 1480 versio
2450 1424 2513 1478 L.
2546 1424 2619 1477 Τὺ
2649 1424 2919 1493 ὲγκαίειν,
2943 1425 3173 1489 inurere,
3202 1437 3298 1491 per
3322 1421 3651 1479 translatio-

2062 1533 2184 1573 nem
2213 1533 2242 1571 a
2274 1519 2418 1572 uotis
2450 1533 2569 1587 quae
2603 1518 2913 1579 inuruntur,
2964 1516 3045 1570 vel
3087 1531 3117 1569 a
3168 1528 3365 1585 genere
3411 1513 3656 1581 pictum

2060 1611 2448 1682 ὲγκαυστικῆς,
2495 1609 2561 1664 ad
2592 1624 2753 1679 quam
2792 1608 3110 1663 ﬁrmandam
3153 1606 3292 1661 iouis
3324 1605 3655 1682 adhibetur,

2062 1702 2203 1756 unde
2232 1702 2371 1771 apud
2386 1680 2552 1754 Mart.
2585 1700 2622 1755 I.
2658 1716 2729 1763 Iv,
2765 1715 2850 1769 ep.
2886 1699 2951 1753 47
2982 1719 2994 1753 ;
3498 1680 3543 1691 “’

376 1778 700 1864 adiecimus,
737 1808 846 1853 tum
875 1799 1018 1869 quod
1057 1799 1471 1867 sapientissimis
1511 1796 1797 1851 sententiis
1826 1811 1950 1864 gra—
1985 1778 2026 1833 Β
2130 1790 2429 1845 Encaustus
2462 1789 2731 1844 Phaethon
2763 1791 2942 1843 tabula
2965 1790 3199 1857 depictus
3222 1789 3275 1841 in
3300 1788 3401 1841 hac
3421 1796 3503 1840 est

382 1892 643 1960 vibusque
695 1891 875 1944 verbis
932 1900 1154 1944 ornatus
1203 1890 1293 1954 sit,
1346 1899 1456 1942 tum
1496 1887 1638 1957 quod
1671 1885 1852 1941 Basilii
1887 1885 1955 1938 ill.

381 1997 603 2035 causam
632 1991 778 2052 agat,
807 1990 859 2036 et
886 1980 1347 2050 Basiliomastigas
1383 1977 1677 2048 concidat),
1709 1994 1833 2047 pag.
1863 1979 1955 2041 29,

381 2072 440 2132 Β,
480 2073 729 2126 editionis
773 2081 1001 2136 nostrae,
1062 2072 1167 2136 hic,
1214 2073 1247 2142 ἡ
1282 2071 1377 2142 μὲν
1423 2070 1532 2141 γὰρ
1570 2068 1805 2123 ἐνταῦθα
1846 2069 1957 2140 ζωὴ

377 2164 653 2236 ὁδοιπορία
672 2165 755 2229 τίς
788 2167 905 2218 ἐστι
933 2164 1068 2235 πρὸς
1096 2164 1156 2216 τὺ
1188 2162 1544 2235 προκείμενον
1574 2160 1747 2224 τέλος,
1778 2171 1888 2217 etc.

448 2256 581 2311 Ibid.
602 2257 643 2310 Ι)
678 2255 729 2312 7.
764 2254 1104 2321 Καθεύδεις,
1133 2254 1235 2308 καὶ
1263 2258 1295 2309 ό
1326 2255 1544 2323 χρόνος
1574 2268 1649 2307 σε
1675 2251 1961 2321 παρατρέ-

377 2364 493 2419 χει.
534 2346 676 2401 Idem
715 2347 948 2402 Basilius
993 2347 1252 2401 Seleucia:
1298 2360 1384 2416 ep.
1430 2345 1587 2400 initio
1628 2345 1722 2398 τοῦ
1771 2347 1850 2408 εἰς
1891 2344 1962 2398 τὰ

390 2437 579 2508 Ὀλυμ.
609 2457 622 2491 :
655 2437 765 2490 Kal.
797 2436 1028 2508 τερπνὸς
1053 2436 1470 2511 παρατρέχωψὸ
1499 2437 1711 2509 χρόνος,
1743 2437 1837 2491 καὶ
1866 2454 1962 2507 φο-

383 2527 566 2597 ϐερός.
615 2525 679 2581 Β.
718 2527 946 2595 August.
996 2527 1053 2580 in
1093 2528 1231 2594 psal.
1276 2544 1349 2595 cr,
1398 2528 1464 2583 de
1496 2528 1881 2598 temporalibus
1909 2538 1961 2584 et

377 2618 593 2672 alternis
620 2617 830 2673 diebus.
863 2616 980 2672 Mox
1006 2617 1208 2682 πάντες
1234 2619 1400 2687 ἐσμὲν
1432 2620 1490 2671 ὲν
1511 2617 1638 2690 ὁδῷ.
1671 2619 1818 2675 Idem
1848 2620 1959 2674 Au-

379 2720 523 2777 gust.
562 2710 618 2765 in
642 2708 921 2764 Mellitum

414 2797 544 2853 Hcce
574 2798 658 2852 via
686 2815 791 2867 qua
823 2800 997 2864 uadis,
1018 2800 1103 2853 via
1132 2799 1360 2868 pessima
1387 2798 1642 2869 plenaque
1660 2800 1847 2855 cladis.

447 2891 561 2945 σοι.
587 2891 687 2944 221
727 2891 786 2945 I1.
818 2893 932 2946 Δύο
955 2891 1065 2961 γάρ
1102 2894 1258 2946 εἰσιν
1287 2892 1434 2947 ὁδοί.
1471 2893 1737 2949 Hesiodus
1769 2896 1795 2948 1
1825 2895 1960 2961 Ἕρ-

378 2998 516 3050 γων,
550 2992 607 3036 et
649 2982 908 3038 Prodicus
940 2985 1208 3051 Διαλέξει
1251 2986 1386 3055 περὶ
1428 2986 1781 3055 Ἡρακλέους
1818 2999 1957 3038 παι-

2130 1888 2271 1954 Quid
2299 1888 2394 1943 tibi
2428 1890 2524 1953 vis,
2555 1889 2777 1958 dipyrou
2804 1887 2895 1955 qui
2933 1884 3271 1938 Phaethonta
3294 1883 3429 1952 facis
3449 1883 3476 1935 1'

2060 1982 2213 2035 P:ior
2237 1993 2415 2037 tamen
2449 1981 2611 2036 lectio
2641 1979 2908 2050 ὲκχεύσας
2938 1977 3019 2031 vel
3059 1976 3255 2046 ἐκχέας
3284 1977 3350 2029 ad
3395 1975 3503 2028 late
3531 1972 3660 2029 dif-

2061 2076 2235 2129 fusum
2282 2072 2643 2142 improbitatis
2689 2073 2840 2125 virus
2888 2070 3075 2125 referri
3123 2078 3344 2137 posset:
3385 2082 3494 2136 quo
3527 2066 3662 2120 fere

2060 2180 2218 2220 sensu
2243 2164 2304 2218 Β.
2334 2164 2599 2218 Eusebius
2625 2162 2823 2216 Emiss.
2857 2160 3005 2214 hom.
3038 2174 3057 2213 ι
3084 2158 3152 2212 de
3182 2157 3334 2211 initio
3362 2157 3656 2224 Quadrag-

2059 2259 2248 2313 scribit
2290 2257 2446 2312 haec:
2489 2254 2637 2311 Sicut
2681 2254 2892 2323 quando
2925 2253 3119 2323 aliquis
3167 2261 3345 2321 peccat
3388 2249 3485 2304 sub
3515 2266 3662 2303 con-

2058 2352 2279 2405 scientia
2308 2366 2370 2403 se
2397 2348 2749 2403 destructione
2782 2346 3151 2415 plurimorum,
3189 2351 3253 2397 de
3290 2344 3531 2413 pluribus
3560 2344 3661 2394 in-

2042 2434 2222 2496 currit
2252 2452 2453 2496 reatum
2486 2457 2504 2495 :
2532 2449 2583 2495 et
2602 2448 2860 2510 quantum
2886 2454 2981 2509 per
3015 2438 3172 2492 unius
3213 2438 3432 2491 membri
3459 2436 3658 2490 vitium

2059 2532 2217 2594 serpit
2251 2531 2356 2584 late
2385 2530 2639 2598 diffusum
2680 2528 2878 2598 reliqua
2915 2539 3008 2597 per
3050 2527 3281 2581 membra
3314 2525 3661 2595 contagium,

2061 2633 2263 2677 tantum
2304 2625 2357 2677 in
2404 2634 2671 2677 auctorem
2714 2638 2864 2676 suum
2890 2620 3193 2690 multiplicis
3241 2619 3369 2674 mali
3419 2619 3668 2672 recurri‘

2061 2724 2420 2785 augmentum.

2134 2808 2264 2861 Ibid.
2294 2806 2335 2861 (Ζ
2368 2807 2453 2861 Η.
2491 2805 2712 2876 Legitur
2735 2806 2786 2860 in
2809 2805 2932 2861 cod.
2967 2818 3239 2858 manuscr.
3268 2802 3382 2866 υἱὸς
3411 2803 3663 2866 ἐκεῖνος,

2060 2893 2105 2968 ᾧ
2129 2900 2236 2954 διά.

2620 3006 2674 3045 IN
2712 3006 2859 3045 PSAL.
2900 3006 2928 3043 Χ
2938 3004 3088 3043 XVIII.

377 3073 816 3179 dedaiwempud
841 3075 1311 3179 “Xeluopltontem:
1347 3093 1389 3179 tt
1432 3078 1956 3179 ’émuvmiovsupdo
1985 3121 2029 3179 α
2137 3085 2250 3141 Col.
2278 3083 2384 3140 284
2420 3083 2469 3139 Α
2515 3085 2601 3139 15.
2648 3083 2726 3154 Τῇ
2757 3064 3113 3154 ἐπιχορηγίᾴ
3155 3083 3262 3137 τοῦ
3296 3082 3663 3151 Πνεύματος

375 3164 505 3219 tt'iw.
532 3165 805 3221 Emblema
841 3165 1255 3238 Pythagoricum
1287 3169 1407 3234 fuit,
1444 3168 1642 3224 Littera
1685 3169 1958 3239 Pythago-

380 3273 472 3312 τε.
502 3257 611 3312 Sed
657 3257 858 3328 Evang.
889 3261 1053 3314 etiam
1088 3261 1320 3316 oraculis
1354 3262 1669 3331 proponitur
1691 3261 1960 3335 ἔκφρασις

376 3353 478 3402 vim
525 3349 816 3420 ancipitis,
865 3361 1030 3407 arctis
1073 3360 1129 3407 et
1177 3352 1341 3407 latae:
1385 3352 1450 3411 Β.
1505 3354 1695 3410 Matth.
1742 3369 1856 3422 vu,
1907 3365 1962 3411 et

378 3440 538 3497 Lucas
578 3457 700 3496 xui.
742 3442 873 3510 Quae
914 3442 1187 3499 Iuvencus
1237 3444 1461 3516 Hispan.
1505 3447 1788 3518 presbyter
1826 3447 1957 3502 olim

379 3533 515 3587 scite
546 3533 736 3604 pieque
764 3536 1035 3604 expressit
1070 3536 1170 3591 sub
1216 3537 1374 3590 tinem
1411 3536 1506 3591 lib.
1541 3554 1711 3595 carm.
1747 3538 1950 3609 Evang.

376 3620 463 3677 his
501 3637 638 3677 vers.
670 3643 683 3678 :

526 3711 713 3768 Vitalis
752 3717 909 3769 vastis
941 3718 1176 3784 stipatur
1207 3720 1391 3773 semita
1426 3720 1588 3785 saxis,

518 3804 767 3876 Celsaque
792 3810 878 3863 vix
901 3825 1096 3878 paucos
1129 3811 1280 3865 ducet
1310 3829 1402 3880 per
1421 3828 1640 3882 scrupea
1668 3815 1829 3869 virtus
1865 3828 1885 3867 :

516 3894 586 3947 At
616 3897 664 3949 si
685 3914 812 3966 quos
839 3899 1060 3953 nimium
1091 3900 1263 3970 fallax
1292 3903 1517 3973 itlexque
1548 3903 1810 3958 malorum

525 3986 779 4043 Planities
813 3991 981 4043 suasit
1014 3990 1238 4061 deformi
1266 3992 1469 4047 lubrica
1507 3993 1683 4063 lapsu,

518 4079 713 4148 Arripit
744 4081 860 4135 Iros.

2062 3177 2194 3247 ἀρδ.
2229 3178 2427 3233 Eodem
2460 3186 2706 3245 spectant
2738 3177 2827 3232 illa
2859 3176 3003 3246 apud
3035 3175 3365 3232 Clementem
3394 3173 3558 3229 Alex.
3590 3174 3652 3232 ἰῖ

2064 3269 2274 3339 Hymno
2300 3270 2365 3324 ad
2388 3270 2692 3332 Cumsruu,
2891 3254 2908 3262 ’

2552 3358 2746 3429 θηλῆς
2769 3359 3022 3430 λογικῆς

2411 3452 2708 3523 Πνεύματι
2731 3451 2994 3520 δροσερῷ

2425 3543 2909 3614 Ἐμπιπλάμενοι.

2413 3634 2659 3689 Μαηιηιω
2693 3640 2896 3687 ratione
2928 3634 3192 3702 pra-dicae

2415 3725 2657 3780 Flumine
2682 3725 2896 3796 roscido‘

2332 3868 2335 3869 ν
2412 3818 2588 3889 Usque
2620 3820 2821 3887 referti.

2603 3928 2653 3966 IN
2692 3927 2839 3966 ιδεμ..
2883 3926 3093 3965 XXXVII.

2140 4002 2283 4056 l‘om.
2320 4003 2384 4068 Il,
2417 4004 2519 4058 col.
2548 4003 2618 4059 92
2654 4003 2692 4057 Ι)
2720 4006 2772 4059 5.
2809 4002 2940 4058 Πᾶν
2966 4002 3279 4073 ἁμάρτημα
3305 4003 3437 4058 κατ’
3458 4004 3657 4074 ἀφρο-

2057 4097 2257 4164 σύνην
2281 4114 2338 4165 γ.
2366 4096 2591 4153 Axioma
2633 4097 2838 4152 morale
2879 4108 2961 4154 est
2997 4113 3028 4153 a
3065 4097 3260 4153 Flacco
3291 4098 3372 4152 sic
3414 4112 3649 4155 expres—

445 4171 563 4228 Col.
594 4173 700 4228 225
733 4173 774 4226 Β
804 4175 890 4229 Il.
931 4177 1082 4229 Εἰσὶν
1121 4179 1169 4230 οἱ
1209 4176 1387 4252 λοιμοὶ
1425 4180 1475 4234 οἱ
1514 4181 1576 4235 τὸ
1619 4182 1748 4236 [διον
1780 4185 1953 4239 κακὸν
2056 4203 2172 4243 sunt

373 4262 469 4319 ἐπὶ
498 4265 625 4321 πάν.
662 4264 798 4322 Huic
829 4279 1224 4328 consentaneus
1261 4273 1410 4329 locus
1438 4284 1522 4330 est
1556 4278 1694 4347 apud
1723 4276 1950 4347 Gregor.

374 4351 506 4408 Naz.
548 4356 697 4411 Orat.
732 4357 845 4412 Iun.
874 4359 930 4413 in
961 4359 1217 4417 Basiliam
1245 4364 1315 4418 M.

378 4480 586 4504 l—.—.‘—""‘_.‘
558 4484 779 4504 *._.“—:

528 4498 681 4506 ..μο-

687 4500 899 4510 —__.

904 4502 1224 4513 ἡὴ,

2136 4278 2315 4333 Virtus
2352 4288 2427 4334 est
2454 4281 2634 4335 vitium
2668 4280 2867 4351 fugere,
2917 4291 2964 4335 et
2997 4280 3260 4351 sapientia
3290 4281 3465 4348 prima

2128 4371 2364 4426 Stultitia
2403 4375 2655 4429 caruisse.

1243 4683 1787 4819 VARUE
1882 4694 2763 4825 LECTIONES

1468 4940 1593 5031 IN
1666 4943 2563 5040 ΗΕΧΛΕΜΕΒΟΝ.

413 5114 561 5189 (Cod.
599 5117 733 5192 Reg.
766 5118 890 5174 olim
926 5121 1084 5190 1824,
1122 5125 1281 5182 hodie
1309 5127 1435 5187 476.
1463 5159 1534 5171 —
1560 5130 1677 5187 Non
1721 5135 1901 5205 magni
1939 5137 2198 5193 momenti
2228 5138 2467 5196 varietas
2497 5139 2826 5211 lectionum;
2856 5141 2949 5200 sed
2986 5145 3152 5201 multa
3181 5146 3248 5202 ad
3296 5149 3604 5221 marginem

1323 5236 1543 5280 exstant
1572 5228 1776 5283 scholia
1807 5244 1928 5300 qua:
1958 5230 2258 5289 Garuerius
2293 5235 2636 5311 neglexerat.)

673 5567 794 5657 Tag
818 5570 877 5623 ὲν
905 5571 1081 5657 ἁγίοις
1100 5573 1501 5657 ςατρὸςλήμῷν
1537 5577 1817 5657 Bactriano
1848 5584 1920 5656 ἀρ

411 5637 726 5727 ἔξεο-κόπου
752 5637 1086 5727 Katsapsi'a;
1105 5637 1504 5727 Βαξετξαὸᾥείας
1531 5648 1718 5718 ὁμιλία
1739 5653 1819 5717 εἰς
1840 5637 1936 5727 τῆν

400 5703 718 5780 Εξαὴμερον
753 5703 964 5784 πρώττί.
988 5703 1079 5765 Ἐν
1094 5714 1234 5788 ἀρχῇ
1264 5703 1586 5787 ἐποίησεν...

2127 5589 2241 5676 Ilo].
2275 5589 2309 5645 5
2340 5593 2377 5646 A
2603 5596 2686 5665 (γε
2714 5594 3031 5671 iuterlitum)
3056 5597 3391 5676 ἀξιοπιστίᾳ.

2116 5661 2158 5734 ᾼ
2272 5660 2736 5734 κᾳταβαλὸιζιενος.

2117 5729 2163 5781 A
2193 5730 2244 5785 7.
2280 5733 2510 5802 Μωσῆς,
2553 5729 2589 5789 ’ὓ
2646 5729 3099 5808 suprascriptum;
3161 5741 3289 5797 item
3349 5743 3490 5800 linea
3551 5761 3653 5805 se-
