4080 6296
1439 471 2433 602 ΡΗλἘἘΑΤΙΟ.

354 817 1023 898 Hieronymianorum
1071 813 1337 878 editioni
1384 831 1655 894 operum
1684 831 1919 877 novem
1966 813 2098 875 fere
2141 817 2292 877 ante
2325 829 2533 877 annos
2564 813 2866 877 adornari
2924 819 3166 895 cceptte,
3211 819 3576 898 temporum

266 921 496 983 deinde
530 920 1018 982 difficultatibus
1050 964 1068 995 ,
1132 919 1535 997 privatisque
1587 917 1926 978 oculorum
1976 916 2400 979 incommodis
2429 961 2444 990 ,
2478 917 2819 980 retardata:
2849 916 3086 979 diutius
3112 918 3346 996 paulo,
3377 935 3578 996 quam

269 1021 595 1082 facturum
630 1041 733 1082 me
775 1036 1148 1101 receperam
1175 1065 1191 1095 ,
1219 1027 1573 1082 extremam
1620 1018 1898 1097 denique
1936 1035 2202 1080 manum
2259 1018 2521 1098 impono
2560 1041 2575 1079 :
2610 1022 2673 1080 et
2707 1018 2759 1080 si
2792 1017 2936 1097 quis
2970 1023 3064 1078 est
3095 1018 3274 1080 locus
3309 1036 3583 1080 excusa-

273 1122 438 1181 lieni
483 1122 651 1202 apud
706 1139 928 1200 aequos
956 1139 1178 1182 rerum
1228 1137 1524 1183 mearum
1569 1121 2016 1200 testimatores,
2053 1120 2191 1180 dari
2228 1120 2496 1182 obsecro
2524 1166 2538 1193 ,
2569 1127 2631 1182 et
2655 1122 2908 1186 veniam
2942 1138 3060 1200 pro
3097 1123 3302 1200 gratia
3351 1121 3580 1182 studiis

272 1222 440 1283 meis
471 1239 547 1284 ac
584 1223 919 1284 laboribus
949 1240 1201 1302 precor.
1233 1221 1513 1300 Quippe,
1543 1222 1716 1301 quod
1750 1227 1885 1301 ipse
1913 1223 2065 1282 olim
2107 1221 2169 1282 S.
2208 1223 2394 1284 Pater
2424 1229 2729 1286 causatus
2763 1241 2880 1303 pro
2916 1241 2985 1285 se
3016 1229 3137 1296 est,
3170 1225 3366 1302 probe
3404 1225 3584 1298 novi,

269 1324 585 1386 Naturam
627 1325 1056 1406 hujuscemodi
1101 1325 1422 1386 hominum
1470 1344 1614 1399 esse,
1646 1335 1868 1386 utnon
1897 1333 2138 1387 tantam
2175 1327 2447 1404 gratiam
2502 1325 2763 1387 habeant
2799 1343 2922 1405 pro
2951 1325 3068 1398 his,
3095 1344 3229 1405 quae
3261 1326 3585 1402 tribueris,

271 1436 580 1507 quantum
608 1427 889 1489 dolorem
917 1444 1108 1507 super
1148 1427 1244 1489 his
1279 1447 1413 1508 qua:
1438 1428 1896 1505 negaveris.....
1934 1427 2196 1487 Minore
2224 1426 2386 1487 enim
2433 1426 2646 1487 studio
2683 1427 2950 1488 virtutes
2985 1425 3309 1487 laudamus
3335 1471 3350 1501 ,
3397 1446 3582 1507 quam

274 1527 440 1586 vitia
467 1526 1213 1607 reprehendimusXPrwf.
1242 1525 1354 1588 lib.
1380 1544 1476 1588 xu
1496 1527 1564 1588 in
1590 1525 1872 1605 Ezech.).
1904 1525 2022 1588 Sed
2046 1527 2179 1588 haec
2197 1527 2397 1589 missa
2417 1525 2749 1589 faciamus.
2774 1528 3012 1590 Eccum
3040 1527 3276 1607 ipsum,
3307 1545 3437 1607 quo
3457 1531 3590 1590 col-

285 1632 478 1694 lectio
504 1637 725 1694 nostra
755 1630 965 1691 omnis
997 1631 1165 1691 libro
1194 1628 1628 1705 concluditur,
1662 1633 1724 1688 et
1745 1627 1960 1690 datam
1984 1629 2246 1707 publico
2282 1628 2469 1690 fidem
2501 1628 2924 1692 exsolvimus.

358 1732 824 1810 Complectitur
848 1738 1059 1792 tomus
1088 1732 1207 1792 iste
1239 1729 1506 1792 ultimus
1544 1747 2002 1804 surrosrrrru,
2063 1731 2200 1794 sive
2225 1749 2369 1810 quze
2399 1731 2552 1792 olim
2580 1731 2822 1810 scripta
2871 1738 3095 1796 sancto
3125 1732 3387 1810 quidem
3424 1733 3588 1796 Hie-

280 1851 560 1912 ronymo
589 1833 900 1894 attributa
934 1835 1130 1907 sunt,
1162 1830 1518 1910 junctaque
1546 1875 1561 1903 ,
1591 1837 1703 1892 aut
1737 1831 1930 1892 etiam
1981 1833 2276 1896 immixta
2311 1833 2476 1895 veris
2513 1833 2755 1912 ingenii
2790 1832 2930 1912 ejus
2965 1834 3237 1911 fetibus;
3270 1852 3339 1896 re
3367 1841 3588 1898 autem

281 1953 439 2001 vera
472 1937 553 1998 ab
581 1935 725 1997 aliis
765 1941 958 2009 sunt,
994 1951 1123 1995 non
1171 1934 1254 1996 ab
1286 1933 1423 2012 ipso
1451 1933 1790 1996 adornata.
1833 1935 1990 2008 Quae
2041 1952 2187 1996 cum
2236 1952 2502 2014 prorsus
2539 1935 2881 1998 eliminare
2913 1983 2929 2013 ,
2958 1937 3164 2015 deque
3194 1942 3414 2000 vetere
3441 1956 3595 2018 pos-

285 2035 577 2098 sessione
607 2033 910 2113 dejicere,
943 2033 1528 2111 impraesentiarum
1561 2051 1688 2094 non
1739 2034 1932 2095 liceat
1977 2035 2285 2113 (quodam
2313 2036 2485 2096 enim
2536 2035 2725 2113 quasi
2758 2037 3021 2098 vernilis
3069 2038 3309 2100 sobolis
3337 2039 3484 2118 jure
3513 2041 3593 2103 ad

294 2155 445 2200 eum
485 2137 831 2215 spectant),
865 2135 1189 2213 reliquum
1227 2152 1426 2197 unum
1456 2142 1549 2196 est
1581 2136 1791 2214 nobis,
1830 2135 2139 2197 familiam
2188 2136 2356 2197 hanc
2393 2136 2600 2200 facere
2637 2137 2873 2200 alicubi
2903 2156 2985 2200 ex
3022 2140 3191 2203 mala
3242 2141 3595 2206 meliuscu-

296 2246 456 2315 lam,
491 2258 573 2302 ex
606 2240 826 2318 ignota
850 2241 1004 2302 alibi
1038 2244 1282 2313 notam,
1313 2258 1392 2300 ex
1448 2239 1878 2316 incomposita
1923 2238 2411 2300 ordinatiorem.
2445 2241 2602 2304 Cum
2641 2241 2861 2319 primis
2896 2260 3052 2303 vero
3087 2243 3371 2306 delectus
3419 2248 3598 2325 capi-
3683 2311 3688 2317 ,

286 2358 422 2413 tum
459 2350 797 2412 habendus
827 2371 841 2410 :
875 2357 1008 2411 tum
1038 2350 1114 2412 de
1140 2347 1413 2428 singulis
1445 2346 1706 2410 ferenda
1729 2347 2073 2409 sententia.
2104 2347 2354 2425 Scripta
2382 2347 2601 2425 itaque
2632 2347 2770 2422 illa,
2793 2362 2938 2424 quae
2968 2364 3096 2408 non
3127 2348 3317 2410 modo
3347 2356 3600 2413 certum

289 2471 810 2532 germanamque
868 2459 1201 2515 auctorem
1256 2469 1449 2513 suum
1503 2454 1815 2528 nossent,
1861 2450 2377 2530 inscriptumque
2408 2449 2595 2511 titulo
2641 2467 2875 2510 nomen
2926 2449 3344 2527 praeferrent:
3386 2453 3495 2514 sed
3533 2454 3604 2516 in

294 2553 580 2631 ejusmet
633 2553 827 2614 etiam
865 2550 1146 2612 editione
1193 2568 1466 2630 operum
1497 2551 1694 2629 vulgo
1726 2555 2096 2630 prostarent
2125 2548 2378 2635 ,gradu
2425 2550 2892 2611 submovimus.
2950 2550 3387 2630 Prteterquam
3429 2556 3606 2617 enim

288 2655 462 2734 quod
491 2656 776 2716 otiosum
813 2653 1002 2733 plane
1033 2658 1230 2731 atque
1255 2653 1548 2731 ineptum
1575 2656 1672 2712 est
1695 2699 1711 2728 ,
1743 2652 1984 2714 centies
2027 2649 2335 2712 recudere
2372 2666 2503 2710 non
2552 2667 2671 2712 suo
2700 2650 2841 2712 loco
2868 2694 2884 2722 ,
2918 2667 3063 2727 qua:
3094 2669 3212 2712 suo
3244 2653 3506 2732 habeas,
3545 2661 3610 2717 et

292 2755 744 2817 collectionem
776 2769 1053 2815 onerare
1087 2753 1297 2813 inutili
1332 2753 1753 2833 scriptionum
1787 2760 1964 2814 strue
1997 2772 2013 2812 :
2049 2770 2241 2813 nemo
2286 2753 2397 2814 illa
2428 2770 2735 2832 umquam
2766 2754 2937 2831 apud
2964 2754 3458 2835 Hieronymum,
3490 2758 3606 2819 sed

301 2857 475 2936 apud
509 2859 843 2917 auctorem
875 2871 1065 2930 suum
1101 2854 1392 2933 requirat
1429 2873 1443 2912 :
1479 2869 1687 2931 eaque
1721 2851 1979 2914 laudem
2013 2850 2275 2930 quidem
2308 2851 2595 2930 aliquam
2620 2896 2638 2928 ,
2674 2870 2800 2913 non
2832 2869 2915 2913 ex
2949 2852 3228 2930 quadam
3258 2854 3358 2913 sui
3396 2861 3606 2932 parte,

286 2960 399 3020 sed
430 2975 513 3019 ex
546 2957 798 3035 integro
826 2962 1134 3018 contextu
1163 2973 1434 3034 eperum
1460 2955 1763 3016 habeant.
1798 2956 1875 3015 Et
1905 2969 2063 3016 sane
2093 2955 2205 3032 qui
2229 2954 2366 3016 hzec
2398 2953 2604 3016 editor
2635 2955 2942 3034 negligat,
2976 2961 3085 3018 aut
3135 2956 3200 3016 in
3230 2957 3351 3019 hac
3378 2960 3595 3020 erudi-

287 3063 486 3123 tionis
523 3067 706 3140 parte
736 3061 1062 3133 laborare,
1090 3066 1204 3123 aut
1238 3061 1374 3122 suis
1399 3064 1570 3122 certe
1595 3057 1848 3127 studiis,
1875 3057 2328 3136 lectorumque
2359 3058 2619 3120 utilitati
2653 3074 2884 3136 parum
2913 3058 3255 3120 consulere
3284 3057 3600 3122 videatur.

285 3166 475 3226 Bedte
510 3168 693 3243 puta,
722 3170 784 3225 et
810 3164 1134 3240 Rhabani,
1167 3180 1450 3242 quorum
1478 3166 1668 3224 erant
1700 3161 1987 3223 maxima
2019 3178 2102 3221 ex
2127 3165 2337 3239 parte,
2370 3179 2516 3240 quae
2565 3159 2716 3222 hinc
2753 3160 3273 3238 amandavimus,
3302 3178 3501 3240 opera
3539 3164 3606 3224 in

287 3284 495 3327 unum
537 3265 801 3327 collecta
833 3264 995 3326 nulli
1027 3282 1157 3326 non
1195 3271 1348 3325 sunt
1396 3265 1458 3324 in
1501 3268 1800 3343 promptu
1829 3305 1845 3333 ,
1873 3263 1949 3322 ut
1981 3259 2275 3338 quaedam
2321 3280 2402 3322 ex
2450 3279 2677 3322 eorum
2723 3261 3219 3324 Commentariis
3270 3263 3605 3340 particula:

299 3371 473 3431 inter
505 3369 885 3448 Hieronymi
918 3367 1248 3428 subdititia
1293 3367 1529 3445 scripta
1555 3365 1683 3426 sint
1714 3363 2111 3427 recudendte.
2143 3363 2382 3425 Contra
2422 3363 2596 3424 hunc
2631 3362 2776 3442 jure
2827 3363 2947 3424 sibi
2985 3363 3314 3425 vindicant
3351 3363 3596 3441 locum,

289 3487 438 3549 quae
467 3469 722 3533 tametsi
754 3474 1003 3530 certum
1033 3473 1360 3530 auctorem
1390 3467 1697 3540 habeant,
1729 3471 1841 3527 aut
1873 3464 2028 3525 alibi
2060 3468 2306 3542 tamen,
2333 3480 2535 3545 quam
2589 3464 2762 3543 apud
2788 3465 3118 3539 Nostrum,
3152 3459 3437 3544 reperire
3470 3484 3605 3530 non

288 3580 413 3646 est,
452 3579 565 3635 aut
593 3572 1034 3653 peregrinisin
1064 3571 1223 3632 locis
1254 3570 1425 3650 apud
1454 3570 1645 3646 alios,
1679 3575 1737 3631 et
1768 3588 1914 3649 quae
1943 3569 2095 3632 hinc
2129 3570 2434 3632 exsulare
2473 3570 2524 3631 si
2563 3569 2824 3649 jubeas,
2859 3571 3042 3634 facile
3071 3591 3216 3635 cum
3241 3576 3330 3634 rei
3363 3575 3609 3640 littera-

288 3676 405 3737 rite
433 3672 774 3753 dispendio
803 3673 1211 3758 intercidant.
1244 3673 1625 3752 Hujusmodi
1655 3682 1806 3735 sunt
1843 3673 2135 3754 ingentes
2171 3673 2236 3732 in
2265 3673 2446 3734 Pauli
2475 3673 2796 3752 Epistolas
2839 3675 3080 3754 Pelagii
3119 3676 3605 3757 Commentarii,

291 3776 580 3838 hominis
610 3775 922 3850 haeretici,
956 3780 1018 3836 et
1050 3775 1453 3854 Hieronymo
1489 3773 1911 3836 infensissimi
1943 3823 1960 3853 ,
2007 3780 2079 3836 ut
2119 3774 2323 3853 magis
2355 3772 2638 3847 mireris,
2678 3772 2904 3836 haberi
2938 3792 3254 3854 umquam
3286 3794 3404 3857 pro
3447 3777 3601 3840 Hie-

289 3878 700 3958 ronymianis
731 3877 1047 3957 potuisse.
1082 3878 1226 3939 Alia
1255 3875 1318 3938 id
1361 3896 1565 3956 genus
1597 3883 1750 3938 sunt
1778 3878 2115 3957 pleraque.

376 3979 496 4041 Sed
531 3984 592 4040 et
629 3979 832 4042 multa
858 3984 1068 4056 erant,
1098 3996 1244 4041 cum
1272 3994 1306 4039 e
1337 3997 1522 4056 mss.,
1557 3982 1691 4040 tum
1722 3997 1803 4040 ex
1835 3976 2018 4040 editis
2046 3977 2226 4038 libris
2263 3977 2446 4051 aliis,
2495 3977 2623 4038 huc
2663 3976 3106 4039 transferenda
3129 4021 3144 4052 ,
3179 3995 3321 4054 quae
3353 3979 3418 4039 in
3454 3979 3600 4043 aliis

294 4081 693 4144 editionibus
725 4081 1014 4156 deerant,
1044 4087 1106 4144 et
1139 4081 1216 4144 ad
1243 4082 1819 4163 Hieronymianam
1851 4083 2119 4158 hancce,
2152 4101 2348 4162 quam
2383 4084 2690 4156 diximus,
2726 4083 3032 4145 familiam
3055 4083 3202 4162 jure
3233 4085 3599 4164 meritoque

294 4185 708 4263 pertinebant
729 4204 744 4257 ;
768 4202 884 4246 nec
905 4183 1240 4246 ferendum
1265 4191 1426 4257 erat,
1456 4191 1524 4245 ut
1543 4186 1686 4247 aliis
1716 4190 1906 4264 atque
1925 4186 2067 4246 aliis
2087 4204 2165 4247 ex
2197 4187 2374 4247 libris
2398 4186 2984 4263 repeterentur.Ex
3007 4186 3105 4248 his
3135 4205 3281 4248 cum
3302 4188 3602 4266 Epistola:

296 4288 659 4360 nonnullae,
698 4304 817 4348 nec
842 4288 1080 4350 inﬁmae
1113 4292 1229 4350 aut
1261 4288 1484 4356 aetatis,
1524 4294 1637 4350 aut
1672 4294 1839 4350 notze
1867 4333 1883 4364 ,
1931 4293 2067 4349 tum
2117 4288 2624 4351 vetustissimum
2677 4287 3218 4367 Martyrologium
3263 4288 3604 4365 Hierony-

294 4391 599 4460 mianum,
633 4393 694 4448 et
717 4388 925 4462 bonae,
958 4390 1009 4450 si
1040 4390 1186 4467 quis
1215 4407 1528 4467 umquam
1560 4389 1726 4451 alius
1760 4389 1985 4468 frugis,
2021 4390 2182 4450 liber
2213 4394 2336 4467 est,
2370 4390 2479 4467 qui
2516 4389 2722 4451 Comes
2759 4390 3154 4451 inscribitur.
3191 4390 3603 4470 Quamquam

297 4508 430 4551 non
460 4490 565 4550 hic
594 4489 834 4568 agitur,
870 4506 1065 4568 quam
1091 4490 1241 4550 boni
1280 4490 1429 4551 libri
1478 4490 1630 4565 sint,
1662 4506 1825 4568 quos
1857 4485 2228 4551 suffecimus
2251 4533 2268 4564 ,
2295 4487 2405 4550 sed
2437 4504 2520 4551 an
2555 4487 2781 4550 referri
2813 4487 2940 4549 huc
2967 4492 3160 4566 atque
3191 4488 3411 4550 eodem
3450 4507 3599 4552 cum

302 4589 576 4668 reliquis
611 4589 1036 4668 supposititiis
1066 4591 1203 4653 lare
1228 4593 1320 4652 uti
1357 4591 1654 4653 debeant.

382 4690 650 4752 Delectu
679 4689 756 4751 ad
791 4689 965 4752 hunc
1000 4692 1259 4752 modum
1289 4692 1534 4765 habito,
1568 4702 1629 4754 et
1666 4699 1895 4772 parata
1924 4693 2273 4755 voluminis
2312 4693 2610 4767 materia,
2641 4691 2706 4752 in
2747 4697 2959 4770 partes
2990 4711 3071 4754 ex
3099 4693 3239 4771 ipso
3292 4693 3604 4773 Scriptio-

300 4809 462 4853 num
490 4791 753 4870 ingenio
782 4792 1120 4857 tribuenda
1157 4793 1298 4854 fuit.
1355 4794 1665 4857 Erasmus
1718 4797 1870 4857 olim
1917 4797 2135 4860 omnia
2188 4798 2251 4856 in
2284 4796 2572 4875 quinque
2598 4796 2797 4859 veluti
2831 4797 3072 4858 classes
3121 4795 3410 4874 digessit,
3439 4813 3603 4876 qua-

301 4912 453 4955 rum
507 4893 715 4973 prima
747 4894 1237 4956 continerentur
1267 4902 1332 4955 τά
1360 4903 1659 4976 ἀμφιϐολῶς
1682 4903 1821 4970 νόθα,
1871 4899 1912 4958 si

1988 4917 2005 4959 ε
2055 4898 2194 4974 illa,
2224 4897 2298 4958 de
2346 4897 2584 4977 quibus
2639 4898 2877 4977 ambigi
2926 4902 3166 4976 posset,
3215 4897 3599 4978 Hieronymi

305 4998 551 5070 essent,
582 5010 785 5055 necne
852 5017 867 5056 :
901 4995 1104 5056 altera
1141 4998 1547 5077 ψευδεπίγραφοι
1589 4999 1801 5074 docta,
1847 4997 1909 5058 id
1951 5002 2070 5074 est,
2103 5015 2246 5075 qute
2277 4997 2438 5059 falso
2472 4995 2732 5076 quidem
2782 4999 3092 5077 inscripta
3117 4999 3234 5059 xilli
3271 5005 3444 5072 sunt,
3491 4999 3604 5062 sed

306 5092 743 5154 eruditionem
772 5099 985 5156 tamen
1024 5096 1314 5174 aliquam
1348 5114 1476 5174 prze
1515 5114 1582 5157 se
1630 5096 1883 5173 ferunt;
1940 5099 2128 5160 tertia
2162 5115 2308 5176 quae
2340 5116 2455 5160 nec
2499 5097 2667 5159 lectu
2703 5098 2897 5178 digna
2929 5099 3338 5176 videbantur,
3369 5099 3476 5161 sed
3508 5101 3605 5160 in-

306 5191 496 5254 docta
529 5208 795 5270 prorsus
828 5198 1024 5271 atque
1053 5193 1376 5258 infantia:
1416 5199 1652 5274 quarta
1706 5196 2048 5258 manifesto
2080 5197 2294 5260 aliena
2325 5243 2343 5278 ,
2388 5215 2794 5277 suorumque
2844 5204 3186 5261 auctorum
3226 5200 3601 5262 nominibus

307 5301 694 5376 praenotata,
724 5301 878 5375 puta
909 5298 1244 5378 epistolas,
1279 5316 1442 5378 quas
1477 5299 1555 5361 ad
1583 5299 2050 5380 Hieronymum
2079 5300 2309 5362 dedere
2344 5301 2685 5370 Damasus,
2723 5302 3149 5381 Augustinus,
3178 5303 3609 5381 Epiphanius,

309 5402 509 5476 atque
539 5397 680 5472 alii,
711 5396 1093 5479 Catalogum
1132 5401 1283 5462 item
1321 5402 1720 5481 Scriptorum
1771 5403 2121 5463 illustrium
2154 5404 2466 5466 Gennadii
2497 5448 2514 5477 ,
2563 5411 2623 5464 et
2653 5405 2946 5484 quaedam
2999 5405 3210 5467 Ruﬁni
3244 5407 3553 5484 epuscula
3584 5427 3600 5466 :

309 5507 670 5582 postrema,
707 5520 850 5580 qute
888 5522 1016 5564 non
1051 5505 1245 5567 unius
1275 5507 1556 5568 auctoris
1586 5507 1826 5584 stylum
1855 5507 2244 5581 redolerent,
2278 5509 2558 5571 maxime
2585 5527 2736 5571 vero
2767 5518 3158 5590 apparerent
3183 5531 3264 5573 ex
3295 5512 3614 5593 Hierony-

314 5603 547 5664 mianis
578 5604 834 5681 scriptis
865 5606 1155 5674 collecta.
1191 5608 1397 5682 Quam
1431 5613 1641 5670 tamen
1678 5608 1995 5683 Classem,
2027 5627 2168 5670 cum
2201 5611 2263 5670 in
2302 5611 2469 5673 hanc
2503 5613 2841 5675 maluisset
2875 5616 2937 5674 in
2971 5617 3414 5694 superioribus
3454 5635 3609 5695 pec-

316 5721 466 5767 care
499 5711 745 5785 partem
778 5750 793 5778 ,
826 5713 892 5766 ut
926 5725 1068 5784 quae
1116 5710 1317 5788 magis
1355 5708 1435 5769 ad
1489 5710 1864 5770 inferiorem
1905 5708 2196 5771 ordinem
2240 5713 2689 5790 pertinebant,
2731 5716 2790 5775 in
2834 5719 3125 5795 proxime
3155 5721 3615 5797 prtecedentcm

321 5807 622 5886 referret,
659 5825 789 5869 uno
821 5807 949 5869 fere
980 5809 1455 5874 Commentario
1484 5810 1550 5873 in
1580 5811 1868 5878 Psalmos
1901 5812 2202 5878 absolvit.
2234 5813 2451 5894 Neque
2477 5833 2631 5881 vero
2672 5815 2803 5880 haec
2836 5821 3097 5900 proprio
3127 5820 3450 5886 volumine
3479 5841 3618 5886 om-

765 5913 1041 5976 Ρηιιοι..
1094 5913 1306 5978 XXX.

3104 5922 3136 5987 1

262 6091 296 6148 /
335 6074 560 6139 5"?é/
