3916 6288
425 274 488 331 Η
1904 279 2154 339 ΡΒΕΡΑ
2167 278 2299 338 ΤΙΟ.
3640 262 3737 330 «ιε

424 389 535 449 nia
566 385 1086 468 comprehendit,
1126 386 1235 450 sed
1287 390 1705 454 materiarum
1741 394 2030 456 ordinem
2079 400 2338 465 secutus
2366 438 2384 471 ,
2430 407 2726 453 seorsum
2772 388 3029 470 quidem
3071 404 3111 452 a
3151 386 3451 469 genuinis
3482 393 3717 466 quarto

431 492 605 547 tomo
639 486 956 566 Epistolas
986 492 1049 547 et
1091 486 1395 551 breviora
1424 492 1739 568 opuscula
1771 492 1989 567 edidit,
2017 488 2526 555 Commentarios
2574 496 2788 551 autem
2820 489 3093 575 septimo
3117 532 3135 565 ,
3171 491 3426 561 octavo,
3456 490 3519 548 et
3548 502 3719 547 nono

428 589 643 663 tomis,
675 588 913 650 lectore
945 593 1194 650 tantum
1231 589 1588 666 admonito,
1623 592 2149 673 Hieronymianis
2201 590 2571 653 immiscuit.
2602 591 2785 652 Hanc
2814 589 3139 651 Victorius
3194 587 3597 649 sortitionem
3640 604 3722 648 ex

425 689 679 771 integro
704 698 963 754 secutus
1002 697 1098 752 est
1128 714 1143 753 :
1172 691 1689 757 Martiauzeusex
1721 705 1930 776 parte,
1953 695 2465 757 Commentarios
2494 692 2811 771 siquidem
2848 690 3020 753 haud
3053 695 3409 768 paucos,ut
3440 693 3503 750 et
3527 705 3723 749 uuam

428 801 627 875 atque
647 795 923 858 alteram
952 795 1357 876 exegeticam
1387 798 1727 877 epistolam
1766 799 1831 861 in
1860 797 2216 880 appendice
2244 795 2507 859 secundi
2540 795 2691 857 tomi
2715 794 3020 874 digessit,
3047 791 3128 855 ad
3154 800 3354 857 sacrm
3380 791 3723 870 Scriptura:

426 898 930 978 inplicationem
960 898 1091 962 fere
1122 901 1560 967 continentem
1586 946 1604 977 ,
1631 902 1873 980 quibus
1911 902 2067 964 locis
2102 900 2232 963 veri
2276 896 2769 978 Hieronymiani
2808 900 3117 959 tractatus
3144 892 3455 970 deerant,
3485 908 3739 972 suppa-9.

425 1000 639 1061 sititiis
670 998 1123 1079 supplendam.
1156 1000 1498 1081 Reliquam
1530 1003 1857 1083 ingentem
1902 1002 2340 1082 Epistolarum
2384 1018 2567 1077 asque
2597 1005 2795 1079 atque
2821 995 3446 1059 Commentariorum
3478 999 3729 1057 struem

435 1100 500 1161 in
529 1101 688 1161 duas
726 1100 920 1163 veluti
954 1105 1170 1177 partes
1218 1118 1297 1163 ex
1336 1101 1479 1179 ipso
1528 1104 1957 1183 scriptionum
1990 1103 2253 1183 ingenio
2289 1101 2625 1167 distinctas
2680 1099 2910 1176 quinto
2939 1142 2956 1172 ,
2987 1098 3123 1158 sive
3163 1096 3392 1163 ultimo
3425 1092 3729 1155 editionis:

428 1216 562 1261 sua:
600 1206 772 1262 torno
799 1200 1307 1280 comprehendit.
1360 1202 1480 1266 Sed
1530 1208 1700 1268 enim
1730 1206 2189 1269 Erasmiunum
2224 1203 2558 1283 exemplar
2591 1204 2653 1264 in
2692 1202 2790 1263 his
2826 1199 3239 1280 descripsisse
3283 1200 3440 1262 satis
3472 1198 3731 1269 habuit,

429 1320 549 1365 nec
583 1320 736 1366 mss.
761 1302 1055 1365 codicum
1087 1304 1365 1383 auxilio,
1403 1322 1524 1369 nec
1560 1306 2151 1385 litteratorumjam
2185 1304 2332 1369 inde
2372 1304 2454 1364 ab
2483 1302 2756 1367 Erasmo
2804 1299 3199 1363 felicioribus
3224 1298 3499 1362 inventis
3530 1314 3605 1357 ac
3633 1294 3739 1374 ju-o

428 1404 611 1464 dieiis
655 1404 719 1482 in
751 1422 887 1465 rem
941 1421 1127 1467 suam
1167 1422 1323 1467 usus
1356 1413 1476 1469 est.
1508 1406 1914 1485 Opusculum
1944 1408 2202 1487 quidem
2242 1424 2441 1467 unum
2474 1408 2672 1481 atque
2700 1403 2979 1467 alterum
3019 1411 3257 1463 novum
3300 1399 3561 1473 addidit,
3589 1398 3737 1461 ϐας

426 1522 645 1581 hones,
679 1505 978 1583 inquam,
1012 1507 1473 1586 pwnitmtiales
1511 1511 1716 1591 juxta
1752 1510 2205 1589 Hieronymum
2231 1553 2252 1583 ,
2280 1516 2338 1569 et
2386 1506 2886 1585 Expositionem
2918 1503 3413 1583 Evangeliorum
3445 1501 3520 1564 de
3560 1500 3730 1563 brevi

428 1605 810 1677 Proverbia;
846 1608 952 1669 sed
985 1608 1119 1671 htBC
1156 1610 1296 1689 ipsa
1327 1616 1496 1673 uotte
1541 1611 1779 1675 intimas
1807 1612 2048 1691 scripta
2074 1655 2092 1686 ,
2124 1617 2215 1673 tot
2248 1609 2551 1672 vitiorum
2597 1607 2904 1668 monstris
2933 1605 3170 1678 obsita,
3210 1614 3470 1683 tamque
3506 1601 3725 1665 multis

426 1709 591 1773 locis
628 1714 960 1789 corrupta,
993 1728 1069 1773 ac
1122 1729 1326 1775 sensu
1371 1715 1689 1791 carentia,
1719 1719 1789 1776 ut
1841 1713 1935 1776 rei
1983 1712 2314 1777 litterariae
2352 1709 2557 1790 magis
2585 1708 2994 1771 consuluisse
3036 1706 3230 1769 videri
3275 1711 3530 1786 posset,
3564 1706 3615 1765 si
3645 1704 3726 1765 ab

433 1812 817 1892 evulgandis
851 1813 1297 1879 abstinuisset.
1337 1816 1583 1880 Cretera
1618 1816 1804 1879 etscis
1830 1859 1847 1890 ,
1880 1820 1953 1878 ut
1982 1815 2197 1893 aiunt,
2232 1814 2439 1876 oculis
2492 1812 2829 1876 Erasmum
2875 1816 3162 1884 secutus,
3198 1815 3263 1873 et
3290 1809 3528 1872 seriem
3552 1808 3755 1870 illam

428 1915 823 1991 tripertitam
876 1913 1175 1994 religiose
1205 1916 1601 1991 observavit,
1632 1922 1699 1979 et
1723 1916 1897 1997 quod
1939 1915 2033 1978 rei
2074 1919 2271 1996 caput
2301 1919 2423 2002 est,
2451 1930 2763 1977 censuras
2797 1913 2973 1991 ipsas
3002 1912 3422 1977 Erasmianas
3453 1911 3521 1973 in
3552 1914 3747 1973 tanta.

427 2016 789 2079 litterarum
827 2017 997 2091 luce,
1029 2020 1105 2081 de
1143 2036 1264 2081 suo
1292 2021 1454 2081 nihil
1481 2038 1709 2095 ausus,
1744 2020 2008 2082 totidem
2037 2021 2251 2083 verbis
2284 2020 2575 2082 retinuit.
3618 2064 3621 2069 ι
3718 2064 3725 2071 .

508 2118 619 2179 His
658 2119 974 2181 medelam
1002 2119 1334 2192 adhibere,
1367 2127 1737 2183 nostrarum
1766 2136 1883 2181 nos
1920 2120 2201 2201 partium
2238 2119 2566 2181 duximus.
2603 2120 2811 2194 Atque
2847 2115 3010 2178 adeo
3038 2115 3283 2188 omnia,
3314 2118 3431 2177 aut
3454 2130 3533 2178 ea
3557 2119 3729 2176 certe

425 2220 685 2297 scripta,
731 2238 1013 2298 quorum
1047 2226 1261 2282 vetera
1296 2239 1448 2281 mss.
1483 2222 1886 2298 exemplaria
1920 2220 2191 2298 reperiri
2220 2223 2597 2298 potuerunt,
2631 2217 2970 2295 exegimus
3000 2217 3077 2278 ad
3106 2234 3335 2279 eorum
3362 2215 3578 2293 fidem,
3614 2215 3731 2277 im-

427 2320 700 2396 probum
725 2320 1040 2395 laborem,
1073 2318 1182 2397 qui
1222 2316 1477 2378 cederet
1510 2319 1574 2378 in
1606 2319 1867 2379 lectoris
1901 2319 2273 2391 utilitatem,
2306 2334 2493 2394 aequo
2528 2318 2748 2378 animo
2797 2316 3217 2389 sustinentes.
3253 2316 3419 2377 Tum
3455 2315 3729 2395 singulis

426 2420 503 2487 ad
537 2421 847 2485 trutinam
888 2419 1237 2495 revocatis,
1271 2436 1417 2496 quae
1452 2418 1532 2479 ad
1560 2421 1732 2480 hanc
1767 2419 2255 2481 instaurandam
2292 2418 2817 2496 Hieronymianm
2845 2416 3075 2477 domus
3111 2414 3578 2494 supellectilem
3606 2432 3729 2476 ne-

427 2518 735 2590 cessaria,
771 2526 877 2580 aut
915 2526 1283 2599 opportuna
1319 2518 1719 2594 viderentur,
1748 2525 1810 2580 et
1840 2537 1987 2597 qum
2007 2536 2221 2596 secus,
2261 2518 2711 2598 expendimus.
2744 2518 2882 2578 Prae
2911 2516 3154 2583 caeteris
3191 2533 3405 2595 operae
3449 2514 3730 2595 pretium

436 2626 603 2699 erat,
637 2620 800 2682 ferre
839 2621 915 2682 de
947 2621 1222 2699 singulis
1263 2622 1649 2683 sententiam
1682 2641 1697 2680 :
1735 2625 1935 2700 atque
1976 2620 2146 2684 hanc
2191 2637 2505 2700 perquam
2547 2636 2705 2682 sane
2754 2618 3077 2680 difﬁcilem
3128 2618 3531 2697 provinciam
3561 2620 3731 2699 cepi-

431 2738 603 2792 mus,
631 2719 707 2781 de
740 2720 935 2799 stylo,
965 2725 1026 2782 et
1062 2721 1393 2797 personati
1430 2719 1766 2798 scriptoris
1797 2720 2057 2800 ingenio
2081 2720 2323 2783 tamdiu
2352 2720 2839 2798 investigantes,
2863 2716 3070 2781 donec
3091 2720 3419 2783 autcertis
3450 2718 3727 2792 indiciis,

436 2826 548 2881 aut
585 2838 710 2883 non
742 2820 1281 2900 improbabilibus
1309 2819 1726 2900 conjecturis,
1759 2823 1907 2901 quis
1940 2823 2048 2883 ille
2077 2822 2294 2897 fuerit,
2323 2821 2642 2895 detexisse
2673 2822 2794 2884 visi
2827 2839 3070 2885 sumus.
3105 2820 3430 2885 Censuras
3460 2821 3730 2901 proinde

440 2922 503 2982 in
532 2922 791 3001 singula
818 2922 1057 3002 scripta
1088 2941 1291 2985 novas
1329 2924 1789 2987 adornavimus
1817 2969 1835 3002 ,
1882 2926 2118 3005 quibus
2156 2931 2220 2987 et
2247 2926 2413 2987 ratio
2440 2924 2811 3004 scriptionis
2839 2925 3151 3004 redditur,
3176 2931 3238 2987 et
3266 2943 3455 2987 suum
3493 2924 3729 3003 cuique

438 3042 603 3104 opus
644 3025 977 3102 tribuitur,
1005 3025 1282 3105 denique
1314 3026 1450 3088 sive
1484 3026 1725 3088 fraudis
1781 3027 2064 3089 librarian
2089 3071 2105 3101 ,
2141 3029 2278 3089 sive
2317 3044 2507 3090 casus
2535 3070 2554 3103 ,
2586 3035 2782 3106 atque
2815 3031 3314 3093 amanuensium
3350 3029 3727 3092 temeritatis

437 3127 693 3191 occasio
727 3128 867 3206 ipsa
920 3126 1324 3209 intelligitur.
1364 3128 1445 3191 Et
1500 3129 1849 3211 maximam
1885 3136 2057 3193 certe
2084 3134 2332 3208 partem
2380 3136 2721 3195 auctorum
2749 3175 2768 3208 ,
2811 3132 2925 3209 qui
2959 3132 3425 3211 propemodum
3464 3134 3732 3213 ignora-

431 3231 693 3309 bantur,
731 3231 796 3290 in
834 3238 1126 3309 apertam
1162 3231 1375 3293 lucem
1399 3230 1811 3310 protulimus,
1851 3230 2118 3311 preprio
2144 3233 2323 3293 cultu
2353 3237 2647 3310 ornatos,
2682 3231 3169 3313 elfecimusque,
3206 3242 3279 3297 ut
3307 3252 3544 3316 magno
3577 3237 3730 3299 Hie-

440 3350 720 3414 ronymo
749 3333 1050 3396 ancillari
1082 3333 1277 3395 etiam
1307 3350 1456 3394 cum
1486 3332 1793 3412 dignitate
1826 3337 2110 3410 possent.

503 3436 625 3498 Sed
655 3442 715 3500 el
738 3436 869 3499 alia
896 3435 1336 3516 priestitimus,
1369 3452 1515 3513 quas
1550 3436 1629 3497 ad
1666 3434 2038 3499 universam
2070 3434 2730 3515 Hieronymiauorum
2764 3452 3035 3513 Operum
3065 3435 3409 3499 editionem
3440 3441 3729 3505 numeris

427 3540 729 3619 erunibus
761 3538 1222 3601 absolvendam
1258 3543 1572 3615 spectant.
1621 3528 1827 3600 Vitam
1871 3535 1943 3599 S.
1983 3536 2360 3616 Hieronymi
2413 3535 2500 3619 (α)
2534 3556 2617 3598 ex
2669 3536 2813 3616 ejus
2849 3537 3171 3619 praecipue
3215 3540 3470 3618 scriptis
3510 3542 3734 3605 novis-

430 3646 591 3705 sime
620 3643 1159 3705 concinnavimus
1199 3661 1213 3701 :
1242 3658 1374 3721 qua
1410 3641 1568 3703 nihil
1601 3645 1701 3703 est
1741 3638 1822 3702 ad
1849 3640 1986 3719 ejus
2019 3638 2306 3719 Operum
2340 3639 2574 3701 seriem
2626 3647 3034 3719 mentemque
3068 3641 3347 3719 penitius
3378 3654 3732 3721 assequen-

429 3745 578 3805 dnm
608 3748 1120 3806 consentaneum
1152 3742 1355 3822 magis
1384 3757 1461 3803 ac
1489 3742 1955 3805 necessarium.
1992 3742 2202 3820 Atque
2241 3742 2360 3803 hac
2397 3749 2611 3804 tamen
2646 3742 2863 3817 laude,
2893 3760 3039 3821 qua:
3062 3749 3352 3815 nostram
3384 3758 3732 3823 princesse-

430 3852 607 3919 runt,
645 3844 959 3907 editiones
992 3860 1251 3916 omnes,
1282 3848 1398 3904 aut
1434 3843 1702 3905 meliore
1745 3844 1809 3903 et
1842 3844 2128 3905 maxima
2165 3862 2246 3906 ex
2304 3848 2510 3923 parte,
2546 3850 2658 3906 aut
2692 3862 2958 3922 prorsus
2984 3853 3367 3917 caruerunt.
3420 3847 3730 3915 Erasmus

433 3963 664 4025 nempe
699 3953 760 4006 et
789 3944 1110 4006 Victorius
1135 3962 1266 4005 non
1306 3950 1435 4006 tam
1472 3944 1687 4006 Vitam
1728 3943 1792 4005 S.
1828 3944 2147 4017 Doctoris,
2179 3962 2374 4023 quam
2411 3946 2868 4026 panegyricum
2907 3947 3343 4013 laudationem
3372 3950 3513 4030 ejus
3543 3953 3732 4015 ador-

433 4056 669 4110 narunt
698 4067 711 4105 :
750 4046 1168 4108 Martianteus
1195 4044 1443 4107 nullam
1468 4045 1544 4107 de
1575 4063 1694 4106 suo
1730 4047 2031 4115 attexuit,
2066 4062 2183 4106 nec
2214 4046 2372 4107 tanti
2403 4046 2624 4108 habuit
2651 4064 2815 4125 quas
2846 4047 3086 4110 laudati
3120 4050 3402 4113 editores
3437 4055 3733 4131 prmscriq

435 4155 722 4231 pserant.
762 4148 969 4207 Edidit
1003 4148 1263 4224 quidem
1296 4156 1513 4227 postea
1545 4148 1606 4208 Ιίι
1650 4148 1754 4209 Via
1779 4147 1851 4208 de
1882 4149 2049 4208 saint
2080 4148 2357 4221 Je'ro'me,
2394 4146 2661 4217 Gallica,
2693 4152 2765 4210 ut
2804 4149 3002 4225 vides,
3034 4168 3163 4213 non
3198 4150 3426 4214 Latina
3458 4154 3679 4232 lingua
3710 4176 3729 4233 ε

439 4250 543 4314 sed
577 4266 719 4311 eam
746 4254 807 4307 et
834 4264 1132 4309 seorsum
1164 4248 1472 4326 peculiari
1524 4248 1693 4308 libro
1717 4293 1734 4324 ,
1764 4265 1893 4308 non
1923 4249 2188 4309 editioni
2223 4266 2359 4310 suae
2391 4250 2936 4329 subjungendam,
2970 4259 3034 4314 et
3082 4254 3338 4331 pietatis
3370 4258 3729 4322 cultoribus

434 4353 661 4433 magis,
697 4366 893 4428 quam
925 4346 1171 4429 cupidis
1203 4348 1586 4411 eruditionis
1617 4348 1988 4411 hominibus
2039 4350 2283 4410 utilem.
2320 4351 2514 4412 Nobis
2546 4352 2610 4411 in
2644 4368 2719 4414 ea
2742 4353 3236 4432 conscribenda,
3264 4356 3587 4422 historice
3611 4377 3732 4425 ve-e

434 4454 641 4517 rilatis
671 4456 838 4518 ratio
872 4455 1194 4535 praecipua
1232 4452 1348 4513 fuit
1380 4470 1395 4512 :
1424 4469 1666 4531 perque
1691 4468 1900 4513 annos
1932 4452 2222 4532 singulos
2249 4460 2580 4532 gestorum
2608 4454 3128 4534 scriptorumque
3160 4456 3225 4516 S.
3253 4458 3457 4520 Patris
3488 4464 3727 4527 seriem

433 4557 509 4618 ad
546 4558 827 4619 sanioris
860 4557 1113 4618 critices
1143 4554 1400 4633 regulas
1432 4555 1906 4615 contexuimus.
1956 4554 2178 4632 Neque
2215 4574 2364 4616 vero
2411 4557 2644 4635 privati
2690 4557 2969 4620 hominis
3012 4559 3265 4623 erudita
3310 4566 3570 4643 negotia
3618 4583 3733 4630 re—

429 4660 752 4723 censendo
788 4668 999 4733 erant,
1037 4658 1147 4720 sed
1177 4657 1608 4735 insigniorum
1643 4656 1710 4718 iu
1744 4657 2030 4719 Ecclesia
2063 4701 2082 4732 ,
2113 4658 2297 4738 cujus
2330 4660 2435 4721 ille
2472 4660 2849 4738 cumprimis
2882 4662 3157 4741 gloriam
3191 4676 3304 4742 per
3325 4664 3384 4725 id
3420 4670 3727 4748 temporis

431 4764 764 4837 sustinuit,
796 4780 1015 4827 rerum
1046 4758 1689 4845 disputationumque
1726 4760 2036 4822 memoria
2065 4763 2308 4842 stepius
2342 4764 2712 4843 repetenda.
2765 4765 3102 4828 Breviores
3135 4768 3298 4831 alias
3334 4770 3540 4848 Vitas,
3575 4774 3728 4835 olim

433 4868 515 4925 ab
544 4862 842 4944 Antiquis
879 4862 1177 4942 scriptas,
1212 4878 1492 4941 quorum
1526 4866 1739 4923 tamen
1777 4861 2040 4924 nomina
2093 4862 2483 4941 ignorantur
2514 4910 2529 4939 ,
2569 4867 3012 4929 subnectimus
3041 4910 3058 4940 ,
3100 4885 3230 4932 non
3259 4871 3403 4934 sine
3436 4874 3731 4949 animad.‘

441 4968 845 5030 versiouibus
879 4972 942 5028 et
999 4965 1207 5038 notis,
1240 4963 1651 5043 aliorumque
1702 4964 2075 5027 accessione
2118 4963 2626 5045 Opusculorum,
2653 4983 2798 5045 quin
2834 4984 2911 5029 eo
2963 4970 3306 5047 pertinent,
3340 4980 3401 5035 et
3433 4979 3729 5053 proxima

438 5068 691 5147 pagella
751 5066 1085 5129 indicabit.
1119 5066 1192 5127 ln
1218 5062 1343 5126 fine
1372 5065 1753 5129 instruimus
1788 5064 2215 5145 Conspectum
2252 5067 2574 5131 universae
2601 5067 2903 5132 editionis
2942 5076 3205 5148 nostrae,
3234 5089 3383 5135 cum
3421 5074 3731 5142 distribu-

436 5172 611 5233 tione
660 5172 1101 5248 antiquarum,
1135 5170 1225 5250 {et
1277 5167 1687 5233 Beuedictina
1742 5171 2232 5246 comparatum:
2286 5170 2476 5251 cujus
2525 5189 2673 5251 0pc,
2712 5189 2847 5234 uno
2902 5174 3177 5249 intuitu,
3216 5179 3731 5257 unumquodque

433 5275 495 5334 :5.
519 5275 718 5336 Patris
737 5275 1075 5351 scriptum,
1099 5276 1228 5334 tam
1249 5270 1422 5349 apud
1455 5288 1596 5346 nos,
1624 5288 1820 5351 quam
1847 5271 2019 5352 apud
2044 5270 2209 5333 alios
2245 5272 2557 5349 reperias.
2585 5272 2878 5351 Denique
2910 5273 3148 5337 indices
3173 5277 3509 5354 generales
3538 5280 3729 5361 duos,

424 5372 628 5458 atque
659 5394 769 5439 eos
801 5375 1059 5455 quidem
1090 5368 1294 5435 multo
1326 5372 1781 5452 locupletiores
1830 5374 1941 5447 iis,
1975 5375 2086 5453 qui
2132 5374 2407 5454 singulis
2460 5376 2649 5436 tomis
2686 5376 3013 5455 subjuneti
3050 5384 3202 5439 sunt
3232 5398 3248 5439 :
3285 5380 3563 5443 alterum
3594 5400 3732 5444 om-

434 5480 617 5542 nium
650 5496 900 5556 rerum,
931 5494 1077 5557 qua:
1100 5477 1165 5539 in
1206 5475 1513 5555 Operibus
1562 5474 2092 5556 Hieronymianis
2126 5476 2427 5539 omnibus
2457 5481 2683 5541 notatu
2709 5476 3037 5558 digniores
3069 5480 3368 5544 videntur
3397 5503 3413 5544 :
3449 5486 3729 5549 alterum

432 5695 1047 5840 “ogozmtlgﬁrzftgiigsa
1075 5701 1160 5753 est
1190 5694 1350 5753 nobis
1375 5693 1572 5752 melius
1598 5695 1964 5769 praeponenda
1992 5696 2049 5753 S.
2073 5695 2245 5755 Patris
2272 5713 2502 5772 operum
2532 5710 2676 5758 torno
2705 5700 2879 5773 primo
2904 5702 2994 5774 qui
3017 5704 3314 5778 vigesimus
3346 5706 3616 5765 secundus
3646 5718 3728 5781 est
