3916 6288
252 255 313 351 ti
1272 287 1333 346 ε.
1377 253 1764 345 lllERONYlll
1803 281 2091 345 OPERUM
2130 284 2492 347 MANTISSA.
3466 260 3539 351 tt

246 406 523 474 omnium
566 404 912 493 Scriptura;
941 425 1144 475 sacra:
1170 406 1742 476 TestimOniorum,
1775 416 1920 487 qua:
1944 406 2014 475 in
2049 405 2276 471 iisdem
2307 406 2647 488 operibus,
2674 401 2872 489 locis,
2902 414 2976 474 ut
3004 401 3209 488 aiunt,
3241 407 3534 495 peregri-

256 515 348 578 nis
381 513 855 581 edisseruntur.

318 617 513 679 Unum
542 622 907 696 supererat,
938 626 1011 682 ut
1064 636 1141 682 ea
1168 635 1318 698 quae
1366 630 1669 696 peccasse
1716 632 1833 677 nos
1878 614 1947 677 in
1984 614 2291 679 universo
2337 631 2606 696 operum
2639 620 2947 682 contextu
2982 614 3532 701 recognoscendo,

255 718 338 779 vel
364 718 505 780 aliis
538 724 761 785 notata
789 719 917 783 sint
952 726 1179 801 postea
1204 769 1223 800 ,
1254 718 1361 788 vel
1396 718 1521 798 ipsi
1571 735 1688 780 nos
1732 716 2396 780 animadverterimus
2427 762 2446 796 ,
2476 719 2775 782 secundis
2803 720 2979 782 curis
3007 717 3535 782 emendare‘nus‘.

248 820 438 897 Atque
464 820 521 881 is
550 818 811 897 quidem
841 821 1102 886 animus
1131 820 1319 882 nobis
1367 818 1681 881 continuo
1710 815 1871 893 fuit,
1908 832 2029 879 nec
2070 818 2385 898 majorem
2422 818 2706 897 profecto
2737 817 2908 881 inire
2936 835 2973 882 a
3004 817 3189 882 nobis
3219 818 3366 899 quis
3395 832 3543 902 grae-

250 918 389 981 tiam
414 925 693 1000 poterat,
721 938 921 999 quam
952 922 1159 985 sicubi
1198 921 1364 1000 lapsi
1402 936 1649 987 umus,
1686 926 2109 997 coargueret;
2153 937 2272 982 nos
2309 921 2483 982 enim
2521 938 2882 1000 numquam
2931 922 3140 1003 magis
3178 911 3542 1001 placuimus

254 1020 361 1099 ipsi
406 1021 617 1095 nobis,
650 1038 847 1101 quam
871 1040 1017 1083 cum
1046 1039 1337 1084 errorem
1372 1021 1705 1090 exuimus,
1736 1020 1799 1079 et
1826 1017 2352 1099 Hieronymianm
2379 1020 2688 1085 docti-inte
2715 1022 3021 1084 studiosis
3064 1020 3336 1085 meliora
3366 1036 3535 1100 sup-

251 1121 686 1201 peditavimus.
721 1123 961 1189 Verum
998 1123 1158 1187 alios
1192 1123 1364 1203 quod
1394 1126 1669 1199 spectat,
1697 1119 1827 1179 duo
1857 1120 2270 1198 exstiterunt,
2310 1122 2500 1202 longe
2529 1120 2767 1202 dispari
2796 1140 2948 1189 cum
2994 1120 3379 1196 eruditione,
3404 1126 3543 1182 tum

252 1225 450 1289 animo
476 1229 856 1309 scriptores,
882 1228 995 1307 qui
1032 1227 1218 1289 nobis
1248 1226 1975 1291 succensuerunt.Unus
2001 1243 2036 1286 e
2059 1224 2491 1287 Benedictinis
2515 1225 3014 1300 Parisiensibus,
3039 1225 3231 1287 homo
3257 1223 3544 1300 iamilim,

252 1329 340 1390 cui
363 1331 682 1409 ascriptus
716 1336 838 1406 est,
865 1335 924 1391 et
957 1328 1058 1390 cui
1093 1332 1322 1391 caetera
1352 1333 1601 1408 egomet
1623 1346 1876 1389 summa
1905 1324 2121 1388 omnia
2150 1322 2394 1400 defero,
2423 1320 2611 1387 valde
2645 1328 3038 1405 praepostero
3075 1319 3285 1385 studio
3322 1316 3545 1387 favens

254 1427 331 1509 (et
360 1445 485 1489 non
520 1430 657 1490 tam
686 1427 843 1489 mihi
884 1428 1117 1495 iratus,
1152 1443 1350 1505 quam
1383 1426 1760 1488 doctissimo
1792 1425 1934 1487 viro
1962 1468 1980 1501 ,
2012 1423 2124 1501 qui
2159 1430 2380 1484 nostra
2428 1423 2491 1483 in
2531 1421 2757 1484 Galliis
2794 1428 3027 1500 sponte
3054 1438 3177 1484 sua
3208 1437 3548 1502 promove-

252 1522 397 1605 bat),
428 1534 612 1591 ratus
645 1527 1045 1607 monopolio,
1077 1525 1251 1606 quod
1277 1528 1338 1587 in
1372 1527 1632 1590 edendis
1656 1527 1760 1589 SS.
1789 1528 2048 1589 Patrum
2078 1525 2334 1603 scriptis
2363 1525 2485 1586 sibi
2517 1530 2850 1606 arrogant,
2877 1521 3215 1604 dispendio
3251 1523 3534 1584 futuram

254 1627 579 1689 editionem
614 1627 846 1702 meam,
883 1627 1225 1690 detrahere
1250 1628 1344 1688 illi
1371 1634 1435 1690 et
1462 1628 1669 1691 dicam
1701 1630 2061 1708 impingere
2088 1632 2358 1689 conatus
2388 1632 2484 1687 est
2515 1627 2828 1705 peculiari
2857 1625 3124 1705 scripto,
3157 1622 3332 1704 quod
3376 1622 3544 1686 varii

252 1730 647 1809 argumenti,
702 1729 1114 1807 multumque
1162 1730 1242 1791 ab
1274 1730 1560 1792 invicem
1608 1730 1843 1792 diversi
1891 1731 2058 1792 libro
2114 1727 2511 1789 interseruit.
2556 1727 2693 1806 Ego
2734 1730 3006 1807 pignore
3031 1735 3281 1790 certare
3308 1728 3547 1802 ausim,

255 1830 398 1890 nihil
428 1846 691 1902 eorum,
722 1845 872 1907 qum
901 1829 979 1890 de
1010 1844 1155 1891 mea
1186 1828 1500 1890 industria
1528 1829 1871 1891 oblocutus
1895 1834 2017 1905 est,
2047 1828 2302 1889 sibimet
2329 1829 2396 1887 in
2430 1828 2721 1889 animum
2754 1826 3059 1909 inducere
3086 1829 3369 1906 potuisse
3399 1830 3553 1890 tan-

253 1933 460 2011 tisper,
493 1949 728 1994 verum
780 1937 849 1993 ut
886 1932 1197 1994 crederet.
1234 1933 1307 1994 ld
1350 1934 1685 1995 enimvero
1734 1935 1941 2013 egisse
1964 1932 2241 2003 videtur,
2295 1937 2369 2011 ut
2410 1948 2555 1992 cum
2605 1930 2739 1992 fore
2775 1933 3196 2008 cognosceret
3222 1946 3397 1992 curm
3440 1947 3554 1991 ne-

257 2035 423 2113 mini,
447 2051 723 2097 causam
755 2036 1038 2115 penitius
1062 2041 1131 2097 ut
1154 2041 1401 2113 nosset,
1433 2037 1694 2098 interim
1720 2052 1840 2099 sua
1872 2033 2138 2097 lecturis
2179 2034 2561 2112 imponeret.
2594 2031 2733 2093 Hoc
2758 2032 2889 2107 aio,
2914 2034 2975 2091 et
3008 2034 3229 2093 sancte
3251 2027 3545 2108 dejcraro

261 2136 409 2197 haud
447 2152 710 2214 vereor,
740 2153 841 2198 me
872 2138 924 2197 si
979 2136 1133 2216 quid
1165 2140 1337 2199 esset
1385 2138 1470 2199 ab
1499 2153 1578 2199 eo
1610 2137 1848 2199 rectius
1886 2142 2219 2212 notatum,
2252 2134 2379 2196 huc
2430 2133 2671 2196 referre
2707 2150 2855 2194 cum
2890 2131 3147 2203 vellem,
3187 2130 3348 2191 nihil
3379 2130 3555 2209 quod

256 2241 403 2301 scire
438 2239 758 2302 lectorum
804 2238 1168 2315 interesset,
1197 2238 1582 2303 inVenisset.
1615 2237 2050 2302 Obtrectatori
2104 2252 2443 2317 reponere,
2470 2250 2684 2315 neque
2714 2249 2835 2295 nos
2866 2231 3070 2309 decet,
3110 2248 3321 2311 neque
3346 2231 3542 2313 hujus

258 2345 341 2401 est
367 2338 510 2402 loci.
1952 2400 1955 2403 ,

325 2442 496 2503 Alter
526 2443 593 2502 et
630 2439 877 2503 amicus
921 2445 1141 2505 noster
1168 2446 1289 2521 est,
1324 2446 1388 2505 et
1422 2440 1877 2506 ecclesiasticae
1932 2438 2341 2520 antiquitatis
2368 2438 2465 2500 vir
2489 2438 2768 2500 litterate
2798 2437 3068 2517 peritus,
3096 2436 3531 2518 Hieronymus

255 2538 319 2599 de
350 2541 537 2603 Prato
594 2544 876 2614 nostras,
914 2541 1023 2618 qui
1057 2541 1312 2603 dissert.
1346 2559 1409 2604 v1
1438 2539 1518 2603 ad
1564 2540 1828 2620 Sulpicii
1867 2540 2087 2604 Severi
2135 2541 2479 2620 Dialogum
2506 2585 2523 2617 ,
2555 2542 2784 2601 contra
2827 2543 3026 2618 atque
3056 2556 3171 2602 nos
3204 2538 3430 2602 statuit
3464 2539 3545 2600 de

256 2628 582 2721 Theophili
611 2642 884 2721 epistola
908 2641 1046 2714 illa,
1079 2644 1527 2721 quam-Latine
1557 2645 1674 2705 abs
1706 2644 2111 2724 Hieronymo
2137 2642 2453 2705 redditam
2482 2641 2670 2720 primi
2706 2641 2773 2701 in
2803 2642 3015 2703 lucem
3041 2642 3456 2722 protulimus,
3486 2645 3551 2703 et

254 2747 621 2825 synodicam
643 2745 949 2807 diximus.
1003 2745 1188 2815 Pene,
1241 2747 1376 2823 ait,
1424 2763 1543 2826 pro
1582 2751 1753 2807 certo
1794 2744 2010 2818 habeo,
2044 2742 2371 2824 Theophili
2426 2742 2753 2824 epistolam
2786 2756 2988 2822 nuper
3019 2743 3339 2822 vulgatam
3364 2742 3556 2805 aliam

256 2845 497 2907 omnino
533 2863 660 2906 esse
690 2843 763 2905 ab
794 2864 863 2906 ea
891 2847 1219 2926 synodica,
1250 2864 1434 2927 quam
1468 2865 1530 2907 se
1570 2846 2002 2926 Hieronymus
2037 2864 2119 2907 ea:
2146 2845 2361 2909 Graeco
2399 2846 2885 2923 interpretatum
2932 2846 3156 2908 tradit.
3188 2847 3559 2909 Ratiocina-

256 2951 438 3010 tionis
477 2952 623 3029 ejus
680 2951 817 3010 ltch
845 2965 1098 3009 summa
1126 2968 1143 3009 :
1177 2955 1477 3011 constare
1508 2948 1869 3026 Epistolam
1894 2963 2101 3026 neque
2128 2963 2207 3006 ex
2233 2947 2505 3025 synodo,
2540 2944 2677 3006 sive
2698 2943 2868 3024 apud
2900 2945 3391 3024 Alexandriam,
3420 2946 3556 3008 sive

228 3050 314 3112 ‘in
346 3053 569 3115 Nitriae
598 3061 837 3126 monte,
868 3068 1079 3131 neque
1118 3053 1378 3112 Patrum
1410 3050 1694 3123 nomine,
1731 3050 1841 3110 sed
1879 3048 2129 3127 privato
2158 3043 2497 3123 TheOphili
2536 3045 2874 3124 scriptam;
2907 3051 2971 3106 et
3002 3045 3345 3123 generalem
3380 3046 3558 3108 illam

261 3157 544 3234 quidem,
581 3163 651 3217 ut
686 3155 840 3216 alibi
870 3154 933 3214 S.
964 3155 1100 3232 ipse
1128 3154 1315 3213 Pater
1343 3156 1551 3223 vocat,
1591 3149 1724 3212 sive
1752 3148 2149 3227 encyclicam
2207 3143 2444 3221 videri;
2487 3144 2754 3204 minime
2785 3160 2940 3206 vero
2975 3145 3557 3223 synodicam,~qum

259 3266 313 3320 et
338 3261 463 3322 alia
492 3258 766 3321 omnino
801 3257 1015 3331 fuerit,
1046 3261 1104 3315 et
1127 3252 1374 3334 jamdiu
1404 3251 1561 3312 olim
1587 3248 2005 3311 interciderit.
2043 3247 2159 3308 Cui
2193 3262 2311 3325 ego
2344 3244 2565 3324 paucis
2595 3242 3011 3306 satisfaciam.
3050 3244 3226 3305 Dabo
3251 3288 3267 3316 ,
3314 3244 3369 3305 si
3411 3262 3546 3308 ma-

258 3362 408 3440 vult,
438 3364 943 3444 Hieronymum,
977 3375 1124 3421 cum
1165 3373 1234 3418 se
1283 3356 1375 3416 ait
1400 3350 1744 3431 Theophili
1800 3346 2187 3429 Synodicam
2217 3346 2293 3405 de
2324 3344 2546 3407 Graeco
2599 3343 3131 3422 interpretatum,
3177 3358 3306 3444 non
3345 3358 3559 3420 usque

261 3464 411 3525 adeo
437 3441 732 3526 locutum
762 3465 1091 3536 accurate,
1120 3456 1226 3518 sed
1252 3455 1382 3516 alio
1412 3460 1608 3532 atque
1637 3450 1764 3512 alio
1791 3466 1992 3511 unam
2026 3446 2449 3525 eamdemque
2472 3443 2816 3524 epistolam
2845 3443 3161 3507 vocabulo
3190 3441 3558 3508 denotasse.

258 3567 414 3628 Tum
453 3584 612 3628 vero
642 3562 1016 3645 provocabo
1049 3558 1379 3623 rationum
1427 3556 1776 3627 momenta,
1811 3565 1955 3628 qum
1981 3565 2097 3629 pro
2128 3546 2300 3608 illius
2335 3545 2763 3625 germanitate
2808 3545 2941 3606 suis
2968 3543 3128 3606 locis
3162 3543 3366 3606 multa
3400 3560 3555 3615 con-

261 3671 448 3750 gessi,
487 3679 553 3733 ct
588 3643 850 3749 quibus,
886 3665 1007 3726 nisi
1040 3660 1388 3726 admodum
1418 3653 1633 3727 fallor,
1666 3650 1857 3728 evici,
1887 3668 2016 3750 no_n
2072 3648 2267 3750 aliam
2312 3648 2479 3750 hanc
2507 3663 2645 3707 esse
2673 3644 3058 3750 cpi-stolam,
3084 3660 3286 3750 quam
3318 3643 3566 3750 primus

262 3744 318 3831 in
351 3744 562 3832 lucem
594 3744 788 3843 edidi,
822 3766 902 3827 ab
933 3780 1033 3835 ea,
1064 3776 1260 3839 quam
1290 3761 1477 3821 vocat
1506 3753 1568 3815 S.
1595 3752 1920 3828 lnterpres
1944 3745 2349 3826 Synadicam.
2381 3744 2755 3809 Provocabo
2791 3744 2943 3805 item
2976 3744 3376 3805 eruditorum
3402 3748 3566 3821 quot

261 3878 428 3943 sunt,
462 3871 704 3950 quibus
745 3868 881 3928 haec
916 3862 1371 3934 innatuerunt,
1405 3855 1648 3937 judicia
1681 3873 1695 3913 :
1726 3851 2008 3928 denique
2046 3849 2384 3928 ipsiusmet
2424 3846 2780 3909 adversarii
2804 3845 3212 3919 sententiam,
3246 3847 3299 3906 si
3335 3846 3419 3907 ab
3448 3860 3563 3909 ca-

264 3949 519 4040 villandi
553 3974 763 4036 studio
793 3970 872 4034 ad
899 3987 1037 4031 rem
1064 3968 1270 4046 ipsam
1300 3962 1585 4041 mquiore
1615 3957 1835 4021 animo
1870 3954 2359 4035 expendendam
2398 3967 2468 4012 se
2498 3950 2811 4023 conferat,
2847 3949 3236 4027 provocabo.

2654 4100 2889 4107 Ἦ

809 4156 1811 4377 ἔπειεέᾖῖ
1836 4234 2925 4354 πιειιοιιιιτιιιι
2965 4305 3014 4383 ,

1341 4412 1913 4486 STRIDONENSIS
1956 4408 2477 4484 PRESBYTER],

559 4543 1694 4731 OPERUM
1863 4528 3266 4700 MANTISSA

1737 4785 2097 4845 CONTINENS

841 4921 1596 5063 SCRIPTA
1686 4907 2945 5051 SUPPOSITITIA.

768 5239 1191 5383 PARS
1268 5229 1855 5345 PRIMA.
1932 5258 2007 5296 -
2074 5212 2999 5326 EPISTOLXE.

1194 5460 1549 5564 .MONITUM
1601 5500 1667 5557 IN
1706 5490 2103 5555 EPISTULA)!
2139 5483 2593 5559 SEQUENTEM.

350 5658 451 5713 Diu
484 5658 811 5727 matrumque
845 5660 950 5718 est.
996 5647 1132 5723 ίιυοά
1151 5660 1360 5727 -¹πέ¹9ἰ“ἲ
1412 5642 1741 5727 ’ἰίετεηρηιεὶ
1767 5637 1875 5727 ’ἔξεο
1980 5631 2167 5727 Ἠ.υὲξέ
2195 5619 3085 5727 ίηίίῗέξηιέἓίτῖτέἷ,Ρηίῖἓξέῗὶῖξηῗέἒςῗ
3097 5618 3574 5727 ῗιφρέξῖῗῖῗῗῖἐῖ

275 5689 451 5800 θεῖτ’
478 5689 1875 5800 i'i"'.§.7.';‘i1";s¥2‘.-L,liciiaiiiiii'iLOJainsitissps.
1978 5689 2170 5800 gentes
2193 5741 2208 5767 ,
2260 5689 3573 5800 sancti"etfatnga:fofigtifdgl'fﬁffnyt‘ni‘eﬁe

276 5760 447 5869 πῖθ’,
478 5760 1307 5856 ἕτεωῖιῗῗτ
1518 5760 1829 5841 intimatich
1855 5792 1873 5830 :
1978 5760 2206 5833 Temere-
2236 5770 2595 5838 arbitrantur,
2645 5762 2866 5823 minime
2912 5760 3258 5834 pervidentcs
3281 5760 3490 5837 [quod
3518 5776 3577 5823 et
