3916 6288
434 265 506 325 15
1481 259 1540 317 S.
1582 253 1975 317 HIERONYMI
2011 252 2297 316 OPERUM
2337 252 2699 315 MANTISSA.
3516 246 3529 259 ’Δ
3659 255 3727 313 ιθ

428 382 671 439 suavitas
704 377 1043 452 eloquentia
1087 377 1481 452 demulceatis,
1512 386 1569 432 et
1590 375 1870 452 ‘hmreseos
1898 387 2025 444 per-
2051 371 2107 434 Δ
2132 372 2413 444 magisque
2457 372 2723 444 reliquam
2769 370 3024 429 ordinare
3074 371 3280 442 vitam,
3325 384 3491 445 quam
3531 386 3730 429 ornare

428 454 664 512 versitas
691 446 1003 509 seducentis
1023 449 1309 506 manifeste
1328 446 1691 518 probant,hoc
1717 448 1863 502 illius
1888 459 2023 513 opu-

428 526 641 580 sculum
668 539 775 580 non
804 538 946 579 esse.
1001 522 1144 578 Satis
1172 519 1407 593 equidem
1435 520 1631 593 erudite
1649 560 1663 585 ,
1694 526 1881 593 nam_et
1904 526 2017 593 sty_-

434 596 518 651 lus
546 594 724 668 palam
751 595 925 668 arguit
962 610 1067 668 non
1106 588 1221 668 esse
1240 590 1598 668 Hieronymi,
1621 599 1672 668 et_
1689 590 1825 668 quod
1850 588 2019 668 conti-

424 661 607 723 nenter
658 661 920 731 insinuat,
969 664 1268 733 hereticum
1313 661 1501 733 dogma
1541 661 1672 716 illud
1719 661 1889 733 ipsum
1934 667 2008 713 est

430 736 877 821 felagianorum,
889 735 1030 817 quod
1043 734 1098 817 .S
1107 774 1128 821 .I
1139 732 1311 821 'Pater
1335 731 1561 821 proprio
1570 733 1765 821 pere,
1789 731 1925 821 locis
1954 745 2019 821 es

431 807 530 863 hac
568 801 699 881 ipsa“
721 801 1311 881 scriptione__i_ndicati_s_,
1336 801 1604 881 subvertit.
1624 801 1632 804 ⁷
1652 802 1768 857 Hac
1794 810 1926 881 certe
1955 801 2019 853 de

429 872 601 934 causa'
631 878 747 933 aliis
782 872 933 947 atque
971 876 1090 930 aliis
1119 892 1206 947 ea:
1248 876 1345 930 illa
1387 876 1744 931 haereticorum
1793 872 2024 947 factione

426 949 776 1021 scriptoribus
816 941 1008 1021 tributa
1044 946 1276 1021 subinde
1309 958 1381 1021 est
1416 965 1436 1004 :
1479 941 1873 1021 etcumprimis
1921 941 2024 995 Ju-

429 1016 617 1087 lianc;
658 1029 715 1075 ut
742 1018 941 1074 dudum
962 1016 1207 1073 laudatus
1234 1017 1379 1073 Beda
1407 1016 1735 1087 existimabat
1767 1058 1783 1082 ,
1815 1023 1864 1068 et
1888 1029 2024 1087 non-

427 1092 563 1146 nulli
590 1084 793 1146 codices
822 1106 971 1159 mss.,
995 1105 1022 1142 e
1040 1090 1224 1158 quibus
1252 1094 1499 1144 vetustior
1522 1105 1657 1144 unus
1681 1084 2025 1159 Bibliotheca:

425 1161 491 1217 S.
518 1155 1175 1233 Victoris,asseru:nt,'tum
1197 1159 1456 1226 Caelestio,
1487 1163 1636 1233 cujus
1659 1175 1846 1233 nomen
1872 1155 2024 1233 illar-

423 1233 644 1288 tt'anteus
690 1228 909 1286 testatur
951 1231 1006 1285 in
1048 1229 1197 1293 aliis.
1230 1247 1360 1299 quos
1386 1228 1593 1297 laudat,
1620 1229 1849 1300 antiquis
1877 1228 2023 1282 libris

414 1304 787 1375 praescriptum
830 1302 1106 1375 invenisse.
1170 1301 1395 1369 Verum,
1430 1303 1568 1375 quod
1596 1301 1926 1375 dicebamus,
1957 1314 2023 1353 ea:

421 1372 695 1444 ipsiusm‘et
743 1372 954 1445 Pelagii
1009 1374 1215 1445 calamo
1258 1372 1491 1445 projecta
1523 1382 1639 1428 est:
1690 1372 1844 1440 idque
1881 1379 2021 1424 certe

418 1448 549 1515 scire
595 1446 711 1499 licet
740 1459 805 1498 ea:
832 1444 1110 1515 Augustini
1156 1444 1250 1498 lib.
1292 1444 1357 1499 de
1396 1444 1580 1501 Gratia
1618 1445 1844 1509 Christi,
1898 1458 2016 1514 cap.

419 1514 493 1589 20
520 1524 568 1570 et
593 1531 730 1586 seqq.
745 1557 759 1579 ,
785 1523 832 1569 et
851 1514 1169 1589 luculentius
1190 1532 1251 1571 ea:
1272 1517 1502 1589 ejusdem
1525 1518 1642 1571 libri
1664 1534 1778 1582 cap.
1799 1517 1897 1589 '57,
1920 1530 2021 1589 quo

421 1585 535 1641 loco
558 1584 896 1660 seductorem
919 1588 1029 1659 ipse
1050 1584 1570 1660 declarat'Pelagius
1596 1589 1649 1642 in
1684 1589 1792 1660 suis
1831 1586 1897 1639 ad
1926 1584 2020 1639 In-

418 1656 709 1730 nocentium
740 1656 1184 1730 litteris'gscribens
1207 1656 1482 1730 :Legant',
1513 1673 1674 1730 quam
1707 1657 1773 1712 ad
1805 1672 2015 1713 sacram

416 1725 619 1800 Christi
648 1726 906 1800 virginem
939 1725 1356 1784 Demetriadem'
1374 1730 1426 1786 in
1467 1725 1694 1786 oriente
1730 1730 2014 1800 conscrip-

416 1797 609 1869 simus,
635 1807 690 1853 et
719 1798 995 1855 invenient
1021 1813 1117 1854 nos
1146 1800 1216 1854 ita
1246 1800 1479 1857 hominis
1504 1802 1724 1857 laudare
1749 1797 2018 1869 naturam,

414 1878 478 1923 ut
520 1868 614 1924 Dei
645 1883 862 1940 semper
902 1871 1090 1941 gratiae
1139 1870 1400 1927 addamus
1449 1874 1737 1929 auxilium.‘
1799 1872 1935 1930 Sunt
1973 1868 2023 1932 et

414 1941 655 2007 quaedam
697 1941 1058 2017 ex_ht_tjusmet
1081 1942 1329 2017 epistolte
1356 1953 1593 2017 contentu
1617 1945 1711 2000 sub
1740 1961 1859 2015 cap.
1896 1946 1922 2001 1
1956 1948 2021 2017 ﬁ-

414 2027 534 2088 nem
558 2055 572 2080 ,
604 2026 738 2088 quce_
759 2009 1035 2088 Pelagium
1075 2009 1135 2088 in
1167 2012 1405 2088 Epistola
1444 2016 1514 2088 ad
1541 2009 1897 2071 Constantium
1923 2009 2020 2088 pro

413 2082 525 2155 {uis
555 2083 854 2155 agnovisse,
900 2084 1035 2137 idem
1073 2082 1398 2155 Augustinus
1434 2086 1547 2142 loco
1579 2088 1796 2142 laudato
1818 2082 2015 2145 scribit.

419 2150 639 2230 Orosius
666 2168 866 2230 quoque
881 2150 1288 2230 ejusauctorem
1326 2155 1603 2230 Pelagium
1629 2160 1789 2230 facit:
1818 2167 2019 2216 tantum

413 2222 557 2293 quod
599 2231 776 2302 notat,
812 2222 979 2302 fuisse
1002 2224 1082 2302 illi
1110 2225 1261 2302 verba
1283 2226 1347 2281 ab
1368 2222 1479 2285 alio
1511 2222 1845 2302 suppeditata
1870 2246 1887 2283 :
1929 2233 2021 2302 ille

414 2309 535 2369 rere
578 2294 715 2369 alius
748 2294 903 2369 facile
951 2297 1105 2367 fuerit
1151 2297 1389 2353 Arrianus
1435 2294 1887 2369 pseudodiaconus
1922 2300 2019 2357 Ce-

413 2362 672 2437 ledensis,
720 2362 777 2419 ut
808 2362 1132 2437 Hieronymo
1158 2369 1346 2421 dicitur
1373 2362 1526 2437 epist.
1558 2372 1613 2424 in
1644 2380 1820 2425 nostra
1844 2388 2020 2427 recen-

412 2434 726 2509 sione_M5_,
768 2436 885 2505 qui,
914 2434 1031 2509 ait,'_
1049 2434 1425 2509 copiosissime
1449 2441 1707 2509 pascitur,
1736 2450 1796 2497 ut
1824 2442 2018 2500 aliena:

410 2503 799 2584 blasphemiae:
813 2507 977 2561 verba
1009 2503 1201 2562 frivola
1247 2503 2017 2584 subniiniStret._'Scriptionis

411 2585 612 2647 tempus
646 2575 787 2646 quod
825 2586 1049 2647 spectat,
1082 2587 1313 2633 nefatum
1350 2590 1476 2636 ante
1518 2599 1610 2637 nos
1645 2582 1765 2638 PP.
1788 2575 2013 2640 Benedi-

415 2645 568 2720 ctinis
599 2645 1100 2720 Augustinianorum
1124 2666 1339 2719 cperum
1366 2654 1673 2720 editoribus,
1718 2655 1895 2708 datam
1924 2674 2013 2711 an.

411 2714 522 2795 {5.13
541 2756 556 2779 ,
607 2714 726 2795 quo.
747 2714 1067 2773 Demetriadi
1100 2714 1413 2795 virginitatis
1451 2714 1682 2780 velamen
1713 2727 2017 2795 suscipienti

413 2785 626 2868 litteras
655 2787 911 2868 miserunt
952 2785 1199 2845 certatini
1229 2791 1621 2868 Hieronymus,
1670 2785 2012 2868 Augustinus,

410 2866 463 2938 ﬁt
491 2854 852 2938 Innocentius,
882 2870 972 2915 aut
994 2870 1131 2938 certe
1160 2878 1285 2938 ann.
1310 2866 1415 2938 414
1431 2854 1809 2938 :poste'aquain
1839 2870 1933 2923 illa
1962 2854 2015 2925 se

409 2925 635 3007 Romam
678 2925 951 3007 recepisset
964 2946 993 3007 _,°
1024 2932 1245 3007 id__quod
1291 2925 1589 3007 signiﬁcare
1618 2925 1821 2993 videtur
1854 2938 2016 2994 Pela-

412 2999 529 3080 gius
553 2998 733 3083 lticuin
764 2998 1016 3083 cana?!»
1070 2998 1201 3083 Yide
1234 2998 1559 3083 (ruinosae
1590 3025 1708 3064 vera
1748 3008 2015 3083 Hierony-

409 3070 607 3151 m‘iana‘
626 3070 721 3151 illa
756 3072 832 3151 ad
869 3070 1261 3151 Demetriadem
1277 3076 1521 3151 AEpistola
1543 3122 1557 3145 ,
1600 3096 1719 3151 qua:
1740 3070 2013 3137 numerum

414 3138 608 3197 obtinet
632 3142 688 3196 in
719 3150 897 3198 nostra
928 3142 1173 3202 Editione
1197 3147 1301 3203 150
1330 3138 1581 3207 diximus.

1005 3279 1339 3340 EPISTOLA
1376 3283 1421 3341 Ι.

832 3408 1041 3450 ΡειΑςιι
1077 3409 1146 3451 Αἰ)
1183 3411 1593 3455 υΕΙΕΤΒῙΔυΕΠ.

413 3500 421 3509 ·
486 3483 618 3540 Cas.
642 3483 682 3539 Ι.
709 3512 779 3525 --
808 3484 864 3541 Si
888 3499 1101 3541 summo
1139 3487 1358 3560 ingenio
1395 3491 1618 3563 parique
1648 3492 1818 3551 fretus
1841 3496 2019 3553 scien-

417 3574 762 3646 tia,ofﬁcium
789 3577 1062 3633 scribendi
1091 3577 1251 3636 facile
1279 3596 1366 3637 me
1392 3582 1622 3653 implere
1648 3600 1807 3655 posse
1827 3590 2017 3646 crede-

412 3682 568 3729 rem:
614 3676 792 3725 tamen
840 3678 949 3736 tam
997 3670 1229 3728 arduum
1275 3672 1377 3730 hoc
1418 3690 1553 3746 opus
1594 3678 1845 3749 ingredi,
1900 3683 2018 3739 sine

414 3774 615 3835 magno
644 3759 979 3818 difﬁcultatis
1009 3763 1207 3821 timore
1237 3780 1343 3820 non
1372 3782 1611 3837 possem.
1657 3770 2015 3831 Scribendum

420 3865 601 3908 tamen
631 3852 809 3909 estad
836 3853 1237 3911 Demetriadem
1270 3858 1535 3929 virginem
1576 3860 1815 3930 Christi,
1854 3866 2020 3937 virgi-

418 3959 542 4002 nem
573 3944 839 4013 nobilem,
886 3946 1151 4017 virginem
1180 3946 1435 4015 divitem,
1478 3960 1532 4006 et
1560 3954 1702 4024 quod
1734 3953 1818 4011 bis
1847 3958 2018 4027 majus

418 4048 534 4105 est,
565 4037 760 4095 ardore
788 4039 944 4109 ﬁdei,
974 4042 1315 4098 nobilitatem
1347 4043 1671 4118 divitiasque
1694 4048 2016 4107 calcantem.

418 4132 589 4198 Quam
625 4131 831 4202 utique,
866 4148 963 4202 pro
991 4142 1097 4188 tam
1124 4136 1348 4206 insignis
1377 4136 1495 4209 [ΑΙ.
1525 4140 1753 4213 insigni]
1780 4143 2017 4200 admira-

419 4226 568 4279 tione
591 4223 828 4292 virtutis,
859 4234 919 4279 ut
946 4224 1171 4283 laudare
1198 4230 1447 4286 omnibus
1478 4230 1664 4300 facile,
1716 4236 1787 4290 ita
1816 4236 2020 4295 docere

421 4314 643 4371 difficile
678 4323 778 4371 est.
838 4312 934 4370 Cui
982 4317 1123 4372 enim
1164 4320 1338 4375 oratio
1384 4321 1576 4378 deesse
1614 4326 1784 4394 possit
1821 4326 1874 4382 in
1902 4330 2020 4399 ejus

418 4406 578 4465 laude
601 4406 924 4464 celebranda
952 4428 965 4463 :
997 4424 1121 4479 quae
1145 4426 1358 4468 summo
1383 4414 1500 4470 loco
1524 4424 1674 4485 nata,
1709 4419 1760 4473 in
1793 4424 2019 4479 summis

418 4500 615 4571 opibus
644 4500 966 4572 deliciisque
995 4505 1194 4559 nutrita
1222 4548 1236 4571 ,
1290 4508 1449 4563 tantis
1484 4518 1699 4581 tamque
1730 4514 1893 4570 variis

417 4594 509 4663 jus
535 4592 657 4647 vita:
685 4592 1095 4664 blandimentis,
1121 4597 1270 4653 velut
1301 4601 1661 4659 tenacissimis
1691 4607 2016 4675 quibusdam

419 4687 629 4744 irretita
663 4689 934 4758 vinculis,
981 4690 1159 4746 subito
1208 4693 1485 4763 eruperit.
1529 4708 1830 4771 cunctaque
1854 4703 2017 4759 simul

415 4780 668 4851 corporis
694 4780 855 4846 bona,
888 4780 1055 4837 animi
1082 4782 1284 4838 virtute
1308 4787 1636 4843 mutaverit?
1667 4789 1798 4857 Quae
1826 4790 2015 4849 ﬂorem

420 4872 597 4929 adhuc
628 4873 802 4943 ipsum
835 4872 1075 4930 ineuntis
1116 4876 1291 4931 aetatis
1316 4920 1330 4943 ,
1376 4878 1607 4948 quodam
1649 4880 1774 4938 fidei
1809 4883 2009 4953 gladio,

421 4964 474 5019 id
524 4974 646 5033 est,
698 4965 971 5021 voluntate
1019 4966 1359 5023 succiderit?
1407 4969 1477 5024 Et
1523 4972 1846 5045 cruciﬁgens
1887 4991 2010 5032 cum

419 5055 638 5114 Christo
665 5071 885 5112 carnem
917 5071 1069 5112 suam
1095 5098 1111 5124 ,
1145 5059 1321 5114 vivam
1345 5099 1360 5127 ,
1390 5071 1739 5133 sanctamque
1776 5066 2010 5124 hostium

415 5147 712 5204 sacraverit
764 5149 872 5204 Deo
899 5190 913 5214 ,
956 5163 1020 5203 ac
1052 5149 1374 5206 nobilissimi
1414 5154 1693 5224 sanguinis
1724 5162 2012 5225 posterita-

416 5253 551 5308 tem,
588 5242 911 5312 virginitatis
948 5257 1135 5298 amore
1162 5247 1591 5313 contempserit?
1619 5248 1792 5304 Prona
1825 5261 2007 5308 autem

415 5344 471 5389 et
501 5333 671 5389 facilis
698 5334 910 5391 dicendi
942 5335 1030 5390 via
1058 5345 1172 5403 est,
1202 5353 1321 5406 qua:
1346 5338 1459 5403 ipsa
1488 5339 1738 5407 ubertate
1768 5346 2005 5401 materia:

413 5440 632 5482 cursum
663 5424 924 5482 orationis
952 5427 1234 5484 accendit:
1269 5429 1364 5484 sed
1404 5432 1559 5488 nobis
1583 5433 1691 5489 alio
1717 5438 1883 5507 magis
1915 5438 2005 5493 iti-

412 5533 547 5574 nere
578 5517 910 5590 pergendum
939 5526 1043 5585 est,
1066 5519 1263 5590 quibus
1288 5524 1622 5591 propositum
1651 5536 1757 5595 est,
1789 5530 2004 5586 institu-

414 5612 617 5664 tionem
643 5610 903 5681 virginis,
937 5624 1044 5665 non
1075 5610 1291 5667 laudem
1325 5614 1606 5671 scribere:
1639 5630 1877 5677 nectam
1911 5638 2004 5693 pa-

407 5710 556 5763 ratas
578 5702 689 5781 jam
712 5703 941 5767 virtutes
970 5703 1090 5780 ejus
1118 5705 1463 5781 exprimere,
1492 5723 1650 5783 quam
1691 5714 1997 5787 parandas;

2127 465 2483 533 prteteritam.
2534 463 2632 519 Est
2675 470 2858 519 autem
2900 463 3282 520 difﬁcillimum
3310 477 3430 519 cum
3460 464 3578 535 ejus
3608 479 3730 534 per-

2125 570 2261 611 sona
2310 556 2530 624 facere,
2584 555 2641 610 in
2692 571 2797 626 qua
2842 554 3113 626 cupiditas
3158 563 3312 610 tanta
3351 554 3596 611 discendi
3621 566 3723 621 εει,

2124 631 2419 719 tantusque
2462 646 2817 719 perfectionis
2855 647 3041 718 ardor,
3085 656 3146 703 ut
3180 647 3228 703 ei
3257 646 3554 717 quamlibet
3582 661 3714 718 per-

2129 744 2270 799 fecta
2318 730 2566 796 doctrina
2616 755 2713 811 par
2754 754 2884 796 esse
2928 741 3021 794 vix
3069 741 3259 811 possit.
3307 738 3550 795 Meminit
3577 740 3727 795 enim

2125 844 2388 905 recteque
2412 833 2693 901 meminit,
2729 848 2865 902 quas
2890 832 3080 889 mundi
3106 848 3238 902 opes
3267 832 3612 903 gloriamque
3641 848 3728 889 re-

2123 926 2353 999 spuerit,
2386 926 2589 997 quibus
2615 924 2991 996 voluptatibus
3024 924 3445 992 renuntiaverit,
3476 940 3611 995 quas
3632 924 3729 980 deo

2125 1021 2293 1092 nique
2349 1019 2747 1089 contempserit
2793 1019 2917 1074 vitae
2960 1019 3250 1091 prmsentis
3294 1014 3601 1075 illecebras.
3663 1018 3728 1075 Et

2127 1112 2252 1168 ideo
2293 1118 2550 1167 contenta
2596 1125 2703 1165 non
2751 1118 2838 1166 est
2877 1110 3155 1167 communi
3208 1108 3312 1165 hoc
3358 1108 3727 1180 mediocrique

2122 1219 2327 1276 genere
2355 1202 2575 1259 vivendi
2601 1219 2617 1269 ;
2650 1212 2706 1259 et
2732 1202 2876 1273 quod
2904 1202 3064 1259 facile
3087 1202 3201 1274 ipsa
3225 1203 3524 1259 multorum
3551 1203 3728 1259 socie-

2126 1306 2239 1355 tate
2268 1297 2519 1363 vilescat,
2552 1311 2756 1351 novum
2788 1294 2991 1365 aliquid
3021 1304 3077 1350 et
3106 1294 3424 1350 inusitatum
3457 1294 3684 1366 requirit
3710 1313 3724 1350 :

2122 1389 2458 1461 prmeipuum
2488 1402 2552 1444 ac
2580 1387 2861 1458 singulare
2892 1385 3167 1458 quoddam
3192 1386 3423 1457 ﬂagitat.
3478 1386 3595 1442 Non
3625 1389 3727 1442 mi-

2122 1497 2229 1539 nus
2256 1482 2734 1538 conversationem
2760 1495 2913 1536 suam
2945 1495 3103 1550 quam
3134 1479 3549 1535 conversionem
3576 1480 3728 1550 cupit

2120 1588 2243 1631 esse
2269 1573 2601 1629 mirabilem.
2628 1573 2686 1629 In
2716 1574 2917 1629 smculo
2948 1573 3171 1642 nobilis,
3202 1573 3343 1643 apud
3376 1573 3545 1629 Deum
3574 1576 3727 1645 cupit

2120 1681 2242 1722 esse
2276 1666 2539 1723 nobilior.
2602 1666 2745 1737 Tam,
2782 1668 3028 1737 pretiosa
3078 1665 3308 1737 requirit
3351 1667 3404 1720 in
3456 1665 3721 1731 moribus,

2050 1750 2099 1812 B
2124 1774 2287 1830 quam
2317 1758 2647 1831 contempsit
2678 1758 2732 1814 in
2757 1757 2944 1815 rebus.
2990 1757 3145 1813 Hunc
3170 1758 3353 1828 utique
3375 1756 3484 1830 [AL
3520 1754 3723 1829 itaque]

2126 1860 2235 1908 tam
2264 1850 2477 1907 devota:
2510 1851 2709 1905 mentis
2735 1850 3021 1918 ardorem,
3060 1849 3199 1905 hanc
3229 1856 3394 1904 tanta:
3424 1848 3721 1921 perfectio.

2123 1945 2212 2000 nis
2258 1942 2443 2009 sitim,
2476 1942 2618 2011 quod
2667 1956 2924 2013 umquam
2971 1941 3190 1997 satiabit
3238 1941 3439 1996 ﬁumen
3474 1939 3725 2011 ingenii?

2122 2036 2257 2104 Quae
2282 2036 2368 2091 vis
2395 2035 2688 2106 aliquando
2718 2035 3004 2103 orationis,
3030 2050 3154 2107 quae
3174 2035 3329 2117 copia
3360 2043 3567 2091 tantum
3590 2049 3721 2090 ver-

2122 2128 2206 2185 bis
2234 2129 2541 2199 exprimere
2572 2128 2791 2198 poterit,
2820 2138 3080 2200 quantum
3112 2138 3297 2200 parata
3323 2139 3408 2185 est
3439 2132 3587 2200 virgo
3625 2144 3716 2185 re-

2121 2220 2224 2276 bus
2254 2220 2520 2292 implere?
2548 2219 2716 2275 Nobis
2744 2235 2876 2276 vero
2901 2220 3156 2275 donanda
3185 2231 3271 2277 est
3297 2220 3454 2276 venia
3481 2265 3497 2291 ,
3530 2221 3621 2292 qui
3648 2220 3721 2276 ad

2120 2312 2423 2368 ornandum
2438 2312 2650 2368 Domini
2678 2312 3107 2381 tabernaculum,
3128 2312 3426 2369 secundum
3456 2312 3598 2368 vires
3623 2326 3723 2367 no-

2120 2413 2264 2459 stras
2294 2419 2491 2460 munus
2522 2404 2823 2460 offerimus.
2857 2404 2968 2461 Nec
2988 2421 3243 2462 veremur
3269 2421 3338 2461 ne
3366 2414 3572 2462 temere
3593 2407 3721 2461 scri-

2119 2495 2326 2564 bendo,
2351 2496 2420 2552 ad
2451 2504 2614 2552 tanta;
2641 2496 2940 2551 nobilitatis
2964 2496 3252 2567 virginem,
3276 2499 3420 2553 ultro
3447 2512 3545 2552 nos
3576 2512 3723 2552 mor-

2120 2588 2273 2643 sibus
2321 2587 2601 2644 tradamus
2648 2587 2888 2643 invidiae.
2945 2587 3249 2644 Scribimus
3298 2588 3447 2646 enim
3498 2599 3720 2661 petente

2118 2692 2303 2737 sancta
2355 2690 2528 2738 matre
2568 2682 2687 2753 ejus
2712 2723 2727 2749 ,
2784 2683 2951 2737 immo
2994 2682 3220 2753 jubente
3246 2726 3261 2753 ,
3294 2684 3457 2756 idque
3497 2701 3525 2738 a
3561 2684 3721 2740 nobis

2119 2776 2507 2833 transmarinis
2540 2776 2739 2831 litteris
2759 2814 2775 2841 ,
2811 2778 2952 2831 miro
2975 2790 3096 2832 cum
3119 2777 3393 2833 desiderio
3422 2778 3591 2833 animi
3621 2777 3721 2833 ﬂa-

2117 2866 2323 2938 gitante
2351 2886 2362 2920 :
2396 2883 2519 2937 qua:
2563 2866 2723 2923 facile
2756 2866 3029 2935 ostendit,
3063 2883 3169 2939 quo
3201 2869 3383 2925 studio
3412 2854 3720 2942 quantaque

2114 2976 2251 3017 cura
2284 2962 2336 3015 in
2368 2961 2476 3015 ﬁlia
2507 2974 2735 3031 germen
2763 2960 2994 3016 cteleste
3032 2960 3389 3031 plantaverit,
3428 2962 3556 3018 dum
3586 2962 3718 3018 illud

2119 3065 2229 3110 tam
2261 3054 2501 3111 sollicite
2528 3055 2681 3124 cupit
2719 3054 2788 3110 ab
2818 3053 2940 3109 aliis
2964 3052 3200 3125 irrigari.
3250 3053 3465 3110 Bemoti
3497 3055 3660 3127 igitur
3688 3070 3719 3109 a

2044 3132 2092 3197 Ο
2123 3149 2462 3216 temeritate,
2491 3157 2549 3205 et
2571 3149 2639 3203 ab
2666 3147 2965 3204 ambitione
2989 3147 3167 3215 liberi,
3193 3153 3478 3221 proposito
3504 3151 3721 3206 insude-

2122 3257 2244 3297 mus
2270 3242 2446 3313 operi.
2496 3242 2609 3300 Nec
2643 3242 2713 3298 de
2749 3242 3128 3299 mediocritate
3155 3243 3452 3301 diflidimus
3480 3244 3587 3319 [ΑΙ.
3616 3244 3721 3301 dif-

2122 3333 2374 3405 ﬁdamus]
2408 3334 2648 3406 ingenii,
2678 3335 2824 3406 quod
2851 3334 3129 3392 credimus
3154 3376 3170 3405 ,
3203 3347 3256 3395 ct
3285 3338 3392 3396 ﬁde
3416 3339 3628 3411 matris,
3662 3349 3719 3397 et

2120 3426 2325 3481 merito
2356 3424 2584 3497 virginis
2612 3425 2879 3498 adjuvari.

2191 3522 2318 3578 CAP.
2351 3521 2759 3593 ll.—Quoties
2806 3526 2936 3582 mihi
2976 3527 3045 3585 de
3090 3527 3435 3585 institutione
3479 3544 3716 3598 morum,

2120 3627 2176 3675 et
2217 3628 2419 3675 sancta:
2469 3620 2593 3675 vita:
2634 3625 3059 3681 conversatione
3097 3624 3390 3681 dicendum
3426 3633 3529 3691 est,
3563 3625 3719 3681 soleo

2123 3710 2276 3781 prius
2303 3712 2553 3768 humana:
2570 3723 2779 3771 natura:
2805 3716 2912 3772 vim
2931 3716 3362 3789 qualitatemque
3388 3727 3713 3785 monstrare,

2120 3809 2177 3857 et
2210 3802 2337 3872 quid
2380 3803 2595 3860 efﬁcere
2647 3807 2855 3877 possit,
2907 3810 3194 3864 ostendere
3242 3827 3255 3863 :
3312 3824 3375 3865 ac
3426 3809 3536 3880 jam
3590 3808 3717 3865 inde

2121 3892 2394 3949 audientis
2425 3895 2669 3951 animum
2715 3896 2781 3951 ad
2823 3897 3036 3968 species
3058 3899 3285 3956 incitare
3316 3899 3574 3956 virtutum
3602 3918 3616 3956 :
3650 3915 3719 3956 ne

2122 3984 2255 4040 nihil
2287 3986 2458 4056 prosit
2482 3987 2547 4041 ad
2574 4003 2633 4043 ea
2666 3990 2873 4061 vocari,
2902 4006 3022 4061 quae
3059 3990 3201 4048 forte
3227 3992 3328 4047 sibi
3356 3989 3718 4063 impossibilia

2120 4090 2245 4133 esse
2278 4079 2709 4149 praesumpserit.
2768 4081 3122 4151 Nequaquam
3149 4082 3292 4139 enim
3328 4081 3435 4154 [ΑΙ.
3478 4097 3718 4153 praesen-

2121 4170 2277 4224 serit.
2311 4168 2618 4240 Numquam
2650 4169 2820 4243 enim]
2852 4173 3111 4228 virtututn
3154 4174 3298 4228 viam
3350 4174 3595 4231 valemus
3636 4175 3718 4230 in-

2121 4259 2295 4330 gredi,
2325 4261 2431 4316 nisi
2458 4276 2554 4331 spe
2575 4262 2843 4320 ducamur
2863 4265 3088 4321 comite.
3121 4264 3404 4335 Siquidem
3427 4266 3715 4337 appetendi

2122 4351 2305 4406 omnis
2377 4361 2604 4413 conatus
2672 4355 2817 4424 perit
2876 4358 3242 4428 consequendi
3306 4357 3710 4429 deSperatione.

2123 4442 2294 4510 Quem
2326 4458 2427 4514 ego
2448 4443 2848 4503 exhortationis
2874 4447 3145 4516 ordinem,
3186 4463 3307 4504 cum
3341 4450 3397 4504 in
3430 4450 3552 4504 aliis
3576 4465 3712 4520 quo-

1921 4516 2020 4571 Ιιυ-
2046 4521 2228 4603 unc
2276 4534 2558 4605 Opusculis
2609 4538 2874 4593 tenuerim
2903 4581 2918 4607 ,
2966 4525 3096 4596 tunc
3136 4540 3221 4596 hic
3261 4541 3494 4597 maxime
3526 4541 3714 4598 obser-

2120 4626 2355 4681 vandum
2387 4635 2555 4698 puto:
2597 4629 2685 4683 ubi
2718 4646 2785 4685 eo
2816 4631 3029 4701 plenius
3072 4642 3277 4690 natura:
3301 4634 3500 4689 bonum
3533 4635 3713 4691 decla-

2120 4718 2229 4773 rari
2265 4719 2470 4785 debet,
2518 4736 2626 4791 quo
2671 4724 3000 4779 instituenda
3033 4734 3119 4780 est
3162 4726 3270 4780 vita
3298 4727 3612 4797 perfectior,
3646 4743 3713 4783 ne

2116 4818 2271 4867 tanto
2317 4813 2599 4868 remissior
2642 4815 2713 4869 sit
2739 4815 2807 4871 ad
2852 4816 3109 4873 virtutem
3150 4820 3365 4874 animus
3385 4836 3448 4875 ac
3480 4820 3707 4889 tardior,

2117 4912 2326 4970 quanto
2350 4905 2530 4959 minus
2565 4922 2624 4961 se
2657 4922 2817 4978 posse
2846 4909 3040 4965 credat
3072 4928 3084 4964 :
3114 4920 3168 4966 et
3198 4912 3328 4968 dum
3356 4913 3498 4983 quod
3528 4914 3710 4971 inesse

2115 4995 2218 5051 sibi
2249 4994 2485 5066 ignorat,
2518 4992 2573 5053 id
2599 5012 2659 5053 se
2687 4999 2966 5055 existimat
2992 5017 3098 5056 non
3130 5002 3348 5059 habere.
3382 5004 3710 5061 Proferenda‘

2114 5102 2332 5158 semper
2373 5088 2427 5144 in
2470 5090 2720 5145 notitiam
2749 5106 2810 5146 ea
2846 5105 2935 5147 res
2960 5101 3063 5159 est,
3096 5093 3251 5162 cujus
3279 5109 3409 5150 usus
3431 5094 3711 5152 desidera-

2113 5188 2221 5247 tur,
2248 5191 2311 5238 et
2338 5182 2720 5253 explicandum
2752 5194 2858 5252 est,
2886 5186 3146 5258 quidquid
3173 5188 3372 5243 bonum
3398 5198 3585 5245 natura
3614 5204 3710 5260 po-

2111 5285 2248 5340 test,
2279 5290 2401 5331 cum
2431 5276 2693 5347 quidquid
2725 5292 2883 5348 posse
2922 5280 3204 5350 probatur,
3234 5281 3570 5351 implendum
3602 5293 3705 5339 est.
3764 5268 3765 5271 η

2113 5365 2239 5422 Ιιωα
2269 5366 2433 5429 igitur
2458 5368 2631 5437 prima
2659 5377 2866 5426 sanctze
2915 5385 2979 5426 ac
3009 5371 3310 5442 spiritualis
3343 5374 3468 5430 vitae
3512 5376 3704 5430 funda-

2109 5469 2289 5516 menta
2312 5459 2608 5531 jaciantur,
2640 5470 2699 5524 ut
2727 5462 2879 5518 vires
2900 5478 3028 5519 suas
3049 5463 3203 5535 virgo
3229 5476 3523 5536 agnoscat:
3568 5482 3705 5538 quas

2106 5551 2322 5607 demum
2371 5550 2813 5610 bene‘cxercere
2851 5556 3089 5625 poterit,
3122 5571 3249 5611 eum
3289 5573 3383 5613 cas
3414 5573 3472 5613 sc
3499 5559 3705 5616 habere

2104 5641 2377 5699 didicerit.
2449 5644 2661 5714 Optima
2713 5647 2857 5701 enim
2914 5647 3084 5703 animi
3133 5648 3483 5705 incitamenta
3534 5661 3700 5722 sunt,

2102 5748 2224 5797 Cum
2266 5735 2493 5797 docetur
2530 5737 2729 5811 aliquis
2764 5751 2926 5812 posse
2964 5740 3110 5814 quod
3137 5743 3343 5817 cupiat.
3397 5742 3530 5802 Nam
3563 5744 3702 5804 etin
