3916 6288
254 356 318 416 17

1214 353 1490 413 PELAGll
1531 355 1621 414 AD
1660 350 2171 413 DEMETRIADEM
2213 353 2575 414 EPISTOLA.

252 472 390 530 bello
442 485 508 528 ea
561 471 874 530 exhortatio
923 469 1161 526 maxima
1195 478 1279 526 est
1305 512 1319 536 ,
1354 483 1525 540 eaque
1554 468 1847 539 plurimum
1875 468 1926 529 Α
1958 468 2081 523 tarii
2110 468 2237 524 boni
2271 485 2499 526 munere
2529 468 2637 542 [Al.
2664 470 2924 546 munire],
2955 480 3009 529 et
3036 470 3195 529 liberi
3229 470 3436 529 arbitrii
3461 487 3563 544 po-

251 564 597 622 anctoritatis
630 564 824 631 habet,
865 578 986 635 qua:
1015 570 1370 633 pugnatorem
1403 561 1471 617 de
1508 560 1713 617 viribus
1735 561 1851 617 suis

256 656 536 713 admonet.
569 657 815 713 Primum
843 657 1025 727 itaque
1046 652 1216 712 debes
1238 664 1447 709 natura:
1473 652 1727 709 humanae
1755 653 1852 707 bo-

254 766 375 806 num
418 748 490 805 de
517 749 641 822 ejus
670 756 895 805 auctore
935 747 1113 803 metiri
1140 792 1154 816 ,
1192 747 1300 804 Deo
1328 745 1571 814 scilicet,
1604 744 1700 816 qui
1728 759 1852 802 cum

252 843 502 898 universa
533 841 750 908 mundi,
784 850 839 898 et
868 856 989 912 qua:
1020 840 1162 895 intra
1196 837 1458 894 mundum
1490 847 1652 905 sunt,
1684 852 1849 907 opera

250 935 406 1003 bona,
435 941 490 989 et
512 933 678 989 valde
695 932 836 988 bona
870 931 1065 988 fecisse
1089 930 1358 986 referatur
1382 949 1394 985 :
1420 940 1645 1001 quanto,
1674 940 1848 1000 putas,

250 1025 691 1098 praestantiorem
721 1025 900 1095 ipsum
929 1023 1205 1079 hominem
1236 1022 1367 1078 fecit
1392 1038 1405 1075 :
1446 1031 1667 1093 propter
1691 1037 1852 1092 quem

255 1119 431 1174 omnia
459 1118 636 1174 etiam
667 1116 991 1187 intelligitur
1020 1115 1111 1170 illa
1135 1113 1448 1171 condidisse
1473 1114 1493 1168 !
1526 1115 1698 1182 Quem
1722 1114 1851 1168 dum

250 1214 313 1268 ad
339 1211 641 1284 imaginem
684 1221 739 1268 et
772 1210 1189 1267 similitudinem
1218 1224 1369 1264 suam
1407 1207 1584 1264 facere
1614 1207 1856 1278 disponit

250 1303 349 1379 [AL
373 1299 707 1376 disposuit],
748 1310 1043 1373 antequam
1070 1300 1256 1369 faciat,
1290 1299 1509 1370 qualem
1540 1299 1609 1355 sit
1634 1298 1741 1371 [ΑΙ.
1774 1313 1856 1354 es-

250 1397 345 1469 set]
373 1396 657 1463 facturus,
700 1395 960 1452 ostendit.
1012 1394 1222 1452 Deinde
1252 1410 1376 1449 cum
1400 1393 1631 1463 subjecit
1659 1392 1711 1448 ei
1736 1392 1857 1447 uui-

250 1506 393 1547 versa
420 1490 689 1545 animalia
725 1508 737 1545 :
770 1504 1009 1561 eumque
1037 1488 1200 1544 etiam
1224 1487 1507 1543 constituit
1541 1499 1728 1541 eorum
1760 1484 1856 1539 do-

252 1583 468 1651 minum,
502 1598 628 1655 quae
655 1582 745 1638 vel
772 1581 914 1637 mole
941 1580 1211 1652 corporis,
1244 1580 1328 1635 vel
1360 1578 1556 1633 virium
1590 1576 1857 1648 magnitu-

251 1675 367 1731 dine
392 1717 409 1742 ,
460 1676 550 1731 vel
586 1674 760 1730 armis
788 1673 1033 1729 dentium
1079 1673 1251 1727 multo
1298 1671 1600 1727 valentiora
1634 1668 1856 1724 homine

251 1769 463 1825 iecerit:
511 1769 653 1824 satis
698 1767 986 1834 declarat,
1024 1773 1229 1838 quanto
1278 1764 1556 1835 pulchrius
1595 1763 1665 1818 sit
1692 1762 1856 1817 homo

1956 568 2152 617 testate
2186 562 2394 619 donare
2428 582 2439 616 :
2491 564 2776 636 utriusque
2807 566 2979 637 partis
3006 566 3429 638 possibilitatem
3464 569 3563 624 lio—

1955 651 2086 707 mini
2119 651 2436 719 inserendo,
2462 654 2740 726 proprium
2766 657 2886 728 ejus
2918 657 3052 714 fecit
3074 673 3200 715 esse
3228 660 3372 730 quod
3398 660 3559 727 velit,

1956 753 2013 798 ut
2037 744 2163 799 boni
2186 760 2251 801 ac
2279 745 2410 800 mali
2442 761 2616 817 capax
2644 748 2970 803 naturaliter
2995 754 3300 819 utrumque
3328 759 3555 821 posset:

1955 845 2012 894 et
2039 837 2107 892 ad
2136 836 2455 893 alterutrum
2475 838 2815 895 voluntatem
2835 838 3171 897 deflecteret.
3200 839 3388 911 Neque
3410 840 3556 897 enim

1955 930 2116 985 aliter
2154 939 2517 1001 spontaneum
2548 931 2751 987 habere
2781 940 2996 1003 poterat
3023 933 3228 991 bonum
3254 951 3267 987 :
3302 934 3406 990 nisi
3449 932 3559 1008 [AL

1956 1022 2057 1076 nisi
2087 1037 2241 1093 neque
2269 1023 2453 1097 etiam]
2485 1038 2547 1079 ea
2577 1032 2851 1092 creatura,
2884 1038 3003 1094 qua:
3027 1024 3192 1081 etiam
3223 1026 3425 1082 malum
3455 1026 3551 1082 hae

1957 1112 2087 1169 bere
2132 1116 2415 1185 potuisset.
2458 1114 2763 1187 Utrumque
2800 1130 2902 1173 nos
2932 1130 3092 1188 posse
3118 1117 3292 1173 voluit
3320 1117 3563 1189 optimus

1956 1204 2204 1275 Creator,
2244 1208 2341 1281 sed
2371 1225 2536 1265 unum
2569 1208 2777 1277 facere,
2802 1210 3005 1266 bonum
3051 1208 3281 1278 scilicet,
3326 1211 3470 1283 quod
3502 1219 3561 1268 et

1956 1300 2279 1371 imperavit:
2313 1302 2554 1374 malique
2578 1302 2893 1360 facultatem
2920 1302 2987 1359 ad
3017 1303 3123 1361 hoc
3152 1311 3360 1360 tantum
3389 1303 3569 1374 dedit,

1956 1403 2016 1450 ut
2062 1396 2398 1452 voluntatem
2444 1397 2563 1468 ejus
2603 1413 2671 1452 ex
2701 1406 2883 1454 nostra
2914 1397 3196 1454 voluntate
3224 1396 3555 1456 faceremus.

1956 1485 2115 1555 Quod
2138 1503 2261 1543 cum
2287 1488 2358 1543 ita
2382 1488 2478 1558 sit,
2506 1490 2608 1545 hoc
2630 1504 2849 1561 quoque
2873 1488 3050 1560 ipsum
3068 1490 3213 1562 quod
3234 1489 3396 1546 etiam
3415 1490 3555 1545 mala

1955 1580 2139 1638 facere
2167 1595 2483 1653 possumus,
2514 1582 2721 1639 bonum
2750 1592 2850 1639 est.
2888 1583 3121 1651 Bonum,
3163 1584 3403 1656 inquam,
3438 1582 3562 1654 quia

1956 1677 2083 1734 boni
2112 1685 2318 1748 partem
2341 1677 2627 1733 meliorem
2647 1677 2796 1732 facit.
2822 1676 2980 1733 Facit
3000 1676 3149 1734 enim
3176 1677 3351 1750 ipsam
3374 1675 3566 1733 volun-

1959 1770 2152 1825 tariam
2177 1769 2261 1824 sui
2286 1768 2458 1839 juris:
2491 1784 2597 1824 non
2626 1769 2953 1827 necessitate
2992 1768 3325 1837 devinctam,
3358 1768 3455 1825 sed
3477 1770 3567 1837 ju-

249 1860 354 1930 ipse
378 1859 643 1915 conditus
670 1900 685 1925 ,
734 1874 897 1928 quem
929 1858 1013 1914 vel
1059 1872 1126 1913 ex
1164 1855 1269 1912 hoc
1301 1855 1476 1910 voluit
1505 1863 1712 1910 natura:
1742 1867 1854 1908 suae

1963 1860 2103 1919 dicio
2136 1861 2391 1918 liberam.
2424 1859 2577 1918 Licet
2606 1862 2804 1933 quippe
2850 1862 3006 1918 nobis
3044 1862 3272 1935 eligere,
3303 1860 3565 1930 refutare,

250 1952 544 2023 intelligere
585 1950 906 2022 dignitatem
933 1991 948 2016 ,
994 1949 1121 2004 dum
1161 1946 1321 2003 fortia
1352 1947 1455 2003 sibi
1483 1946 1723 2017 subjecta
1752 1944 1859 2000 mi-

250 2056 390 2103 ratur
418 2047 710 2103 animalia.
761 2045 947 2115 Neque
985 2045 1130 2099 enim
1167 2043 1368 2097 nudum
1407 2042 1560 2097 illum
1588 2081 1602 2104 ,
1652 2056 1715 2095 ac
1739 2041 1857 2095 sine

251 2140 497 2211 praesidio
528 2139 791 2210 reliquit,
834 2152 935 2192 nec
970 2135 1206 2191 diversis
1234 2133 1490 2206 periculis
1517 2133 1665 2189 velut
1689 2146 1856 2201 expo-

254 2233 352 2286 suit
374 2230 682 2287 infirmum.
726 2227 835 2285 Sed
858 2243 1020 2299 quem
1047 2227 1313 2282 inermem
1342 2225 1686 2281 extrinsecus
1712 2220 1856 2278 fece-

252 2334 367 2389 rat,
418 2323 626 2379 melius
673 2322 822 2377 intus
866 2320 1150 2376 armarit:
1205 2319 1419 2375 ratione
1450 2315 1659 2372 scilicet
1693 2322 1856 2386 atque

252 2416 532 2486 prudentia
564 2456 579 2485 ,
633 2423 690 2469 ut
734 2430 832 2484 per
878 2413 1216 2468 intellectum
1247 2411 1599 2481 vigoremque
1627 2408 1848 2477 mentis,

250 2526 349 2580 quo
375 2510 603 2566 cmteris
626 2509 918 2580 prmstabat
940 2504 1291 2572 animalibus,
1318 2503 1580 2559 factorem
1610 2501 1853 2556 omnium

250 2602 388 2655 solus
436 2606 774 2673 agnosceret
818 2617 829 2650 :
866 2606 921 2653 et
961 2597 1088 2652 inde
1131 2596 1363 2651 serviret
1401 2594 1537 2659 Deo,
1567 2591 1711 2647 unde
1732 2590 1855 2645 aliis

251 2690 653 2746 dominabatur.
726 2689 903 2757 Quem
943 2697 1124 2743 tamen
1147 2685 1383 2756 iustitiae
1413 2692 1438 2721 α
1471 2690 1852 2739 exsecutorem

252 2783 505 2855 Dominus
538 2783 912 2861 voluntarium
940 2795 1064 2837 esse
1093 2780 1287 2857 voluit,
1322 2794 1431 2834 non
1453 2786 1726 2834 coactum.
1786 2778 1855 2834 Et

253 2876 368 2933 ideo
412 2877 650 2951 reliquit
695 2892 821 2933 eum
862 2876 914 2929 in
953 2889 1116 2929 manu
1146 2871 1362 2929 consilii
1384 2873 1469 2927 sui
1500 2869 1692 2943 (Eccli.
1728 2869 1849 2941 xv).

252 2964 546 3040 Posuitque
589 2977 718 3024 ante
759 2984 885 3023 eum
928 2968 1091 3022 vitam
1128 2976 1184 3023 et
1210 2972 1447 3021 mortem
1474 3003 1489 3029 ,
1548 2963 1748 3018 bonum
1795 2970 1852 3017 et

254 3063 483 3118 malum:
540 3070 594 3118 et
638 3062 779 3134 quod
825 3061 1097 3133 placuerit
1139 3062 1227 3127 ei,
1282 3057 1501 3114 dabitur
1545 3055 1642 3110 illi.
1692 3054 1852 3112 Unde

254 3155 407 3210 etiam
454 3155 512 3211 in
570 3154 998 3210 Deuteronomio
1030 3152 1294 3222 legimus:
1346 3151 1521 3205 Vitam
1555 3157 1603 3203 et
1632 3157 1849 3203 mortem

1962 1955 2216 2025 probare,
2253 1968 2533 2025 respuere.
2566 1953 2677 2010 Nec
2717 1963 2802 2010 est
2846 1969 2955 2025 quo
2994 1955 3173 2028 magis
3219 1953 3564 2012 rationabilis

1959 2056 2210 2102 creatura
2247 2046 2463 2102 caeteris
2504 2046 2847 2116 praeferatur,
2887 2048 2990 2104 nisi
3037 2048 3185 2119 quod
3226 2063 3349 2105 cum
3378 2047 3564 2104 omnia

1956 2138 2061 2193 alia
2092 2136 2421 2193 conditionis
2469 2148 2703 2204 tantum,
2734 2154 2801 2194 ac
2831 2138 3179 2195 necessitatis
3222 2139 3423 2195 bonum
3464 2138 3562 2195 ha—

1958 2229 2143 2297 beant,
2162 2228 2280 2284 haec
2297 2228 2412 2284 sola
2436 2227 2809 2284 habeatetiam
2835 2229 3153 2285 voluntatis.
3181 2228 3289 2287 Sed
3314 2229 3563 2301 plerique

1958 2320 2148 2390 impie,
2195 2335 2301 2375 non
2350 2319 2529 2375 minus
2560 2334 2726 2388 quam
2759 2319 3032 2389 imperite,
3067 2334 3192 2376 cum
3224 2335 3388 2391 super
3415 2330 3565 2377 statu

1957 2412 2197 2469 hominis
2239 2412 2503 2484 qumritur
2535 2411 2759 2485 (vereor
2805 2410 3038 2483 dicere),
3072 2411 3230 2483 quasi
3260 2411 3563 2482 reprehen-

1956 2505 2148 2562 dentes
2168 2520 2305 2577 opus
2334 2504 2569 2570 Domini,
2593 2503 2760 2569 talem
2786 2503 2940 2559 illum
2959 2504 3112 2559 aiunt
3131 2504 3389 2561 debuisse
3417 2502 3558 2571 fieri,

1956 2598 2046 2671 qui
2086 2598 2308 2654 omnino
2338 2597 2516 2653 lacere
2547 2610 2654 2652 non
2684 2605 2870 2669 posset
2908 2596 3133 2652 malum.
3179 2595 3323 2653 Dicit
3367 2593 3558 2669 itaque

1957 2691 2275 2761 ﬁgmentum
2322 2690 2398 2757 ei,
2446 2690 2538 2760 qui
2593 2704 2653 2746 se
2703 2688 2902 2745 ﬁnxit:
2954 2690 3096 2757 Quid
3150 2707 3230 2746 me
3275 2691 3445 2762 fecisti
3488 2692 3564 2746 sic

1960 2783 2139 2854 (Rom.
2174 2780 2278 2853 ts)?
2307 2782 2371 2837 Et
2395 2782 2789 2852 improbissimi
2818 2782 3123 2848 hominum,
3148 2781 3277 2837 dum
3300 2781 3562 2838 dissimu-

1957 2876 2069 2929 lant
2092 2873 2327 2942 idipsum
2356 2873 2494 2929 bene
2517 2872 2909 2928 administrare
2937 2872 3083 2942 quod
3115 2870 3246 2927 facti
3270 2880 3398 2926 sunt
3425 2889 3436 2923 :
3463 2870 3566 2926 ali-

1956 2976 2038 3023 ter
2058 2981 2118 3022 se
2147 2965 2319 3021 factos
2339 2964 2504 3020 fuisse
2535 2965 2765 3030 malunt,
2798 2973 2857 3018 ut
2876 2962 2969 3034 qui
2995 2962 3160 3017 vitam
3190 2978 3343 3019 suam
3370 2976 3557 3018 emcn-

1956 3060 2090 3115 dare
2138 3058 2351 3125 uolunt,
2404 3055 2693 3112 videantur
2743 3054 3041 3113 emendare
3083 3055 3226 3112 velle
3284 3063 3557 3110 naturam.

1955 3149 2122 3221 Cujus
2150 3149 2352 3206 bonum
2385 3149 2459 3203 ita
2490 3148 2823 3219 generaliter
2852 3148 3066 3203 cunctis
3098 3147 3403 3215 institutum
3444 3154 3553 3215 est,

256 3245 366 3300 dedi
405 3254 529 3300 ante
567 3246 755 3318 facient
803 3254 945 3299 tuam
966 3286 981 3311 ,
1025 3243 1431 3298 benedictionem
1457 3250 1506 3296 et
1535 3241 1852 3295 maledictio—
1875 3234 1922 3297 C
1956 3251 2013 3297 ut
2040 3242 2094 3297 in
2118 3241 2411 3313 gentilibus
2429 3255 2645 3312 quoque
2671 3239 3113 3309 hominibus,qui
3138 3242 3258 3295 sine
3278 3238 3393 3293 ullo
3409 3239 3557 3295 cultu

257 3354 361 3392 item
382 3354 401 3392 :
424 3340 561 3409 elige
588 3338 677 3391 tibi
709 3338 897 3405 vitam,
940 3344 992 3389 ut
1015 3334 1124 3407 [AL
1155 3333 1225 3406 et]
1256 3330 1396 3388 vivas
1427 3332 1666 3406 (Denter.
1692 3330 1847 3403 xxx).

320 3429 447 3486 Car.
484 3430 574 3485 Ill.
600 3458 673 3471 -—
698 3430 837 3485 llinc
876 3428 988 3498 jam
1029 3426 1422 3498 providendum
1458 3434 1581 3490 est,
1614 3439 1683 3480 ne
1713 3424 1852 3481 forte

258 3519 379 3574 illud
406 3520 723 3577 remordeat
750 3530 822 3589 te,
857 3520 909 3575 in
936 3535 1045 3590 quo
1076 3527 1284 3575 temere
1314 3517 1629 3588 imperitum
1663 3515 1854 3586 vulgus

258 3610 501 3669 oll'endit.
558 3612 629 3668 Et
659 3613 781 3668 ideo
816 3626 925 3667 non
956 3626 1084 3666 vere
1113 3611 1313 3665 bonum
1342 3608 1541 3664 factum
1573 3606 1851 3664 hominem

262 3712 425 3770 putes,
456 3705 588 3775 quia
617 3705 662 3759 is
690 3704 870 3760 facere
894 3704 1092 3759 malum
1126 3710 1335 3773 potest:
1371 3717 1469 3758 nec
1496 3700 1611 3772 ipsa
1643 3713 1855 3757 natura:

260 3794 512 3850 violentia
563 3795 886 3865 astringitur
922 3794 1031 3867 [ΑΙ.
1085 3793 1445 3865 astringatur]
1503 3793 1570 3848 ad
1599 3792 1854 3849 immuta-

264 3884 375 3941 bilis
398 3887 527 3942 boni
558 3887 962 3942 necessitatem.
995 3885 1128 3940 Nam
1153 3886 1199 3941 si
1238 3884 1531 3955 diligenter
1561 3892 1853 3951 retractes,

264 3988 313 4033 et
348 3980 412 4035 ad
444 3980 790 4037 subtiliorem
823 3979 1158 4036 intellectum
1199 3994 1363 4050 cogas
1406 3978 1646 4034 animum
1684 3996 1695 4032 :
1732 3978 1857 4033 hinc

269 4072 354 4127 tibi
393 4074 591 4129 melior
638 4082 811 4129 status
852 4073 1085 4128 hominis
1133 4087 1197 4128 ac
1248 4071 1501 4142 superior
1548 4071 1854 4142 apparebit,

270 4163 399 4219 unde
432 4172 655 4235 putatur
698 4163 942 4219 inferior.
988 4164 1043 4218 lu
1077 4162 1180 4220 hoc
1216 4163 1358 4219 enim
1400 4160 1602 4234 gemini
1649 4161 1859 4218 itineris

269 4252 599 4323 discrimine,
632 4257 687 4310 in
722 4256 823 4311 hac
853 4255 1138 4327 utriusque
1166 4255 1420 4311 libertate
1462 4254 1651 4326 partis,
1688 4254 1858 4309 ratio-

270 4348 455 4405 nabilis
482 4350 677 4403 anima:
702 4347 870 4403 decus
904 4348 1139 4417 positum
1177 4355 1281 4404 est.
1315 4348 1475 4413 Hine,
1504 4347 1746 4418 inquam,
1773 4354 1857 4401 to—

272 4447 349 4496 tus
380 4452 591 4497 natura:
622 4452 822 4498 nostra:
866 4443 1041 4497 honor
1086 4442 1378 4499 consistit:
1425 4441 1555 4496 hinc
1600 4441 1856 4512 dignitas,

273 4533 389 4592 hinc
419 4538 655 4608 denique
687 4538 873 4607 Optimi
908 4539 1109 4610 quique
1141 4538 1358 4594 laudem
1391 4546 1693 4604 merentur,
1728 4538 1859 4593 hinc

1958 3336 2051 3391 Dei
2101 3343 2252 3401 sunt,
2300 3348 2360 3389 se
2404 3349 2816 3405 nonnumquam
2864 3333 3143 3399 ostendat,
3187 3346 3250 3387 ac
3293 3332 3557 3403 proferat.

1952 3428 1981 3467 ιι
2021 3429 2194 3496 Quam
2235 3428 2438 3482 multos
2482 3428 2627 3482 enim
2669 3425 3122 3498 philosophorum
3154 3434 3211 3481 et
3254 3425 3563 3481 audivimus

1954 3532 2007 3579 et
2036 3522 2285 3592 legimus,
2309 3530 2365 3576 et
2394 3521 2496 3591 ipsi
2543 3519 2779 3575 vidimus
2806 3528 3012 3581 castos,
3043 3519 3339 3589 patientes,
3369 3516 3563 3574 mode-

1955 3623 2093 3679 stos,
2145 3611 2420 3678 liberales,
2480 3612 2839 3677 abstinentes,
2884 3612 3172 3683 benignos,
3217 3620 3273 3666 et
3322 3610 3563 3667 honores

1957 3706 2139 3760 mundi
2174 3704 2358 3770 simul,
2385 3712 2441 3759 et
2461 3703 2686 3760 delicias
2711 3712 3054 3774 reSpueutes,
3086 3714 3140 3759 et
3162 3711 3440 3758 amatores
3472 3703 3566 3772 ju-

1959 3799 2118 3855 stitia:
2139 3812 2246 3852 non
2270 3796 2449 3851 minus
2462 3812 2623 3867 quam
2640 3797 2881 3852 scientia:
2900 3795 3009 3869 [ΑΙ.
3026 3795 3355 3869 sapientiai)!
3385 3795 3559 3860 Unde,

1958 3906 2164 3963 quceso,
2181 3890 2495 3945 hominibus
2514 3889 2711 3944 alienis
2734 3904 2764 3944 a
2791 3889 2900 3944 Deo
2922 3887 3176 3959 placent?
3198 3886 3353 3943 Unde
3374 3894 3555 3943 autem

1962 3983 2070 4057 [ΑΙ.
2115 3982 2250 4053 hare]
2279 3983 2384 4036 illis
2406 3982 2546 4037 bona
2579 3982 2676 4035 uisi
2706 3981 2771 4035 de
2802 3989 3021 4034 naturae
3048 3979 3235 4035 bono?
3270 3992 3290 4017 ε
3340 3980 3406 4036 Et
3434 3996 3559 4036 cum

1958 4076 2063 4130 ista
2093 4090 2213 4142 qua:
2237 4072 2372 4139 dixi,
2406 4072 2487 4127 vel
2530 4073 2710 4126 omnia
2743 4072 2797 4126 in
2831 4086 2960 4137 uno,
2989 4070 3079 4127 vel
3116 4071 3331 4142 singula
3363 4069 3419 4127 iu
3450 4072 3565 4127 sin-

1957 4166 2099 4237 gulis
2128 4164 2319 4220 haberi
2350 4162 2652 4229 videamus,
2684 4177 2808 4217 cum
2837 4161 3082 4218 omnium
3110 4169 3301 4217 natura
3332 4178 3439 4219 una
3465 4163 3558 4231 sit,

1960 4259 2211 4331 exemplo
2242 4272 2341 4313 suo
2382 4256 2614 4312 invicem
2648 4254 2751 4311 sibi
2778 4253 3093 4321 ostendunt,
3128 4255 3310 4310 omnia
3360 4254 3411 4309 iu
3443 4271 3564 4310 om-

1961 4358 2119 4413 nibus
2141 4371 2263 4412 esse
2290 4368 2472 4427 posse,
2497 4369 2619 4425 qua:
2644 4353 2730 4409 vel
2757 4351 2936 4409 omnia
2962 4352 3013 4406 in
3034 4350 3311 4415 omnibus,
3338 4351 3422 4407 vel
3446 4353 3560 4406 siu-

1959 4449 2084 4522 gula
2111 4449 2164 4505 in
2196 4448 2424 4518 singulis
2448 4445 2815 4501 inveniantur.
2844 4445 2997 4512 Quod
3027 4445 3071 4499 si
3110 4445 3272 4499 etiam
3298 4445 3417 4500 sine
3451 4444 3563 4499 Deo

1964 4540 2212 4595 homines
2246 4537 2560 4601 ostendunt,
2599 4536 2790 4607 quales
2828 4550 2859 4590 a
2888 4535 3001 4590 Deo
3031 4534 3156 4590 laeti
3222 4544 3389 4591 sunt:
3437 4534 3558 4590 vide

275 4629 571 4696 praemium.
605 4629 714 4685 Nec
740 4638 885 4685 esset
912 4629 1133 4685 omnino
1155 4631 1329 4685 virtus
1353 4630 1462 4691 ulla
1491 4629 1547 4685 in
1567 4629 1713 4686 bono
1736 4645 1859 4699 per-
1886 4622 1938 4683 D
1963 4632 2089 4703 quid
2136 4629 2428 4686 Christiani
2476 4628 2657 4684 facere
2702 4636 2951 4700 possunt,
3001 4642 3233 4697 quorum
3268 4626 3321 4682 in
3366 4627 3559 4681 melius

276 4722 565 4776 severantis
625 4722 669 4776 si
711 4722 757 4777 is
786 4721 855 4776 ad
894 4721 1093 4776 malum
1153 4723 1388 4779 transire
1422 4738 1528 4778 nou
1572 4720 1857 4793 potuisset.

278 4809 465 4869 Veiens
489 4828 718 4884 namque
750 4813 891 4869 Deus
916 4813 1297 4870 rationabilem
1325 4823 1632 4870 creaturam
1664 4813 1856 4869 volnu-

343 4955 368 4985 ι
406 4948 686 5009 Erasmus.
715 4962 951 5019 eumque
979 4959 1199 5003 secutus
1224 4948 1598 5012 Martianseus,
1638 4950 1697 5004 τὸ
1720 4964 1865 5003 ease-

281 5028 493 5090 cutorem
526 5020 946 5089 przetermittunt
974 5038 985 5072 :
1025 5020 1168 5090 quod
1194 5021 1420 5075 verbum
1454 5034 1523 5074 ex
1562 5020 1683 5074 aliis
1713 5019 1867 5074 libris

284 5088 606 5144 Sttli'erimtts.

348 5158 375 5197 δ
402 5163 533 5228 Quae
565 5161 669 5230 his,
713 5171 877 5231 atque
906 5162 1027 5217 aliis
1055 5160 1193 5217 infra
1226 5161 1633 5231 responderunt
1664 5160 1723 5215 S.
1758 5160 1870 5214 Au—

286 5233 544 5296 guStinus,
584 5242 641 5287 et
684 5233 818 5297 Leo,
865 5248 1025 5290 nemo
1067 5233 1317 5303 ignorat:
1367 5232 1712 5303 placetvero
1756 5246 1867 5303 uno

285 5306 515 5358 alterove
544 5304 664 5359 loco
685 5304 1003 5371 speciminis
1025 5300 1196 5373 gratia
1230 5300 1450 5373 laudare
1472 5302 1673 5357 Bcdam
1698 5320 1709 5353 :
1740 5300 1871 5367 Qui-

287 5387 495 5447 cumque
520 5374 738 5446 (inquit)
761 5372 1191 5447 pliilOSOp/[ornm
1222 5372 1483 5447 Christum
1514 5374 1606 5428 Dei
1632 5374 1875 5447 virtutem

288 5452 329 5493 et
352 5446 439 5499 Dei
463 5444 771 5512 sapientiam
793 5448 1110 5510 nescierunt,
1130 5444 1184 5497 Iri
1203 5446 1401 5498 nullam
1426 5460 1595 5498 veram
1618 5446 1874 5509 virtutem,

290 5528 371 5567 nec
384 5517 546 5569 ullam
568 5532 737 5589 veram
763 5517 1073 5589 sapientiam
1099 5516 1284 5589 habere
1306 5525 1605 5589 potuerunt.
1629 5513 1695 5589 n
1712 5531 1875 5589 quanf

292 5592 388 5659 tum
416 5602 533 5659 vero
573 5588 649 5640 rel
672 5585 877 5657 gustum
904 5589 1136 5659 aliquem
1166 5585 1441 5655 sapientia:
1465 5586 1763 5659 cujuslibet,
1804 5585 1882 5638 rel

294 5656 483 5711 uirtutis
508 5656 787 5729 imaginem
828 5656 1107 5724 habebant,
1158 5667 1320 5710 totum
1359 5659 1465 5729 hoc
1490 5656 1713 5727 desuper
1741 5672 1888 5710 acce-

297 5738 503 5800 perunt:
550 5728 649 5782 non
681 5730 847 5784 solum
879 5746 1092 5784 munere
1122 5730 1304 5800 prima:
1333 5728 1669 5793 conditionis,
1714 5742 1891 5782 rerum

296 5796 438 5873 etiam
460 5799 769 5873 quotidiana
788 5803 906 5872 ejus
930 5796 1129 5873 gratia,
1150 5801 1236 5869 qui
1270 5799 1583 5873 (creaturam
1621 5814 1891 5873 suamnw

297 5882 345 5919 se
369 5870 681 5925 deserentem
720 5870 981 5942 deserens)
1030 5873 1177 5926 dona
1206 5888 1322 5935 sua,
1353 5878 1510 5941 prout
1537 5872 1646 5942 ipse
1677 5870 1894 5943 judica-

1966 4740 2061 4794 per
2087 4722 2362 4779 Christum
2394 4730 2585 4776 natura
2615 4731 2670 4776 et
2693 4721 2801 4776 vita
2828 4721 3091 4776 instructa
3115 4728 3238 4775 est:
3270 4728 3325 4775 et
3354 4718 3449 4791 qui
3481 4717 3569 4775 die

1966 4818 2103 4872 vina:
2126 4830 2339 4887 quoque
2366 4814 2551 4884 gratiae
2574 4812 2828 4882 juvantur
2852 4811 3079 4868 auxilio.

1967 4948 2115 5011 verit,
2166 4945 2463 5020 hominibus
2507 4956 2556 5001 et
2587 4962 2776 5020 magna
2808 4945 3032 5016 magnis,
3071 4955 3121 5001 et
3147 4962 3308 5018 parva
3350 4948 3570 5019 largitur

2009 5018 2227 5072 arrulis.

1973 5036 2342 5158 ραζῑῖέέδῗξοηῑι
2371 5087 2511 5144 Beda
2563 5088 2679 5143 hare
2708 5108 2719 5142 :
2754 5086 3076 5142 Contradicit
3103 5087 3414 5158 Scriptum,
3462 5106 3577 5157 qua:

1972 5159 2204 5213 ait:Nec
2228 5161 2361 5213 enim
2383 5160 2556 5231 omnia
2584 5169 2798 5226 possunt
2828 5176 2935 5213 esse
2962 5161 3015 5212 in
3038 5161 3294 5231 omnibus,
3328 5163 3579 5231 quoniam

1978 5248 2082 5285 non
2112 5240 2183 5285 est
2226 5234 2367 5299 ﬁlius
2412 5229 2641 5284 hominis
2672 5231 2978 5285 immortalis
3008 5230 3246 5301 (Eccles.
3295 5229 3428 5296 mi,
3458 5234 3577 5298 ‘29).

1985 5302 2085 5356 [’bi
2133 5303 2401 5373 manifeste
2446 5302 2766 5369 insinuatur,
2800 5303 2922 5366 quia
2951 5318 3065 5355 cum
3117 5303 3333 5357 mortale
3362 5303 3458 5356 hoc
3500 5303 3583 5373 in-

1983 5374 2149 5425 duerit
2173 5372 2631 5434 immortalitatem,
2660 5383 2778 5426 tunc
2801 5374 3006 5427 demum
3038 5384 3251 5444 possunt
3276 5389 3385 5444 esse
3410 5372 3584 5425 omnia

1984 5444 2038 5497 in
2069 5445 2302 5498 omnibus
2334 5444 2463 5497 l‘ona
2494 5445 2773 5509 rirtutum;
2794 5452 2842 5499 et
2864 5456 2931 5498 ne’
2952 5443 3075 5498 tunc
3100 5443 3305 5514 quidem
3334 5443 3402 5498 de
3424 5455 3580 5514 natu}

1986 5531 2059 5569 ra:
2087 5515 2241 5585 bona,
2270 5515 2358 5567 scd
2381 5531 2471 5585 per
2499 5515 2721 5584 gratiam
2748 5516 2861 5585 ejus
2889 5516 2952 5568 de
2977 5531 3078 5583 quo
3101 5512 3351 5581 scriptum
3378 5524 3489 5569 est:
3518 5512 3587 5569 Ut

1992 5588 2059 5640 sit
2089 5584 2229 5640 Deus
2261 5600 2290 5639 ο
2312 5584 2437 5638 mia
2479 5589 2532 5639 in
2564 5584 2819 5639 omnibus.
2869 5586 2973 5642 Sed
3001 5594 3047 5639 ct
3069 5585 3380 5652 quotidiana
3404 5598 3591 5640 nostra?

1996 5657 2293 5727 fragilitatis
2332 5667 2637 5727 argumenta
2664 5658 2901 5725 probant,
2928 5672 3032 5708 non
3062 5655 3233 5709 omnia
3266 5657 3316 5707 in
3359 5658 3595 5711 omnibus

1997 5726 2103 5782 esse
2133 5743 2300 5799 posse,
2333 5726 2416 5780 ubi
2444 5738 2549 5781 tam
2594 5727 2745 5781 multi
2772 5729 3125 5791 inveniuntur,
3156 5727 3243 5796 qui
3274 5744 3477 5782 summa
3500 5728 3590 5799 Vni-

2002 5798 2161 5870 tentes
2189 5800 2457 5864 instantia,
2504 5815 2827 5870 nequaquam
2855 5800 2923 5851 ad
2950 5814 3055 5867 cas,
3088 5814 3217 5869 quas
3261 5799 3394 5856 alios
3425 5798 3596 5855 vident

2004 5868 2215 5927 habere.
2248 5880 2462 5926 vaesani
2487 5868 2746 5928 verrcnire
2774 5869 3009 5924 virtutes.
