3916 6288
335 287 412 356 28

1347 280 1636 342 PELAGII
1667 281 1759 341 AD
1795 275 2305 342 DEHETRIADEM
2343 277 2702 344 EPISTULA.

3562 285 3652 342 Ἠ

303 375 757 474 ’δρτοαιεὶοῖὶὺυε
795 397 982 454 verbis
1029 396 1286 453 hortatur
1336 396 1403 451 ad
1452 395 1814 458 crimeoHNe
1863 395 1949 451 hic

2058 392 2124 450 Et
2149 394 2253 452 hoc
2287 409 2394 452 non
2423 397 2606 456 verbis
2637 405 2876 471 tantum,
2906 399 3004 460 sed
3051 400 3220 472 ipsius
3245 415 3459 474 quoque
3487 401 3649 460 rebus

341 491 566 564 quidem
599 490 853 554 vincitur,
887 487 984 545 sed
1019 499 1075 544 ut
1110 489 1276 545 verba
1315 489 1517 555 verbis,
1551 491 1626 544 ita
1656 504 1744 546 res
1783 488 1946 546 rebus

343 582 534 639 refert.
559 579 697 636 Nam
725 580 815 652 qui
841 579 1161 653 frequenter
1191 591 1410 651 rogatus
1440 588 1768 652 negaverat:
1801 594 1945 638 nunc

342 673 775 744 comprehensus
795 672 952 746 [.dug.
973 670 1318 746 astringitur]
1333 670 1561 744 aufugit,
1579 681 1632 728 et
1654 680 1944 743 antequam

343 768 478 825 illud
506 767 879 840 evangelicum
905 766 1219 821 diceretur:
1253 764 1355 832 Qui
1385 765 1568 819 viderit
1591 767 1856 820 mulierem
1877 765 1944 818 ad

341 860 812 932 concupiscendum
849 875 984 923 eam,
1002 861 1123 934 jam
1155 858 1440 913 nime/tatus
1465 867 1540 914 est
1567 875 1681 913 eam
1710 860 1762 913 in
1790 860 1947 918 corde

337 971 438 1008 suo
466 950 688 1024 (Matth.
715 967 770 1018 ν,
802 951 926 1021 28);
961 950 1053 1005 ille
1078 966 1183 1004 non
1209 961 1434 1024 aSpectu
1465 950 1666 1017 solum,
1700 951 1794 1006 sed
1828 951 1944 1021 ipso

339 1061 485 1119 pene
526 1043 814 1114 complexu
847 1050 1173 1112 provocatus
1215 1057 1246 1096 a
1281 1042 1500 1110 femina,
1548 1041 1802 1098 feminam
1838 1057 1943 1098 non

335 1137 676 1209 concupivit.
709 1133 990 1192 Castitatis
1019 1132 1277 1188 virtutem
1305 1133 1589 1205 hucusque
1621 1133 1817 1190 mirata
1843 1148 1903 1194 es
1928 1151 1940 1190 :

338 1247 489 1286 nunc
516 1230 727 1300 rcSpiee
753 1229 1166 1302 benignitatem.
1196 1228 1518 1299 Priusquam
1550 1227 1817 1300 Propheta
1858 1227 1944 1284 di-

339 1331 538 1380 ceret:
588 1320 952 1394 Unusquisque
982 1322 1236 1378 malitiam
1267 1321 1489 1394 proximi
1524 1322 1607 1374 sui
1650 1338 1750 1377 non
1792 1324 1947 1383 remi-

339 1419 577 1474 niscatur
615 1417 668 1471 in
698 1417 854 1471 corde
896 1431 992 1491 suo
1022 1414 1207 1488 (Leuit.
1244 1429 1365 1482 xrx,
1399 1413 1519 1486 18):
1553 1413 1646 1469 ille
1691 1428 1789 1484 pro
1820 1412 1945 1470 odio

339 1510 585 1568 reddidit
631 1510 984 1581 charitatem,
1035 1519 1092 1566 et
1131 1525 1253 1572 cum
1295 1509 1510 1564 videret
1548 1507 1745 1566 fratres
1786 1523 1940 1576 suos,

337 1607 513 1662 immo
543 1603 797 1660 inimicos
826 1621 893 1661 ex
919 1603 1200 1672 fratribus,
1233 1617 1468 1673 cumque
1493 1602 1562 1658 ab
1583 1602 1666 1658 eis
1691 1603 1944 1673 cognosci

335 1697 528 1767 vellet,
563 1696 878 1754 dilectionis
919 1695 1170 1754 allectum
1205 1709 1303 1766 pro
1333 1693 1524 1750 dolore
1565 1692 1796 1749 testatus
1819 1703 1942 1748 est:

2055 489 2308 562 probavit
2335 507 2351 548 :
2383 491 2474 563 qui
2506 507 2634 548 cum
2665 493 2846 550 omnia
2896 495 3191 564 perderet,
3247 512 3354 551 non
3386 496 3602 553 dolebat
3631 538 3647 563 ,

2051 584 2378 656 dicebatque
2403 600 2498 657 per
2521 587 2733 658 singula
2766 605 2778 642 :
2804 587 3060 651 Dominus
3081 590 3240 654 dedit,
3267 590 3524 646 Dominus
3557 593 3648 646 ab-

2045 677 2203 733 .stulit
2227 692 2245 729 :
2270 679 2402 732 sicut
2438 677 2662 734 Domino
2709 679 2934 749 placuit,
2965 683 3040 734 ita
3079 681 3278 748 factum
3307 691 3384 738 est
3413 683 3521 736 :sit
3557 699 3653 738 na-

2052 785 2170 824 men
2208 766 2421 824 Domini
2470 769 2789 826 benedictum
2826 773 2881 827 in
2911 771 3122 829 sarcula.
3170 773 3364 830 Nudus
3406 776 3540 831 exivi
3587 776 3651 832 de

2051 870 2199 916 utero
2243 861 2424 916 matris
2475 877 2620 926 ruere,
2667 864 2842 918 nudus
2883 864 3089 920 redeam
3116 864 3418 939 illuc(.lob.
3446 883 3487 934 ι,
3517 869 3647 940 21).

2050 951 2168 1020 Quo
2196 954 2341 1008 cnim
2363 954 2560 1012 atl‘ectu
2587 954 2964 1025 possideamus
2986 957 3213 1028 aliquid,
3237 957 3498 1019 docemus
3524 975 3645 1017 cum

2050 1044 2104 1102 id
2127 1045 2429 1104 amittimus
2456 1063 2471 1102 :
2504 1055 2560 1102 et
2585 1047 2936 1118 cupiditatem
2969 1048 3203 1114 fruendi,
3244 1052 3464 1108 carendi
3494 1052 3652 1108 dolor

2052 1135 2226 1206 prodit
2254 1152 2270 1202 ;
2305 1153 2464 1210 quam
2496 1137 2587 1210 qui
2620 1137 2676 1193 in
2704 1138 2946 1196 carendo
2975 1154 3085 1196 non
3126 1137 3345 1208 habuit,
3389 1143 3444 1196 in
3475 1142 3654 1211 possi-

2049 1227 2230 1284 dendo
2257 1244 2494 1299 quonam
2523 1228 2688 1285 modo
2719 1229 2958 1286 habuit?
3011 1229 3056 1287 Ο
3092 1229 3270 1286 virum
3300 1240 3429 1290 ante
3472 1233 3653 1289 Evan-

2049 1319 2248 1390 gelium
2278 1322 2685 1394 evangelicum,
2713 1330 2770 1378 et
2794 1323 3158 1394 apostolicum
3192 1330 3316 1382 ante
3341 1325 3646 1394 apostolica

2051 1415 2365 1486 praecepta!
2418 1415 2746 1484 discipulum
2785 1415 3158 1486 apostolorum
3192 1433 3205 1470 :
3256 1416 3347 1487 qui
3390 1418 3642 1488 aperiens

2050 1506 2293 1566 occultas
2338 1506 2560 1566 divitias
2593 1517 2831 1577 naturas,
2861 1518 2916 1564 et
2944 1508 2998 1564 in
3027 1508 3266 1564 medium
3313 1510 3598 1580 proterens
3623 1552 3639 1578 ,

2047 1612 2207 1680 exse
2253 1597 2382 1671 quid
2425 1613 2616 1656 omnes
2661 1599 2971 1670 possimus,
3034 1598 3322 1655 ostendit:
3354 1599 3646 1672 docuitque

2050 1700 2289 1761 quantus
2315 1690 2386 1746 sit
2411 1690 2507 1747 ille
2528 1690 2817 1748 thesaurus
2842 1689 3064 1760 animat,
3093 1705 3255 1763 quem
3280 1706 3380 1747 nos
3409 1693 3528 1750 sine
3545 1708 3646 1760 usu

335 1790 765 1847 Deosculabatur
789 1791 1024 1864 singulos
1046 1788 1202 1864 (Gen.
1234 1805 1358 1856 xuv,
1386 1788 1508 1860 15);
1534 1796 1580 1845 et
1609 1787 1824 1860 irriguis
1847 1790 1943 1859 [le-
1973 1789 2020 1855 B
2050 1783 2400 1855 possidemus
2435 1801 2448 1838 :
2481 1794 2539 1841 et
2567 1784 2712 1856 quod
2743 1783 2992 1857 proferre
3020 1783 3300 1852 nolumus,
3322 1800 3423 1842 nec
3443 1785 3648 1844 habere

335 1885 500 1951 tibus,
559 1885 862 1955 paventium
909 1883 1048 1939 colla
1097 1883 1438 1956 perfundens,
1486 1882 1668 1938 odium
1717 1883 1941 1955 fratrum

335 1977 612 2032 clraritalis
658 1977 904 2052 lacrymis
948 1976 1234 2034 abluebat:
1286 1992 1424 2047 quos
1469 1987 1578 2034 tam
1623 1979 1747 2032 vivo
1789 1987 1942 2048 patre

334 2085 502 2141 quam
533 2078 777 2137 mortuo,
814 2085 1076 2142 germano
1113 2084 1332 2141 semper
1357 2069 1550 2124 dilexit
1579 2083 1789 2126 amore.
1833 2069 1943 2126 Nec

333 2162 668 2218 recordatus
696 2172 782 2218 est
809 2163 986 2232 illum,
1021 2163 1074 2219 in
1102 2177 1210 2233 quo
1237 2161 1308 2217 ob
1337 2176 1526 2218 necem
1549 2159 1651 2216 fuit
1671 2160 1937 2234 dejectus,

331 2253 541 2309 lacum.
566 2253 688 2311 Non
712 2254 969 2326 cogitavit
997 2252 1268 2310 addictam
1292 2252 1712 2324 germanitatem
1741 2253 1941 2323 pretio,

330 2346 436 2402 sed
492 2363 586 2417 pro
642 2345 795 2400 malis
851 2340 1040 2401 bonum
1089 2345 1373 2400 retribuens
1428 2342 1609 2416 (Rom.
1667 2358 1765 2411 xu,
1829 2342 1942 2415 17),

329 2441 684 2510 apostolicum
726 2449 1036 2513 praceptum
1079 2439 1170 2496 sub
1216 2447 1427 2514 natura:
1460 2436 1637 2492 adhuc
1665 2437 1775 2509 lege
1794 2452 1934 2490 com-

327 2531 515 2605 plevit.

406 2627 541 2684 CAP.
567 2625 658 2684 Vl.
687 2658 758 2668 —
780 2626 920 2696 Quid
950 2626 1017 2682 de
1045 2626 1190 2684 beato
1226 2623 1330 2681 Job
1357 2625 1559 2693 dicam,
1591 2622 1941 2697 famosissima

326 2721 432 2776 illo
455 2720 653 2775 athleta
676 2718 774 2774 Dei
807 2735 826 2774 :
851 2720 944 2792 qui
981 2728 1104 2791 post
1131 2718 1374 2790 direptas
1405 2732 1576 2788 opes,
1613 2723 1669 2772 et
1695 2712 1943 2770 funditus

327 2813 516 2870 deleta
563 2811 892 2886 patrimonia
925 2828 941 2868 :
978 2821 1098 2881 post
1129 2811 1365 2866 ﬁliorum
1396 2823 1460 2864 ac
1498 2808 1732 2863 ﬁliarum
1774 2821 1940 2862 unum

326 2910 525 2966 subito
559 2907 877 2977 interitum,
930 2907 996 2962 ad
1039 2906 1287 2962 ultimum
1336 2905 1558 2977 proprio
1609 2912 1797 2960 contra
1829 2903 1945 2958 dia—

326 3003 524 3058 bulum
581 3015 816 3072 corpore
865 2999 1146 3056 dimicavit
1201 2997 1332 3070 (Job
1368 3013 1404 3062 ι,
1453 2996 1558 3068 tt)?
1598 2993 1942 3052 Aufert-ban-

328 3105 430 3151 tur
449 3093 658 3159 omnia,
687 3108 808 3164 qua:
850 3090 1187 3151 extrinsecus
1220 3089 1572 3161 possidebat,
1600 3097 1657 3144 et
1683 3095 1941 3144 extranea

326 3186 481 3242 bona
507 3195 733 3256 repente
759 3183 1106 3249 decidebant,
1133 3191 1190 3240 ut
1220 3181 1389 3254 magis
1420 3179 1642 3258 propria
1665 3178 1934 3234 claresce-
1964 3203 1994 3258 -λ

327 3292 469 3337 rent
496 3279 620 3354 (At.
647 3275 1006 3350 clarescant].
1037 3277 1300 3334 Omnibus
1327 3288 1556 3347 prorsus
1598 3273 1746 3327 velut
1786 3271 1943 3328 indu-

331 3374 546 3429 mentis
576 3371 820 3442 exuitur,
837 3378 894 3424 ut
914 3368 1226 3444 expeditius
1255 3383 1318 3423 ac
1339 3367 1536 3426 fortius
1552 3365 1726 3420 nudus
1757 3364 1946 3419 trium-

332 3467 496 3538 phet,
523 3475 578 3520 et
607 3463 842 3530 hostem,
895 3477 1055 3534 quem
1098 3460 1332 3517 ferendo
1379 3459 1576 3513 damna
1608 3467 1738 3514 ante
1783 3470 1947 3527 supe-

331 3565 588 3622 raverat,
614 3569 804 3611 rursus
831 3554 1116 3612 tolerando
1147 3550 1414 3624 supplicia
1438 3549 1710 3606 deviucat.
1742 3549 1819 3605 De
1837 3563 1946 3620 quo

334 3651 453 3706 tale
487 3651 658 3721 ipsius
689 3647 906 3706 Domini
935 3648 1311 3706 testimonium
1349 3653 1434 3701 est
1463 3661 1478 3702 :
1513 3641 1784 3714 Numquid
1824 3657 1948 3696 cou-

333 3743 589 3802 siderasti
609 3759 826 3815 puerum
865 3757 1030 3796 meum
1059 3738 1206 3794 Job?
1237 3736 1362 3792 Non
1396 3747 1467 3792 est
1504 3737 1640 3790 enim
1682 3733 1868 3789 similis
1901 3733 1949 3788 ei

333 3839 621 3909 quisquam
642 3837 695 3890 in
719 3835 901 3892 terris:
925 3834 1075 3890 ltomo
1094 3833 1204 3888 sine
1220 3831 1450 3904 querela,
1472 3846 1614 3885 uerus
1637 3828 1735 3883 Dei
1755 3826 1944 3891 cultor,

336 3930 614 3985 abstinens
653 3945 709 3984 se
750 3927 814 3981 ab
856 3927 996 3980 omni
1046 3929 1182 3980 malo
1212 3919 1444 3998 (Ibid).
1489 3919 1603 3976 Nec
1649 3919 1943 3976 immerito.

339 4025 584 4092 Semper
611 4020 780 4087 enim,
808 4031 865 4075 ut
895 4021 1011 4096 ipse
1041 4022 1138 4087 ait,
1171 4031 1444 4091 tamquam
1478 4027 1752 4075 tumentes
1785 4030 1951 4087 super

341 4130 413 4172 sc
452 4113 691 4182 ﬂuctus,
739 4112 964 4170 timebat
1012 4110 1336 4179 Dominum,
1385 4120 1441 4166 et
1490 4108 1798 4181 praesentiae
1832 4106 1950 4178 ejus

344 4208 570 4281 pondus
611 4206 755 4264 terre
795 4222 905 4262 non
957 4213 1170 4278 peterat
1199 4222 1214 4259 :
1247 4219 1351 4262 nec
1379 4204 1617 4260 audebat
1656 4202 1952 4274 aliquando

345 4313 749 4369 contemnere,
794 4315 953 4369 quem
981 4313 1200 4369 semper
1229 4297 1428 4352 adesse
1457 4295 1713 4353 credebat
1739 4311 1754 4360 ;
1799 4293 1953 4350 dice-

345 4397 559 4466 batque
590 4411 602 4446 :
638 4393 870 4450 Securus
889 4407 1035 4460 sum,
1066 4406 1170 4445 non
1209 4389 1346 4444 enim
1383 4387 1714 4462 reprehendit
1744 4401 1825 4441 me
1866 4401 1954 4439 cor

348 4500 529 4541 meum
575 4483 630 4537 in
672 4481 813 4536 omni
842 4482 948 4536 vita
973 4497 1085 4536 mea
1111 4476 1290 4551 (Ibit.
1391 4477 1492 4551 Qui
1527 4486 1818 4547 antequam
1850 4476 1954 4531 Do-

353 4577 539 4634 minus
571 4572 823 4627 inimicos
869 4570 1188 4641 prtrciperet
1231 4582 1353 4624 esse
1393 4565 1700 4637 diligendos
1725 4606 1738 4632 ,
1772 4563 1998 4641 dicere:

354 4673 578 4742 poterat
617 4679 629 4716 :
669 4661 730 4717 Si
771 4660 825 4714 in
877 4659 1029 4713 malis
1075 4657 1273 4710 inimici
1315 4656 1414 4710 ntci
1455 4656 1661 4728 gavisus
1706 4667 1870 4707 sum:
1913 4651 1956 4704 si

355 4737 484 4810 dixi
523 4754 576 4806 in
610 4751 766 4806 corde
795 4765 925 4818 meo,
959 4747 1095 4803 Bene
1139 4748 1333 4820 factum
1360 4756 1433 4800 est
1463 4743 1596 4817 (Job
1628 4758 1778 4808 xxxi,
1828 4737 1955 4810 52).

357 4843 607 4901 Necdum
646 4838 1036 4910 Evnngelicum
1071 4838 1200 4894 illud
1231 4846 1493 4892 snnuerat
1533 4852 1545 4886 :
1579 4832 1737 4887 Omni
1773 4833 1963 4902 petenti

361 4944 411 4989 te
439 4931 607 4986 tribue
635 4928 796 5002 (Luc.
831 4945 903 4998 v1,
927 4927 1052 4998 30),
1081 4938 1134 4984 et
1157 4926 1270 4997 jatn
1303 4926 1395 4982 ille
1438 4923 1654 4981 dicebat
1682 4939 1696 4978 :
1813 4923 1963 5002 egit:

361 5039 551 5096 passus
575 5037 689 5076 sum
718 5023 926 5091 inopem
957 5022 1180 5093 januatn
1217 5031 1383 5070 meum
1418 5017 1535 5070 sinu
1584 5029 1746 5068 vacuo
1794 5014 1960 5086 [Aug.

362 5115 490 5171 sine
518 5110 770 5183 viatico].
805 5109 1050 5168 Nondum
1081 5108 1282 5178 legerat
1313 5105 1444 5162 illud
1475 5104 1758 5175 Apostoli:
1784 5101 1965 5156 Domi-

363 5205 454 5271 ni,
522 5199 662 5273 quod
717 5205 922 5279 justum
979 5207 1054 5252 est
1110 5209 1160 5254 et
1218 5213 1455 5268 (equum,
1513 5194 1668 5251 servis
1723 5198 1965 5266 prwstate

368 5291 526 5364 (Col.
561 5308 634 5361 tv,
672 5291 734 5362 1)
767 5308 781 5347 :
810 5299 865 5346 et
887 5288 1168 5346 conlidens
1209 5285 1477 5343 clamabat
1508 5285 1575 5341 ad
1617 5283 1908 5340 Dominum
1946 5301 1967 5362 :_

372 5383 440 5440 Si
477 5396 620 5437 servo
649 5379 823 5447 nocui,
867 5379 911 5433 si
941 5376 1187 5431 ancillam
1217 5377 1348 5444 (tesi,
1380 5375 1554 5430 omnia
1586 5385 1638 5427 tu
1682 5374 1804 5441 scis,
1860 5369 1969 5427 Do-

372 5475 538 5531 mine.
570 5470 890 5540 Priusquam
944 5465 1086 5521 idem
1114 5465 1410 5532 Apostolus
1439 5461 1754 5534 praeciperet
1782 5463 1968 5518 diviti-

373 5566 484 5620 bus
514 5578 625 5617 non
654 5559 885 5614 sublime
913 5569 1127 5625 sapere,
1156 5569 1320 5625 neque
1346 5567 1559 5622 sperare
1588 5553 1642 5606 in
1671 5553 1864 5606 incerto
1885 5551 1968 5605 di—

377 5652 626 5707 uitiarum
657 5648 713 5712 (l
743 5645 876 5700 Tim.
910 5657 988 5709 vr,
1025 5641 1122 5714 17)
1153 5661 1167 5698 :
1199 5642 1277 5698 sic
1328 5641 1517 5696 habuit
1549 5638 1643 5696 ille
1669 5640 1888 5696 divitias
1915 5648 1970 5694 ut

375 5761 439 5801 se
463 5743 592 5798 alibi
619 5742 842 5796 divitem
875 5753 995 5794 esse
1027 5746 1376 5792 monstraret.
1413 5735 1479 5790 In
1516 5734 1734 5801 divitiis,
1761 5735 1972 5807 inquit,

379 5851 484 5890 non
507 5831 848 5904 conﬁdebam,
876 5846 968 5886 nec
988 5830 1040 5886 in
1067 5827 1239 5900 lapide
1258 5829 1481 5900 pretioso
1501 5825 1655 5902 (Job.
1676 5844 1828 5902 snt,
1848 5827 1964 5899 21).

2045 1892 2148 1933 nos
2171 1876 2467 1935 credimus.

2113 1992 2244 2050 Car.
2269 1993 2382 2049 Vll.
2410 2023 2483 2037 —-
2503 1993 2635 2050 Post
2677 1994 2846 2051 multa
2879 2010 3002 2065 quas
3033 1994 3104 2052 de
3133 2004 3327 2053 natura
3357 1995 3595 2053 diximus
3626 2015 3641 2055 :

2041 2087 2206 2143 etiam
2238 2096 2550 2144 sanctorum
2577 2090 2845 2161 exemplis
2868 2090 3073 2146 bonum
3113 2090 3235 2162 ejus
3261 2093 3604 2150 ostendimus
3631 2135 3647 2160 ,

2042 2195 2106 2235 ne
2129 2179 2502 2248 probavimus.
2527 2180 2596 2235 Et
2626 2195 2697 2236 ne
2718 2184 3034 2236 econtrario
3056 2185 3122 2239 ad
3145 2185 3264 2252 ejus
3283 2185 3496 2255 culpam
3523 2201 3649 2254 per-

2044 2273 2218 2328 tinere
2239 2280 2480 2342 putetur,
2510 2274 2655 2343 quod
2700 2274 2866 2345 aliqui
2899 2274 3072 2345 iniqui
3117 2277 3338 2342 fuerint,
3386 2279 3638 2348 Scriptu-

2043 2378 2224 2422 rarum
2259 2374 2383 2421 tttar
2427 2365 2785 2434 testimoniis,
2819 2382 2941 2437 quae
2969 2378 3258 2438 peccantes
3297 2369 3499 2440 ubique
3527 2373 3640 2424 eri-

2044 2457 2193 2512 mine
2222 2458 2518 2513 voluntatis
2551 2467 2811 2529 gravant,
2850 2474 2957 2515 non
2996 2470 3264 2515 excusant
3310 2463 3641 2518 necessitate

2043 2555 2273 2602 naturas.
2298 2547 2357 2602 In
2386 2547 2585 2604 Genesi
2627 2548 2900 2620 legimus:
2939 2547 3152 2606 Simeon
3197 2559 3244 2604 et
3285 2549 3409 2604 Levi
3450 2551 3640 2620 fratres

2042 2650 2528 2696 consummaverunt
2557 2642 2882 2709 iniquitatem
2910 2659 3061 2696 suam
3083 2684 3098 2710 ,
3141 2658 3206 2698 ea:
3251 2644 3519 2697 rolontate
3548 2659 3647 2698 sua

2047 2731 2210 2803 (Gen.
2233 2748 2378 2798 sua,
2401 2733 2492 2802 ϐ).
2515 2732 2600 2789 Ad
2629 2732 2935 2789 Jerusalem
2972 2733 3234 2789 Dominus
3266 2735 3481 2790 loeutus
3518 2745 3606 2792 est
3631 2754 3642 2789 :

2047 2823 2273 2896 Propter
2298 2825 2438 2896 quod
2461 2826 2566 2894 ipsi
2590 2825 2901 2881 dimiserunt
2926 2827 3063 2880 riam
3087 2842 3283 2894 meam,
3325 2843 3484 2898 quant
3528 2827 3651 2884 dedi

2043 2926 2160 2972 ante
2188 2915 2372 2986 faciem
2396 2933 2574 2971 eorum
2607 2932 2626 2971 :
2653 2925 2701 2971 et
2729 2932 2832 2971 non
2855 2917 3196 2972 exaudierunt
3220 2934 3394 2972 vocent
3433 2935 3603 2973 meam
3625 2964 3641 2987 ,

2042 3007 2134 3062 sed
2203 3007 2443 3062 abierunt
2513 3015 2628 3078 post
2701 3007 3022 3064 uoluntatem
3102 3008 3277 3064 cordis
3357 3010 3440 3064 sui
3494 3008 3644 3064 mali.

2047 3100 2190 3173 (Jer.
2217 3116 2301 3167 ιχ,
2333 3099 2456 3170 15).
2483 3099 2551 3156 Ει
2578 3115 2768 3156 rursus
2797 3100 2940 3156 idem
2968 3100 3266 3172 propheta:
3301 3100 3367 3154 Et
3396 3102 3646 3170 peccastis

2051 3193 2182 3260 Deo,
2205 3204 2252 3248 et
2273 3209 2375 3248 non
2392 3193 2678 3249 exaudistis
2705 3208 2877 3250 uocem
2899 3194 3036 3266 ejus,
3051 3194 3175 3248 etin
3201 3194 3461 3248 mandatis
3479 3193 3646 3261 illius,

2047 3297 2095 3342 et
2120 3286 2174 3340 in
2205 3285 2471 3357 legitimis,
2503 3295 2552 3340 et
2580 3285 2636 3338 in
2662 3285 2971 3340 testimoniis
3001 3284 3116 3354 ejus
3149 3283 3420 3340 ambulare
3448 3284 3648 3339 noluis—

2048 3379 2112 3434 tis
2135 3375 2321 3448 (Ibid.
2355 3393 2505 3442 xuv,
2542 3376 2608 3434 10
2629 3374 2670 3446 ).
2705 3375 2810 3432 Per
2841 3375 3034 3432 Isaiam
3073 3391 3292 3446 quoque
3325 3375 3644 3447 prophetam

2049 3470 2310 3527 Dominus
2330 3470 2546 3526 loeutus
2570 3477 2659 3526 est
2688 3487 2702 3523 :
2730 3468 2793 3525 Si
2829 3468 3093 3525 nolueritis
3134 3477 3184 3524 et
3227 3469 3500 3524 audieritis
3546 3485 3647 3535 me,

2049 3580 2166 3638 qua:
2185 3573 2302 3620 sunt
2325 3562 2461 3617 bona
2483 3571 2656 3630 terrea,
2684 3562 3085 3617 manducabitis.
3133 3561 3197 3618 Si
3222 3572 3393 3617 autem
3421 3561 3653 3616 nolueri-

2049 3658 2113 3713 tis
2143 3699 2159 3723 ,
2240 3672 2404 3726 neque
2451 3654 2723 3710 audieritis
2785 3670 2866 3708 me
2908 3669 2927 3710 :
2966 3653 3177 3727 gladius
3246 3671 3335 3708 ros
3387 3662 3651 3708 consumet

2051 3747 2215 3820 (Isai.
2244 3763 2282 3810 ι,
2317 3744 2428 3817 19).
2465 3745 2532 3802 Et
2564 3760 2778 3802 rursum
2815 3763 2826 3797 :
2867 3744 3057 3800 Omnes
3097 3761 3185 3800 tios
3224 3745 3483 3800 occisione
3510 3743 3650 3798 deci-

2051 3840 2214 3895 detis:
2241 3839 2362 3909 quia
2390 3836 2568 3894 uocari
2598 3851 2707 3902 vos,
2731 3844 2778 3892 et
2803 3851 2906 3891 non
2932 3836 3213 3891 exaudistis
3240 3852 3258 3890 :
3284 3837 3484 3890 locutus
3506 3851 3642 3898 sum,

2052 3945 2098 3988 et
2120 3931 2414 4004 neglexistis
2440 3947 2457 3985 :
2480 3939 2527 3985 et
2555 3929 2751 4001 fecistis
2767 3929 2961 3984 malum
2987 3938 3107 3984 ante
3127 3936 3456 3997 conspectum
3478 3944 3648 3982 meum

2053 4027 2172 4099 (Al.
2199 4024 2472 4096 Domini],
2497 4035 2542 4078 et
2563 4039 2678 4092 qua:
2709 4021 2966 4089 nolebam,
2995 4021 3246 4091 elegistis.
3278 4020 3399 4092 Ipse
3429 4036 3648 4091 quoque

2053 4116 2317 4174 Dominus
2367 4116 2420 4174 in
2472 4108 2766 4185 Evangelia
2809 4112 2887 4168 ait
2920 4111 3285 4178 :Jerusalsrn,
3326 4112 3645 4179 Jerusalem,

2053 4224 2168 4281 quae
2197 4208 2392 4264 occidis
2414 4205 2716 4278 prapltetas,
2748 4213 2795 4260 et
2827 4205 3032 4275 lepidas
3059 4219 3148 4259 eos
3175 4205 3264 4272 qui
3314 4204 3381 4258 ad
3414 4214 3462 4258 te
3508 4205 3650 4258 missi

2055 4309 2174 4356 sunt
2207 4300 2442 4370 :quoties
2470 4298 2610 4352 volui
2633 4313 2947 4367 congregare
2975 4296 3115 4362 ﬁlios
3155 4306 3291 4361 tuos,
3321 4295 3653 4364 quemadmo-

2056 4391 2181 4446 dum
2202 4387 2399 4462 gallina
2416 4395 2693 4459 congregat
2719 4385 2895 4458 pullos
2922 4403 3044 4444 suos
3066 4385 3157 4441 sub
3183 4386 3282 4441 alis
3308 4387 3439 4454 suis,
3475 4395 3525 4441 et
3559 4403 3654 4441 no-

2057 4481 2199 4538 luisti
2223 4479 2452 4551 (illattlt.
2484 4492 2639 4545 xxnt,
2671 4479 2739 4534 37
2762 4477 2804 4548 )l
2839 4475 2940 4532 Ubi
2969 4477 3108 4533 velle
3141 4477 3389 4536 videmus
3411 4484 3465 4531 et
3485 4475 3652 4541 nolle,

2060 4575 2264 4645 eligere
2295 4579 2351 4624 et
2385 4567 2648 4636 refutare,
2681 4565 2754 4621 ibi
2785 4579 2892 4620 non
2925 4563 3006 4620 vis
3034 4575 3265 4635 natura},
3299 4565 3394 4620 sed
3426 4566 3655 4622 libertas

2065 4660 2383 4730 intelligitur
2412 4653 2741 4712 voluntatis.
2771 4653 2943 4708 Plena
2971 4661 3103 4708 sunt
3141 4654 3423 4723 utriusque
3466 4652 3654 4708 Testa-

2064 4749 2231 4808 menti
2278 4744 2554 4800 volumina
2607 4739 2989 4812 hujuscemodi
3043 4741 3418 4796 testimoniis:
3463 4739 3657 4811 quibus

2068 4853 2175 4898 tam
2207 4837 2405 4892 b0num
2439 4847 2600 4886 omne
2631 4823 2792 4904 quam
2835 4829 3035 4883 malum
3056 4869 3072 4896 ,
3115 4828 3481 4885 voluntarium
3514 4842 3660 4882 sem-

2069 4945 2164 5001 per
2185 4939 2307 4982 esse
2335 4920 2592 4977 scribitur
2616 4961 2631 4987 ,
2677 4933 2798 4989 quae
2829 4933 2928 4972 nos
2959 4917 3121 4973 modo
3170 4915 3453 4973 brevitatis
3497 4931 3662 4973 causa

2069 5015 2407 5072 omittimus:
2439 5010 2677 5066 maxime
2707 5023 2828 5064 cum
2863 5007 3098 5062 sciamus
3147 5016 3198 5062 te
3228 5022 3404 5062 sacrae
3435 5007 3656 5063 lcetioni

2069 5103 2330 5169 deditam,
2361 5100 2429 5154 de
2454 5099 2577 5168 ipso
2618 5097 2836 5152 uberius
2868 5093 3019 5151 fonte
3050 5103 3260 5166 potare.
3713 5161 3722 5168 ο

2141 5194 2274 5252 Cur.
2309 5189 2439 5246 \‘lll.
2463 5218 2535 5231 --
2567 5185 2751 5257 Neque
2789 5201 2925 5242 vero
2952 5199 3050 5240 nos
3078 5185 3153 5240 ita
3183 5185 3529 5242 defendimus
3560 5189 3662 5241 na-

2072 5295 2209 5341 turte
2237 5285 2463 5347 bonum,
2495 5286 2555 5332 ιιι
2582 5290 2702 5333 eam
2731 5275 2978 5332 dicamus
3011 5275 3214 5331 malum
3247 5293 3355 5332 non
3387 5292 3548 5348 posse
3579 5276 3662 5330 fa—

2073 5389 2216 5436 cere,
2248 5387 2408 5442 quam
2440 5369 2625 5439 utique
2657 5366 2783 5421 boni
2810 5379 2874 5420 ac
2900 5365 3026 5420 mali
3053 5381 3313 5436 capacem
3349 5368 3508 5420 etiam
3535 5381 3661 5435 pro-

2048 5465 2313 5527 ﬁtemur,
2340 5457 2437 5514 sed
2467 5457 2537 5512 ab
2564 5456 2664 5510 hac
2691 5468 2809 5508 cam
2837 5455 3215 5508 tantummodo
3247 5453 3441 5523 injtttit
3477 5453 3655 5508 vindi-

2071 5569 2280 5620 camus,
2331 5566 2399 5607 ne
2427 5549 2546 5620 ejus
2579 5549 2710 5603 vitio
2740 5546 2807 5601 ad
2845 5547 3044 5602 malum
3077 5547 3360 5601 vidtatnur
3402 5543 3610 5616 impelli
3641 5587 3655 5611 ,

2075 5646 2166 5716 qui
2194 5658 2293 5699 nec
2315 5641 2516 5696 bonum
2543 5638 2665 5695 sine
2688 5637 2965 5692 voluntate
2993 5636 3274 5697 faciamus,
3301 5651 3400 5690 nec
3418 5638 3618 5691 malum
3646 5655 3658 5689 :

2079 5746 2136 5793 et
2163 5736 2360 5808 quibus
2385 5733 2619 5788 liberum
2650 5741 2734 5786 est
2761 5745 2928 5783 unum
2953 5744 3170 5799 semper
3200 5743 3268 5782 ex
3300 5727 3510 5784 duobus
3541 5745 3665 5800 age-

2082 5848 2160 5900 rc,
2186 5847 2307 5887 cum
2332 5841 2550 5895 semper
2578 5836 2864 5892 utrumque
2893 5821 3188 5892 possimus.
3223 5820 3378 5880 Unde
3413 5824 3559 5880 enim
3581 5819 3672 5877 alii
