3916 6288
325 256 401 317 as
1353 248 1418 313 s.
1458 249 1844 312 HIERONYMI
1878 249 2169 311 OPERUM
2209 250 2575 313 MANTISSA.
3252 224 3253 227 γ
3552 254 3626 315 at

331 372 625 448 judicaturi
655 379 801 439 sunt,
840 370 931 429 alii
955 369 1231 442 judicandi
1265 386 1278 425 :
1329 370 1435 425 nisi
1472 369 1619 463 quod
1646 370 1702 426 in
1731 371 1919 426 eadem
1948 371 1999 432 Α
2097 368 2228 426 Car.
2266 370 2358 426 IX.
2388 402 2461 413 —
2498 372 2565 429 Et
2594 372 2860 444 quoniam
2906 372 3243 431 sufﬁcienter
3282 372 3354 463 de
3399 373 3519 442 his,
3567 385 3626 431 ut

338 478 531 525 natura
578 466 768 536 dispar
807 464 1057 519 voluntas
1108 470 1236 519 est:
1292 470 1348 517 et
1392 461 1519 533 quia
1568 476 1689 516 cum
1737 475 1928 517 omnes

337 562 481 616 idem
511 557 819 631 possimus,
871 555 1086 610 diversa
1132 552 1437 609 faciamus?
1482 552 1667 621 Itaque
1712 560 1772 607 ut
1818 551 1928 607 hoc

336 654 513 724 ipsum
562 651 765 706 clarius
809 648 991 703 lucere
1036 645 1246 717 possit,
1281 645 1463 716 aliqua
1511 645 1761 715 exempla
1801 652 1931 700 sunt

338 744 687 816 proferenda.
738 740 909 795 Adam
941 738 1009 795 de
1038 736 1292 808 paradiso
1328 735 1585 808 ejicitur,
1634 736 1823 792 Enoch
1860 735 1930 793 de

336 836 549 893 mundo
591 833 819 904 rapitur.
869 830 926 886 ln
955 838 1186 900 utroque
1212 828 1474 884 Dominus
1503 827 1809 884 libertatem
1837 843 1928 882 ar-

336 931 486 986 bitrii
519 926 776 985 ostendit.
806 923 881 981 Ut
907 925 1055 980 enim
1087 923 1305 995 placere
1338 920 1511 993 potuit
1543 920 1639 977 ille
1677 921 1769 990 qui
1795 919 1930 975 deli-

335 1026 453 1097 quit
486 1043 498 1079 :
535 1024 608 1078 ita
634 1022 810 1093 potuit
840 1032 1075 1091 peccare
1118 1017 1222 1073 iste
1258 1017 1348 1088 qui
1381 1015 1600 1086 placuit.
1630 1013 1749 1070 Non
1787 1014 1932 1071 enim

342 1119 541 1189 ajusto
569 1117 685 1172 Deo
717 1124 811 1170 aut
838 1114 930 1169 ille
961 1110 1141 1183 puniri
1172 1110 1483 1176 meruisset,
1511 1120 1605 1163 aut
1634 1107 1724 1164 hic
1756 1107 1883 1177 eligi
1918 1125 1932 1163 :

340 1212 445 1267 nisi
483 1218 715 1279 uterque
765 1215 1056 1275 utrumque
1105 1202 1394 1274 potuisset.
1442 1201 1560 1257 Hoc
1597 1200 1667 1257 de
1707 1199 1841 1255 Cain
1880 1208 1938 1254 et

342 1301 478 1358 Abel
514 1297 793 1364 fratribus,
828 1296 934 1353 hoc
964 1296 1131 1351 etiam
1164 1294 1231 1349 de
1258 1293 1427 1349 Jacob
1449 1301 1505 1347 et
1529 1292 1671 1353 Esau
1701 1290 1936 1362 geminis

340 1390 773 1463 intelligendum
804 1400 910 1445 est.
947 1393 1025 1442 Ae
1078 1384 1362 1442 sciendum
1406 1384 1579 1440 solam
1637 1382 1940 1438 voluntatis

341 1502 564 1545 causam
598 1499 746 1554 csse,
781 1498 905 1538 cum
947 1482 1001 1537 in
1032 1480 1223 1536 eadem
1253 1486 1449 1535 natura
1481 1478 1676 1533 merita
1722 1476 1939 1532 diversa

340 1585 470 1640 sint.
507 1581 849 1637 Exstinctum
883 1576 1121 1649 peccatis
1147 1577 1262 1631 suis
1285 1574 1494 1631 diluvio
1515 1573 1800 1635 mundum.
1827 1572 1941 1628 Noe

338 1678 519 1749 justus
540 1674 838 1745 redarguit,
871 1682 928 1729 et
949 1672 1312 1729 Sodomorum
1339 1668 1571 1724 crimina
1600 1666 1704 1722 Lot
1729 1666 1939 1721 sancti-

2030 472 2161 534 puto
2186 508 2201 533 ,
2236 464 2472 520 diximus
2507 482 2521 519 :
2574 481 2718 521 nunc
2748 467 3097 523 instituamus
3137 467 3431 538 perfectam
3456 468 3629 541 virgi-

2030 572 2179 623 nem,
2212 574 2332 627 quze
2374 574 2441 614 ex
2487 568 2718 630 utroque
2765 575 2984 631 semper
3035 575 3289 629 accensa,
3319 569 3376 617 et
3422 569 3628 618 natur-te

2031 649 2191 704 simul
2221 658 2276 706 et
2326 650 2512 722 gratia:
2543 651 2744 707 bonum
2788 668 3003 709 morum
3049 656 3341 710 sanctitate
3374 664 3623 710 testetur.

2034 739 2217 797 Prima
2245 742 2409 812 igitur
2435 743 2663 815 virginis
2693 759 2845 813 cura,
2878 744 3222 816 primumque
3251 746 3492 802 studium
3518 747 3627 815 sit,

2032 833 2174 888 scire
2194 833 2527 891 voluntatem
2552 835 2763 891 Domini
2783 837 2890 904 sui,
2917 846 2971 892 et
2996 836 3126 908 quid
3147 838 3195 893 ei
3219 838 3448 908 placeat,
3476 840 3632 909 quid-

2034 940 2103 980 ve
2149 925 2470 996 displiceat,
2524 926 2816 998 diligenter
2858 928 3165 1000 inquirere,
3215 938 3273 985 ut
3330 932 3633 987 secundum

2035 1019 2365 1090 Apostolum
2411 1021 2726 1077 rationabile
2750 1022 2863 1078 Deo
2902 1022 3097 1079 reddat
3148 1023 3632 1097 obsequiumUbid.

2034 1128 2130 1178 xu,
2165 1111 2229 1186 1)
2262 1132 2275 1169 :
2308 1122 2595 1185 totumque
2624 1117 2750 1172 vita:
2795 1131 2906 1172 suae
2933 1132 3154 1174 cursum
3186 1133 3254 1175 ex
3302 1120 3423 1189 ejus
3463 1120 3636 1190 possit

2038 1204 2295 1261 ordinare
2342 1207 2635 1262 sententia.
2676 1206 3017 1278 Impossibile
3059 1217 3143 1264 est
3182 1210 3330 1265 enim
3361 1212 3408 1267 ei
3442 1226 3637 1282 quem-

2039 1312 2207 1368 quam
2242 1298 2491 1367 placere,
2528 1299 2613 1354 cui
2644 1301 2773 1371 quid
2822 1301 3069 1368 placeat,
3116 1302 3331 1374 ignorat
3361 1320 3375 1357 :
3408 1303 3639 1375 fierique

2042 1396 2242 1458 potest,
2272 1398 2333 1446 ut
2359 1390 2522 1445 etiam
2558 1390 2896 1462 obsequendi
2926 1402 3056 1449 voto
3098 1392 3359 1462 offendat,
3390 1395 3477 1451 eui
3505 1412 3640 1466 quo-

2043 1479 2208 1536 modo
2238 1481 2467 1551 obsequi
2489 1480 2707 1551 debeat,
2736 1490 2863 1540 ante
2890 1500 2997 1540 non
3031 1484 3242 1541 didicit.
3273 1488 3341 1542 Et
3378 1496 3438 1542 ut
3464 1488 3640 1557 majus

2044 1579 2165 1638 est,
2209 1572 2550 1629 voluntatem
2595 1574 2811 1630 Domini
2870 1574 3052 1632 facere
3094 1592 3256 1647 quam
3314 1593 3477 1635 nosse
3519 1598 3530 1632 :
3566 1579 3640 1635 ita

2046 1665 2197 1734 prius
2242 1674 2326 1720 est
2366 1680 2567 1734 nosse,
2614 1682 2779 1738 quam
2822 1668 3024 1724 facere.
3074 1670 3206 1725 Illud
3253 1673 3399 1727 enim
3439 1674 3639 1730 merito

337 1778 425 1824 tas
446 1766 729 1839 judicavit.
760 1765 870 1821 Nec
901 1764 1033 1819 illud
1076 1773 1157 1819 est
1188 1776 1410 1832 parvum
1442 1768 1823 1832 argumentum
1871 1759 1937 1815 ad
1966 1760 2016 1821 B
2044 1759 2307 1828 praecedit
2337 1776 2349 1812 :
2392 1759 2497 1816 hoc
2526 1761 2742 1818 ordine.
2773 1760 2929 1818 Unde
2956 1763 3228 1833 Propheta
3258 1765 3434 1822 dicit:
3461 1767 3529 1821 Et
3560 1777 3640 1836 tu,

338 1858 807 1931 comprobandum
854 1866 1068 1913 natura:
1103 1855 1306 1910 bonum
1331 1894 1346 1920 ,
1376 1853 1518 1924 quod
1552 1853 1628 1909 illi
1658 1852 1816 1923 primi
1839 1851 1935 1907 ho-

342 1951 521 2009 mines
546 1964 644 2020 per
685 1958 765 2003 tot
786 1961 1055 2002 annorum
1079 1946 1254 2014 spatia
1273 1985 1288 2011 ,
1319 1946 1527 2014 absque
1556 1944 1661 1998 ulla
1692 1943 1937 1998 admoni-

344 2043 491 2098 tione
514 2041 650 2111 legis
681 2040 904 2096 fuerunt
936 2058 950 2093 ;
980 2054 1088 2094 non
1119 2020 1484 2107 utique‘quod
1506 2036 1621 2092 Deo
1642 2036 1937 2107 aliquando

343 2145 608 2189 creaturae
660 2146 774 2187 sua:
804 2145 935 2185 cura
985 2145 1090 2186 non
1145 2127 1306 2183 fuerit
1341 2145 1355 2184 :
1385 2126 1483 2183 sed
1511 2128 1634 2198 quia
1666 2141 1726 2183 se
1776 2128 1938 2184 talem

344 2225 553 2281 sciebat
575 2224 853 2278 hominum
878 2221 1077 2277 fecisse
1107 2229 1383 2286 naturam,
1412 2229 1472 2275 ut
1495 2222 1574 2275 eis
1597 2234 1696 2289 pro
1727 2220 1844 2290 lege
1872 2220 1941 2275 ad

345 2315 710 2375 exercendam
758 2316 1026 2386 justitiam
1080 2315 1377 2370 sufficeret.
1409 2314 1655 2386 Denique
1685 2315 1943 2385 quamdiu

344 2410 665 2467 recentioris
694 2409 871 2464 adhuc
907 2417 1116 2464 naturae
1149 2422 1279 2463 usus
1304 2407 1479 2478 viguit
1514 2428 1525 2461 -.
1559 2423 1660 2463 nec
1690 2408 1943 2463 humanae

347 2501 545 2558 rationi
573 2500 723 2556 velut
754 2498 1044 2571 quamdam
1075 2499 1360 2569 caliginem
1388 2539 1402 2565 ,
1435 2499 1627 2569 longus
1656 2513 1784 2554 usus
1815 2515 1942 2570 pec-

346 2592 822 2663 candixobduxit,
871 2594 990 2648 sine
1039 2595 1159 2663 lege
1210 2593 1436 2648 dimissa
1485 2601 1571 2648 est
1617 2601 1828 2648 natura.
1860 2594 1945 2649 Ad

352 2704 514 2759 quam
539 2688 802 2745 Dominus
819 2688 1000 2743 nimiis
1025 2687 1135 2759 jam
1165 2686 1310 2743 vitiis
1336 2688 1611 2754 obrutam,
1638 2696 1693 2743 et
1712 2689 1947 2759 quadam

354 2782 685 2851 ignorantiae
712 2779 969 2851 rubigine
998 2779 1280 2847 infectam,
1316 2778 1499 2834 limam
1524 2778 1661 2849 legis
1685 2779 1945 2843 admovit,

358 2885 419 2930 ut
450 2873 610 2943 hujus
654 2872 931 2944 frequenti
975 2873 1349 2927 admonitione
1393 2873 1752 2949 expoliretur,
1783 2882 1839 2926 et
1881 2871 1950 2928 ad

351 2983 511 3025 suum
537 2976 724 3038 posset
752 2966 932 3021 redire
959 2965 1246 3036 fulgorem.
1291 2964 1478 3036 Neque
1510 2979 1638 3021 vero
1660 2965 1762 3019 alia
1793 2965 1950 3020 nobis

355 3074 519 3116 causa
547 3058 925 3114 difficultatem
956 3058 1098 3113 bene
1121 3057 1355 3113 faciendi
1389 3057 1484 3129 [At
1514 3056 1764 3129 videndi]
1794 3057 1945 3123 facit,

2041 1848 2243 1918 Israel,
2276 1852 2385 1905 noli
2416 1853 2677 1923 ignorare.
2715 1854 2782 1908 Et
2816 1854 3009 1910 beatus
3035 1855 3237 1912 Paulus
3264 1873 3277 1909 :
3311 1857 3420 1924 Qui
3464 1868 3637 1912 autem

2039 1946 2277 2017 ignorat,
2309 1945 2647 2019 ignorabitur.
2681 1945 2934 2017 [demque
2960 1946 3090 2002 alibi
3121 1966 3133 2002 :
3171 1946 3452 2020 Pr0pterea
3482 1952 3640 2004 nolite

2041 2036 2155 2106 ﬁeri
2180 2037 2528 2108 imprudentes
2549 2079 2565 2104 ,
2599 2039 2691 2091 sed
2719 2037 3068 2109 intelligente:
3094 2080 3110 2105 ,
3139 2055 3255 2104 qua:
3298 2042 3365 2094 sit
3406 2042 3641 2096 voluntas

2044 2129 2260 2185 Domini
2284 2134 2302 2202 (
2326 2130 2527 2201 Ephes.
2554 2147 2606 2198 v,
2640 2134 2706 2187 17
2727 2144 2766 2200 j.
2792 2132 3008 2188 Initium
3036 2134 3360 2191 obedientize
3389 2147 3470 2192 est
3510 2137 3642 2207 quid

2044 2224 2415 2293 praecipiatur,
2448 2224 2592 2278 velle
2626 2238 2957 2293 cognoscere
2986 2241 2998 2278 :
3029 2234 3083 2279 et
3104 2239 3233 2296 pars
3259 2235 3344 2281 est
3391 2227 3643 2298 obsequii

2047 2315 2305 2372 didicisse
2327 2315 2457 2387 quid
2483 2315 2670 2372 facias.
2707 2316 2861 2372 Scito
2881 2316 3067 2387 itaque
3090 2317 3143 2372 in
3173 2317 3473 2389 Scripturis
3499 2318 3643 2370 divi-

2047 2407 2153 2472 nis,
2177 2422 2275 2478 per
2302 2422 2439 2477 quas
2460 2407 2609 2461 solas
2639 2416 2790 2477 potes
2817 2408 3031 2478 plenam
3062 2409 3154 2464 Dei
3184 2409 3491 2479 intelligere
3530 2424 3637 2463 vo-

2050 2498 2339 2569 luntatem,
2371 2498 2651 2569 prohiberi
2679 2498 2949 2569 quaedam,
2983 2500 3212 2556 concedi
3244 2500 3424 2571 aliqua
3453 2546 3466 2570 ,
3510 2516 3647 2556 non-

2049 2592 2193 2647 nulla
2215 2591 2451 2647 suaderi.
2476 2591 2843 2646 Prohibentur
2866 2592 3028 2656 mala,
3049 2592 3444 2662 prtecipiuntur
3464 2594 3603 2649 bona
3630 2610 3645 2648 :

2049 2684 2427 2741 conceduntur
2451 2684 2624 2739 media
2648 2726 2663 2752 ,
2712 2684 2950 2755 perfecta
2980 2685 3299 2741 suadentur.
3347 2684 3404 2740 In
3437 2684 3649 2741 duobus

2052 2778 2163 2833 illis
2194 2793 2316 2849 qua:
2338 2778 2506 2849 priori
2536 2778 2657 2833 loco
2684 2789 2832 2847 sunt,
2871 2789 3150 2849 peceatum
3180 2795 3344 2836 omne
3369 2780 3650 2835 concludi-

2052 2879 2142 2924 tur
2176 2889 2190 2926 :
2225 2872 2279 2925 in
2319 2878 2550 2940 utroque
2590 2872 2738 2926 enim
2771 2872 2865 2927 Dei
2896 2874 3209 2928 continetur
3244 2875 3554 2944 imperium.
3584 2875 3649 2929 Et

2054 2977 2161 3016 non
2190 2961 2368 3017 solum
2402 2963 2702 3032 praecipere
2722 3003 2738 3030 ,
2765 2962 2862 3019 sed
2900 2971 2959 3019 et
2997 2963 3290 3034 prohibere
3316 2966 3493 3036 ipsum
3522 3008 3535 3031 ,
3565 2968 3651 3036 ju-

2053 3052 2232 3109 bentis
2264 3064 2366 3109 est.
2411 3053 2760 3110 Generaliter
2798 3070 3032 3126 namque
3072 3056 3327 3112 omnibus
3360 3059 3653 3114 mandatur

356 3165 519 3222 quam
552 3151 708 3222 longa
737 3150 1080 3205 consuetudo
1106 3149 1389 3215 vitiorum,
1415 3164 1536 3219 qua:
1564 3163 1664 3205 nos
1688 3148 1877 3205 infecit
1920 3165 1949 3203 a
1980 3140 2028 3206 C
2053 3145 2259 3218 justitia
2291 3164 2304 3201 :
2334 3162 2496 3218 quam
2527 3147 2778 3205 Salvator
2818 3149 2874 3204 in
2903 3150 3224 3219 Evangelio,
3264 3152 3507 3208 breviter
3532 3156 3654 3225 qui-

360 3257 569 3314 parvo:
603 3240 971 3311 paulatimque
1002 3255 1098 3311 per
1127 3240 1331 3296 multos
1356 3240 1602 3309 corrupit
1648 3255 1853 3306 annos,
1898 3252 1956 3297 et

359 3337 435 3390 ita
462 3342 646 3404 postea
675 3332 1097 3403 obligatossibi
1145 3341 1201 3387 et
1244 3332 1489 3388 addictos
1530 3341 1710 3398 tenet,
1743 3343 1803 3389 ut
1844 3335 1952 3390 vim

361 3425 760 3497 quodammodo
815 3424 1067 3481 videatur
1132 3423 1334 3480 habere
1387 3434 1620 3479 naturae.
1665 3425 1838 3479 Omne
1892 3424 1958 3479 il-

363 3519 454 3574 lud
500 3529 752 3588 tempus,
807 3531 915 3587 quo
965 3514 1296 3587 negligenter
1343 3514 1521 3572 edocti
1560 3560 1574 3585 ,
1632 3516 1685 3570 id
1741 3524 1843 3581 est,
1888 3518 1956 3573 ad

361 3611 494 3666 vitia
542 3610 740 3666 eruditi
792 3624 979 3664 sumus
1014 3626 1025 3663 :
1061 3623 1168 3678 quo
1196 3608 1323 3663 mali
1353 3608 1520 3664 etiam
1570 3622 1695 3663 esse
1751 3609 1959 3663 studui-

362 3719 485 3760 mus
510 3749 524 3773 ,
557 3717 679 3757 cum
710 3703 777 3756 ad
808 3703 1161 3757 incitamenta
1193 3701 1447 3771 nequitiae
1468 3742 1483 3767 ,
1518 3700 1830 3755 innocentia
1862 3715 1959 3771 pro

369 3797 598 3852 stultitia
644 3796 941 3851 duceretur
984 3814 997 3849 :
1043 3809 1187 3850 nunc
1243 3795 1401 3850 nobis
1457 3794 1707 3862 resistit,
1740 3807 1960 3852 contra-

364 3907 472 3961 que
501 3905 599 3945 uos
627 3891 814 3946 venit:
839 3899 893 3945 et
922 3903 1117 3943 novam
1148 3888 1480 3944 voluntatem
1514 3888 1799 3959 impugnat
1830 3904 1961 3946 usus

369 3994 528 4039 vetus
558 4000 574 4049 ;
607 3993 663 4037 et
683 3982 947 4037 miramur
988 3997 1087 4037 cur
1114 3982 1270 4037 nobis
1300 3997 1396 4053 per
1421 3981 1591 4037 otium
1619 3993 1788 4052 atque
1816 3985 1962 4039 desi-

366 4075 485 4128 dias
517 4074 910 4137 nescientibus,
933 4077 1099 4129 etiam
1127 4074 1285 4143 quasi
1313 4077 1381 4127 ali
1407 4075 1514 4128 alio
1543 4076 1804 4129 sanctitas
1830 4092 1964 4131 con-

374 4166 581 4221 feratur
610 4181 623 4219 :
657 4165 748 4235 qui
783 4165 985 4219 nullam
1016 4164 1467 4220 consuetudinem
1513 4164 1641 4219 boni
1689 4166 1919 4221 facimus
1944 4211 1959 4235 ,

369 4283 495 4325 cum
523 4264 722 4321 malum
768 4259 974 4315 tamdiu
1022 4252 1417 4313 didicerimus?
1464 4257 1587 4312 llaec
1637 4259 1705 4313 de
1758 4266 1963 4315 naturai

380 4366 526 4421 bono
557 4355 762 4413 cursim
785 4394 799 4421 ,
831 4350 989 4423 quasi
1037 4350 1092 4405 in
1119 4351 1227 4404 alio
1274 4364 1442 4420 opere
1467 4348 1610 4404 dicta
1640 4349 1786 4405 siut:
1820 4352 1963 4423 quod

379 4460 507 4518 ideo
532 4474 562 4513 a
596 4454 754 4511 nobis
786 4448 1087 4506 faciendum
1117 4447 1237 4513 fuit,
1269 4455 1329 4501 ut
1360 4444 1453 4500 tibi
1486 4445 1784 4516 planiorem
1815 4448 1963 4503 viam

2058 3239 2202 3305 dem,
2236 3239 2331 3294 sed
2358 3239 2675 3309 plenissime
2697 3240 3196 3311 comprehenderis,
3221 3242 3300 3297 ait
3331 3260 3345 3297 :
3372 3243 3652 3309 Qua’cnm-

2058 3346 2155 3398 que
2177 3328 2331 3383 vultis
2362 3337 2419 3383 ut
2451 3330 2650 3400 faciant
2690 3329 2829 3384 vobis
2860 3330 3121 3402 homines,
3152 3334 3266 3387 lucc
3292 3343 3339 3387 et
3384 3351 3473 3389 vos
3500 3337 3654 3407 facite

2059 3420 2165 3475 illis
2197 3420 2385 3493 (Matt.
2418 3434 2515 3490 vn,
2544 3421 2646 3491 12)
2679 3438 2692 3475 :
2723 3420 2829 3476 hoc
2860 3431 2974 3490 est,
3026 3432 3084 3477 ut
3124 3423 3259 3479 nihil
3293 3425 3421 3479 mali
3456 3425 3657 3483 infera-

2061 3529 2181 3568 mus
2206 3514 2359 3579 aliis,
2390 3513 2487 3568 sed
2524 3524 2847 3583 praestemus
2872 3529 3066 3580 omne,
3115 3516 3259 3586 quod
3300 3516 3502 3572 bonum
3529 3528 3612 3573 est
3639 3534 3653 3572 :

2061 3605 2185 3677 quia
2216 3607 2475 3661 volumus
2506 3606 2611 3661 hoc
2638 3607 2707 3663 ab
2738 3607 2861 3662 aliis
2887 3608 2943 3662 in
2975 3623 3077 3663 nos
3106 3617 3399 3682 utrumque
3418 3611 3651 3667 servari.

2062 3703 2190 3758 Haec
2236 3703 2506 3757 sententia
2538 3717 2693 3772 aequo
2717 3702 2840 3771 jure
2869 3703 3133 3774 praecepti
3165 3704 3453 3760 universos
3485 3714 3652 3760 tenet.

2062 3796 2174 3852 Nec
2196 3796 2291 3851 ulli
2319 3795 2542 3850 omnino
2574 3795 2878 3864 transgredi
2923 3795 3071 3862 licet,
3105 3796 3246 3866 quod
3274 3798 3529 3852 omnibus
3557 3798 3658 3852 iut-

2066 3901 2311 3962 peratum
2346 3898 2431 3943 est
2462 3906 2474 3940 :
2510 3899 2846 3958 opertusque
2895 3898 3244 3959 contemptus
3286 3889 3383 3945 Dei
3412 3898 3522 3957 est,
3567 3891 3654 3946 vel

2065 3983 2246 4037 facere
2278 3979 2570 4051 prohibita,
2595 3980 2678 4035 vel
2702 3980 2850 4049 jussa
2887 3997 2994 4035 non
3030 3980 3233 4037 facere.
3259 3983 3376 4038 Duo
3409 3999 3541 4039 vero
3572 4000 3655 4038 re-

2065 4076 2228 4146 liqua,
2253 4090 2373 4145 quae
2398 4085 2701 4143 sequuntur
2733 4092 2746 4128 :
2779 4088 3006 4144 quorum
3028 4090 3192 4129 unum
3225 4076 3573 4143 conceditur,
3605 4085 3660 4131 et

2067 4170 2330 4221 suadetur
2356 4164 2527 4230 aliud,
2555 4165 2606 4219 in
2636 4177 2824 4220 nostra
2850 4175 3122 4236 potestate
3147 4166 3375 4221 dimissa
3408 4178 3540 4223 sunt
3565 4187 3575 4221 :
3603 4179 3661 4224 ut

2066 4270 2160 4316 aut
2185 4276 2306 4316 cum
2340 4259 2535 4313 minori
2559 4259 2730 4330 gloria
2759 4261 3038 4316 concessis
3062 4270 3300 4328 utamur,
3325 4271 3418 4317 aut
3448 4263 3517 4317 ob
3549 4278 3662 4317 ma-

2064 4357 2155 4426 jus
2189 4352 2473 4426 przeniium
2512 4352 2674 4407 etiam
2705 4366 2767 4407 ea
2790 4394 2805 4419 ,
2847 4368 2970 4425 quae
3000 4354 3160 4410 nobis
3188 4354 3450 4424 permissa
3490 4362 3658 4421 sunt,

2071 4458 2412 4516 rcspuamus.
2442 4442 2826 4501 Coneeduntur
2867 4445 3087 4515 quidem
3120 4445 3324 4516 nuptiae
3347 4486 3364 4514 ,
3408 4447 3660 4503 carnium

370 4561 437 4617 ad
456 4548 1032 4627 perfectamjustitiam
1058 4554 1452 4608 sterneremus,
1476 4555 1634 4611 quam
1660 4554 1727 4596 eo
1748 4540 1960 4598 facilius
1989 4532 2047 4596 D
2078 4557 2203 4599 usus
2230 4550 2286 4597 et
2318 4542 2424 4595 vini
2461 4556 2475 4595 :
2518 4540 2614 4596 sed
2643 4540 2831 4595 horum
2865 4540 3111 4595 omnium
3144 4539 3499 4604 abstinentia,
3530 4554 3665 4595 con-

375 4667 600 4716 currere
633 4645 833 4719 possis,
860 4656 972 4713 quo
1007 4639 1061 4693 in
1084 4652 1145 4692 ea
1180 4636 1314 4690 nihil
1340 4650 1616 4704 asperum,
1651 4635 1785 4688 nihil
1818 4638 1963 4692 inac-

373 4744 628 4809 cessibile
659 4752 777 4793 esse
806 4731 1144 4803 cognoveris.
1176 4727 1311 4783 Nam
1338 4727 1383 4782 si
1412 4728 1577 4782 etiam
1612 4736 1739 4781 ante
1764 4728 1959 4797 legem,

374 4856 431 4900 ut
457 4840 721 4902 diximus,
752 4843 807 4887 et
835 4829 1007 4885 multo
1037 4833 1168 4880 ante
1199 4820 1411 4878 Domini
1444 4822 1614 4875 nostri
1663 4818 1962 4876 Salvatoris

379 4938 672 4993 adventum
700 4929 851 4999 justc
878 4922 1096 4994 quidam
1127 4920 1335 4975 vixisse
1364 4929 1622 4975 etsancte
1650 4922 1964 4981 referantur

374 5030 495 5103 [Αἰ.
528 5018 873 5091 referuntur]
904 5038 916 5073 :
951 5023 1155 5087 quanto
1179 5011 1354 5082 magis
1386 5021 1507 5082 post
1542 5013 1964 5074 illustrationem

356 5124 642 5181 adventus
670 5115 809 5183 ejus,
844 5126 942 5166 nos
971 5109 1025 5164 id
1057 5122 1216 5179 posse
1238 5105 1572 5162 credendum
1605 5118 1708 5175 est,
1740 5111 1830 5181 qui
1876 5112 1963 5167 in-

374 5215 570 5275 structi
596 5228 690 5284 per
719 5205 1192 5276 Christigratiam,
1223 5212 1277 5258 et
1302 5200 1357 5257 in
1378 5202 1659 5259 meliorem
1686 5204 1963 5261 hominem

373 5308 549 5367 renati
580 5317 769 5360 sumus
798 5318 811 5355 :
847 5300 938 5370 qui
961 5298 1227 5369 sanguine
1245 5296 1365 5366 ejus
1390 5295 1588 5366 expiati
1621 5306 1785 5367 atque
1812 5314 1967 5355 mun-

375 5404 510 5469 dati,
542 5400 797 5468 illiusque
816 5393 1071 5463 exemplo
1102 5390 1169 5447 ad
1210 5389 1503 5461 perfectam
1529 5391 1793 5460 justitiam
1826 5394 1963 5449 inci-

375 5498 508 5563 tati,
564 5491 819 5548 meliores
856 5488 963 5542 illis
1001 5499 1124 5540 esse
1172 5483 1462 5548 debemus,
1513 5483 1606 5553 (Ιυί
1633 5494 1760 5540 an"?
1790 5485 1963 5557 ιθεθσι

375 5589 597 5643 fuerunt
632 5604 642 5637 :
676 5582 930 5638 meliores
956 5580 1118 5633 etiam
1151 5592 1310 5646 quam
1340 5575 1555 5630 fuerunt
1579 5576 1681 5631 sub
1710 5578 1856 5647 lege,
1881 5578 1967 5633 di-

371 5688 529 5734 cente
541 5674 800 5744 Apostolo
819 5692 829 5725 :
850 5671 1121 5725 Peccatum
1136 5669 1187 5723 in
1204 5667 1339 5721 vobis
1352 5668 1468 5735 jam
1485 5685 1583 5723 non
1597 5668 1960 5724 dominabitur.

371 5772 490 5828 Non
516 5769 650 5826 enim
674 5768 794 5823 estis
818 5765 908 5822 sub
937 5764 1062 5835 lege,
1091 5761 1180 5817 scd
1208 5760 1299 5816 sub
1321 5760 1488 5831 gratia
1512 5760 1690 5835 (Rom.
1725 5772 1798 5829 vt,
1838 5762 1960 5835 M).

2070 4642 2193 4698 silio
2225 4634 2557 4710 pcrfectiore
2588 4634 2873 4691 suadetur.
2914 4634 2998 4689 Ad
3038 4634 3366 4705 virginitatis
3396 4634 3663 4690 honorent

2070 4732 2551 4815 pertinetlieentia
2586 4729 2939 4799 nuptiarum:
2972 4736 3030 4783 et
3049 4722 3297 4783 escarum
3330 4728 3663 4798 indulgentia

2072 4835 2325 4889 virtutem
2350 4823 2697 4881 abstinentia:
2721 4821 3010 4877 clariorem
3044 4819 3195 4875 facit.
3231 4821 3619 4892 Contempsisti
3646 4865 3662 4890 ,

2071 4928 2251 4995 virgo,
2278 4918 2587 4992 coujugium
2612 4916 2820 4972 licitum
2855 4916 2973 4984 tibi,
3000 4914 3313 4985 priusquam
3336 4923 3662 4971 contemne-

2071 5030 2243 5075 retur.
2271 5015 2489 5085 Majoris
2536 5010 2745 5083 praemii
2780 5024 2966 5064 amore
2993 5006 3262 5077 flagrans,
3303 5006 3505 5062 vovisti
3554 5008 3664 5063 Deo

2073 5127 2181 5165 non
2211 5110 2555 5175 imperatam,
2581 5103 2677 5158 sed
2702 5101 2973 5156 laudatam
3001 5099 3371 5170 virginitatem
3405 5114 3419 5153 :
3450 5108 3503 5154 et
3527 5114 3665 5154 con-

2072 5206 2197 5261 silio
2218 5199 2501 5271 Apostoli,
2552 5197 2731 5267 legem
2764 5204 2910 5249 tuam
2956 5192 3130 5248 fecisti
3164 5192 3437 5246 latiorem.
3475 5188 3665 5246 Certa-

2072 5300 2239 5356 minis
2271 5284 2800 5366 ingressa‘campum
2826 5306 2840 5343 :
2872 5302 2979 5342 non
3012 5294 3120 5340 tam
3153 5284 3394 5341 laborem
3424 5299 3617 5341 cursus
3643 5326 3659 5352 ,

2069 5408 2231 5464 quam
2270 5387 2515 5445 bravium
2545 5383 2794 5441 victoriae
2821 5379 3089 5452 cogitasti.
3137 5378 3404 5449 cheras,
3454 5379 3618 5433 credo
3640 5420 3657 5444 ,

2070 5483 2203 5541 illud
2225 5478 2598 5551 evangelicum
2629 5476 2698 5531 de
2731 5481 2987 5545 perpetua
3012 5471 3263 5527 castitate
3291 5468 3657 5540 praeconium:

2071 5584 2127 5632 et
2149 5574 2321 5643 ipsius
2354 5580 2407 5627 te
2446 5568 2658 5625 Domini
2681 5579 2864 5621 sermo
2888 5563 2955 5619 ad
2978 5577 3220 5619 amorem
3249 5559 3533 5617 servandze
3554 5561 3664 5615 vir—

2068 5667 2308 5739 ginitatis
2333 5661 2683 5725 accenderat,
2705 5659 2795 5729 qui
2824 5657 2974 5713 Petri
2996 5670 3162 5725 super
3185 5654 3288 5709 hoc
3310 5651 3659 5715 sententiam,

2070 5761 2186 5832 ipsa
2215 5759 2296 5817 rei
2325 5753 2697 5834 magnitudine
2724 5766 2788 5807 ac
2818 5747 3147 5807 difficultate
3174 5746 3414 5803 laudavi:
3441 5761 3454 5799 :
3487 5753 3541 5799 et
3567 5758 3664 5801 vu-
