3916 6288
197 353 253 409 95
1128 347 1407 407 PELAGII
1446 347 1538 407 AD
1577 348 2087 423 DEMETRIADEM
2127 350 2489 412 EPISTOLA.
3386 359 3461 419 26

197 465 415 525 luntariis
453 462 783 536 spadonibus
809 477 1033 535 regnum
1064 464 1331 521 rtelorum
1376 463 1702 535 promittens
1729 509 1743 534 ,
1774 466 1823 526 Α
1854 464 1972 535 ipse
2002 466 2079 519 ait
2104 483 2115 518 :
2144 464 2303 519 Multi
2332 466 2501 521 dicent
2532 465 2664 521 mihi
2708 468 2761 524 in
2789 468 2882 525 illa
2912 469 2996 526 die
3022 485 3039 527 :
3074 468 3318 539 Domine,
3352 471 3465 529 Da-

195 563 282 619 ait:
304 562 398 631 Qui
419 570 579 633 potest
608 576 814 633 capere,
838 560 1011 630 capiat
1040 559 1276 633 (Matth.
1304 576 1417 627 xix,
1453 558 1567 630 12).
1614 558 1747 615 Rem

197 657 349 725 itaque
370 664 473 707 tam
497 667 747 724 magnam
782 667 889 708 non
919 653 1131 722 impero
1154 693 1168 718 ,
1213 666 1322 708 non
1356 654 1603 722 impono,
1648 649 1744 707 sed

194 746 354 802 oifero.
373 743 556 816 Neque
584 759 915 817 quemquam
940 744 1008 799 ad
1038 745 1144 799 hoc
1171 757 1331 815 cogo,
1362 742 1457 800 sed
1487 757 1748 814 provoco.

192 841 491 910 Quamquam
515 839 589 894 de
610 840 745 894 viris
758 846 967 893 tantum
982 853 1183 895 sonare
1198 837 1471 905 videatur,
1487 853 1594 892 non
1617 836 1752 892 solis

193 943 343 989 tamen
370 933 500 988 viris
527 931 756 999 dicitur,
789 932 886 987 sed
914 932 1144 1001 aequalis
1167 932 1385 1001 utrique
1414 931 1567 986 sexui
1586 930 1754 1001 virgi-

190 1026 349 1080 nitatis
372 1023 543 1094 palma
568 1023 928 1094 promittitur.
954 1024 1021 1079 Et
1048 1023 1344 1095 Apostolus
1366 1022 1434 1078 de
1450 1022 1752 1093 virginibus

190 1125 493 1187 praceptum
540 1116 761 1187 quidem
810 1130 873 1171 se
921 1114 1055 1171 dicit
1113 1130 1220 1171 non
1276 1115 1480 1171 habere
1538 1115 1751 1170 Domini

189 1211 283 1284 [AL
314 1208 449 1280 Dei],
474 1210 575 1266 sed
598 1209 694 1265 dat
722 1208 1035 1266 consilium.
1068 1209 1214 1264 Dicit
1243 1211 1460 1280 itaque:
1485 1208 1565 1262 An
1589 1224 1751 1277 expe-

190 1308 426 1357 rimentum
450 1302 692 1372 quaeritis
729 1304 880 1373 ejus,
924 1303 1014 1373 qui
1045 1302 1099 1355 in
1136 1312 1217 1355 me
1258 1299 1489 1373 loquitur
1516 1298 1754 1356 Christus

190 1396 245 1467 (ll
268 1396 373 1451 Cor.
402 1411 531 1464 xm,
559 1397 662 1465 5)?

246 1486 354 1542 CAP.
404 1486 940 1545 X.-—Perfcctionis
985 1488 1150 1560 igitur
1198 1495 1390 1542 secuta
1436 1484 1747 1553 consilium,

191 1579 542 1636 beatitudinem
568 1581 827 1650 specialis
851 1595 1107 1653 aggressa
1135 1579 1425 1650 propositi,
1472 1592 1628 1634 serva
1655 1593 1752 1649 ge-

187 1672 338 1727 nerale
377 1674 719 1729 mandatum.
768 1673 924 1737 Dixi,
962 1672 1214 1741 idemque
1256 1686 1401 1727 nunc
1446 1678 1653 1741 repeto.
1698 1668 1752 1723 In

185 1780 319 1820 causa
339 1766 569 1836 justitia:
593 1780 787 1821 omnes
815 1781 984 1820 unum
1016 1764 1285 1820 debemus
1318 1779 1331 1816 :
1359 1764 1532 1833 virgo,
1568 1761 1750 1824 vidua,

1857 560 2014 625 mine,
2044 576 2213 615 nonne
2238 562 2291 614 in
2319 563 2525 616 nomine
2567 571 2655 617 tuo
2686 563 2949 620 dwmonia
2993 567 3282 639 ejecintus?
3321 576 3369 621 et
3406 569 3464 623 in

1856 653 2060 707 nomine
2088 662 2177 707 tuo
2202 654 2412 709 virtutes
2440 655 2627 709 multas
2660 658 2914 727 fecimus?
2934 668 2984 714 et
3034 669 3155 714 tunc
3181 661 3462 731 conﬁtebor

1854 745 1960 801 illis
1985 762 2002 799 :
2030 746 2189 802 Amen
2212 748 2328 803 dico
2357 750 2517 818 vobis,
2549 751 2722 804 nescio
2754 767 2862 818 vos,
2894 752 3141 808 discedite
3169 773 3201 809 a
3232 773 3313 810 me
3343 774 3459 811 om-

1856 856 1966 905 nes,
2006 841 2094 910 qui
2123 843 2407 911 Opcramini
2447 843 2772 914 iniquitatem
2802 843 2973 917 (Luc.
3016 862 3132 913 xttl,
3178 849 3274 917 26,
3320 850 3458 923 27).

1856 930 1977 987 Tibi
2005 948 2135 987 vero
2158 934 2317 1005 longe
2347 944 2431 990 cst
2459 935 2561 989 alia
2585 937 2669 990 via
2704 938 3140 1009 ingrediendum,
3172 958 3317 1013 qum,
3348 959 3456 999 ste-

1854 1024 1962 1078 culi
1992 1040 2181 1080 amore
2210 1025 2441 1092 calcato,
2466 1042 2684 1099 semper
2712 1030 3004 1101 cogitando
3030 1048 3152 1104 quae
3175 1033 3275 1089 Dei
3298 1045 3450 1100 sunt,

1856 1118 2213 1186 apostolicam
2246 1129 2297 1175 te
2325 1118 2591 1177 exhibere
2634 1122 2716 1178 vis
2745 1123 3030 1194 virginem,
3060 1141 3181 1196 quas
3208 1135 3315 1182 tam
3343 1130 3461 1199 spio

1856 1212 1961 1267 ritu
2003 1222 2191 1268 sancta
2232 1227 2394 1283 quam
2442 1228 2694 1285 corpore,
2744 1220 2955 1276 Domini
2991 1224 3322 1291 przestolaris
3358 1226 3455 1280 ad-

1856 1313 2076 1359 ventum
2102 1321 2115 1359 :
2138 1314 2192 1359 ct
2230 1306 2427 1361 animae
2460 1315 2567 1363 tua)
2600 1308 2857 1380 lampadi,
2887 1321 3201 1368 sanctorum
3246 1315 3452 1387 jugiter

1855 1412 2077 1466 operum
2109 1396 2344 1454 infundis
2378 1399 2579 1469 oleum,
2612 1410 2668 1457 et
2696 1403 3034 1472 sapientibus
3061 1405 3249 1474 juncta
3281 1408 3449 1478 virgi-

1855 1487 2035 1554 nibus,
2068 1488 2120 1543 in
2160 1488 2351 1559 sponsi
2389 1489 2602 1545 obviam
2634 1493 2980 1564 prtepararis.
3030 1495 3307 1568 Fugicnda
3356 1500 3453 1555 tibi

1858 1579 1967 1636 lata
1999 1580 2090 1635 illa
2119 1583 2207 1637 via
2231 1591 2335 1649 est,
2361 1599 2521 1652 quam
2550 1585 2843 1641 multorum
2872 1587 2937 1642 ad
2958 1600 3188 1645 mortem
3214 1591 3457 1647 euntium

1857 1676 2147 1731 comitatus
2178 1677 2324 1732 terit.
2359 1678 2426 1732 Et
2453 1680 2518 1732 ad
2550 1680 2713 1734 vitam
2748 1690 3034 1750 aeternam,
3062 1687 3275 1756 angusti
3309 1687 3459 1741 illius

1858 1765 2089 1836 itineris,
2136 1768 2277 1837 quod
2319 1770 2473 1838 pauci
2508 1772 2809 1840 reperiunt,
2858 1774 3016 1829 callis
3054 1777 3322 1832 tenendus
3352 1790 3456 1833 est.

186 1866 341 1926 nupta,
368 1872 643 1923 summus,
677 1856 913 1923 medius,
951 1868 1006 1911 et
1042 1857 1183 1910 imus
1210 1854 1430 1925 gradus,
1469 1854 1752 1923 :cqualiter
1780 1856 1830 1919 Β
1859 1859 2162 1928 Deposuisti
2188 1859 2297 1929 jam
2331 1862 2714 1929 impedimenta
2747 1864 2832 1919 vel
2885 1867 3144 1933 maxima,
3191 1878 3246 1923 ct
3294 1886 3456 1927 omne

182 1951 399 2019 iubentur
428 1952 666 2023 implere
695 1961 988 2021 pracepta.
1018 1949 1127 2005 Nec
1155 1965 1186 2004 a
1216 1949 1334 2019 lege
1363 1948 1617 2012 solvitur,
1662 1948 1751 2018 qui

183 2059 313 2112 supra
340 2044 516 2116 legem
550 2045 732 2099 facere
766 2043 1039 2114 proponit.
1078 2043 1393 2110 Quinimmo
1425 2040 1607 2094 nullus
1637 2054 1753 2095 ma-

182 2138 248 2208 gis
278 2138 447 2193 illicita
499 2140 677 2193 vitare
702 2137 888 2204 debet,
918 2152 1078 2209 quam
1111 2136 1201 2206 qui
1242 2135 1449 2205 respuit
1474 2148 1595 2204 quae
1620 2133 1752 2189 lice-

182 2230 303 2285 baut.
340 2230 447 2287 Nec
508 2230 798 2301 quisquam
850 2232 922 2285 ita
962 2245 990 2283 a
1036 2244 1097 2284 se
1150 2228 1402 2282 mandata
1460 2226 1750 2296 pollicetur

182 2322 431 2393 implenda,
466 2334 530 2381 ut
558 2325 655 2380 ille
683 2326 775 2395 qui
805 2339 992 2378 amore
1019 2321 1370 2394 perfectionis
1397 2336 1563 2390 supra
1594 2335 1748 2375 man-

178 2417 279 2473 data
304 2420 649 2487 conscendit,
672 2429 728 2475 et
753 2419 881 2473 dum
905 2419 1135 2488 amplius
1163 2416 1356 2473 statuit
1382 2418 1563 2473 facere
1584 2431 1745 2488 quam

179 2521 482 2581 pneceptum
511 2521 618 2578 est,
644 2510 889 2567 ostendit
916 2511 1100 2566 minus
1130 2509 1233 2565 sibi
1267 2518 1601 2578 praeceptum
1624 2522 1748 2564 esse

176 2617 309 2671 quam
335 2605 601 2674 potuerit.
632 2604 843 2660 Deinde
872 2605 967 2675 qui
992 2612 1159 2658 tantae
1188 2617 1248 2658 se
1269 2616 1391 2658 esse
1421 2601 1747 2658 obedientiae

174 2696 453 2764 proﬁtetur,
485 2706 547 2753 ut
574 2697 740 2754 etiam
772 2696 1065 2751 consilium
1091 2694 1337 2750 divinum
1384 2693 1618 2749 libenter
1652 2708 1747 2747 au-

176 2786 286 2855 diat,
327 2789 605 2859 quomodo
648 2803 758 2844 non
803 2787 967 2843 debet
1007 2786 1197 2841 audire
1232 2784 1603 2856 praeceptum?
1649 2783 1747 2838 Illa

173 2882 296 2935 enim
325 2896 410 2937 res
434 2880 729 2938 electionis
759 2879 935 2951 [Λεία.
966 2874 1355 2949 perfectionis]
1377 2884 1483 2940 est,
1514 2874 1616 2929 ista
1648 2889 1745 2929 ne-

172 2972 431 3028 cessitatis.
470 2974 546 3029 De
582 2971 897 3043 virginitate
927 2970 1174 3040 dicitur:
1209 2969 1311 3034 Qui
1350 2976 1513 3036 potest
1538 2982 1742 3036 capere,

171 3065 313 3135 capiat
342 3064 563 3135 (Matth.
592 3078 691 3129 vu,
724 3064 845 3135 i9).
872 3064 949 3119 De
975 3060 1182 3133 justitia
1210 3077 1318 3116 non
1351 3060 1547 3116 dicitur
1589 3076 1603 3114 :
1642 3058 1745 3123 Qui

170 3167 307 3226 potest
335 3161 533 3229 facere,
563 3157 743 3229 faciat.
780 3156 888 3211 Sed
934 3156 1099 3208 omnis
1142 3152 1298 3208 arbor
1324 3168 1441 3224 qua:
1471 3169 1573 3206 non
1615 3151 1742 3221 facit

1853 1951 2117 2021 quidquid
2149 1967 2176 2005 a
2208 1953 2507 2022 spiritualis
2544 1954 2669 2009 vita:
2716 1971 2896 2023 cursu,
2937 1958 3022 2014 vel
3068 1960 3325 2030 retardat,
3373 1963 3456 2018 vel

1852 2056 2094 2111 revocat,
2120 2047 2292 2115 prima
2338 2047 2519 2102 statim
2551 2052 2911 2107 conversione
2947 2054 3145 2110 vicisti.
3180 2054 3457 2126 Respuisti

1848 2137 2085 2208 conjugii
2126 2138 2481 2208 voluptatem,
2531 2142 2869 2206 posteritatis
2912 2158 3120 2212 curam,
3170 2146 3458 2205 illecebras

1849 2230 2192 2299 deliciarum,
2235 2233 2418 2287 saeculi
2459 2248 2731 2304 pompam,
2763 2236 3074 2293 divitiarum
3116 2241 3452 2312 cupidinem,

1850 2336 2053 2381 etcum
2084 2324 2254 2381 Paulo
2288 2335 2439 2395 potes
2482 2327 2703 2382 dicere:
2729 2327 2864 2382 Mihi
2907 2332 3135 2385 mundus
3174 2334 3456 2399 cruciﬁxus

1848 2426 1943 2484 est,
1965 2427 2014 2472 et
2034 2434 2129 2488 ego
2147 2419 2340 2472 mundo
2363 2416 2516 2488 (Gal.
2542 2434 2614 2487 vt,
2647 2418 2767 2490 ii).
2794 2419 2962 2491 Cujus
2990 2422 3099 2478 tale
3127 2424 3453 2498 principium

1849 2518 1953 2576 est,
1982 2507 2159 2579 qualis
2185 2508 2349 2565 debet
2375 2523 2499 2565 esse
2528 2508 2829 2579 perfectio?
2859 2508 3008 2567 lianc
3047 2511 3179 2568 mihi
3208 2522 3263 2569 tu
3285 2518 3455 2571 virtu-

1851 2610 1956 2679 tem
1987 2620 1998 2654 :
2023 2599 2169 2667 hunc
2192 2602 2429 2656 animum
2459 2601 2621 2655 etiam
2654 2602 2706 2655 in
2750 2601 2974 2673 reliquis
3004 2603 3138 2661 affer
3164 2623 3178 2663 :
3201 2620 3373 2678 eaque
3401 2610 3455 2665 vi

1849 2693 2067 2759 mentis,
2096 2709 2203 2763 qua
2232 2693 2489 2748 vitiorum
2518 2693 2835 2751 occasiones
2855 2694 3136 2765 depulisti,
3162 2697 3289 2754 vitia
3307 2716 3455 2757 nunc

1849 2787 1961 2857 ipsa
1992 2800 2210 2857 reSpue.
2243 2784 2478 2841 Ornetur
2504 2801 2717 2841 morum
2748 2788 3038 2845 sanctitate
3062 2791 3366 2861 virginitas,
3398 2803 3455 2850 et

1850 2878 2149 2949 perfectum
2175 2878 2405 2950 gradum
2430 2879 2553 2935 vita:
2591 2880 2855 2949 perfectio
2876 2882 3261 2952 subsequatur.
3286 2886 3452 2943 Certe

1847 2972 1893 3027 si
1923 2970 2205 3027 surcularis
2245 2971 2354 3026 vita
2399 2971 2497 3026 tibi
2543 2970 2863 3040 placuisset,
2894 2972 3058 3030 dares
3101 2988 3347 3044 Operam,
3380 2993 3451 3034 ne

1846 3065 1968 3134 quis
2001 3075 2053 3119 te
2079 3064 2303 3129 divitiis,
2337 3080 2405 3121 ne
2435 3066 2557 3135 quis
2584 3065 2965 3135 corporalibus
2988 3070 3345 3138 ornamentis,
3381 3086 3451 3126 ne

1847 3155 1969 3228 quis
2010 3172 2194 3212 rerum
2236 3157 2476 3211 omnium
2524 3171 2722 3227 pompa
2750 3156 2865 3229 [ΑΙ.
2910 3158 3132 3230 c0pia],
3158 3168 3211 3215 ct
3238 3159 3451 3217 honore

172 3250 366 3317 fructum
390 3250 610 3318 bonum,
641 3248 931 3314 excidetur,
962 3256 1012 3302 et
1037 3247 1091 3300 in
1120 3247 1291 3319 ignem
1322 3246 1570 3299 mittetur.
1597 3242 1747 3298 Con-
1772 3232 1823 3301 C
1851 3248 2188 3320 prtecederet
2221 3266 2234 3302 :
2265 3262 2409 3304 nunc
2435 3248 2692 3319 quoniam
2744 3248 3018 3305 diversum
3058 3251 3301 3308 studium
3325 3252 3447 3323 [ΑΙ.

167 3341 321 3398 sidera
344 3383 361 3410 ,
387 3357 603 3414 quaso,
631 3351 891 3412 quantum
912 3356 942 3394 a
970 3341 1199 3395 consilio
1230 3337 1395 3393 distet
1424 3338 1741 3408 imperium.

169 3429 231 3485 lbi
271 3434 481 3505 aliquos
532 3433 735 3515 excipit
778 3450 791 3487 :
838 3431 929 3488 hic
973 3430 1303 3503 generaliter
1355 3445 1546 3486 onmes
1596 3445 1746 3486 com-

169 3525 455 3593 prehendit.
492 3523 573 3581 Ini
605 3524 888 3595 praemium
940 3522 1214 3595 proponit,
1259 3523 1347 3577 hic
1394 3536 1631 3592 poenam.
1666 3522 1744 3577 lbi

169 3619 338 3674 invitat
359 3631 418 3675 ut
452 3620 622 3676 facias
656 3636 669 3673 :
698 3618 786 3672 hic
818 3618 922 3675 nisi
955 3616 1170 3685 feceris,
1201 3616 1587 3671 comminatur.
1620 3614 1745 3669 llmc

170 3711 310 3781 igitur
331 3714 543 3785 optima
574 3712 787 3766 ratione
816 3710 1181 3781 distinguens,
1214 3709 1585 3764 animadverte
1614 3707 1744 3779 quid

169 3802 357 3870 oderas,
384 3804 768 3862 animadverte
792 3803 920 3875 quid
948 3803 1173 3859 debeas.
1201 3802 1371 3858 Immo
1392 3803 1514 3873 quia
1540 3813 1747 3857 utrum-

167 3912 255 3966 que
274 3898 380 3968 jam
410 3899 609 3965 debes,
640 3906 694 3953 et
723 3896 1106 3967 virginitatem,
1138 3912 1300 3967 quam
1326 3898 1469 3952 ultro
1498 3895 1746 3951 obtulisti

172 3990 285 4055 Deo,
332 4002 389 4048 et
427 3990 695 4065 justitiam
744 4004 904 4061 quam
955 3991 1071 4060 ipse
1126 3990 1407 4060 praecepit,
1467 3988 1745 4057 integrum

170 4094 437 4159 utrumque
468 4086 745 4156 persolve.
776 4084 875 4140 ille
918 4099 1111 4139 servus
1165 4084 1393 4138 Domino
1425 4082 1623 4152 placet,
1653 4081 1742 4151 qui

168 4176 226 4230 ita
253 4178 451 4249 aliquid
487 4179 636 4233 ultro
657 4178 844 4249 operis
873 4187 1115 4243 exercet,
1150 4185 1207 4231 ut
1236 4186 1415 4230 tamen
1444 4175 1610 4229 etiam
1636 4175 1743 4229 im-

167 4282 331 4338 perata
384 4270 671 4343 perﬁciat:
700 4271 789 4340 qui
835 4284 945 4324 non
988 4269 1119 4323 facit
1156 4268 1303 4323 aliud
1340 4282 1439 4338 pro
1487 4268 1617 4334 alio,
1649 4268 1743 4322 sed

168 4374 439 4434 utrumque
469 4380 484 4417 :
514 4378 615 4419 nec
647 4372 842 4429 mutat,
874 4361 971 4417 sed
996 4359 1143 4416 addit
1180 4360 1522 4431 obsequium.
1552 4360 1662 4415 Nec
1694 4368 1746 4415 te

164 4469 329 4511 carum
360 4457 614 4527 exempla
658 4455 955 4525 decipiant,
1002 4471 1125 4525 quae
1176 4453 1283 4509 sibi
1328 4454 1527 4508 insula
1573 4452 1743 4507 casti-

166 4556 257 4601 tate
282 4549 701 4619 plautlentes,ut
721 4557 976 4618 postsuas
992 4548 1299 4601 voluntates
1318 4545 1477 4617 [Aug.
1497 4545 1745 4615 volupta-

167 4640 408 4711 teslcant,
432 4643 524 4697 Dei
550 4643 881 4697 voluntatem
902 4638 1179 4709 abjiciunt.
1204 4638 1335 4706 Qua:
1356 4644 1631 4707 perpetua:
1657 4653 1752 4691 ca-

162 4735 339 4789 stitatis
363 4736 564 4791 bonum
580 4750 687 4788 non
704 4748 823 4788 cum
846 4732 1074 4802 justitia,
1100 4730 1193 4785 sed
1217 4746 1312 4799 pro
1328 4730 1533 4800 justitia
1553 4729 1748 4783 offerre

165 4828 355 4895 volunt,
388 4836 443 4883 et
471 4828 525 4883 in
555 4824 1003 4896 compensatione
1035 4830 1402 4893 peccatorum,
1449 4820 1737 4891 prtemium

167 4918 475 4989 virginitatis
520 4927 885 4973 annutncrant
912 4933 923 4970 :
948 4925 1109 4985 atque
1134 4929 1235 4985 pro
1267 4913 1514 4984 prxmio,
1564 4911 1744 4981 impu-

1850 3341 2137 3398 diversitas
2168 3340 2360 3396 studiis
2388 3340 2399 3412 1
2441 3341 2710 3395 divcrsam
2742 3341 2908 3395 vitam
2947 3341 3224 3399 desiderat
3256 3358 3448 3409 :cura,

1850 3449 1918 3490 ne
1944 3434 2066 3504 quis
2090 3442 2143 3489 te
2166 3433 2217 3487 in
2248 3432 2389 3488 bene
2415 3431 2647 3487 vivendo
2675 3432 3017 3488 transcendat
3046 3452 3058 3487 :
3084 3448 3153 3488 ne
3181 3433 3302 3504 quis
3334 3450 3451 3488 mo-

1849 3544 1969 3584 rum
2015 3529 2304 3583 sanctitate
2352 3536 2575 3597 superet
2614 3541 2723 3582 :ne
2755 3528 2877 3597 quis
2922 3526 3017 3581 tibi
3062 3528 3113 3581 in
3156 3527 3451 3584 virtutibus

1848 3619 2196 3692 praeferatur.
2232 3621 2299 3674 Et
2329 3619 2380 3673 in
2413 3618 2543 3687 illis,
2591 3632 2711 3688 qua:
2749 3628 2877 3673 ante
2899 3617 3157 3685 diximus,
3197 3634 3305 3674 non
3332 3628 3451 3675 crat

1850 3722 2021 3779 tuum,
2052 3722 2109 3766 ut
2138 3722 2229 3765 aut
2260 3720 2314 3765 tu
2342 3726 2534 3766 omnes
2570 3711 2844 3778 vinceres,
2876 3720 2969 3765 aut
2993 3725 3155 3766 nemo
3188 3720 3258 3767 te.
3299 3712 3447 3767 Cun-

1847 3816 1934 3861 cta
1979 3804 2123 3861 enim
2171 3804 2263 3859 illa
2308 3804 2444 3859 loris
2490 3810 2744 3873 petuntur
2786 3818 2800 3858 :
2835 3812 2890 3857 ct
2928 3802 3187 3873 quidquid
3230 3803 3449 3859 aliunde

1848 3909 2126 3968 speratur,
2174 3898 2411 3951 alienum
2452 3903 2553 3951 cst.
2600 3895 2728 3951 llaec
2766 3911 2895 3950 vero
2940 3896 2992 3949 in
3045 3908 3131 3950 tua
3184 3906 3451 3965 potestate

1848 4000 1997 4060 sunt,
2026 4001 2081 4046 et
2110 4005 2238 4045 vere
2266 3990 2505 4059 propria,
2534 4003 2656 4057 qum
2688 4003 2795 4043 non
2833 3988 3171 4042 extrinsecus
3200 3989 3449 4055 veniunt,

1847 4084 1944 4140 sed
1972 4084 2024 4139 in
2056 4083 2175 4153 ipso
2204 4082 2372 4137 corde
2398 4088 2754 4151 generantur.
2790 4077 2887 4133 Illa
2912 4080 3083 4140 enim,
3116 4094 3216 4135 nec
3245 4081 3447 4149 omnis,

1848 4177 1938 4247 qui
1959 4174 2175 4246 quturit,
2200 4172 2437 4237 invenit;
2468 4186 2569 4226 nec
2595 4171 2683 4239 qui
2713 4170 3000 4239 invenerit,
3027 4182 3447 4243 sempertcnet:

1848 4267 1973 4339 quia
2012 4274 2074 4321 ut
2108 4281 2172 4322 ea
2200 4265 2577 4331 commodare,
2619 4264 2689 4318 ita
2720 4273 2775 4319 et
2804 4266 3018 4335 eripere
3054 4280 3215 4320 casus
3246 4276 3449 4337 potest.

1852 4362 1979 4416 Hinc
2008 4368 2190 4415 autem
2222 4367 2277 4413 et
2306 4358 2483 4412 omnis
2522 4357 2612 4426 qui
2648 4358 2865 4426 qtucrit,
2897 4356 3139 4413 invenit:
3164 4366 3217 4412 et
3239 4359 3328 4427 qui
3362 4356 3450 4412 itt-

1850 4454 2083 4520 venerit,
2124 4451 2260 4522 eripi
2300 4450 2402 4506 sibi
2452 4467 2747 4520 numquam
2786 4450 2957 4504 timet.
3004 4449 3110 4505 ista
3141 4451 3286 4506 enim
3335 4451 3451 4506 sola

1850 4546 1990 4601 bona
2031 4553 2193 4599 sunt:
2224 4559 2344 4613 qua:
2373 4543 2491 4597 sine
2518 4542 2825 4609 voluntate,
2859 4555 2961 4598 nec
3007 4542 3319 4598 invenimus
3347 4543 3451 4597 ali-

1852 4634 2090 4705 quando,
2121 4649 2221 4689 nec
2242 4632 2543 4703 perdimus.

1924 4728 2054 4783 Car.
2088 4726 2181 4781 XI.
2197 4756 2267 4767 -—
2283 4726 2462 4781 llabes
2490 4741 2621 4795 ergo
2641 4735 2693 4781 et
2714 4725 2802 4782 hic
2829 4742 2925 4797 per
2948 4741 3068 4798 quae
3090 4727 3287 4782 merito
3310 4742 3450 4797 pra:-

1854 4822 2071 4890 ponaris
2093 4823 2235 4888 aliis,
2271 4820 2435 4874 immo
2460 4819 2547 4875 bic
2579 4822 2772 4891 magis.
2801 4820 2937 4875 Nam
2964 4822 3266 4891 corporalis
3294 4820 3452 4876 nobi-

1854 4914 1977 4969 litas
2007 4923 2168 4983 atque
2191 4913 2490 4983 apuleutia,
2524 4922 2739 4968 tuorutn
2770 4912 3145 4984 intelliguntur
3174 4928 3313 4979 esse,
3341 4925 3449 4967 non

168 5014 371 5069 nitatem
426 5020 616 5085 petunt
656 5031 668 5067 :
712 5012 797 5067 vel
848 5020 999 5066 certe
1050 5008 1435 5079 impudentiori
1487 5006 1741 5061 vecordia
1769 5030 1826 5092 ι)
1855 5023 1963 5068 tua.
2008 5008 2334 5080 spirituales
2363 5024 2494 5063 vero
2520 5007 2742 5063 divitias
2772 5008 2951 5063 nullus
2994 5008 3109 5073 tibi,
3145 5016 3343 5076 praeter
3373 5020 3448 5077 te,

166 5108 487 5164 coronandas
516 5122 640 5164 esse
684 5122 744 5162 se
776 5114 991 5177 putant,
1045 5114 1101 5159 et
1152 5104 1205 5158 in
1261 5117 1430 5173 regno
1478 5102 1746 5157 cmlorum

169 5204 361 5257 caeteris
395 5199 781 5271 pr.eferendas,
828 5214 949 5268 qua:
994 5196 1099 5252 sibi
1149 5198 1531 5251 mandatorum
1565 5204 1746 5249 trans-

166 5296 433 5359 gressione
464 5292 672 5346 aditum
700 5290 946 5346 clausere
986 5290 1137 5359 regni
1169 5288 1453 5344 caelorum.
1490 5286 1610 5340 Non
1639 5302 1749 5339 cm-

168 5386 254 5449 ttis,
275 5385 524 5440 Christus
553 5382 748 5453 inquit,
781 5382 871 5452 qui
899 5382 1023 5435 dicit
1053 5378 1201 5446 mihi,
1230 5378 1476 5446 Domine,
1503 5378 1744 5446 Domine,

168 5477 361 5531 intrabit
394 5479 445 5532 in
479 5492 695 5550 regnum
725 5476 974 5531 cmlorum
1001 5491 1021 5529 :
1046 5476 1137 5529 sed
1158 5474 1248 5540 qui
1272 5475 1398 5543 facit
1424 5474 1745 5530 voluntatem

173 5565 333 5623 Patris
350 5572 473 5637 mei,
497 5571 589 5641 qui
610 5570 664 5623 in
686 5570 827 5623 caelis
844 5577 939 5633 est,
973 5569 1083 5638 ipse
1101 5568 1312 5623 intrabit
1332 5569 1387 5623 in
1407 5585 1624 5640 regnum
1646 5586 1748 5623 ca:-

171 5661 327 5716 lorut
354 5662 575 5733 (Matth.
612 5678 706 5728 vn,
737 5662 863 5732 21).
897 5661 1245 5717 Meminerint
1280 5662 1473 5718 stultas
1506 5664 1745 5732 virgines

169 5766 197 5805 s
222 5757 401 5823 sponsi
426 5754 606 5826 januis
654 5755 1025 5827 repellendas;
1065 5755 1355 5811 dicendum
1398 5757 1479 5813 eis
1508 5774 1520 5810 :
1553 5757 1742 5815 Nescio

174 5860 250 5902 vos
282 5864 300 5902 :
333 5847 547 5919 illisque
586 5846 893 5920 jungendas
934 5862 1089 5915 esse,
1138 5847 1208 5904 de
1244 5848 1439 5918 quibus
1481 5847 1743 5912 Dominus

1851 5106 2102 5162 conferre
2132 5104 2351 5173 poterit.
2381 5104 2436 5159 lu
2464 5104 2549 5158 his
2571 5119 2702 5176 ergo
2720 5104 2844 5173 jure
2865 5100 3131 5158 laudanda
3160 5114 3221 5157 es
3246 5119 3260 5157 :
3289 5102 3344 5158 in
3367 5103 3452 5159 bis

1851 5199 2051 5253 merito
2073 5196 2289 5252 casteris
2320 5194 2663 5266 pr.efercnda
2695 5210 2793 5249 es:
2824 5208 2944 5261 qua:
2974 5192 3076 5247 nisi
3104 5208 3171 5248 cx
3209 5202 3284 5260 te,
3312 5205 3365 5250 et
3398 5194 3452 5249 in

1852 5300 1904 5347 te
1926 5305 2049 5347 esse
2078 5304 2185 5345 non
2214 5298 2467 5359 possunt.
2499 5288 2580 5343 An
2612 5287 2733 5341 sola
2764 5286 2865 5342 ista
2896 5287 3001 5343 vita
3035 5298 3143 5354 est,
3173 5302 3292 5357 quae
3331 5302 3455 5343 cer-

1849 5394 2029 5440 tamen
2061 5399 2171 5437 non
2196 5383 2393 5436 habeat
2415 5381 2483 5437 de
2505 5379 2772 5452 profectu,
2795 5390 2845 5435 et
2871 5379 2923 5434 in
2944 5395 3049 5451 qua
3082 5378 3452 5448 unusqui~quc

1852 5478 1954 5532 ltoc
1987 5488 2194 5530 tantum
2216 5474 2415 5531 debeat
2456 5486 2776 5544 permanere
2803 5474 2947 5542 quod
2978 5476 3165 5544 cmpit.
3214 5486 3313 5525 nec
3340 5471 3452 5525 ullo

1851 5573 2126 5642 augmenti
2156 5569 2427 5626 desiderio
2459 5567 2525 5621 ad
2549 5566 2755 5637 majora
2786 5566 3115 5621 contendat?
3147 5564 3213 5619 Et
3236 5579 3360 5619 cum
3394 5564 3447 5619 in

1850 5663 2110 5719 omnibus
2141 5661 2329 5718 mundi
2376 5659 2593 5725 studiis,
2636 5658 2878 5729 profectu
2910 5673 3017 5712 non
3048 5658 3314 5713 satientur
3347 5659 3447 5712 lto-

1836 5758 2046 5824 mines,
2080 5755 2171 5811 hic
2202 5763 2408 5809 tantum
2440 5750 2673 5825 ctepiSSc
2713 5750 2992 5807 sufficiet?
3036 5748 3449 5807 l-‘ervcntissitni

1849 5852 1904 5908 in
1954 5849 2213 5921 terrenis,
2265 5848 2607 5921 frigidissimi
2654 5850 2709 5909 in
2757 5844 3080 5903 cmlestibus
3127 5858 3338 5900 sumus.
3387 5844 3457 5901 Et
