3916 6288
496 262 580 325 ,27
730 238 737 243 ’
1540 257 1623 328 5.,
1642 256 2030 317 lllERONYMl
2068 258 2132 323 0t

2240 260 2356 320 iUM
2394 260 2759 320 MANTISSA.
3737 262 3817 319 28

508 362 779 433 summam
812 375 866 437 in
896 377 1059 434 rebus
1084 376 1264 449 parvis
1291 375 1609 436 exhibentes
1646 377 2010 445 alacritatem,
2042 377 2111 434 ad
2138 380 2192 444 Α
2220 378 2621 447 conversionis,
2664 392 2834 436 novus
2863 391 3081 450 semper
3135 378 3297 437 ardor
3336 379 3628 450 accendat,
3671 392 3727 439 et
3758 382 3815 437 in

515 469 724 540 majora
754 470 1135 540 torpescimus.
1171 469 1530 526 Considerare
1562 471 1750 541 pudet,
1781 479 2016 541 quantus
2042 469 2113 524 sit

516 562 699 617 fervor
728 563 786 617 in
815 562 1052 629 smculo,
1081 577 1187 634 qua
1232 577 1362 619 cura
1402 562 1616 633 singula
1666 577 1891 634 qua-que
1932 558 2112 617 studia

518 655 798 711 hominum
830 654 1071 726 quotidie
1098 654 1164 710 ad
1208 656 1533 725 perfectiora
1566 656 1831 711 nitantur.
1880 654 2114 714 Littera-

499 740 640 803 rum
680 746 845 803 ardor
888 747 1038 803 nulla
1069 763 1290 819 prorsus
1328 757 1488 805 aetate
1525 749 1914 820 exstinguitur,
1947 749 2114 804 immo

504 844 908 923 ‘(utszecularis
947 849 1187 907 auctoris
1209 858 1330 906 utar
1354 851 1664 924 sententia)
1698 852 1814 922 ipsa
1847 849 2016 921 magis
2042 866 2114 906 te-

520 963 630 1009 tate
659 952 1053 1009 inﬂammatur.
1086 953 1405 1009 Divitiarum
1454 968 1607 1009 amor
1653 952 1977 1012 insatiabilis
2007 962 2111 1021 est,

519 1045 725 1116 expleri
776 1046 951 1102 nescit
989 1044 1258 1101 honorum
1291 1046 1510 1117 cupido.
1554 1045 1801 1103 Celerem
1850 1046 2115 1105 habitura:

517 1150 609 1193 res
638 1136 827 1203 ﬁnem,
857 1137 976 1192 sine
1004 1135 1113 1193 fine
1132 1147 1472 1209 quaeruntur.
1503 1137 1614 1197 Nos
1633 1138 1871 1195 divinam
1898 1138 2118 1209 sapien-

521 1230 677 1299 tiam,
715 1232 969 1287 caelestes
1006 1230 1248 1301 divitias,
1300 1232 1639 1288 immortales
1680 1231 1921 1295 honores
1963 1232 2117 1302 pigra

520 1323 758 1395 quadam
803 1322 1237 1379 dissimulatione
1286 1324 1612 1395 negligimus
1649 1340 1667 1381 :
1703 1332 1761 1380 et
1808 1323 2118 1393 spiritualcs

518 1414 757 1484 divitias,
778 1424 868 1470 aut
897 1430 962 1472 ne
980 1415 1298 1486 attingimus
1325 1416 1568 1487 quidem,
1596 1424 1689 1472 aut
1719 1417 1763 1473 si
1795 1416 1987 1473 leviter
2014 1415 2117 1472 de-

522 1506 941 1578 gustaverimus,
972 1508 1232 1565 continuo
1267 1522 1369 1564 nos
1408 1516 1660 1579 putamus
1702 1523 1826 1565 esse
1866 1509 2115 1563 satiatos.

516 1598 701 1665 .Aliter
734 1614 832 1654 nos
875 1598 1053 1656 divina
1099 1599 1375 1671 Sapientia
1414 1601 1480 1655 ad
1522 1616 1650 1656 suas
1692 1601 1883 1659 invitat
1907 1601 2116 1672 epulas.

532 1690 632 1758 Qui
662 1691 818 1745 edunt
844 1707 946 1759 me,
996 1692 1188 1762 inquit,
1231 1694 1401 1747 adhuc
1430 1694 1656 1749 esuriant
1690 1702 1778 1748 :et
1809 1693 1901 1764 qui
1933 1709 2011 1746 me
2040 1692 2119 1745 bi-

2216 482 2405 528 tenera
2449 472 2629 527 adhuc
2657 480 2816 530 astate
2865 472 3076 528 facilius
3126 480 3331 528 sancta:
3373 474 3818 533 conversationis

2174 594 2181 601 ε
2214 578 2346 621 usus
2375 563 2659 621 inolescat.
2699 562 2970 634 Quidquid
3013 563 3070 621 in
3109 571 3163 620 te
3207 564 3441 635 primum
3481 565 3816 631 institueris,

2216 655 2321 713 hoc
2352 655 2697 735 manebit,et
2728 655 2793 710 ad
2830 655 3113 711 initiorum
3146 665 3363 712 tuorum
3393 656 3637 731 regulam
3680 656 3820 713 reli-

2215 766 2320 825 qua
2349 750 2457 807 vita
2494 750 2771 807 decurret.
2806 749 2957 805 Finis
2990 750 3042 807 in
3070 749 3190 821 ipso
3215 749 3446 807 exordio
3487 750 3823 822 cogitandus

2206 853 2317 908 est.
2349 842 2535 910 Qualis
2560 842 2626 899 ad
2660 843 2811 899 illum
2843 842 3093 898 ultimum
3125 842 3270 898 diem
3315 843 3599 913 pervenire
3635 844 3822 915 cupis,

2217 934 2341 990 talis
2372 950 2517 993 nunc
2539 934 2650 1007 jam
2670 950 2792 991 esse
2817 950 3038 991 conare.
3067 935 3418 993 Consuetudo
3444 944 3548 1005 est,
3576 951 3701 1005 quas
3722 946 3827 993 aut

2216 1028 2372 1094 vitia,
2401 1036 2494 1083 aut
2518 1028 2747 1085 virtutes
2772 1028 2887 1094 alit,
2917 1043 3151 1099 quasque
3186 1028 3242 1083 in
3280 1028 3365 1085 his
3389 1028 3686 1099 plurimum
3715 1045 3821 1085 va-

2217 1120 2313 1186 let,
2361 1135 2484 1177 cum
2516 1120 2713 1193 quibus
2753 1120 2821 1177 ab
2870 1121 3094 1177 ineunte
3137 1128 3298 1176 mtate
3345 1120 3505 1177 simul
3552 1121 3825 1180 creverit.

2218 1212 2416 1287 Optimi
2449 1220 2574 1269 sunt
2609 1212 2676 1268 ad
2707 1211 3103 1268 institutionem
3151 1226 3365 1276 morum
3408 1208 3571 1283 primi
3611 1214 3829 1285 quique

2219 1307 2366 1361 anni.
2398 1304 2607 1360 Habent
2629 1306 2773 1360 enim
2799 1304 2916 1378 [AL
2946 1304 3133 1377 etiam]
3160 1305 3212 1359 in
3236 1320 3297 1360 se
3318 1305 3521 1360 lentum
3553 1305 3827 1376 quiddam

2220 1406 2277 1454 et
2301 1398 2487 1468 molle,
2522 1396 2664 1468 quod
2697 1397 2854 1454 facile
2885 1397 3110 1454 formari
3146 1406 3346 1469 queat:
3371 1408 3538 1468 atque
3571 1399 3641 1467 ad
3666 1399 3827 1453 arbi-

2222 1490 2382 1546 trium
2415 1490 2650 1545 volentis
2684 1488 2825 1546 trahi
2861 1496 2959 1547 :et
2987 1490 3039 1547 in
3069 1490 3285 1547 cunctis
3326 1488 3441 1545 fere
3467 1488 3628 1545 rebus
3655 1490 3829 1545 citius

2221 1583 2552 1639 assuescitur
2579 1597 2739 1638 omne
2768 1581 2912 1652 quod
2944 1591 3190 1639 tenerum
3214 1590 3316 1637 est.
3351 1580 3608 1637 Novellas
3634 1581 3829 1637 adhuc

2222 1683 2278 1731 et
2310 1673 2395 1729 vis
2432 1675 2604 1729 ﬁrma:
2630 1672 2827 1729 radicis
2855 1672 3194 1739 arbusculas,
3226 1671 3355 1728 dum
3377 1671 3446 1727 ad
3475 1686 3693 1728 omnem
3723 1672 3832 1727 dti-

528 1784 672 1852 bunt,
698 1782 867 1839 adhuc
886 1785 1057 1840 sitiant
1082 1787 1101 1858 (
1128 1784 1271 1839 Eccl.
1302 1801 1448 1853 xxrv,
1477 1785 1609 1855 29).
1644 1763 1833 1841 Nullus
1864 1800 2117 1856 umquam

2240 1777 2368 1821 rtum
2398 1780 2659 1839 sequaces
2694 1772 2843 1832 sunt,
2876 1764 2930 1821 in
2973 1764 3275 1837 quamlibet
3316 1773 3524 1835 partem
3565 1763 3711 1820 ﬂecti
3747 1764 3824 1818 fa-

532 1875 727 1932 talibus
755 1877 1005 1948 expletur
1028 1878 1206 1947 epulis
1230 1896 1243 1937 :
1269 1894 1369 1936 nec
1392 1879 1681 1951 aliquando
1704 1881 1907 1951 patitur
1936 1880 2005 1936 de
2033 1896 2120 1935 sa-

528 1967 711 2023 tietate
741 1969 1037 2027 fastidium.
1064 1970 1237 2028 Tanto
1262 1974 1641 2043 unusquisque
1669 1974 1944 2045 capacior,
1972 1981 2122 2029 tanto

527 2062 738 2121 avidior
764 2064 891 2133 erit,
922 2074 1126 2135 quanto
1159 2066 1284 2121 inde
1317 2067 1439 2137 plus
1480 2067 1742 2125 hauserit.
1780 2069 2037 2124 Dominus
2068 2069 2120 2124 iu

533 2154 861 2226 Evangelio:
891 2156 1062 2223 Beati,
1093 2158 1190 2223 ait,
1217 2160 1306 2230 qui
1323 2160 1554 2213 esuriant
1573 2168 1622 2215 et
1641 2158 1821 2215 sitiunt
1835 2161 2123 2231 justitiam:

515 2250 772 2327 quoniam
811 2250 914 2320 ipsi
942 2250 1562 2324 saturabuntarUIfatth.
1597 2268 1653 2319 v,
1687 2252 1783 2321 6),
1820 2254 1939 2308 vult
1975 2252 2122 2309 enim

528 2342 737 2399 esurire
769 2357 868 2397 nos
901 2342 989 2397 hic
1020 2356 1235 2410 semper
1264 2356 1327 2396 ac
1356 2343 1510 2398 sitire
1534 2341 1828 2411 justitiam,
1858 2351 1921 2397 ut
1950 2344 2001 2405 in
2041 2342 2126 2399 fu—

512 2442 676 2507 ‘turo,
704 2430 930 2511 justitize
954 2432 1313 2488 retributione
1344 2434 1623 2490 satiemur.

602 2563 734 2620 Car.
770 2562 1394 2619 Xll.—Consideranda
1421 2564 1505 2619 vis
1541 2564 1659 2634 ipsa
1689 2565 1981 2621 verborum
2014 2574 2122 2631 est,

532 2664 589 2710 et
620 2656 690 2709 ita
723 2656 880 2710 nobis
904 2655 1262 2712 desideranda
1293 2666 1373 2712 est
1393 2656 1602 2726 iustitia
1636 2677 1650 2712 :
1681 2665 1741 2712 ut
1767 2658 1820 2712 in
1849 2657 2013 2723 fame,
2042 2659 2128 2713 vel

532 2748 649 2814 siti,
680 2747 834 2802 cibus
861 2747 1201 2803 desideratur
1223 2763 1284 2803 ac
1308 2760 1487 2818 potus.
1520 2748 1588 2803 Et
1617 2748 1719 2804 hoc
1752 2750 1802 2803 in
1834 2765 2127 2804 commune

518 2841 785 2897 omnibus
816 2850 901 2897 est
929 2841 1214 2897 dicendum
1260 2842 1347 2908 iis,
1377 2841 1467 2912 qui
1495 2841 1622 2896 vita:
1650 2842 1974 2897 immortalis
2004 2857 2128 2911 pro-

534 2937 699 2990 missa
726 2935 1060 2990 desiderant.
1094 2934 1212 2989 Jam
1254 2944 1404 2989 tuum
1447 2942 1530 2989 est
1558 2934 1832 2990 mstimare
1858 2944 2125 3005 quantum

533 3027 721 3083 animo
756 3037 1015 3098 praestare
1038 3026 1241 3082 debeas
1268 3044 1280 3080 :
1307 3042 1429 3096 quae
1458 3026 1682 3097 majoris
1736 3027 1949 3097 praemii
1981 3026 2130 3081 desi-

536 3119 709 3187 derio,
746 3119 864 3189 plus
891 3118 1069 3175 facere
1100 3118 1453 3188 proposuisti,
1479 3134 1638 3188 quam
1664 3118 1750 3174 vel
1782 3118 1918 3173 alias
1949 3118 2129 3172 facere

538 3224 763 3265 necesse
803 3220 907 3264 est.
953 3210 1248 3278 Apostolus
1298 3209 1565 3264 definiens
1614 3208 1817 3263 Christi
1863 3208 2126 3278 virginem

536 3302 707 3373 longe
742 3316 862 3357 eam
913 3303 1185 3373 separavit
1213 3316 1244 3356 a
1279 3311 1444 3373 nupta
1477 3317 1491 3356 :
1530 3310 1586 3357 et
1629 3300 1864 3356 diversis
1910 3301 2127 3366 studiis,

521 3393 931 3465 singularitatis
959 3394 1209 3448 meritum
1236 3392 1582 3463 coniugiique
1617 3390 1801 3447 divisit
1831 3409 1843 3446 :
1870 3390 2127 3464 Innupta,

536 3488 733 3558 inquit,
766 3495 816 3542 et
840 3489 983 3559 virgo
1010 3488 1201 3559 cogitat
1218 3503 1334 3557 qua:
1357 3486 1455 3541 Dei
1475 3495 1592 3541 sunt
1612 3502 1631 3541 :
1651 3486 1910 3556 quomodo
1930 3488 2133 3558 placeat

541 3580 674 3649 Deo,
698 3589 753 3635 ut
775 3582 843 3635 sit
872 3589 1050 3635 sancta
1080 3596 1293 3653 corpore
1320 3590 1370 3633 et
1410 3580 1625 3651 spiritu.
1677 3581 1806 3647 Qua:
1836 3588 2008 3633 autem
2036 3594 2135 3631 mt-

541 3682 630 3743 pta
658 3680 753 3741 est,
777 3673 968 3744 cogitat
996 3688 1113 3743 qua
1132 3681 1255 3727 sunt
1275 3672 1473 3735 mundi,
1505 3673 1764 3736 quomodo
1791 3671 1997 3742 placeat
2025 3671 2136 3724 viro

540 3763 596 3835 (l
616 3763 736 3819 Cor.
771 3779 861 3831 vn,
892 3764 1085 3831 52,55,
1116 3763 1241 3835 54).
1273 3763 1404 3830 Qua:
1432 3777 1664 3833 corpore
1692 3772 1749 3817 et
1778 3763 1975 3833 spiritu
2006 3777 2137 3817 san-

540 3866 627 3911 cta
672 3866 776 3924 est,
831 3871 932 3912 nec
967 3855 1023 3911 in
1064 3856 1345 3922 membris,
1378 3870 1481 3910 nec
1530 3855 1587 3909 in
1637 3862 1822 3910 mente
1850 3854 2137 3925 delinquit.

524 3949 869 4019 [Delinquerc
915 3958 1098 4005 autem
1147 3962 1258 4004 non
1298 3948 1352 4002 in
1399 3961 1564 4003 causa
1614 3945 1883 4002 castitatis
1929 3955 2137 4001 tantum

528 4057 668 4097 «esse
693 4049 892 4112 potest,
923 4040 1021 4097 sed
1057 4041 1220 4097 etiam
1264 4040 1318 4095 in
1342 4053 1685 4110 quacumque
1713 4050 1866 4110 parte
1891 4038 2137 4109 justitiaa.

547 4136 804 4202 Quamvis
841 4136 988 4190 enim
1025 4136 1175 4203 virgo
1199 4149 1451 4201 corpore,
1493 4134 1645 4203 virgo
1696 4134 1768 4187 sit
1815 4133 2053 4202 spiritu:
2088 4139 2143 4187 et

549 4226 923 4294 nihilominus,
957 4235 1052 4280 aut
1079 4226 1351 4294 manibus,
1395 4235 1489 4279 aut
1518 4225 1711 4290 oculis,
1762 4235 1853 4279 aut
1892 4225 2137 4291 auribus,

530 4330 756 4391 peccet,
779 4328 873 4373 aut
899 4319 1115 4387 lingua:
1138 4316 1410 4386 quomodo
1441 4331 1671 4387 corpore
1702 4325 1890 4371 sancta
1911 4316 2140 4372 dicenda

549 4420 635 4467 est
657 4409 778 4483 [AL
804 4418 934 4465 tacet
963 4407 1091 4481 et]?
1114 4409 1322 4464 Deinde
1350 4410 1392 4463 si
1420 4409 1507 4464 vel
1532 4407 1659 4464 odio
1687 4408 1910 4475 inlecta,
1942 4410 2027 4464 vel
2059 4411 2143 4463 ln-

556 4503 699 4557 vidia
719 4546 733 4569 ,
765 4502 845 4557 vel
878 4502 1124 4568 avaritia,
1160 4502 1242 4557 vel
1264 4501 1543 4558 iracundia
1572 4502 1642 4556 sit
1670 4518 1684 4554 :
1712 4501 1988 4572 quomodo
2028 4501 2145 4571 spi-

554 4596 661 4651 ritu
713 4595 925 4651 obtinet
973 4596 1354 4651 sanctitatem?
1394 4596 1534 4651 Etsi
1565 4602 1752 4665 nupta,
1797 4611 1918 4665 qure
1963 4610 2152 4651 amore

532 4706 535 4709 ‘
554 4689 787 4759 conjugii
802 4687 1022 4758 cogitat,
1038 4688 1295 4759 quomodo
1309 4689 1627 4759 placeatviro
1642 4705 1735 4743 suo
1750 4688 1802 4758 (I
1810 4690 1895 4743 bid
1903 4705 2018 4755 .vu,
2036 4689 2152 4761 34):

554 4788 815 4852 quantum
856 4780 1042 4837 liberis
1060 4781 1351 4850 relinquat,
1378 4796 1497 4851 quae
1527 4782 1691 4837 variis
1713 4781 1897 4837 mundi
1936 4782 2156 4837 astricta

559 4875 725 4941 curis,
768 4872 945 4928 rarius
987 4871 1054 4927 ad
1098 4872 1432 4929 voluntatem
1478 4874 1573 4929 Dei
1604 4874 2052 4944 respicitztamen
2089 4871 2158 4929 de

533 4965 799 5036 peccatis
827 4977 1090 5021 excusare
1134 4978 1196 5020 se
1237 4978 1344 5019 non
1376 4971 1554 5034 potest
1579 4982 1591 5017 :
1616 4965 1745 5034 quid
1775 4964 1939 5021 faciet
1964 4963 2118 5034 virgo
2142 4972 2190 5029 ,‘

563 5070 687 5126 qute
734 5055 908 5112 soluta
952 5052 1022 5109 ab
1058 5053 1311 5110 omnibus
1356 5053 1515 5124 hujus
1567 5055 1753 5110 mundi
1802 5054 2163 5125 impedimen-

532 5159 656 5224 -tis,
686 5172 751 5214 ac
782 5157 975 5226 libera,
1009 5156 1249 5213 scholam
1280 5155 1565 5227 quamdam
1610 5157 1877 5214 castitatis
1911 5157 2159 5227 ingressa

530 5266 535 5270 ’
570 5260 693 5319 est?

642 5385 772 5442 Car.
816 5381 1109 5449 XllI.,—-Si
1143 5385 1223 5443 vis
1253 5386 1435 5456 itaque
1481 5386 1740 5458 propositi
1775 5387 1852 5443 tui
1899 5386 2167 5458 magnitu-

572 5490 755 5546 dinem
782 5501 999 5560 aequare
1027 5487 1290 5555 moribus,
1321 5496 1375 5543 et
1404 5503 1504 5560 per
1530 5488 1709 5544 omnia
1739 5488 1852 5545 Deo
1882 5488 2159 5559 copulari:

572 5592 621 5647 si
655 5592 773 5647 leve
812 5606 877 5647 ac
906 5604 1071 5647 suave
1093 5590 1284 5660 jugum
1312 5590 1535 5659 Christi,
1566 5592 1784 5647 suavius
1813 5591 1911 5649 tibi
1955 5591 2162 5647 levius-

573 5706 678 5761 que
708 5693 788 5746 vis
829 5691 1009 5748 facere
1034 5707 1047 5745 :
1073 5704 1218 5747 nunc
1267 5689 1499 5747 maxime
1528 5692 1583 5747 iu
1616 5692 1773 5748 beata
1817 5693 1925 5748 vita
1970 5706 2159 5748 curam

577 5794 829 5863 impende
865 5812 879 5851 :
916 5811 1061 5853 nunc
1105 5794 1285 5864 stude,
1324 5802 1385 5852 ut
1427 5794 1695 5853 calentem
1736 5795 1972 5854 recentis
2004 5795 2166 5853 ﬁdem

2228 1858 2332 1914 cile
2375 1867 2477 1915 est.
2525 1857 2657 1927 Qurc
2704 1866 2897 1913 natura
2945 1857 3261 1928 plerumque
3299 1865 3560 1923 curvatze,
3599 1855 3709 1911 cito
3757 1856 3831 1909 ad

2210 1948 2512 2015 arbitrium
2541 1949 2768 2007 colentis
2796 1950 3167 2022 corriguntur.
3205 1948 3415 2006 Tenera
3446 1949 3565 2022 [ΑΙ.
3593 1948 3689 2004 ad.
3724 1949 3829 2004 ad-

2210 2040 2364 2113 huc]
2395 2051 2448 2097 ct
2485 2040 2675 2113 primae
2722 2040 2897 2096 adhuc
2926 2042 3103 2097 aetatis
3149 2040 3430 2106 animalia,
3470 2042 3586 2095 sine
3637 2039 3836 2095 labore

2226 2134 2437 2191 domari
2466 2135 2662 2190 Solent.
2695 2133 3015 2204 Quantaque
3052 2133 3210 2189 citius
3240 2148 3268 2186 a
3309 2132 3535 2203 vagandi
3570 2132 3837 2187 libertate

2227 2225 2465 2282 dissueta
2508 2236 2671 2280 sunt:
2699 2233 2846 2279 tanto
2886 2224 3097 2280 facilius
3127 2224 3207 2278 vel
3240 2224 3378 2280 colla
3406 2223 3557 2297 jugo,
3590 2223 3683 2278 vel
3711 2223 3835 2279 fre-

2228 2320 2313 2375 nis
2341 2335 2432 2374 ora
2462 2318 2793 2374 insuescunt.
2816 2317 2933 2389 Ipsa
2964 2334 3180 2391 quoque
3209 2318 3511 2373 litterarum
3541 2318 3728 2372 studia
3754 2328 3837 2375 te-

2210 2413 2376 2483 neris
2397 2410 2591 2466 melius
2615 2410 2933 2465 inseruntur
2955 2409 3209 2481 ingeniis.
3232 2409 3398 2481 quue
3422 2410 3635 2480 penitus
3660 2409 3841 2465 inluc-

2228 2520 2352 2563 rere
2377 2505 2629 2561 sensibus
2654 2504 2816 2570 solet,
2848 2503 2989 2575 quod
3023 2503 3271 2574 primitus
3296 2502 3503 2559 sederit
3532 2502 3586 2557 in
3621 2511 3836 2559 mente.

2232 2599 2345 2653 Hoc
2377 2596 2519 2652 idem
2552 2597 2843 2669 plurimum
2872 2596 3036 2652 etiam
3079 2595 3133 2650 in
3172 2596 3312 2652 bene
3356 2595 3572 2652 vivendi
3615 2596 3839 2651 ratione

2230 2690 2563 2747 valetzdum
2611 2688 2787 2746 adhuc
2814 2689 3034 2745 mobilis
3065 2697 3148 2745 est
3176 2698 3329 2755 tetas,
3370 2697 3426 2744 et
3464 2689 3676 2743 animus
3704 2688 3840 2743 duo:

2232 2782 2406 2839 facilis
2440 2800 2451 2837 :
2482 2782 2787 2838 exercenda
2814 2781 2941 2836 boni
2963 2781 3321 2845 consuetudo,
3363 2789 3419 2835 et
3454 2780 3566 2851 jugi
3599 2780 3843 2835 medita-

2233 2874 2379 2929 tione
2409 2873 2780 2929 conﬁrmanda
2817 2882 2922 2930 est.
2955 2871 3338 2944 Occupandum
3371 2882 3453 2927 est
3490 2873 3713 2942 optimis
3746 2887 3843 2927 re-

2231 2968 2335 3023 bus
2362 2967 2634 3038 ingeuium
2673 2985 2684 3021 :
2717 2974 2772 3021 et
2798 2972 3000 3022 sancta:
3026 2966 3464 3019 conversationis
3503 2978 3632 3019 usus
3668 2962 3843 3018 altius

2235 3059 2548 3115 inferendus
2576 3068 2683 3115 est.
2721 3057 2875 3114 Tunc
2902 3073 3034 3113 vero
3064 3057 3131 3113 ad
3176 3058 3527 3129 perfectionis
3556 3056 3839 3127 fastigium

2156 3162 2201 3226 ρ
2236 3151 2453 3205 animus
2481 3149 2727 3205 ascendit
2760 3166 2772 3202 :
2804 3157 2859 3205 et
2897 3148 3071 3218 longae
3103 3147 3513 3203 consuetudinis
3562 3147 3844 3204 beneﬁcio

2236 3245 2404 3301 utitur
2443 3243 2511 3298 ad
2543 3243 2678 3298 bene
2706 3241 2922 3297 vivendi
2971 3241 3306 3296 facultatem.
3335 3241 3402 3295 Et
3433 3242 3664 3295 virtutes
3709 3256 3843 3295 suas

2236 3338 2354 3408 ipse
2383 3337 2549 3393 etiam
2578 3335 2805 3390 miratus
2831 3351 3039 3400 secum,
3063 3333 3297 3404 quodam
3323 3333 3483 3390 modo
3515 3334 3567 3389 in
3591 3349 3652 3390 se
3686 3344 3843 3407 puta—

2235 3429 2314 3484 bit
2344 3439 2527 3483 natum
2562 3442 2685 3482 esse
2720 3425 2863 3495 quod
2895 3425 3087 3481 didicit
3119 3423 3233 3498 [AL
3270 3424 3475 3497 discit].

2308 3522 2437 3577 CAP.
2470 3520 2609 3576 XIV.
2634 3552 2703 3560 —
2724 3520 2974 3591 Respice,
3004 3520 3252 3587 obsecro,
3287 3528 3546 3590 quantum
3579 3532 3607 3571 a
3639 3527 3695 3574 te
3716 3532 3844 3573 san-

2237 3608 2439 3663 etitatis
2462 3607 2584 3661 avia
2630 3613 2909 3677 materque
2946 3610 3291 3674 exspectant;
3316 3619 3433 3675 qua:
3458 3619 3579 3659 cum
3609 3613 3663 3658 te
3687 3604 3844 3674 quasi

2241 3715 2440 3756 novum
2471 3708 2526 3755 et
2553 3700 2764 3756 illustre
2794 3698 3066 3770 quoddam
3102 3697 3283 3753 lumen
3312 3698 3497 3769 generi
3530 3712 3626 3752 suo
3652 3709 3843 3752 natum

2242 3808 2366 3850 esse
2402 3802 2596 3864 putant
2626 3791 2745 3867 [ΑΙ.
2774 3792 3036 3865 putent]:
3080 3808 3221 3850 nunc
3252 3792 3303 3847 in
3339 3803 3390 3847 te
3417 3790 3588 3846 solam
3620 3806 3843 3846 onmem

2242 3902 2431 3943 curam
2461 3887 2624 3941 animi
2661 3885 3091 3941 transtulerunt:
3122 3896 3177 3941 et
3204 3884 3462 3955 propositi
3500 3884 3572 3937 tui
3596 3897 3844 3947 cursum,

2244 3980 2399 4033 miris
2428 3978 2622 4033 studiis
2651 3994 2713 4033 ac
2751 3979 2935 4034 favore
2973 3980 3327 4035 succendunt.
3364 3979 3604 4048 Cumque
3631 3976 3765 4048 ipsae
3798 3986 3847 4032 te

2245 4072 2312 4125 ad
2360 4072 2699 4127 honestatem
2755 4088 2966 4128 morum
3015 4075 3083 4128 ab
3128 4073 3349 4129 ineunte
3390 4080 3545 4127 actate
3578 4070 3851 4126 formave-

2247 4163 2398 4219 rint:
2454 4178 2596 4219 nunc
2643 4178 2674 4216 a
2719 4174 2771 4219 te
2809 4164 2952 4219 vinci
2983 4164 3228 4236 cupiunt,
3281 4173 3531 4235 tuamque
3564 4163 3848 4218 victoriam

2248 4272 2404 4312 suam
2454 4257 2666 4335 laudem
2720 4274 2842 4313 esse
2892 4266 3081 4329 putant
3123 4274 3137 4313 :
3180 4273 3405 4329 quarum
3461 4255 3678 4327 egregia
3719 4271 3850 4323 erga

2250 4349 2419 4404 Deum
2490 4348 2624 4405 ﬁdes
2692 4350 2744 4403 in
2814 4348 3150 4419 professione
3199 4358 3288 4404 tua
3338 4349 3573 4403 maxime
3628 4347 3850 4415 claruit,

2253 4458 2379 4497 cum
2434 4449 2484 4496 te
2525 4440 2634 4512 jam
2667 4442 2871 4512 nuptiis
2903 4450 3292 4513 prteparatam,
3326 4440 3486 4496 simul
3513 4450 3676 4510 atque
3703 4438 3853 4493 aliud

2180 4547 2229 4606 ι)
2258 4532 2396 4587 velle
2428 4531 2771 4602 didicerunt,
2806 4533 2937 4587 mira
2972 4534 3229 4588 continuo
3262 4547 3517 4588 assensus
3542 4532 3854 4593 celeritate.

2256 4624 2324 4679 ad
2367 4624 2420 4679 id
2465 4622 2606 4693 quod
2650 4624 2912 4696 elegeras,
2957 4625 3257 4679 cohortaue
3291 4634 3435 4678 sunt.
3491 4624 3560 4677 Et.
3587 4622 3856 4691 trepidam

2260 4732 2359 4788 pro
2388 4724 2546 4773 actate
2572 4717 2900 4773 sententiam
2921 4764 2935 4787 ,
2963 4718 3257 4773 voluntatis
3282 4733 3393 4772 sure
3418 4718 3742 4773 auctoritate
3768 4716 3860 4771 ﬁr-

2262 4818 2551 4867 maverunt
2575 4829 2585 4863 :
2611 4820 2874 4882 tuumque
2902 4821 3084 4867 votum
3114 4827 3404 4867 commune
3437 4809 3710 4866 fecerunt:
3735 4826 3858 4881 qure

2261 4920 2389 4959 eum
2441 4904 2645 4959 multos
2690 4918 2912 4960 suorum
2961 4905 3012 4959 in
3062 4904 3330 4960 altissimo
3378 4903 3657 4975 dignitatis
3688 4902 3859 4973 gradu

2263 4996 2540 5065 viderint,
2598 4996 2665 5053 de
2708 4998 2858 5053 nullo
2887 4996 2957 5053 ita
2979 5037 2996 5066 ,
3044 5007 3102 5052 ut
3126 4997 3193 5053 de
3224 5005 3278 5053 te
3300 5042 3313 5066 ,
3347 4994 3637 5067 aliquando
3661 4993 3859 5049 laetata:

2265 5098 2411 5147 sunt.
2463 5086 2609 5144 Nihil
2656 5090 2800 5145 enim
2846 5097 2954 5143 tam
3000 5104 3288 5159 magnum,
3332 5087 3463 5143 nihil
3494 5099 3597 5141 tam
3630 5080 3861 5156 praela-

2266 5204 2386 5245 rum
2427 5188 2481 5245 in
2530 5203 2800 5260 quoquam
2848 5188 3120 5245 viderant.
3172 5188 3301 5245 Sola
3328 5188 3527 5261 quippe
3552 5187 3859 5258 praestitisti

2266 5290 2453 5363 generi
2482 5299 2595 5357 tuo,
2626 5289 2771 5361 quod
2802 5289 2963 5362 longa
2992 5298 3142 5347 retro
3168 5301 3331 5345 aetate
3364 5303 3472 5345 non
3505 5288 3711 5345 habuit.
3768 5289 3858 5345 Li-

2268 5401 2358 5448 cet
2380 5390 2614 5448 cdiderit
2638 5391 2807 5447 virilis
2828 5405 2992 5448 sexus
3014 5391 3396 5451 memorabiles
3425 5390 3777 5447 consulatus:
3808 5402 3862 5447 et

2268 5490 2597 5560 amplissimi
2641 5490 2856 5548 ordinis
2904 5492 3076 5547 fastus
3108 5489 3488 5563 [Al.status].
3521 5489 3754 5546 illustris
3781 5488 3863 5544 fa-

2270 5592 2434 5649 miliae
2463 5593 2680 5654 nomina
2727 5591 2981 5663 frequens
3020 5590 3294 5648 audierit:
3326 5588 3462 5645 nihil
3492 5604 3745 5660 umquam
3778 5597 3861 5645 ta-

2270 5710 2396 5752 men
2434 5696 2489 5751 in
2526 5710 2728 5767 genere
2764 5702 2947 5751 vestro
2974 5693 3079 5750 hoc
3111 5702 3206 5749 tuo
3234 5693 3446 5747 honore
3476 5692 3573 5746 fuit
3601 5700 3859 5760 praestan—

2272 5799 2404 5869 tius,
2431 5798 2524 5871 qui
2552 5815 2660 5856 non
2689 5797 2960 5871 corporali
3009 5797 3135 5855 albo
3164 5796 3287 5867 [ΑΙ-
3309 5792 3452 5864 alvo]
3472 5830 3487 5861 ,
3515 5790 3611 5847 sed
3641 5791 3695 5846 in
3721 5789 3864 5844 libri
