3916 6288
162 326 226 404 ,29
1099 332 1376 392 PELAGII
1413 335 1506 394 an
1545 329 2054 392 nsummannu
2087 329 2454 405 EPISTOLA.

3355 331 3466 394 ὅθ’

162 435 414 504 memoriae
459 442 782 501 immortalis
827 442 1070 504 insertus
1097 457 1200 505 est.
1248 447 1384 506 Cum
1410 448 1725 518 exceperint
1749 448 1800 514 Α
1827 456 1882 502 et
1909 460 2015 504 non
2033 445 2273 512 auxisse,
2305 444 2575 516 culpabile
2605 453 2708 502 est.
2749 444 2865 504 Non
2895 446 3019 502 ideo
3046 447 3227 518 aliqua
3263 461 3420 518 putes

163 535 234 597 illi
279 541 564 595 theatrales
610 548 727 595 toto
775 541 908 596 orbe
948 541 1169 610 plausus
1211 559 1224 597 :
1269 541 1730 613 miraqueaccla-

168 634 328 691 mandi
351 633 754 704 conspiratione
784 634 1016 704 insignia
1046 635 1333 692 consulum
1372 621 1564 692 merita
1589 678 1604 704 ,
1637 635 1730 691 lte-

171 737 265 782 tum
306 729 487 799 vulgus
529 727 907 800 expresserit:
959 719 1118 796 longe
1168 737 1344 784 tamen
1399 728 1476 785 tui
1506 727 1730 784 honoris

169 828 239 874 est
263 819 415 889 gloria
448 818 646 890 major,
675 835 796 892 quae
823 819 1077 892 gaudium
1107 821 1159 876 in
1186 820 1343 878 cwlis
1374 820 1532 886 fecit,
1562 837 1729 892 ange-

169 914 319 988 lisquc
345 915 606 969 la-titiam.
640 914 744 970 Per
776 924 828 970 te
862 915 1008 970 enim
1042 929 1148 970 non
1178 915 1543 972 meretriculae
1575 915 1729 971 locu-

171 1007 430 1076 pletantur,
475 1006 572 1062 sed
624 1005 845 1060 aluntur
873 1005 1118 1078 virgines
1157 1006 1400 1064 Christi:
1436 1023 1542 1062 non
1571 1023 1732 1068 vena-

171 1109 243 1153 tor
283 1107 334 1154 et
366 1099 554 1169 auriga
598 1098 866 1165 ditantur,
921 1098 1016 1155 sed
1058 1108 1431 1157 sustentantur
1467 1116 1733 1171 pauperes

169 1191 363 1247 Christi.
413 1192 492 1246 Ad
520 1192 866 1250 consulatum
905 1207 1094 1248 eorum
1124 1192 1355 1250 diversa:
1386 1193 1550 1248 totius
1580 1193 1733 1250 orbis

171 1285 462 1356 provincia},
506 1285 573 1342 ad
602 1286 739 1358 quas
759 1285 952 1341 domus
979 1294 1180 1342 vestrae
1205 1273 1448 1356 potentia
1483 1286 1736 1342 extendi-

172 1388 260 1448 tur,
289 1379 596 1453 peregrinas
643 1378 784 1434 feras
827 1387 883 1434 et
912 1377 1096 1450 ignota
1125 1378 1382 1436 animalia
1416 1377 1737 1434 transmisev

167 1481 308 1541 runt,
339 1488 454 1542 qua:
482 1471 724 1526 crudi-lis
750 1473 1133 1555 arenagsolum
1164 1472 1248 1531 vel
1278 1485 1379 1527 suo
1402 1513 1415 1535 ,
1439 1471 1525 1526 vel
1560 1471 1736 1550 homi-

171 1580 275 1619 num
299 1565 559 1636 sanguine
596 1574 970 1622 cruentarent.
1013 1565 1094 1621 Ad
1125 1573 1176 1622 te
1206 1581 1337 1621 vero
1364 1565 1556 1622 electa:
1587 1582 1736 1637 (μιξε-

170 1674 256 1728 que
300 1658 537 1728 virgines
592 1659 883 1714 mittuntur
925 1675 938 1713 :
987 1673 1120 1728 quas
1163 1669 1218 1713 tu
1275 1657 1734 1728 pretiosissimum

170 1766 337 1805 munus
373 1750 573 1806 offeras
599 1750 712 1806 Deo
735 1791 751 1817 ,
798 1759 998 1821 tuoque
1025 1751 1283 1820 exemplo
1312 1749 1381 1806 ad
1415 1758 1732 1822 perpetuam

1832 538 2230 596 contemnenda
2257 555 2378 600 esse
2402 539 2654 600 mandata
2672 581 2687 604 ,
2712 540 2839 612 quia
2865 540 3070 598 leviora
3097 551 3241 598 sunt.
3291 543 3427 600 Tam

1830 637 1975 704 enim
1995 635 2228 694 maxima
2252 635 2346 690 illa
2366 649 2525 704 quam
2553 635 2774 693 minima
2793 649 2820 689 a
2848 635 2958 690 Deo
2986 635 3250 706 imperata
3271 644 3425 696 sont:

1829 736 1886 795 et
1916 735 2266 796 contemptus
2294 725 2686 798 cujuscumque
2718 727 2972 796 praecepti
2999 770 3014 796 ,
3063 726 3430 808 praecipientis

1833 820 2032 888 injuria
2071 828 2174 875 est.
2205 818 2364 876 Unde
2394 819 2584 876 beatus
2624 818 2826 877 Paulus
2863 819 3095 884 clamat,
3138 827 3194 878 et
3222 818 3428 878 docet:

1836 913 2025 970 Omnia
2056 912 2209 984 facite
2244 913 2354 969 sine
2377 911 2790 969 murmuratione
2819 919 2865 966 et
2889 909 3247 967 hmsttatione:
3275 920 3331 966 ut
3357 911 3431 966 si-

1835 1007 1899 1059 tis
1926 1003 2418 1075 irrepreltcnsibiles,
2445 1013 2494 1057 et
2517 1003 2775 1075 simplices
2794 1045 2812 1070 ,
2840 1001 2973 1056 sicut
3001 1000 3099 1073 ﬁlii
3131 1000 3226 1058 Dei
3246 1002 3431 1060 t'mmav

1835 1097 1995 1152 rulati
2019 1138 2036 1164 ,
2087 1097 2144 1154 in
2186 1097 2357 1151 medio
2399 1095 2623 1152 nationis
2667 1110 2839 1167 prava:
2878 1103 2924 1150 et
2970 1109 3221 1165 perversa:
3247 1108 3266 1149 :
3296 1078 3466 1150 inter.

1832 1208 1963 1268 quos
2005 1189 2186 1250 lucetis
2215 1189 2348 1244 sicut
2377 1187 2659 1248 luminaria
2705 1188 2760 1243 in
2803 1185 2902 1244 hoc
2939 1185 3137 1242 munda
3166 1183 3338 1259 (Phil.
3364 1199 3424 1255 tt,

1837 1281 1926 1347 tt,
1959 1283 2073 1353 ιδ).
2682 1347 2686 1352 _

1907 1375 2038 1436 Car.
2068 1374 2207 1432 XVI.
2233 1403 2303 1417 --
2331 1373 2688 1432 Remoremur
2717 1371 2804 1428 hic
2826 1411 2845 1441 ,
2878 1370 3032 1442 virgo
3058 1409 3074 1435 ,
3112 1368 3386 1444 paulisper
3412 1385 3428 1424 :

1836 1482 1890 1526 et
1914 1467 2342 1540 pretiosissimas
2389 1466 2713 1538 margaritas
2739 1506 2753 1532 ,
2784 1464 2982 1534 quibus
3010 1460 3322 1520 exornanda
3348 1466 3434 1516 est

1836 1579 2036 1634 sponsa
2059 1561 2287 1628 Christi,
2309 1577 2408 1632 per
2427 1557 2636 1630 singula
2662 1557 2909 1630 Apostoli
2929 1555 3094 1614 verba
3117 1567 3429 1626 pensemus.

1841 1659 2059 1723 Omnia,
2090 1655 2297 1726 inquit,
2332 1656 2507 1725 facite.
2549 1651 2664 1708 Non
2695 1650 2843 1708 enim
2873 1649 3024 1720 quasi
3055 1649 3124 1704 ad
3147 1648 3431 1706 arbitrium

1838 1760 2108 1816 nostrum,
2141 1748 2388 1821 qutedam
2411 1763 2478 1804 ex
2503 1745 2768 1802 mandatis
2796 1743 2890 1798 Dei
2918 1743 3182 1798 debemus
3206 1741 3430 1811 eligere,

169 1858 401 1912 provoces
430 1841 738 1898 castitatem
764 1859 777 1896 :
807 1857 914 1900 non
946 1842 1041 1897 tibi
1069 1883 1084 1912 ,
1116 1841 1214 1898 sed
1246 1851 1422 1898 tecum
1453 1843 1585 1909 Deo,
1615 1858 1728 1906 ser-
1765 1831 1806 1898 Β
1839 1845 1933 1902 sed
1959 1844 2290 1915 generaliter
2321 1842 2578 1896 universa
2621 1837 2918 1907 complere.
2948 1834 3057 1890 Nec
3081 1835 3261 1905 aliqua
3286 1847 3434 1904 prte-

169 1935 369 1992 ritnras.
402 1933 531 1990 llmc
557 1933 913 2006 professionis
945 1942 1049 1990 tute
1074 1935 1246 2004 gloria
1278 1949 1498 1999 rumore
1531 1933 1736 1991 celebri

169 2028 354 2098 vulgata
391 2035 476 2082 est
518 2043 615 2100 per
663 2034 893 2082 cunctos
916 2068 932 2092 ,
974 2034 1028 2082 et
1055 2025 1128 2080 ita
1161 2026 1229 2082 ad
1257 2026 1732 2082 conversationem

170 2119 259 2189 [ΑΙ.
285 2115 718 2191 conversionem]
759 2126 906 2173 tuam
928 2110 1086 2176 totus
1113 2119 1409 2176 exsultavit
1437 2118 1588 2173 orbis
1613 2160 1628 2185 ,
1678 2126 1738 2173 ut

167 2213 290 2282 quod
319 2229 425 2283 pra:
459 2213 667 2284 ingenti
698 2210 895 2280 gaudio
922 2211 1010 2266 vix
1033 2211 1210 2266 adhuc
1237 2210 1483 2268 homines
1509 2208 1736 2282 credere

168 2313 414 2375 poterant,
451 2304 504 2360 id
535 2320 756 2376 semper
784 2304 1074 2368 videantur
1099 2313 1342 2375 optasse.
1392 2303 1620 2360 Multum
1649 2303 1734 2358 his

162 2398 306 2453 initiis
331 2440 344 2464 ,
397 2401 625 2454 multum
677 2397 834 2454 fama:
883 2407 988 2454 tua:
1028 2397 1199 2454 odore
1239 2397 1513 2468 suspensi,
1547 2413 1736 2454 omnes

163 2493 335 2547 mirum
388 2495 452 2547 de
497 2501 549 2549 te
574 2493 760 2547 nescio
791 2491 918 2564 quid
949 2490 1139 2547 audire
1168 2490 1504 2548 desiderant.
1548 2491 1616 2548 Et
1645 2489 1735 2560 qui

163 2585 488 2654 profectionis
515 2594 621 2640 tua:
651 2599 962 2656 cognovere
990 2581 1245 2640 virtutem
1273 2599 1288 2639 :
1335 2597 1482 2638 nunc
1515 2596 1737 2640 conver~

159 2678 368 2734 sationis
395 2687 734 2748 exspectant.
787 2673 843 2732 ln
873 2672 925 2732 te
954 2691 1099 2747 nunc
1129 2685 1252 2746 puta
1282 2684 1605 2736 cunctorum
1636 2691 1735 2732 ora

161 2772 431 2846 oculosque
473 2786 817 2839 conversos,
869 2781 924 2826 et
968 2771 1032 2828 ad
1075 2770 1445 2840 spectaculum
1475 2770 1601 2830 vitae
1630 2779 1734 2828 tua:

163 2870 307 2916 totum
350 2861 674 2917 consedisse
722 2861 1005 2916 mundum.
1052 2855 1228 2926 Cave.
1258 2879 1326 2916 ne
1353 2873 1525 2940 perte
1554 2871 1732 2917 tanto-

162 2969 259 3009 rum
288 2955 457 3010 anirni
495 2955 840 3011 offenduntur
871 2973 885 3012 :
922 2970 1020 3012 nec
1058 2957 1238 3012 minus
1276 2957 1330 3011 in
1368 2966 1420 3013 te
1457 2957 1737 3014 inveniant

158 3064 295 3118 quam
322 3048 431 3124 [ΑΙ.
465 3049 609 3122 qute]
641 3049 944 3121 requirunt.
993 3049 1196 3107 Verum
1239 3049 1366 3120 quid
1409 3065 1514 3121 ego
1552 3057 1731 3106 tecum

157 3141 211 3196 de
239 3141 545 3198 hominibus
595 3143 700 3214 ago
719 3183 734 3206 ,
756 3157 1054 3214 eorumque
1085 3143 1154 3200 de
1182 3151 1235 3202 te
1265 3145 1729 3214 exspectationem

1840 1950 1995 2011 cepta
2021 1938 2138 2008 ejus
2160 1934 2312 2005 quasi
2335 1933 2463 1990 vilia
2487 1933 2805 1988 munuscula
2834 1943 2900 1986 ac
2920 1943 3083 1997 parva
3105 1934 3428 1982 contemne-

1841 2047 1899 2088 re
1922 2047 1938 2088 :
1961 2029 2056 2085 sed
2081 2026 2399 2097 imperantis
2429 2025 2481 2078 in
2504 2022 2765 2081 omnibus
2790 2019 3130 2090 maiestatem
3154 2017 3423 2088 aspicere.

1837 2121 2055 2178 Nullum
2079 2117 2278 2189 quippe
2315 2115 2635 2170 mandatum
2677 2113 2776 2169 Dei
2815 2109 3228 2180 contemptibile
3277 2104 3435 2162 nobis

1841 2213 2012 2270 videri
2050 2219 2258 2283 potest,
2291 2207 2343 2264 si
2377 2207 2495 2278 ejus
2527 2221 2744 2276 semper
2785 2204 3087 2274 cogitemus
3129 2212 3431 2265 auctorem,

1837 2311 1957 2365 sine
1979 2304 2413 2363 murmuratione
2438 2313 2493 2356 et
2527 2298 2890 2356 haesitatione.
2923 2295 3073 2372 Viles
3095 2293 3435 2366 etignobiles

1835 2401 2095 2460 dominos
2117 2398 2292 2465 palam
2316 2394 2592 2452 contemni
2619 2393 2869 2448 videmus
2889 2406 2918 2446 a
2940 2388 3173 2445 servulis
3196 2404 3213 2444 :
3246 2385 3435 2458 eisque

1839 2494 1906 2552 ad
1929 2493 2151 2550 minima
2175 2503 2405 2561 quaeque
2425 2496 2695 2559 praecepta
2727 2485 2784 2541 in
2804 2481 2998 2540 faciem
3029 2480 3206 2538 resisti
3230 2478 3431 2535 solere.

1837 2589 1908 2646 At
1955 2587 2063 2644 hoc
2108 2586 2164 2642 in
2209 2595 2475 2654 personas
2523 2579 2738 2638 nobiles
2771 2578 2885 2648 jam
2938 2590 3045 2634 non
3083 2571 3432 2632 admittitur:

1837 2688 2149 2748 quantoque
2187 2675 2528 2746 potentiores
2569 2670 2816 2738 domini,
2841 2676 2997 2724 tanto
3024 2665 3169 2723 servi
3209 2664 3277 2720 ad
3306 2665 3439 2720 obe-

1838 2770 2100 2831 dientiam
2138 2769 2433 2837 proniores
2473 2774 2638 2820 sunt:
2667 2777 2903 2832 cumque
2935 2760 3253 2818 difficiliora
3284 2771 3430 2827 prte-

1835 2865 2066 2933 cipiunt,
2115 2860 2374 2918 libentius
2417 2857 2738 2914 audiuntur.
2774 2852 2938 2912 Certe
2977 2852 3044 2908 ad
3075 2851 3224 2924 regis
3262 2849 3438 2918 impe-

1836 2957 1979 3012 rium
2004 2994 2024 3024 ,
2072 2954 2142 3010 ita
2187 2965 2379 3008 omnes
2407 2949 2583 3020 parati
2617 2955 2776 3014 sunt,
2819 2953 2878 3004 et
2905 2945 2959 3002 in
2989 2944 3278 3014 procinctu
3306 2940 3440 2998 obe-

1837 3048 2054 3106 dientite
2100 3043 2430 3112 constituti,
2475 3039 2725 3098 utetiam
2763 3046 2954 3109 optent
2983 3036 3181 3107 iuberi.
3231 3034 3304 3108 Et
3325 3046 3435 3089 non

1837 3142 2012 3198 solum
2037 3140 2176 3199 bene
2206 3135 2504 3198 meriturus
2531 3148 2656 3192 esse
2685 3148 2744 3188 se
2765 3130 3019 3198 credunt,
3052 3128 3099 3184 si
3115 3131 3265 3197 iussa
3292 3125 3441 3183 fece-

157 3235 210 3287 λιι
242 3211 678 3293 cobet-tationem
723 3247 866 3293 tuam
913 3211 1113 3293 traho?
1163 3238 1308 3294 Deus
1338 3211 1453 3307 ipse
1488 3239 1729 3294 omnium
1757 3211 1804 3272 θ
1842 3235 1979 3301 rint,
2011 3232 2107 3289 sed
2138 3241 2410 3300 tamquam
2437 3227 2550 3298 jam
2587 3226 2921 3294 meruissent
2939 3221 3084 3294 quod
3112 3220 3252 3290 jnssi
3283 3226 3434 3281 sunt.

156 3339 317 3385 rector
357 3344 422 3385 ac
469 3330 765 3395 Dominus,
812 3344 936 3386 cum
978 3332 1124 3384 omni
1170 3330 1488 3403 angelorum
1540 3330 1732 3388 militia

156 3431 414 3479 certamen
445 3435 600 3484 tuum
623 3433 832 3496 spectat
856 3442 870 3482 :
914 3425 1006 3482 tibi
1051 3433 1238 3482 contra
1267 3425 1546 3484 diabolum
1573 3427 1731 3484 dimi-

156 3514 282 3570 canti
303 3524 459 3588 parat
482 3516 801 3572 aeternitatis
822 3532 1104 3583 coronam,
1126 3527 1180 3574 et
1200 3517 1424 3575 cmleste
1449 3521 1733 3590 praemium

157 3606 562 3663 incitamentum
595 3608 838 3663 victoria:
866 3607 1013 3664 facit.
1071 3608 1208 3668 Huic
1239 3616 1391 3668 tanto
1420 3611 1736 3680 spectaculo

156 3698 263 3754 vide
289 3716 450 3770 quem
484 3700 748 3766 animum,
782 3715 944 3770 quam
976 3700 1179 3759 debeas
1210 3699 1406 3758 eflerre
1439 3703 1692 3758 virtutem
1719 3721 1732 3758 :

158 3803 202 3848 et
223 3796 534 3851 certaminis
578 3794 1008 3867 magnitudinem
1055 3795 1123 3858 de
1163 3796 1529 3868 spectantium
1561 3798 1737 3868 digni-

159 3901 253 3949 tate
276 3893 488 3949 metire.

219 3987 582 4046 Car.XV.—
609 3987 737 4044 Haec
771 3987 954 4060 itaque
989 3987 1084 4047 tibi
1127 3988 1182 4044 in
1227 3989 1330 4044 hoc
1369 4002 1544 4058 agone
1601 3989 1736 4044 suh-
1775 4053 1778 4056 λ

160 4081 320 4136 eundo
350 4080 620 4154 praecipua
655 4097 781 4136 cura
810 4083 877 4135 sit
907 4099 916 4134 :
956 4081 1047 4137 hic
1067 4081 1273 4152 primus
1314 4083 1622 4144 accinctus,
1662 4083 1740 4138 in-

162 4175 474 4230 ternecionis
516 4174 718 4232 bellum
758 4174 959 4231 virtute
1007 4175 1333 4240 devincere,
1365 4185 1418 4234 et
1447 4175 1734 4234 adversum

161 4263 341 4321 diaboli
394 4277 576 4322 eaStra
608 4267 660 4320 in
703 4266 883 4324 omnia
928 4276 1196 4340 praecepta
1235 4267 1334 4326 Dei
1365 4267 1586 4337 jurare:
1639 4282 1740 4323 nec

164 4359 520 4416 tantummodo
563 4358 840 4415 declinare
883 4358 1052 4430 vetita
1076 4400 1091 4424 ,
1123 4359 1220 4416 sed
1247 4359 1400 4430 jussa
1436 4360 1738 4430 coniplere.

1842 3330 1912 3386 ita
1963 3342 2062 3397 pro
2106 3325 2371 3396 dignitate
2425 3321 2797 3392 praecipientis
2849 3316 3136 3374 servitium
3183 3311 3434 3370 beneﬁcii

1843 3425 1967 3480 loco
1991 3424 2229 3482 ducitur.
2272 3419 2442 3478 Nobis
2462 3432 2594 3472 vero
2619 3417 2762 3472 Dens
2792 3415 2929 3484 ipse,
2958 3419 3164 3468 aeterna
3195 3409 3288 3464 illa
3318 3422 3440 3462 ma-

1835 3517 2012 3587 jestas
2035 3512 2326 3572 inetfabtlis
2346 3517 2510 3580 atque
2531 3504 2926 3564 intestimabilis
2951 3509 3224 3571 potestas:
3249 3512 3438 3554 sacras

1844 3612 2051 3670 litteras
2075 3617 2130 3664 et
2155 3621 2282 3662 vere
2305 3601 2613 3661 adorandus
2643 3607 3044 3668 praeceptorum
3069 3607 3294 3650 suorum
3322 3607 3439 3660 apt-

1827 3718 1937 3761 .ces
1962 3701 2146 3768 mittit,
2179 3710 2235 3756 et
2263 3714 2371 3754 non
2398 3697 2582 3752 statim
2615 3709 2743 3750 cum
2763 3688 2963 3763 gaudio
2989 3703 3055 3744 ac
3080 3685 3436 3744 veneratione

1844 3795 2214 3866 suscipimus:
2265 3805 2366 3846 nec
2420 3803 2520 3858 pro
2567 3799 2764 3856 magno
2819 3781 3070 3839 ducimus
3129 3777 3436 3840 beneficio,

1848 3899 2013 3946 tanta:
2040 3901 2105 3942 ac
2133 3895 2242 3941 tam
2271 3882 2498 3940 illustris
2525 3879 2806 3951 potestatis
2837 3875 3123 3944 imperium
3152 3890 3164 3926 :
3199 3870 3437 3926 maxime

1845 3997 1969 4039 cum
1999 3994 2106 4038 non
2134 3977 2377 4048 iubentis
2405 3974 2668 4045 qumritur
2695 3967 3074 4036 commodum,
3102 3965 3201 4023 sed
3229 3963 3436 4020 utilitas

1845 4070 2196 4144 obsequentis
2240 4069 2358 4141 [ΑΙ.
2388 4061 2837 4135 subsequentis],
2879 4075 3069 4118 verum
3124 4055 3437 4113 econtrario

1846 4165 2132 4224 fastidiose
2173 4176 2236 4216 ac
2287 4159 2520 4216 remisso
2558 4159 2741 4211 animo
2767 4195 2782 4220 ,
2811 4153 3170 4226 superborum
3201 4164 3435 4220 nequam

1847 4271 2128 4322 servorum
2161 4269 2312 4314 more
2341 4295 2356 4318 ,
2389 4253 2442 4309 in
2475 4266 2539 4307 os
2582 4249 2798 4304 Domini
2841 4246 3203 4304 reclamamus
3227 4252 3283 4299 et
3305 4242 3439 4298 dici-

1850 4369 1970 4410 mus
1996 4371 2012 4410 :
2043 4352 2243 4407 Durum
2271 4355 2358 4406 est
2379 4390 2394 4414 ,
2426 4344 2660 4402 arduum
2693 4351 2776 4398 est
2804 4385 2818 4410 ,
2848 4355 2958 4396 non
2991 4352 3309 4410 possumus,
3343 4337 3440 4390 ho-

163 4445 331 4522 Neque
359 4451 507 4507 enim
549 4452 642 4511 tibi
691 4439 804 4523 [ΑΙ.
834 4427 935 4505 (ac.
972 4449 1099 4522 tibi]
1128 4427 1332 4508 sufficit
1362 4465 1392 4506 a
1418 4427 1578 4508 malis
1600 4453 1739 4506 otio-
1849 4445 2026 4502 mines
2055 4457 2266 4507 sumus,
2291 4438 2464 4509 fragili
2487 4450 2656 4492 carne
2684 4432 3109 4523 circumdamur.
3235 4441 3437 4523 taceam

165 4520 262 4598 tam
288 4559 411 4601 esse
439 4585 454 4610 ,
487 4545 532 4600 si
563 4520 736 4600 otiosa
767 4543 931 4600 fueris
960 4559 989 4598 a
1027 4520 1222 4600 bonis:
1256 4559 1382 4606 cum
1405 4543 1492 4600 lex
1522 4543 1617 4600 Dei
1644 4542 1742 4600 du-
1773 4605 1808 4610 _
1852 4535 2152 4592 insaniam!
2201 4531 2245 4588 0
2289 4529 2572 4603 profanam
2598 4523 3004 4584 temeritatem!
3035 4520 3252 4590 Duplici
3282 4520 3439 4592 igno-

163 4635 271 4706 plici
296 4638 675 4696 mandatorum
709 4653 912 4708 genere
939 4637 1192 4694 distincta
1224 4639 1330 4703 sit,
1362 4646 1416 4693 et
1445 4637 1585 4698 mala
1616 4652 1740 4707 pro-
1769 4605 1822 4668 D
1848 4628 2023 4686 ranlia
2068 4637 2389 4682 accusauit“
2434 4622 2606 4680 Deum
2651 4617 2896 4676 εεὶθηῑὶω
2922 4657 2940 4683 .
2986 4625 3045 4674 υῑ
3075 4615 3439 4708 νὶάθίδῑιρῂηθ·

164 4727 338 4788 bibens
363 4774 380 4802 ,
432 4732 574 4788 bona
620 4707 856 4802 imperet
891 4747 905 4788 :
974 4741 1137 4800 atque
1183 4729 1270 4787 ab.
1317 4739 1546 4801 utraque
1595 4739 1746 4800 parte
1846 4723 1988 4782 scire
2015 4719 2160 4792 quod
2189 4718 2349 4784 fecit,
2386 4716 2600 4774 nescire
2634 4713 2778 4784 quod
2803 4712 3002 4784 jussit:
3031 4708 3191 4802 quasi
3233 4707 3437 4764 oblitus

164 4801 519 4896 contemptum
565 4825 647 4882 sui
691 4801 859 4881 vetet.
899 4823 1017 4878 Non
1057 4823 1203 4882 enim
1243 4823 1417 4878 solum
1440 4822 1532 4880 ille
1557 4835 1747 4878 servus
1848 4813 2156 4887 fragilitatis
2181 4813 2452 4873 humanae.
2482 4809 2640 4878 cujus
2671 4816 2864 4862 auctor
2887 4806 3005 4876 ipse
3027 4809 3134 4896 est,
3168 4801 3446 4896 imposue-

149 4911 481 4994 'contempsit
512 4917 798 4972 Dominum
826 4957 842 4984 ,
885 4917 974 4987 qui
1008 4913 1278 4986 prohibita
1313 4912 1538 4981 fecerit,
1570 4913 1666 4969 sed
1695 4921 1749 4968 et

166 5010 243 5082 qui
262 5013 412 5084 jussa
444 5027 549 5066 non
585 5010 796 5067 fecerit.
842 5009 994 5066 Dicta
1033 5023 1061 5063 a
1101 5008 1258 5064 nobis
1290 5008 1450 5080 paulo
1477 5016 1604 5066 ante
1624 5023 1748 5066 sen-

167 5102 316 5160 tentia
343 5116 432 5162 est
460 5121 474 5159 :
501 5103 681 5158 Omnis
697 5101 853 5158 arbor
874 5116 991 5173 quae
1008 5117 1110 5156 non
1136 5101 1257 5168 facit
1281 5103 1504 5171 fructum
1531 5099 1742 5166 bonum,

166 5195 436 5263 excidatur,
452 5204 502 5250 et
523 5196 577 5248 in
597 5195 765 5265 ignem
789 5194 1016 5250 mittetur
1037 5192 1215 5265 (Matt.
1242 5208 1338 5261 vn,
1364 5191 1476 5263 19).
1505 5193 1565 5248 Ει
1597 5191 1746 5250 blan-

166 5285 330 5344 dimur
378 5288 537 5345 nobis
576 5286 623 5344 si
671 5287 826 5346 malis
874 5285 1141 5343 fructibus
1174 5303 1278 5342 non
1311 5301 1623 5358 graventur,
1655 5286 1745 5355 qui

169 5375 445 5440 damnandi
488 5395 719 5449 sumus,
762 5380 806 5436 si
865 5394 895 5435 a
933 5379 1090 5436 bonis
1132 5380 1348 5438 steriles
1387 5379 1746 5436 manserimus

171 5467 336 5544 (Im.
364 5472 572 5547 xv,2)?
615 5473 774 5530 Juxta
826 5475 965 5530 hanc
992 5472 1427 5544 intelligentiam,
1464 5472 1749 5528 abscindct

169 5563 317 5625 Pater
373 5585 588 5627 omnem
631 5567 904 5638 palmitem
951 5568 1181 5624 fruetum
1235 5582 1340 5624 non
1381 5567 1648 5623 ferentem
1697 5566 1748 5620 in

171 5657 316 5720 Pilio.
368 5663 439 5720 Et
461 5662 552 5734 qui
576 5672 860 5734 acceptum
887 5661 1150 5718 talentum
1179 5661 1232 5717 in
1263 5660 1483 5716 sudario
1512 5660 1746 5716 abscon-

169 5751 273 5822 dit,
319 5757 475 5827 quasi
518 5753 726 5811 inutilis
751 5770 946 5811 servus
991 5763 1046 5811 et
1073 5771 1340 5827 nequam,
1379 5753 1668 5810 damnatur
1717 5767 1747 5808 a

170 5845 390 5908 Domino
427 5847 606 5920 (Matt.
634 5863 760 5918 xxv,
790 5847 908 5924 διο).
967 5847 1080 5906 Nec
1122 5848 1386 5908 minuisse
1423 5848 1618 5918 solum,
1653 5846 1746 5906 sed

1852 4910 1925 4970 rit
1952 4906 2156 4964 homini
2189 4903 2440 4960 mandata
2467 4916 2588 4973 quae
2626 4900 2770 4956 ferre
2801 4913 2908 4954 non
2937 4895 3128 4969 possit.
3161 4891 3446 4962 Simulque

1850 5000 2024 5075 (proh
2077 4997 2302 5067 nefas!)
2360 4993 2685 5053 ascribimus
2729 4991 3074 5063 iniquitatem
3115 4987 3300 5059 justo,
3354 4983 3448 5056 pio

1854 5094 2275 5154 crudelitatem:
2324 5089 2451 5148 dum
2502 5103 2628 5145 eum
2664 5087 2844 5160 primo
2873 5082 3214 5157 impossibile
3241 5078 3444 5152 aliquid

1857 5187 2178 5259 praecepisse
2207 5182 2598 5255 conquerituur
2628 5200 2642 5235 :
2671 5178 2869 5237 deinde
2916 5192 3016 5250 pro
3056 5175 3145 5234 his
3187 5173 3449 5231 damnan-

1855 5280 1986 5336 dum
2018 5288 2270 5350 putamus
2299 5275 2573 5332 hominem
2599 5315 2614 5341 ,
2663 5272 2732 5328 ab
2764 5286 2831 5330 eo
2861 5285 2980 5341 qua:
3003 5267 3178 5324 vitare
3198 5282 3307 5324 non
3352 5279 3451 5336 po-

1858 5373 1998 5430 tuit:
2030 5380 2090 5428 ut
2127 5369 2303 5444 (quod
2329 5368 2492 5424 etiam
2533 5363 2800 5437 suspicari
2842 5361 3190 5434 sacrilegium
3219 5356 3339 5430 est)
3371 5356 3451 5412 vi-

1857 5466 2050 5522 deatur
2098 5463 2238 5519 Deus
2287 5475 2393 5516 non
2441 5468 2549 5515 tam
2599 5457 2838 5514 salutem
2890 5466 3136 5514 nostram
3187 5451 3449 5523 quaesisse

1855 5573 2014 5630 quam
2062 5569 2294 5626 pmnam.
2348 5553 2531 5622 Itaque
2577 5549 2888 5620 Apostolus,
2942 5548 3121 5602 sciens
3151 5561 3182 5601 a
3217 5544 3444 5598 Domino

1848 5649 2076 5721 justitiue
2116 5662 2180 5704 ac
2224 5644 2525 5716 majestatis
2574 5642 2705 5700 nihil
2752 5639 3089 5712 impossibile
3136 5650 3262 5692 esse
3298 5648 3443 5705 pra:-

1853 5751 2099 5814 ceptum,
2147 5739 2328 5796 aufert
2357 5753 2386 5793 a
2422 5737 2580 5794 nobis
2610 5738 2799 5792 vitium
2829 5729 3222 5789 murmurandi.
3285 5728 3441 5795 Quod

1821 5847 1983 5899 .tunc
2003 5838 2187 5913 utique
2228 5836 2378 5896 nasci
2426 5836 2607 5904 solet,
2653 5847 2776 5891 cum
2804 5838 2899 5888 aut
2947 5825 3130 5898 iniqua
3162 5832 3292 5882 sunt
3318 5839 3440 5895 qua:
