3916 6288
534 330 601 389 51

1570 330 1631 389 S.
1673 330 2060 389 lllERONYMl
2097 328 2388 391 OPERUM
2429 332 2826 393 MANTISSA.’

3787 335 3868 392 52

531 445 817 516 iubentur,
876 451 968 500 aut
1014 442 1255 516 jubentis
1312 444 1493 500 minus
1542 444 1701 517 digna
1744 459 1977 516 persona
2024 455 2129 501 est.
2159 442 2299 506 Aes
2324 463 2337 500 :
2367 446 2453 503 cui
2486 462 2591 503 non
2617 456 2724 504 tam
2751 446 3070 520 expellenda
3107 455 3234 505 sunt
3260 448 3387 505 vitia
3413 490 3427 515 ,
3477 464 3646 522 quam
3681 448 3867 507 refe!-

540 541 682 609 Quid
732 541 1156 612 tergiversantur
1181 539 1453 597 incassum
1479 586 1493 611 ,
1517 550 1572 596 et
1600 539 1939 612 praecipienti
1964 555 2136 611 oppo-

539 638 722 693 nimus
745 645 949 691 naturtc
981 634 1363 705 fragilitatem?
1402 634 1575 691 Nemo
1603 635 1776 705 magis
1810 636 1959 690 novit
1987 650 2139 691 men-

544 744 729 785 suram
755 728 949 783 virium
976 736 1286 782 nostrarum
1311 769 1327 795 ,
1379 742 1538 797 quam
1571 727 1661 799 qtti
1689 726 1833 798 ipsas
1863 727 2011 784 vires
2042 743 2140 783 no-

541 821 628 878 bis
673 820 842 877 dedit.
882 818 993 875 Nec
1021 820 1307 890 quisquam
1340 819 1534 875 melius
1573 826 1832 889 quantum
1865 819 2140 889 possimus

541 912 831 985 intelligit,
880 926 1043 981 qnam
1101 912 1194 981 qui
1244 910 1417 982 ipsam
1464 911 1719 967 virtutem
1762 910 1921 966 nobis
1966 910 2139 967 nostri

541 1008 665 1081 [Αι.
703 1014 835 1062 tacet
879 1005 1089 1077 nostri]
1134 1019 1294 1076 posse
1341 1003 1582 1061 donavit.
1648 1003 1760 1060 Nec
1804 1004 2141 1075 impossibile

542 1100 744 1173 aliquid
772 1099 945 1155 voluit
968 1098 1084 1171 [AL
1109 1096 1316 1169 potuit]
1346 1097 1617 1168 imperare
1636 1137 1650 1163 ,
1682 1096 1775 1168 qui
1800 1096 1984 1167 justus
2015 1106 2139 1162 est;

543 1209 648 1252 nec
669 1194 1022 1250 damnaturus
1053 1189 1328 1247 hominem
1358 1190 1500 1258 fuit,
1546 1204 1646 1261 pro
1688 1204 1756 1247 eo
1800 1190 1943 1262 quod
1975 1190 2144 1247 vitare

545 1302 656 1343 non
686 1287 882 1356 potuit,
914 1284 1005 1354 qui
1037 1283 1161 1352 pius
1189 1291 1294 1339 est.

552 1378 563 1385 ⁷
621 1380 753 1435 Car.
785 1376 952 1433 XVII.
983 1406 1055 1421 ι-
1079 1376 1338 1448 Sequitur
1364 1395 1377 1432 :
1406 1375 1476 1433 Ut
1518 1377 1631 1431 sitis
1674 1376 2145 1449 irreprehensibiles

549 1485 599 1532 et
625 1473 884 1543 simplices
915 1471 982 1527 ad
1013 1486 1232 1528 omnem
1260 1486 1470 1527 morum
1503 1470 1917 1541 perfectionem.
1964 1467 2144 1525 Unum

553 1568 658 1623 hoc
682 1565 931 1621 sufficere
955 1565 1178 1620 verbum
1210 1571 1410 1634 potest,
1441 1562 1586 1634 quod
1622 1562 1786 1618 etiam
1810 1562 1865 1616 in
1887 1560 2147 1632 episcopo

550 1658 800 1730 eligendo
853 1658 995 1713 Deus
1041 1657 1210 1728 quaeri
1237 1656 1409 1727 jubet.
1443 1649 1615 1724 Q‘uam
1648 1653 1792 1710 enim
1819 1653 2149 1725 cireumSpe-

550 1760 636 1808 cta
664 1753 777 1807 vita
805 1759 889 1807 est
915 1791 929 1815 ,
970 1764 1131 1820 quam
1180 1759 1367 1804 sancta
1395 1756 1508 1815 est,
1541 1763 1663 1819 quas
1689 1746 1824 1803 nihil
1853 1750 2148 1819 reprehen-

2240 539 2431 596 lenda!
2466 541 2597 611 Qua:
2626 543 2809 614 utique
2848 559 2956 599 non
2987 543 3265 617 suscipere
3291 543 3502 602 facilius
3531 554 3641 613 est,
3681 561 3865 619 quam

2239 635 2410 690 semel
2438 646 2683 708 suscepta
2708 636 3005 708 deponere.

2310 727 2441 785 Car.
2470 726 2852 787 XVlll.—-Nec
2870 745 2998 786 vero
3019 745 3208 787 eorum
3232 740 3378 787 tanta
3398 730 3631 789 dulcedo
3657 740 3777 799 est,
3806 741 3872 788 ut

2242 836 2304 877 ea
2322 821 2616 877 debeamus
2638 823 2897 893 prmferre
2919 824 3229 894 virtutibus,
3249 840 3370 882 cum
3393 840 3496 882 nec
3512 827 3567 882 in
3591 826 3869 882 omnibus

2242 913 2315 969 sit
2356 913 2732 972 delectationis
2779 915 3059 984 illecebra,
3090 927 3145 974 et
3190 934 3219 971 a
3252 919 3527 990 plerisque
3557 934 3620 975 ea
3653 920 3866 983 etiam,

2242 1022 2366 1078 quae
2394 1007 2650 1064 videntur
2695 1008 3036 1076 dulcissima,
3069 1020 3417 1082 respuantur.
3454 1012 3572 1069 Duo
3605 1028 3869 1083 namque

2243 1108 2469 1156 suntex
2506 1099 2763 1157 omnibus
2789 1102 2941 1171 vitia,
2970 1118 3088 1173 qua:
3133 1103 3375 1159 maxime
3406 1103 3661 1159 homines
3708 1103 3869 1159 deci-

2248 1192 2403 1262 piunt
2453 1190 2538 1249 sui
2564 1192 2860 1264 voluptate,
2890 1194 3012 1263 gula
3042 1195 3251 1251 scilicet
3285 1210 3349 1253 ac
3376 1196 3564 1262 libido,
3592 1212 3723 1267 qua:
3764 1197 3867 1252 de-

2244 1298 2453 1355 ponere
2482 1298 2550 1340 eo
2577 1282 2858 1339 difficilius
2884 1293 2988 1352 est,
3030 1300 3138 1357 quo
3168 1287 3248 1343 eis
3281 1287 3357 1342 uti
3388 1287 3601 1343 dulcius
3649 1294 3777 1352 est;
3811 1296 3873 1342 et

2246 1385 2427 1432 tamen
2460 1376 2576 1432 haec
2602 1375 2731 1432 vitia
2763 1385 2868 1431 tam
2924 1377 3182 1446 molesta,
3216 1386 3437 1451 tamque
3485 1379 3871 1436 delectatione

2247 1470 2329 1525 sui
2358 1468 2691 1540 periculosa,
2721 1469 2793 1524 ita
2820 1485 2849 1524 a
2877 1469 3063 1525 multis
3103 1470 3302 1526 calcari
3348 1470 3608 1539 vidimus,
3644 1479 3710 1526 ut
3746 1479 3867 1525 tota

2250 1571 2409 1619 aetate
2438 1562 2677 1631 virgines
2724 1563 3128 1633 permanserint
3158 1562 3212 1618 in
3256 1578 3466 1619 summa
3494 1562 3869 1618 abstinentia.

2247 1652 2321 1711 Ut
2350 1654 2415 1709 de
2448 1653 2551 1709 illis
2586 1661 2811 1722 taceam,
2839 1670 2959 1725 qua:
2990 1664 3114 1724 post
3141 1654 3459 1711 deliciarum
3490 1655 3719 1725 longum
3752 1653 3869 1708 llu-

2252 1760 2379 1801 xum
2410 1744 2518 1817 [Αἰ.
2546 1744 2846 1817 luxum],et
2876 1746 3236 1801 inveteratum
3268 1762 3425 1802 usum
3457 1746 3729 1816 libidinis,
3767 1762 3870 1801 ca-

554 1844 725 1900 sionis
766 1844 1021 1899 incurrit!
1095 1842 1228 1911 Quis
1265 1850 1444 1897 autem
1489 1839 1730 1896 sanctior
1775 1849 1955 1911 potest
2003 1856 2145 1910 esse,
2180 1830 2228 1892 B
2253 1838 2422 1892 stitati
2462 1851 2525 1891 ac
2554 1837 2926 1905 temperantia:
2953 1853 3013 1892 se
3040 1837 3292 1893 dederint
3324 1855 3338 1904 ;
3371 1846 3425 1893 et
3454 1848 3756 1911 utrumque
3784 1839 3871 1893 vi-

556 1950 720 2007 quam
749 1935 863 2005 qui,
891 1949 1036 1989 verte
1065 1930 1431 2002 simplicitatis
1463 1932 1716 1987 virtutem
1750 1942 1962 2001 tenens,
1990 1948 2151 1988 num-

559 2042 719 2098 quam
747 2025 892 2082 aliud
918 2024 1083 2083 corde
1107 2024 1393 2096 promittit,
1420 2023 1565 2078 aliud
1586 2038 1687 2079 ore
1719 2024 1979 2095 vultuque
2001 2041 2152 2081 men-

559 2123 710 2177 titur.
767 2120 917 2177 Sicut
944 2119 1043 2189 ﬁlii
1074 2117 1172 2175 Dei
1200 2116 1539 2172 immaculati.
1582 2116 1697 2172 Non
1725 2126 1809 2173 est
1837 2120 2153 2173 exhortatio

557 2212 956 2277 vehementior,
1004 2225 1164 2282 quam
1210 2225 1317 2281 qua
1365 2223 1467 2264 nos
1500 2208 1781 2278 Scriptura
1802 2208 1984 2263 divina
2014 2209 2154 2265 filios

561 2308 659 2365 Dei
707 2316 886 2364 vocat.
938 2303 1071 2372 Quis
1119 2302 1267 2358 enim
1314 2316 1421 2356 non
1471 2300 1797 2363 erubescat.
1848 2310 1903 2355 et
1949 2308 2155 2356 metuat

560 2407 712 2456 tanto
746 2405 900 2467 patre
945 2408 1108 2465 agere
1157 2391 1357 2461 aliquid
1402 2390 1684 2460 indignum
1706 2431 1719 2453 .
1749 2399 1809 2446 ut
1835 2391 1924 2460 qui
1956 2390 2156 2447 dicitur

564 2490 661 2545 Dei
689 2488 854 2552 illius,
881 2487 999 2555 ipse
1027 2481 1301 2539 efficiatur
1330 2482 1445 2538 vitii
1472 2482 1702 2538 servus?
1731 2483 1797 2537 Et
1830 2481 2037 2538 idcirco
2060 2483 2157 2538 ad-

558 2578 755 2651 jungit,
792 2578 862 2633 Ut
891 2577 1050 2631 simus
1082 2574 1419 2628 immaculati.
1446 2572 1632 2643 Neque
1653 2574 1796 2627 enim
1829 2572 1937 2645 [ΑΙ.
1969 2573 2156 2647 etiam]

564 2669 822 2728 convenit
860 2669 916 2724 in
963 2666 1093 2724 filiis
1143 2667 1273 2734 Dei,
1323 2666 1448 2738 quia
1496 2668 1614 2736 ipse
1640 2677 1725 2721 est
1752 2666 1874 2723 fons
1907 2667 2156 2737 justitim,

563 2764 773 2836 peccati
812 2761 1079 2817 maculam
1112 2759 1367 2831 reperiri.
1414 2757 1481 2812 In
1511 2759 1681 2814 medio
1708 2759 1934 2816 nationis
1962 2776 2156 2832 praraz,

567 2870 615 2916 et
640 2876 929 2932 perversae,
982 2859 1085 2913 hoc
1133 2867 1217 2913 est
1262 2856 1481 2912 dicere:
1532 2855 1790 2923 Quamvis
1826 2855 2029 2912 infinita
2062 2872 2160 2914 vos

566 2955 752 3024 cingat
806 2952 1145 3021 peccantium
1211 2948 1540 3015 multitudo,
1604 2956 1660 3002 et
1712 2948 1995 3003 innumera
2050 2948 2162 3005 sint

570 3046 819 3114 exempla
849 3044 1139 3099 vitiorum:
1190 3056 1287 3096 vos
1317 3050 1499 3097 tamen
1539 3040 1610 3094 ita
1640 3040 1883 3096 cmlestis
1912 3041 2163 3095 nativita-

573 3138 644 3193 tis
686 3150 962 3192 memores
992 3148 1117 3191 esse
1142 3133 1358 3189 debetis
1383 3174 1397 3199 ,
1438 3142 1499 3187 ut
1526 3132 1665 3186 inter
1692 3132 1863 3187 malos
1890 3132 2156 3199 viventes,

573 3246 738 3286 omne
785 3230 983 3284 malum
1012 3226 1264 3283 vincatis.
1313 3224 1460 3280 Inter
1497 3241 1625 3296 quos
1655 3225 1868 3292 lucetis,
1904 3225 2007 3295 ait,
2035 3229 2166 3281 sicut

576 3321 857 3377 luminaria
905 3321 961 3373 in
1008 3318 1104 3372 Itoc
1149 3317 1367 3371 mundo.
1416 3316 1485 3371 Et
1532 3331 1747 3371 rursum
1788 3317 1842 3370 in
1875 3315 2169 3387 Evangelio

573 3414 801 3485 legimus
825 3427 840 3466 :
877 3410 1021 3464 Tum:
1039 3410 1173 3482 justi
1202 3407 1473 3481 fulgebunt
1500 3406 1722 3462 sicutsol
1746 3408 1801 3461 in
1826 3423 1983 3480 regno
2006 3409 2169 3478 patris

576 3523 754 3563 eorum
778 3503 959 3578 (Matt.
985 3503 1122 3571 χιιι).
1163 3502 1525 3571 Comparatur
1566 3501 1675 3557 vita
1708 3503 1960 3571 praemio,
1994 3513 2052 3558 ut
2081 3504 2171 3573 qui

578 3599 631 3653 in
661 3597 841 3653 futuro
882 3596 1013 3652 solis
1044 3595 1250 3667 fulgore
1276 3593 1511 3649 donandi
1545 3601 1703 3661 sunt,
1755 3592 1844 3649 hic
1864 3594 1977 3663 jam
2006 3594 2174 3650 simili

575 3692 798 3763 iustitiae
826 3689 1072 3746 claritate
1103 3686 1518 3759 resplendeant,
1558 3694 1614 3742 et
1638 3686 1934 3741 infidelium
1965 3688 2178 3743 caecita-

582 3793 731 3853 tem,
782 3785 1036 3855 operibus
1083 3768 1384 3838 sanctitatis
1408 3781 1732 3836 illuminent.
1782 3779 1919 3835 Huic
1940 3779 2060 3836 loco
2089 3780 2178 3838 ille

582 3896 775 3938 sensus
797 3879 1064 3952 aptandus
1091 3887 1176 3934 est
1196 3919 1212 3945 ,
1250 3892 1412 3948 quem
1439 3876 1505 3930 ad
1530 3873 1839 3930 Corinthios
1869 3872 2009 3929 idem
2034 3877 2179 3943 Apo-

585 3976 759 4031 SIolus
784 3975 1079 4039 disserens,
1111 3971 1184 4026 ait
1209 3988 1221 4024 :
1249 3970 1369 4024 Alia
1397 3970 1610 4024 claritas
1631 3967 1777 4032 solis,
1810 3967 1916 4020 alia
1967 3965 2179 4020 claritas

587 4068 755 4133 lance,
800 4070 904 4122 alia
950 4067 1160 4120 claritas
1206 4064 1497 4120 stellarum.
1541 4062 1711 4119 Stella
1752 4070 1926 4115 autem
1961 4076 1996 4114 a
2028 4060 2182 4115 stella

588 4158 761 4226 differt
783 4159 839 4213 in
869 4159 1125 4223 claritate,
1148 4158 1221 4211 sic
1249 4166 1294 4210 et
1316 4155 1618 4211 resurrectio
1644 4162 1966 4209 mortuorum
1990 4152 2034 4226 (Ι
2056 4150 2177 4207 Cor.

595 4272 689 4320 xv,
722 4255 785 4310 4|
800 4295 815 4321 ,
836 4254 949 4325 42).
977 4253 1231 4323 DiSpares
1255 4258 1383 4305 sunt
1411 4250 1462 4305 in
1487 4263 1655 4320 regno
1673 4248 1933 4304 emlorum
1948 4262 2047 4318 per
2068 4247 2182 4303 sin-

596 4350 842 4420 gnlorum
870 4348 1061 4404 merita
1082 4347 1412 4402 mansiones.
1459 4342 1755 4398 Diversitas
1775 4342 1915 4396 enim
1934 4355 2181 4412 operum,

592 4441 959 4496 diversitatem
974 4440 1095 4494 facit
1113 4438 1483 4509 prmmiorum:
1507 4441 1871 4505 quantumque
1888 4432 2083 4505 aliquis
2098 4432 2185 4488 hic

597 4534 651 4589 in
682 4534 968 4588 sanctitate
997 4530 1243 4597 fulserit,
1278 4540 1483 4584 tantum
1512 4526 1584 4582 ibi
1615 4525 1838 4596 fulgebit
1868 4524 1924 4579 in
1955 4523 2181 4579 honore.

598 4625 752 4681 Nunc
795 4640 926 4693 ergo
955 4622 1021 4679 ad
1066 4637 1282 4678 onmem
1324 4637 1533 4676 mortnn
1568 4618 1950 4691 perfectionem
1990 4617 2188 4672 mentis

595 4718 766 4772 aciem
784 4714 1020 4781 intende,
1036 4713 1166 4770 etad
1186 4713 1407 4769 cmleste
1428 4712 1707 4783 praemium
1731 4710 2007 4766 ecelestem
2021 4709 2186 4763 vitam

594 4824 747 4881 para.
794 4807 1159 4877 Rcsplendeat
1188 4805 1436 4861 ontnibus
1458 4803 1742 4859 clarissimi
1774 4802 1828 4858 in
1865 4800 2082 4856 modum
2116 4799 2190 4856 si-

595 4902 743 4958 deris
766 4900 1026 4957 sanctitas
1048 4899 1269 4969 virginis
1296 4915 1310 4953 :
1345 4906 1399 4954 et
1431 4898 1595 4953 futuri
1624 4894 1833 4967 praemii
1861 4892 2191 4964 magnitudi-

600 5010 745 5062 nem,
779 4994 848 5050 de
875 4993 1112 5047 novitate
1140 4992 1579 5047 conversationis
1610 4989 1877 5044 ostendat.
1921 4987 2037 5044 Tibi
2062 4984 2193 5041 faci-

598 5088 702 5143 lior
733 5089 783 5142 in
816 5087 971 5142 bonis
1001 5099 1194 5141 cursus
1221 5091 1340 5153 est,
1380 5099 1537 5155 quam
1570 5082 1831 5138 malorum
1876 5081 2037 5135 animi
2065 5093 2192 5134 con-

598 5180 830 5237 suctudo
859 5196 969 5235 non
1002 5180 1217 5235 retinet.
1248 5178 1357 5234 Nec
1384 5177 1637 5232 timemus
1668 5190 1735 5230 ne
1764 5185 1815 5230 te
1844 5189 1872 5227 a
1903 5173 2191 5227 virtutibus

597 5277 726 5333 vitia
768 5274 1082 5341 retardent,
1129 5281 1185 5329 et
1225 5272 1458 5343 maligna
1498 5269 1695 5326 diaboli
1743 5268 1951 5324 semina
1991 5263 2192 5322 Christi

599 5370 809 5441 frugem
836 5375 1048 5423 necent.
1103 5366 1235 5420 Nam
1262 5367 1305 5420 si
1334 5367 1495 5420 etiam
1524 5364 1599 5418 illi
1630 5363 1723 5434 qui
1753 5362 1912 5433 longo
1936 5360 2194 5432 peccandi

599 5464 943 5533 usu,bonum
969 5458 1368 5529 quodammodo
1390 5457 1622 5512 obruere
1651 5467 1875 5521 natura},
1905 5452 2195 5509 instaurari

606 5575 701 5630 per
734 5553 1104 5628 ptenitentiam
1151 5558 1415 5621 possunt:
1470 5559 1526 5605 et
1578 5557 1783 5603 mutata
1812 5547 2087 5601 voluntate
2112 5546 2196 5600 vi-

603 5650 762 5703 vendi
783 5689 798 5713 ,
842 5643 1289 5703 consuetudinem
1319 5640 1713 5697 consuetudine
1740 5638 2106 5710 exstinguere,
2136 5652 2198 5694 ac

610 5740 798 5808 optimi
827 5739 1024 5809 quique
1056 5734 1162 5810 [AL
1191 5733 1423 5805 quoque]
1448 5733 1517 5788 de
1543 5732 1795 5803 pessimis
1812 5731 1930 5787 fieri
1956 5748 1967 5783 ;
2001 5736 2202 5799 quanto

607 5832 779 5903 magis
818 5841 873 5887 tu
904 5843 1055 5904 potes
1085 5829 1171 5885 illa
1203 5842 1466 5901 superare
1500 5842 1530 5882 a
1562 5826 1758 5898 quibus
1802 5831 2054 5896 superata
2094 5841 2201 5883 non

2255 1928 2433 1997 tium;
2484 1930 2759 1986 contraria
2802 1930 2908 1986 sibi
2953 1930 3154 1987 virtute
3207 1934 3560 1988 mutaverint.
3605 1932 3869 1989 Aliorum

2253 2038 2386 2079 vero
2415 2024 2670 2079 vitiorum
2699 2033 2782 2079 est
2802 2024 2958 2096 longe
2979 2024 3195 2081 diversa
3232 2027 3395 2093 ratio,
3422 2043 3543 2099 quae
3574 2043 3701 2085 eum
3727 2028 3869 2084 nihil

2257 2113 2493 2170 habeant
2537 2113 2917 2185 iucunditatis,
2948 2124 3127 2173 tamen
3156 2116 3264 2190 [Αἰ.
3291 2117 3422 2191 tam]
3447 2120 3678 2175 multum
3708 2136 3871 2175 ama-

2257 2207 2512 2263 ritudinis
2563 2207 2786 2276 habent,
2819 2224 3049 2281 quaeque
3098 2226 3220 2266 cum
3275 2212 3343 2267 ad
3378 2212 3657 2269 vitandum
3684 2216 3870 2272 multo

2257 2298 2368 2352 sint
2389 2297 2655 2366 faciliora,
2683 2312 2812 2354 raro
2834 2314 2865 2355 a
2890 2300 3086 2371 quibus
3109 2301 3368 2370 vitentur,
3392 2304 3655 2362 invenies.
3689 2307 3867 2376 Quid,

2259 2405 2358 2446 oro
2400 2400 2474 2455 te,
2521 2390 2726 2459 invido,
2755 2392 3137 2451 delectationis
3175 2406 3396 2467 praestat
3435 2398 3660 2466 invidia,
3693 2417 3867 2473 quem

2261 2486 2492 2542 secretis
2520 2486 2844 2558 quibusdam
2895 2490 3246 2546 conscientiae
3298 2493 3511 2565 ungulis
3561 2494 3705 2550 livor
3747 2498 3872 2566 ipse

2262 2578 2527 2651 decerpit,
2562 2589 2615 2635 et
2638 2580 2869 2636 alienam
2913 2580 3226 2639 felicitatem
3271 2594 3599 2642 tormentum
3629 2587 3750 2659 eius
3788 2587 3871 2642 fa-

2218 2742 2219 2745 η
2264 2669 2543 2738 cit‘tQuid
2573 2686 2707 2727 vero
2734 2675 2873 2728 alter
2921 2673 2991 2728 ab
3034 2673 3160 2731 odio
3204 2677 3469 2733 mercedis
3509 2679 3727 2750 accipit,
3758 2681 3870 2735 n'si

2266 2761 2559 2819 horribiles
2601 2764 2801 2819 animae
2833 2766 3106 2835 tenebras,
3136 2778 3192 2823 et
3219 2769 3463 2828 confusae
3489 2773 3685 2829 mentis
3738 2775 3872 2830 hor-

2267 2856 2491 2911 rorem?
2528 2857 2633 2925 Qui
2658 2858 2807 2913 vultu
2837 2874 3054 2930 semper
3098 2861 3392 2934 animoque
3422 2874 3711 2933 mmrente,
3738 2879 3874 2923 voto

2265 2963 2376 3018 quo
2396 2948 2553 3004 alteri
2575 2950 2690 3005 vult
2720 2966 2944 3020 nocere,
2970 2955 3210 3025 scipsnm
3240 2959 3447 3014 cruciat
3471 2960 3653 3028 iQuid
3680 2971 3871 3017 autem

2270 3040 2535 3098 iracundo
2565 3042 2715 3100 furor
2735 3060 2866 3101 suus
2892 3046 3128 3116 confert,
3161 3065 3321 3121 quem
3351 3053 3663 3109 saevissimis
3678 3058 3875 3126 exagi-

2272 3138 2444 3187 latum
2470 3133 2708 3189 stimulis
2756 3136 3133 3205 conscientize,
3164 3139 3235 3193 ita
3261 3140 3331 3197 ab
3361 3143 3503 3197 omni
3550 3144 3778 3201 consilio
3804 3162 3873 3203 ac

2274 3223 2743 3294 mentedeturbat,
2774 3236 2831 3281 ut
2850 3227 2977 3283 dum
3003 3229 3277 3298 irascitur,
3306 3233 3544 3292 insanire
3572 3236 3873 3293 credatur?

2276 3317 2543 3374 Similiter
2581 3335 2744 3377 curre
2765 3336 2861 3392 per
2888 3324 3119 3395 singula,
3151 3325 3514 3387 inveniestot
3535 3331 3732 3386 anima:
3757 3340 3873 3387 tor-

2276 3420 2457 3465 menta
2488 3421 2619 3481 quot
2657 3413 2785 3468 vitia
2820 3430 2977 3485 :quzn
3006 3418 3189 3488 utique
3219 3433 3287 3475 eo
3317 3419 3529 3477 facilius
3576 3424 3717 3479 vinci
3744 3440 3874 3495 pos-

2279 3510 2430 3569 sunt,
2459 3518 2567 3573 quo
2594 3505 2740 3560 nulla
2768 3505 2998 3562 illieiunt
3022 3522 3121 3563 nos
3148 3511 3443 3582 voluptate.
3492 3514 3703 3581 Quanto
3731 3516 3872 3572 illud

2277 3594 2582 3663 difficilius,
2639 3607 2846 3668 quanto
2891 3599 3111 3670 durius,
3156 3610 3217 3658 ut
3259 3603 3330 3660 de
3380 3606 3643 3662 eaStitatis
3680 3608 3873 3665 labore

2284 3696 2515 3756 taceam,
2548 3688 2825 3748 abstinere
2866 3707 2896 3745 a
2937 3693 3064 3749 vino
3093 3696 3476 3768 carnibusque,
3509 3699 3627 3770 ipso
3651 3717 3869 3771 quoque

2281 3780 2446 3837 etiam
2492 3783 2633 3846 oleo,
2681 3792 2736 3839 et
2767 3785 2928 3841 vilem
2968 3787 3088 3844 sine
3136 3787 3223 3845 his
3268 3791 3448 3846 cibum
3499 3803 3621 3863 post
3648 3794 3874 3853 biduum

2284 3873 2557 3929 interdum
2575 3875 2939 3948 triduumque,
2966 3880 3056 3934 vix
3073 3895 3267 3952 capere
3284 3882 3297 3936 l
3322 3882 3719 3955 fractajejuniis
3738 3889 3874 3960 vigi-

2290 3965 2485 4035 liisque
2510 3967 2777 4036 membra,
2809 3967 3044 4025 fomenta
3074 3971 3251 4029 balnei
3277 3982 3649 4045 contemnere,
3681 3993 3874 4036 neces-

2284 4058 2457 4113 sarias
2486 4073 2574 4115 res
2624 4075 2827 4133 negare
2871 4065 3111 4136 corpori,
3143 4074 3197 4121 et
3225 4065 3331 4123 vim
3355 4071 3643 4140 quamdam
3673 4072 3875 4131 inferre

2293 4159 2501 4206 naturzc
2529 4153 2541 4205 !
2580 4153 2656 4207 Da
2681 4163 2881 4210 tantam
2907 4157 2959 4211 in
2989 4157 3201 4215 cmteris
3226 4162 3653 4232 magnitudinem
3681 4168 3873 4235 animi,

2286 4252 2340 4298 et
2358 4244 2482 4300 vide
2506 4246 2635 4317 quid
2660 4262 2766 4304 non
2790 4250 2967 4321 possis
2987 4253 3225 4310 efficere.
3242 4255 3348 4312 Sed
3372 4271 3492 4323 nos,
3508 4261 3642 4331 proh
3664 4262 3871 4330 pudor!

2289 4339 2524 4406 quadam
2548 4340 2908 4398 delectatione
2932 4346 3164 4413 peccati,
3187 4362 3312 4403 cum
3356 4348 3413 4404 in
3438 4350 3754 4420 quibusdam
3786 4369 3875 4409 os-

2290 4429 2566 4487 tendimus
2596 4432 2883 4502 quamdam
2912 4435 3020 4491 vim
3054 4446 3262 4495 naturtc
3292 4448 3515 4508 nostrai,
3546 4442 3599 4496 in
3625 4443 3741 4498 aliis
3765 4460 3876 4501 om-

2291 4524 2421 4581 nino
2451 4528 2834 4598 torpeseimus,
2865 4538 2922 4586 et
2949 4531 3039 4602 qui
3068 4532 3375 4605 voluptates
3416 4535 3677 4606 corporis,
3707 4537 3875 4594 virtu-

2298 4627 2407 4673 tum
2436 4634 2623 4676 amore
2669 4625 3122 4695 contempsimus,
3154 4641 3371 4683 rursum
3416 4642 3605 4685 amore
3631 4628 3873 4688 vitiorum

2295 4720 2565 4767 tormenta
2603 4714 2951 4786 suscipimus.
2993 4717 3171 4789 Atque
3214 4719 3286 4775 ita
3315 4719 3472 4775 malis
3499 4722 3694 4777 nostris
3731 4724 3875 4779 cedi-

2301 4820 2442 4872 mus,
2481 4815 2540 4861 ut
2579 4822 2641 4863 ea
2692 4824 2794 4864 nec
2835 4818 3086 4881 putemus
3127 4826 3291 4882 posse
3326 4812 3545 4883 deponi.
3577 4814 3722 4882 Quod
3748 4816 3869 4883 hoc.

2294 4915 2510 4972 quaeso,
2544 4902 2863 4975 consilium,
2895 4921 3143 4977 quantam
3173 4907 3291 4964 haec
3330 4923 3464 4962 nova
3495 4910 3697 4965 vivendi
3739 4914 3872 4967 ratio

2290 4995 2406 5051 est?
2427 4994 2537 5052 Res
2552 4996 2805 5054 difficiles
2832 5008 2887 5054 et
2905 4999 3107 5054 laboris
3132 5000 3322 5071 plenas
3341 5014 3565 5056 securus
3582 5003 3867 5073 aggredior,

2294 5099 2348 5145 et
2380 5089 2623 5145 faciliora
2675 5104 2782 5145 non
2842 5104 3000 5160 posse
3032 5091 3150 5147 fieri
3197 5092 3385 5148 credo.
3434 5092 3606 5148 Vinco
3628 5095 3869 5161 maxima,

2292 5184 2598 5241 vincendos
2625 5199 2655 5239 a
2689 5184 2894 5255 parvis.
2917 5185 3173 5253 Excelsa,
3198 5195 3256 5243 et
3283 5186 3449 5243 ardua
3475 5186 3763 5244 indefessus
3784 5206 3875 5246 cx-

2306 5294 2525 5348 supero,
2553 5287 2610 5335 ct
2656 5295 2777 5335 cum
2810 5280 3024 5335 venitur
3064 5281 3131 5335 ad
3184 5280 3363 5349 plana,
3392 5280 3607 5336 deficio.
3634 5280 3873 5337 Libenter

2304 5372 2447 5444 fugio
2476 5374 2615 5443 quod
2645 5373 2905 5442 delectat,
2936 5383 2991 5431 et
3019 5375 3146 5430 nolo
3173 5376 3345 5431 vitare
3367 5376 3509 5447 quod
3538 5376 3754 5433 cruciat.
3780 5378 3875 5434 Ve.-

2306 5483 2427 5523 rum
2460 5468 2577 5524 haec
2603 5483 2795 5526 eorum
2819 5478 2969 5533 sunt,
2997 5467 3116 5539 qui,
3142 5467 3235 5523 Dei
3268 5468 3546 5525 voluntate
3562 5478 3871 5540 contempta,

2305 5560 2357 5615 id
2391 5560 2568 5615 solum
2596 5570 2806 5631 petunt,
2838 5561 2982 5631 quod
3015 5560 3230 5617 laudem
3272 5562 3480 5617 facilius
3503 5561 3717 5629 invenit,
3741 5562 3871 5632 quod

2304 5653 2413 5709 cito
2438 5653 2552 5708 exit
2580 5653 2633 5709 in
2662 5652 2859 5707 famam
2896 5668 3150 5710 :morum
3196 5669 3328 5710 vero
3377 5655 3519 5709 bona
3566 5667 3682 5723 quae
3705 5669 3871 5709 secre-

2312 5747 2450 5801 tiora
2480 5756 2604 5801 sunt
2633 5746 2930 5816 negligunt.
2955 5747 3036 5802 Tu
3063 5761 3219 5815 vero,
3244 5760 3363 5817 qua:
3385 5745 3606 5801 calcasti
3633 5747 3870 5801 mundum

2321 5852 2378 5898 et
2405 5839 2871 5911 conettpisccntias
2897 5838 3037 5911 ejus,
3070 5848 3151 5908 ut,
3192 5840 3398 5898 calcato
3428 5853 3518 5908 co,
3551 5837 3755 5910 gradum
3785 5836 3871 5895 tibi
