3916 6288
160 225 213 283 83
1065 220 1343 282 PELAGli
1381 216 1475 279 AD
1512 218 2031 283 DEMETRIADEM
2069 218 2433 282 EPISTULA.
3329 229 3402 294 34

155 337 402 413 quemdam
438 336 758 397 ascendendi
784 337 853 397 ad
880 338 1080 397 omium
1112 341 1345 407 faceres,
1366 337 1556 396 mundi
1585 339 1705 412 glo-
1727 343 1780 405 Α
1806 342 2067 399 ctionem.
2093 342 2394 414 Scriptura:
2416 358 2627 401 memor
2652 344 2941 417 esto,'quai
2958 345 3130 404 dicit:
3156 346 3278 405 Non
3308 350 3410 407 eris

154 434 265 491 riam
290 448 354 492 ne
376 435 613 506 requiras
642 433 749 507 [ΑΙ.
802 432 1095 507 requires].
1120 433 1203 489 Illi
1236 445 1441 490 tantum
1490 435 1709 506 placere
1812 445 2191 490 consentaneus
2221 435 2588 509 derogantibus
2624 439 2870 494 adversus
2898 442 3193 513 proximum
3239 450 3405 509 tuum,

154 528 302 599 stude,
328 529 408 585 cui
438 543 582 601 sape
604 528 882 601 displicet,
908 528 1055 602 quod
1086 527 1403 585 hominibus
1428 529 1627 599 placet,
1655 538 1710 585 et
1813 539 1858 583 et
1889 546 1996 583 non
2023 530 2245 600 accipies
2271 547 2427 602 super
2451 530 2544 586 illo
2587 541 2855 601 peccatum
2882 533 3072 605 (Let't'l.
3097 534 3310 604 “.18).
3340 535 3409 591 Et

156 626 227 696 qui
254 624 355 695 ipsa
377 624 649 680 hominum
683 621 884 695 judicia
901 622 1248 695 judicaturus
1277 631 1380 677 est.
1412 620 1710 677 Abstinen-
1811 622 1941 677 alibi
1969 639 1984 682 :
2017 623 2146 694 Sepi
2173 640 2324 678 aures
2354 631 2470 678 tuas
2512 625 2693 695 spinis,
2733 635 2780 680 et
2810 627 2919 680 noli
2931 626 3129 694 audire
3176 627 3406 698 linguam

164 718 220 773 tia
244 725 323 773 tua
349 726 400 772 et
438 716 705 788 jejunium
752 731 819 773 eo
874 717 1047 788 magis
1094 716 1208 771 Deo
1239 722 1391 787 grata
1422 724 1570 781 sunt,
1602 730 1710 787 quo
1812 732 2036 786 nequam
2063 714 2233 785 (Eccl.
2279 730 2467 781 xxvttt,
2494 715 2607 787 55).
2638 719 2940 773 Accusator
2960 726 3050 773 est
3075 719 3219 774 enim
3247 719 3407 775 audi-

158 826 253 867 cutn
298 810 496 866 sanctis
550 810 795 866 moribus
841 809 1148 867 offeruntur
1178 853 1193 879 ,
1239 821 1441 881 utqua:
1481 810 1533 865 in
1590 809 1709 865 aliis
1814 818 1922 879 tor,
1952 813 2043 882 qui
2094 811 2223 867 facit
2248 811 2641 878 detractorem,
2671 812 2764 883 qui
2791 813 2836 869 si
2867 822 3081 869 avertat
3136 828 3320 882 aures,
3352 823 3409 869 et

156 910 252 959 sunt
276 902 577 959 umbracula
602 902 883 971 vitiorum,
913 903 967 960 in
1023 911 1077 961 te
1104 903 1211 959 sint
1254 913 1573 960 ornamenta
1604 904 1709 959 vir-
1812 903 2019 957 vultum
2063 900 2376 972 contrahat,
2426 916 2491 958 ac
2537 904 2727 959 oculos
2774 903 3062 960 abnuendo
3103 905 3405 972 contineat,

155 1006 314 1053 tutum.
1813 994 1958 1051 male
1986 994 2298 1067 loquentem
2341 997 2503 1051 etiam
2555 1004 2742 1052 tacens
2765 996 2960 1067 arguit,
2997 1006 3056 1053 ut
3080 998 3254 1053 discat
3297 1015 3406 1054 non

207 1087 315 1144 Car.
346 1087 479 1144 XIX.
504 1119 582 1132 -—-
608 1087 866 1161 Respice,
914 1088 1172 1157 obsecro,
1226 1088 1293 1145 ad
1346 1089 1517 1160 ipsam
1539 1130 1554 1155 ,
1605 1103 1707 1159 qua
1811 1086 2045 1142 libenter
2070 1087 2275 1154 dicere,
2301 1088 2444 1159 quod
2476 1088 2732 1144 didicerit
2785 1104 2894 1143 non
2951 1089 3183 1145 libenter
3206 1090 3407 1147 audiri.

154 1182 264 1252 apud
304 1182 462 1238 Deum
509 1181 783 1238 illustrata
831 1196 913 1251 es,
946 1182 1291 1252 dignitatem,
1321 1197 1428 1252 qua
1488 1196 1586 1250 per
1616 1180 1709 1235 ba-
1813 1179 2114 1236 Sollicitam
2168 1181 2301 1236 satis
2326 1181 2410 1235 ori
2445 1190 2535 1235 tuo
2565 1181 2869 1236 custodiam
2903 1197 3063 1252 pone.
3095 1182 3211 1238 Non
3256 1183 3402 1238 enim

155 1274 366 1344 ptistnutu
416 1274 469 1329 in
524 1274 623 1331 Dei
655 1274 820 1329 tiliam
881 1283 1069 1329 renata
1121 1289 1198 1341 es,
1257 1287 1581 1344 rursumque
1614 1288 1711 1343 per
1811 1282 1891 1327 est
1921 1271 2215 1342 quidquam
2263 1272 2317 1326 in
2350 1273 2529 1341 nobis,
2579 1288 2687 1344 quo
2727 1274 2937 1329 facilius
2986 1289 3211 1342 peccare
3235 1276 3408 1346 possi-

155 1364 576 1421 consecrationem
607 1364 958 1437 virginitatis,
989 1379 1189 1435 sponsa
1210 1359 1418 1420 Christi
1447 1377 1569 1419 esse
1598 1377 1711 1419 coe-
1812 1378 1932 1419 mus
1961 1378 2121 1433 quam
2162 1362 2365 1434 lingua.
2395 1362 2557 1421 Unde
2584 1374 2810 1420 sanctus
2835 1364 3073 1420 Jacobus
3103 1365 3254 1420 illum
3284 1381 3408 1421 esse

154 1456 269 1527 pisti.
312 1455 387 1512 Ex
416 1467 673 1526 utroque,
719 1456 808 1513 hic
845 1466 971 1513 tuus
1000 1457 1177 1513 honor
1208 1465 1261 1513 te
1289 1457 1354 1513 ad
1382 1456 1710 1513 sollicitudi-
1812 1456 2112 1528 perfectum
2144 1459 2365 1527 asserit,
2390 1460 2478 1531 qui
2507 1475 2608 1514 non
2632 1459 2848 1527 olfendil
2876 1460 2928 1513 in
2973 1460 3124 1514 verba
3153 1458 3288 1530 (Jac.
3326 1475 3408 1525 ιιι,

156 1565 252 1605 nem
274 1551 341 1605 lui
382 1548 657 1622 propositi
688 1548 1003 1606 admoneat.
1034 1551 1103 1605 At
1160 1550 1345 1605 nullus
1395 1550 1557 1605 debet
1583 1564 1709 1606 esse
1810 1547 1891 1620 Ξ).
1919 1548 1986 1604 Et
2040 1550 2321 1621 Scriptura
2355 1552 2486 1606 dicit
2538 1569 2549 1605 :
2585 1551 2735 1608 Mors
2777 1561 2825 1606 et
2854 1553 2956 1606 vita
2986 1562 3060 1606 est
3089 1553 3142 1606 in
3172 1552 3412 1607 manibus

153 1642 208 1697 ibi
248 1643 578 1715 negligentiae
605 1645 784 1709 locus,
831 1643 919 1699 ubi
968 1655 1075 1698 tam
1136 1643 1393 1713 prtcclara
1441 1643 1706 1699 servanda
1816 1641 2009 1715 lingua:
2036 1641 2192 1713 (Sap.
2220 1659 2257 1710 ι,
2290 1642 2404 1714 Η).
2433 1643 2865 1712 Mentiriautem,
2892 1644 3220 1701 maledicere
3247 1655 3411 1717 atque

152 1746 266 1790 sunt.
306 1734 601 1792 Pretiosior
654 1735 961 1793 custoditur
1009 1733 1119 1808 [Αι.
1157 1735 1450 1806 pretiosior
1492 1751 1710 1807 quoque
1740 1731 1785 1793 Β
1808 1733 1997 1806 jurare
2018 1736 2201 1807 lingua
2227 1746 2315 1792 tua
2343 1737 2575 1794 nesciat.
2600 1737 2737 1806 Quia
2768 1747 2823 1795 et
2844 1752 2907 1794 os
2934 1737 3077 1809 quod
3126 1739 3406 1807 mentitur,

153 1828 282 1884 restis
304 1828 576 1899 diligentia
617 1828 893 1883 timidiore
922 1826 1252 1899 custoditur]
1281 1843 1513 1899 quaeque
1538 1827 1706 1882 vestis
1811 1826 2016 1883 occidit
2039 1830 2276 1884 animam
2314 1848 2326 1884 :
2354 1828 2420 1883 Et
2446 1832 2537 1900 qui
2557 1831 2894 1898 maledicunt,
2926 1848 3143 1903 regnum
3172 1829 3273 1886 Dei
3292 1834 3412 1903 [non

154 1918 349 1975 timidius
394 1933 425 1975 a
476 1918 718 1974 macula.
774 1918 944 1974 Multo
971 1920 1200 1988 quaesita
1255 1933 1390 1973 auro
1442 1933 1654 1989 gemma
1689 1959 1706 1985 ,
1811 1918 2345 1987 possidebunt,juxta
2372 1920 2693 1991 Apostolum
2719 1923 2761 1995 (Ι
2786 1921 2973 1989 Conv,
3002 1924 3118 1994 il).
3141 1924 3205 1979 Et
3228 1924 3414 1994 jurare

154 2011 304 2082 majori
324 2012 697 2069 sollicitudine
725 2011 1058 2083 possidetur,
1084 2020 1138 2067 et
1158 2012 1494 2081 generaliter
1519 2010 1707 2082 grandi
1813 2009 1930 2079 ipse
1961 2010 2211 2066 Christus
2241 2013 2538 2083 prohibuit,
2572 2015 2664 2085 qui
2712 2014 2847 2070 dixit
2888 2030 2904 2069 :
2942 2014 3052 2087 Ego
3086 2025 3261 2070 autem
3301 2017 3417 2070 dico

155 2118 255 2159 cura
302 2121 484 2178 magna
543 2120 777 2177 qumque
822 2114 1129 2161 servantur.
1162 2104 1316 2161 Unde
1359 2115 1415 2160 et
1466 2114 1521 2160 ιιι
1552 2103 1599 2160 si
1630 2113 1712 2160 te-
1813 2102 1977 2167 vobis,
2007 2119 2109 2156 non
2121 2104 2311 2173 jurare
2333 2106 2565 2159 omnino.
2586 2106 2653 2160 Et
2676 2120 2923 2161 rursum:
2954 2106 3037 2161 Sit
3060 2117 3233 2162 autem
3250 2122 3419 2161 sermo

104 2222 111 2237 ι
156 2195 291 2264 ipsam
326 2196 460 2253 bene
490 2196 778 2253 custodire
834 2196 1013 2265 cupis,
1040 2197 1214 2253 debes
1249 2198 1512 2252 honorem
1560 2206 1708 2252 tuum
1814 2205 1997 2262 vester,
2024 2205 2132 2263 est,
2163 2206 2237 2251 est
2259 2214 2278 2253 :
2310 2214 2434 2265 non,
2466 2214 2569 2253 non
2599 2214 2618 2252 :
2647 2198 2785 2267 quod
2811 2207 2981 2252 autem
3009 2201 3233 2272 amplius
3254 2211 3349 2265 cst,
3385 2217 3419 2254 a

154 2304 331 2361 semper
349 2293 583 2363 pretium
607 2290 1054 2362 cogitare.’l‘anto
1079 2291 1227 2346 enim
1260 2306 1320 2347 se
1341 2289 1713 2362 unusquisque
1814 2290 1950 2342 malo
1973 2300 2047 2344 est
2069 2288 2285 2362 (Matth.
2327 2307 2383 2356 ν,
2415 2290 2501 2355 54,
2546 2289 2660 2363 57).
2691 2291 3012 2361 Apostolus,
3042 2274 3282 2349 breviter
3304 2296 3418 2351 oris

155 2384 466 2453 negligentius
518 2383 713 2451 utitur,
765 2394 969 2454 quanto
1018 2398 1079 2439 se
1118 2382 1397 2438 existimat
1441 2383 1711 2438 viliorem.
1816 2380 1946 2436 vitia
1971 2396 2250 2450 resecans,
2284 2381 2399 2437 ait:
2439 2382 2621 2438 Omnis
2647 2399 2814 2438 sermo
2843 2385 3014 2439 malus
3041 2401 3106 2440 ea;
3134 2401 3222 2440 ore
3241 2398 3411 2441 uestro

153 2471 243 2529 Non
269 2476 330 2531 ob
352 2476 514 2531 aliam
574 2490 795 2532 causam
828 2476 999 2546 magis
1031 2476 1187 2531 nobis
1228 2475 1282 2530 in
1311 2474 1608 2546 Scripturis
1633 2473 1715 2529 di-
1816 2488 1919 2529 non
1960 2474 2202 2545 procedat
2226 2490 2246 2540 ;
2275 2476 2367 2529 sed
2396 2476 2440 2529 si
2469 2476 2585 2546 quis
2627 2477 2794 2531 bonus
2818 2477 2887 2529 ad
2915 2477 3323 2547 aediﬁcationem
3346 2480 3414 2549 ﬁ-
3442 2483 3452 2490 '

154 2568 266 2623 vinis
290 2580 388 2624 tam
421 2570 746 2641 frequenter
772 2568 1008 2623 filiorum
1033 2568 1128 2624 Dei
1171 2583 1369 2624 nomen
1401 2565 1714 2638 imponitur,
1817 2568 1923 2634 dei,
1953 2577 2008 2621 ut
2055 2568 2139 2622 det
2180 2569 2404 2639 gratiam
2446 2569 2775 2623 audientibus
2828 2568 3051 2641 (Ephes.
3080 2586 3155 2638 tv,
3183 2569 3300 2641 29).
3339 2571 3422 2627 Sit

154 2660 477 2733 utilludquod
496 2660 701 2717 dicitur
729 2675 826 2731 per
856 2660 1171 2730 prephetam
1200 2678 1213 2715 :
1240 2657 1309 2712 Et
1335 2676 1428 2731 ego
1450 2675 1539 2714 ero
1574 2658 1715 2713 vobis
1819 2670 2004 2716 autem
2040 2677 2224 2718 sermo
2258 2661 2481 2732 virginis
2510 2663 2750 2733 prudens
2782 2662 2887 2734 [AL
2944 2664 3194 2737 pudens],
3229 2667 3421 2723 mode-

152 2754 403 2823 inpatrem,
429 2765 478 2809 et
501 2770 595 2809 vos
633 2753 777 2808 eritis
799 2752 926 2807 mihi
949 2755 1001 2808 in
1029 2754 1166 2823 ﬁlios
1210 2762 1259 2807 et
1303 2752 1442 2821 ﬁlias
1464 2752 1571 2825 [AL
1610 2762 1715 2808 lac.
1819 2761 1938 2809 stus
1987 2762 2043 2809 et
2089 2769 2268 2823 rarus,
2298 2770 2398 2810 nec
2455 2767 2563 2810 tam
2615 2757 2925 2828 eloquentia
2955 2758 3229 2828 pretiosus
3254 2774 3417 2828 quam

152 2846 343 2918 etﬁlias]
364 2847 543 2919 (Phil.
592 2862 676 2914 ttt,
730 2847 842 2917 l7),
888 2846 1013 2899 dicit
1067 2844 1323 2900 Dominus
1373 2847 1716 2913 omnipotens.
1820 2846 2055 2917 pudore.
2100 2846 2366 2903 Mirentur
2392 2863 2585 2905 omnes
2609 2860 2779 2919 tuam,
2812 2857 2865 2904 te
2894 2859 3126 2914 tacente,
3158 2865 3425 2905 verecun-

154 2936 206 2991 Et
227 2940 541 3007 Apostolus:
572 2935 752 2993 Estote
776 2937 1065 2992 imitatores
1088 2934 1207 3004 Dei,
1240 2937 1372 3017 sicut
1395 2938 1495 3005 ﬁlii
1519 2936 1720 2991 charis-
1820 2938 2000 3007 diam;
2051 2949 2103 2996 te
2146 2941 2425 3011 loquente,
2472 2941 2840 3012 prudentiam.
2875 2943 3005 2998 Mite
3054 2958 3120 2998 ac
3149 2942 3421 3013 placidum

155 3031 267 3084 siuti.
291 3031 353 3087 Et
382 3033 580 3088 beatus
603 3030 844 3088 Joannes
871 3029 1430 3101 inquit:Charissimi,
1460 3047 1596 3084 nunc
1621 3028 1720 3099 ﬁlii
1822 3046 2043 3103 semper
2067 3018 2346 3103 eloquium
2376 3042 2550 3088 tuum.
2584 3034 2756 3089 Ornet
2786 3034 2955 3089 mixta
2986 3048 3109 3088 cum
3154 3035 3425 3105 gravitate

152 3120 229 3176 Dei
251 3140 436 3191 sumus,
458 3134 511 3178 et
552 3122 786 3177 nondum
819 3122 1065 3194 apparuit
1106 3122 1232 3192 quid
1270 3123 1482 3177 erimus.
1514 3121 1719 3177 Scimus
1748 3111 1796 3173 (ἶ
1827 3124 2089 3190 suavitas,
2132 3138 2258 3179 cum
2300 3124 2511 3194 pudore
2542 3125 2829 3196 sapientia.
2858 3123 2940 3180 Sit
2990 3134 3138 3181 certa
3174 3134 3337 3197 atque
3362 3124 3427 3181 li-

153 3217 358 3284 quoidam
384 3235 501 3271 cuiu
527 3225 910 3289 apparuerunt,
939 3215 1132 3270 similes
1160 3215 1208 3270 ei
1229 3216 1441 3282 erimus,
1475 3216 1720 3286 quoniam
1824 3216 2007 3284 brata,
2039 3216 2232 3288 suique
2258 3218 2678 3289 opportunitate
2705 3217 3037 3289 gratissima,
3061 3217 3264 3274 silentii
3301 3233 3429 3274 ver-

150 3307 395 3363 ridebimus
414 3325 538 3363 cum
569 3308 723 3363 sicuti
751 3316 849 3377 est,
877 3316 934 3361 ut
956 3308 1045 3378 qui
1066 3307 1217 3362 habet
1243 3307 1375 3363 hanc
1395 3325 1538 3380 spent
1559 3310 1613 3365 in
1637 3324 1719 3376 eo,
1826 3310 1987 3381 hique
2030 3312 2190 3368 ratio.
2220 3312 2333 3367 Nec
2359 3327 2616 3383 umquam
2648 3312 2872 3367 omnino
2894 3312 3123 3382 virginis
3148 3327 3212 3368 os
3235 3313 3427 3385 loqua-

151 3399 401 3470 sanetiﬁcet
428 3416 509 3468 se,
540 3402 672 3453 sicut
693 3409 738 3454 ct
767 3398 857 3453 ille
882 3409 1094 3453 sanctus
1116 3408 1187 3453 est
1211 3396 1256 3468 {1
1273 3396 1432 3453 Joan.
1458 3414 1537 3466 ιιι,
1561 3398 1614 3467 ‘2,
1640 3398 1719 3470 5).
1826 3411 1935 3471 tur,
1968 3415 2026 3460 ut
2050 3406 2284 3461 tacuisse
2314 3405 2512 3462 melius
2533 3406 2624 3461 sit.
2651 3403 2786 3461 Cum
2812 3407 3017 3477 ingenti
3050 3408 3304 3463 cautione
3334 3408 3425 3463 dc-

155 3489 257 3546 V'ult
279 3493 434 3550 nobis
464 3492 714 3549 ccclesiis
756 3493 1023 3549 doctrina:
1046 3492 1364 3565 dignitatem
1390 3509 1495 3565 qua
1538 3493 1723 3549 donati
1826 3497 1918 3553 bet
1948 3496 2127 3568 loqui,
2147 3497 2233 3553 cui
2264 3513 2371 3553 non
2412 3498 2590 3554 solum
2626 3498 2826 3567 malus,
2879 3499 2975 3556 sed
3006 3498 3170 3555 etiam
3218 3500 3429 3557 otiosus

155 3596 312 3640 sumus
335 3626 352 3651 ,
385 3584 710 3656 lrequenter
738 3584 1012 3656 ingerere,
1056 3595 1110 3641 et
1166 3583 1429 3641 honorem
1480 3597 1721 3641 nostrum
1827 3604 2012 3646 sermo
2043 3591 2295 3645 vitandus
2322 3601 2447 3646 est:

156 3679 383 3744 peccandi
412 3682 683 3750 pudorem
702 3678 901 3736 facere.
928 3678 1088 3737 Unde
1107 3681 1272 3736 etiam
1298 3681 1555 3736 Dominus
1587 3682 1724 3750 ipse,
1900 3681 2032 3738 Car.
2053 3681 2475 3739 XX.-—Summa
2495 3682 2591 3739 tibi
2609 3683 2837 3740 scientia
2866 3683 2956 3751 sit,
2974 3687 3166 3743 notitia
3193 3701 3426 3755 summa,

155 3766 208 3820 ad
238 3770 525 3837 perlectam
558 3785 661 3826 nos
688 3771 1079 3843 benignitatem
1107 3788 1333 3839 vocans,
1364 3774 1435 3829 ait
1471 3792 1482 3826 :
1514 3771 1730 3851 Diligite
1829 3774 1982 3842 vitia,
2013 3776 2350 3845 virtutesque
2379 3773 2734 3847 distinguere,
2775 3791 2896 3847 qua:
2924 3792 3256 3848 quamquam
3287 3793 3431 3834 sem-

160 3860 365 3917 inimicos
396 3873 621 3933 vestros,
653 3864 933 3937 benefacile
959 3867 1168 3936 bisqui
1197 3866 1412 3921 oderunt
1449 3882 1557 3922 vos.
1614 3866 1677 3923 Et
1710 3883 1725 3924 :
1831 3880 1928 3936 per
1949 3867 2227 3922 contraria
2257 3866 2364 3922 sibi
2413 3867 2521 3921 sint
2546 3906 2561 3933 ,
2610 3866 2788 3937 aliqua
2833 3875 3010 3923 tamen
3062 3884 3127 3923 ex
3157 3868 3241 3924 eis
3282 3877 3432 3924 tanta

160 3952 293 4012 Orate
332 3976 424 4028 pro
466 3960 921 4032 persequentibus,
957 3970 1006 4015 et
1042 3960 1480 4016 calumniantibus
1533 3976 1645 4027 vos,
1672 3969 1729 4014 ut
1827 3959 2129 4031 junguntur
2158 3958 2539 4026 similitudine,
2583 3968 2643 4014 ut
2666 3959 2906 4015 discerni
2933 3960 3155 4016 omnino
3183 3962 3274 4016 vix
3307 3976 3431 4033 pos-

161 4046 253 4101 sitis
297 4051 395 4119 ﬁlii
433 4052 606 4124 patris
654 4052 830 4118 vestri,
861 4054 951 4123 qui
997 4053 1052 4107 in
1102 4053 1243 4107 caelis
1289 4062 1363 4108 est
1410 4052 1633 4128 (Matth.
1673 4068 1728 4120 ν,
1831 4053 1962 4107 sint.
1993 4052 2163 4117 Quam
2189 4050 2339 4105 ntulti
2371 4053 2514 4106 enim
2538 4050 2847 4122 superbiam
2882 4051 3153 4108 libertatis
3180 4054 3300 4109 loco
3320 4053 3425 4109 du-

163 4136 260 4206 45).
286 4140 394 4197 Non
418 4153 503 4198 est
526 4143 672 4198 enim
698 4144 842 4214 quod
872 4143 951 4199 sic
974 4144 1223 4200 homines
1253 4144 1362 4200 Deo
1391 4144 1555 4199 faciat
1581 4160 1731 4199 atna-
1833 4152 1983 4210 eunt,
2016 4143 2383 4199 adulationem
2416 4160 2512 4214 pro
2564 4142 2870 4200 humilitate
2920 4146 3244 4217 suscipiunt,
3276 4147 3436 4203 mali-

161 4227 297 4298 biles,
320 4242 376 4287 ut
396 4234 577 4303 pietas
600 4235 817 4300 mentis,
846 4242 902 4289 et
921 4233 1156 4301 bonitas,
1181 4251 1300 4305 qua:
1330 4244 1476 4290 tanta
1502 4237 1555 4290 in
1574 4234 1730 4291 Cltri-
1838 4238 1966 4291 tiatn
1994 4236 2295 4306 prudentia:
2343 4236 2743 4306 amplectuntur
2769 4236 2908 4302 vice,
2940 4246 2997 4292 et
3025 4239 3271 4294 stultitim
3297 4241 3435 4294 sim-

161 4325 318 4379 sliano
332 4340 457 4382 esse
483 4325 670 4393 debet,
702 4334 761 4381 ut
788 4327 952 4383 etiam
979 4328 1033 4381 in
1066 4327 1220 4381 malis
1243 4326 1501 4384 abundet.
1528 4328 1732 4399 Deique
1835 4329 2093 4401 plicitatis
2139 4344 2334 4383 nomen
2363 4328 2470 4399 [ΑΙ.
2495 4329 2781 4384 stultitiam
2814 4330 3184 4401 simplicitatis
3208 4332 3434 4405 nomini]

160 4411 374 4473 imitetur
417 4415 882 4484 benevolentiam,
915 4419 1007 4489 qui
1052 4419 1225 4474 solem
1256 4435 1411 4474 suum
1439 4421 1574 4475 oriri
1604 4419 1734 4475 facit
1838 4424 2145 4494 imponunt,
2176 4433 2341 4493 atque
2387 4422 2560 4477 fallaci
2589 4437 2651 4477 ac
2682 4423 2915 4493 pessima
2941 4422 3154 4495 decepti
3178 4425 3439 4481 similitu-

161 4516 299 4575 super
323 4508 498 4564 bonos
519 4519 575 4564 et
594 4508 786 4574 malos,
813 4520 868 4564 et
891 4510 1025 4579 pluit
1050 4524 1213 4580 super
1229 4509 1408 4580 juStos
1429 4521 1483 4565 et
1504 4509 1704 4580 injuste

1890 4530 1985 4582 ,ne,
2014 4515 2155 4569 vitiis
2186 4529 2287 4586 pro
2335 4514 2627 4570 virtutibus
2657 4515 2980 4585 gloriantur.
3007 4516 3075 4572 Et
3111 4532 3436 4590 quamquam

164 4593 315 4663 (liam.
345 4616 442 4666 xu,
470 4598 581 4671 l3).
616 4599 729 4658 Hoc
755 4601 936 4671 itaque
968 4600 1084 4667 tibi,
1115 4601 1200 4658 vel
1240 4601 1293 4656 in
1326 4600 1517 4672 primis
1567 4601 1729 4671 absit,
1843 4607 1960 4663 lucc
1981 4608 2160 4662 omnia
2180 4606 2535 4661 subtilissima
2558 4606 2910 4676 intelligentia
2932 4606 3136 4664 debeas
3157 4624 3437 4680 separare,

162 4700 208 4742 ut
228 4694 421 4749 nemini
453 4693 539 4749 vel
573 4696 625 4749 in
677 4693 844 4750 verbo
868 4694 1033 4751 etiam
1063 4710 1278 4763 noceas,
1315 4703 1372 4749 ut
1402 4696 1453 4750 in
1483 4696 1736 4752 omnibus
1839 4708 2172 4768 cunctasque
2193 4697 2418 4753 virtutes
2442 4712 2565 4751 cum
2597 4698 2709 4753 suis
2737 4698 2894 4754 lineis
2922 4692 3285 4771 insequendo,
3315 4716 3443 4757 nus-

161 4784 570 4859 quibuscumque
589 4788 816 4857 poteris,
840 4789 1099 4859 prodesse
1121 4789 1362 4855 studeas,
1387 4798 1443 4845 et
1472 4806 1539 4844 ne
1562 4791 1734 4846 vicem
1788 4806 1793 4811 λ
1842 4806 2002 4860 quam
2048 4804 2273 4861 prorsus
2327 4788 2666 4843 abscedere:
2701 4789 2974 4861 prmeipue
3031 4799 3213 4848 tamen
3261 4793 3443 4849 fictam

162 4876 359 4944 quidem
385 4880 513 4935 mali
543 4880 924 4950 reddens,pro
964 4882 1121 4936 malis
1151 4882 1317 4948 bona,
1345 4882 1562 4938 dicente
1592 4882 1739 4951 Apoc
1844 4878 2203 4935 humilitatem
2259 4877 2493 4949 fugiens,
2523 4878 2673 4933 illam
2725 4888 2941 4935 sectare
2986 4897 3108 4952 quae
3154 4897 3283 4939 vera
3332 4894 3439 4953 est,

164 4968 306 5035 stole,
329 4973 611 5028 restituas.
641 4972 945 5043 Numquam
977 4972 1240 5029 detractio
1281 4990 1347 5028 ex
1394 4990 1489 5029 ore
1517 4975 1739 5046 virginis
1844 4988 2006 5043 quam
2050 4970 2302 5025 Christus
2357 4969 2558 5035 docuit,
2594 4971 2976 5042 humilitatem,
3013 4974 3066 5029 in
3097 4988 3204 5044 qua
3235 4990 3341 5032 non
3369 4978 3445 5032 sit

166 5063 631 5127 procedatNilium
656 5065 793 5121 satis
821 5064 1100 5121 hominum
1127 5076 1231 5131 est,
1262 5073 1318 5122 et
1344 5079 1495 5122 suam
1520 5066 1736 5123 laudem
1844 5064 2099 5137 superbia
2128 5063 2359 5119 inclusa.
2380 5062 2527 5118 Multi
2557 5065 2702 5119 enim
2738 5063 2898 5134 hujus
2926 5066 3141 5121 virtutis
3171 5068 3442 5137 umbram,

164 5160 526 5227 quarentiutn,
558 5160 693 5216 alios
722 5160 858 5216 viles
881 5161 1099 5220 facere;
1130 5160 1255 5231 quia
1285 5160 1507 5216 alterius
1530 5160 1742 5231 vitupe-
1845 5157 2134 5212 veritatem
2180 5156 2297 5226 ejus
2329 5164 2631 5226 sequuntur
2655 5157 2830 5227 pauci.
2882 5156 3147 5215 Perfacile
3174 5169 3261 5216 est
3298 5160 3445 5217 enim

165 5248 353 5305 ratione
392 5265 453 5306 se
482 5249 692 5306 laudari
723 5260 914 5322 putant
940 5260 1029 5310 :et
1055 5250 1143 5322 qui
1173 5267 1271 5307 suo
1299 5249 1495 5307 merito
1524 5249 1741 5323 placere
1847 5249 2083 5320 aliquam
2113 5256 2324 5305 vestem
2352 5248 2554 5303 habere
2583 5258 2917 5317 contentam,
2947 5250 3187 5309 salutare
3216 5253 3448 5309 submis-

168 5350 258 5393 Iton
288 5353 535 5412 possunt,
566 5344 787 5413 placere
813 5342 1001 5399 volunt
1046 5344 1103 5399 in
1150 5344 1559 5414 comparatione
1586 5344 1737 5414 pejo—
1846 5343 1981 5412 sius,
2010 5358 2202 5398 manus
2241 5354 2295 5398 et
2336 5357 2511 5413 genua
2551 5340 2879 5409 deosculari,
2927 5342 3187 5401 inclinato
3235 5345 3289 5400 in
3337 5355 3451 5401 ter-

169 5444 290 5489 rutn.
325 5436 521 5493 Parum
550 5438 809 5506 diximus,
842 5452 951 5495 non
975 5438 1150 5493 solum
1174 5437 1290 5509 ipsa
1321 5455 1427 5493 non
1454 5438 1733 5509 detrahas,
1843 5452 1959 5492 ram
1992 5436 2192 5505 capite,
2224 5435 2506 5505 oculisque
2541 5433 2793 5504 dejectis,
2826 5434 3183 5495 humilitatem
3212 5453 3274 5493 ac
3300 5451 3454 5492 man-

168 5525 247 5579 sed
274 5543 339 5583 ne
362 5529 675 5586 detrahenti
702 5528 922 5601 quidem
969 5528 1263 5602 aliquando
1319 5529 1530 5585 credas.
1566 5530 1742 5585 Pcssi-
1845 5528 2193 5586 suetudinem
2236 5526 2506 5599 polliceri,
2532 5527 2678 5583 lenta
2711 5542 2847 5585 voce
2880 5530 3137 5601 tenuique
3172 5544 3455 5587 sermones

170 5630 299 5674 tuom
328 5632 413 5676 est
442 5620 544 5677 hoc
595 5622 810 5687 vitium,
840 5620 986 5693 quod
1032 5620 1265 5678 alterum
1314 5621 1477 5677 vilem
1510 5620 1637 5677 facit
1662 5623 1742 5678 vi-
1849 5622 2162 5694 infringere,
2197 5621 2473 5692 suspirare
2518 5622 2782 5690 crebrius,
2808 5632 2865 5680 et
2905 5623 2972 5678 ad
3028 5638 3189 5679 omne
3219 5625 3449 5683 verbum

167 5705 286 5767 deri.
314 5711 427 5770 Non
456 5715 636 5773 minus
663 5713 882 5773 auribus
930 5730 1097 5789 quam
1148 5714 1331 5787 lingua
1358 5712 1530 5787 fugias
1561 5713 1740 5779 detra-
1846 5726 2189 5795 peccatoretn
2216 5730 2280 5775 ac
2329 5713 2590 5775 miserum
2634 5730 2695 5775 se
2722 5714 2977 5775 clamare.
3025 5714 3093 5773 Et
3121 5715 3166 5776 si
3194 5716 3282 5777 vel
3335 5717 3448 5780 levi
