3916 6288
479 218 557 301 .35
1142 200 1147 204 ’
1476 280 1479 283 ,
1518 216 1578 283 8.
1620 210 2335 281 l-llEttONYtll'OPEBUM
2372 214 2739 279 MANTISSA.
2798 219 2807 273 f
3704 212 3787 284 ξε

487 350 742 393 sermone
764 332 1004 391 oli'ensus
1032 332 1126 402 sit,
1144 332 1404 389 continuo
1429 331 1682 388 attollere
1707 332 2077 403 supercilium,
2106 336 2163 400 Α
2188 348 2333 404 nem,
2365 350 2543 406 neque
2565 336 2752 393 bibere
2776 334 2983 403 vinum,
3010 332 3482 410 Apostollcavoee
3503 340 3787 398 laudatum

490 429 675 486 levare
700 429 991 493 cervicem,
1024 435 1079 483 et
1125 425 1414 485 delicatum
1448 424 1595 481 illum
1643 426 1756 482 oris
1782 442 1973 482 sonum
2003 426 2084 482 in-

493 540 628 581 sano
668 535 895 596 repente
939 522 1178 578 clamore
1221 530 1451 577 mutare.
1485 520 1661 575 Aliam
1693 535 1791 574 nos
1819 518 2088 576 humilita-

500 628 607 675 tem
638 619 885 673 Christus
912 617 1115 681 docuit,
1152 614 1243 686 qui
1301 631 1397 671 nos
1448 614 1517 669 ad
1570 615 1876 684 exemplum
1926 629 2083 670 suum

495 711 765 773 hortatur,
804 710 991 763 dicens
1022 727 1034 761 :
1064 706 1263 762 Discite
1294 724 1323 760 a
1349 723 1446 771 me,
1479 706 1599 776 quia
1621 707 1761 759 mitis
1788 715 1966 759 sumet
1990 708 2081 758 Itu-

495 805 633 859 milis
662 802 816 857 corde
842 800 1061 875 (Matth.
1111 816 1186 866 xi,
1214 799 1333 871 ‘29).
1363 799 1465 867 Qui
1494 814 1615 854 cum
1647 798 2082 867 malediccrctur,

500 916 602 953 non
623 896 1008 961 nzalediccbat;
1033 910 1153 949 cum
1176 903 1475 965 pateretur,
1504 908 1609 946 non
1633 890 2083 946 comminabatur.

496 991 667 1057 Quint
702 989 857 1043 nobis
904 987 1261 1042 humilitatem
1310 986 1499 1040 beatus
1552 984 1747 1039 Petrus
1796 983 2083 1037 insinuat:

499 1082 883 1149 illim-icortles,
912 1078 1173 1150 inquit,et
1193 1077 1440 1145 humiles,
1469 1095 1570 1131 non
1601 1077 1875 1153 reddetttes
1895 1076 2088 1131 malum

497 1196 589 1246 pro
615 1177 771 1241 malo,
796 1191 886 1227 nec
909 1172 1236 1227 maledictum
1260 1187 1356 1242 pro
1387 1172 1662 1226 maledicto
1686 1170 1730 1244 (Ι
1756 1171 1946 1239 Pet.tt,
1968 1170 2084 1242 Ἡ).

494 1270 827 1323 Aufet-antur
871 1264 1051 1320 omnia
1104 1264 1350 1335 ﬁgmenta
1405 1263 1721 1331 vetborutn,
1767 1272 1984 1318 cessent
2014 1263 2090 1318 si-

494 1361 678 1415 mulati
726 1366 930 1428 gestus,
966 1364 1020 1411 ct
1071 1365 1195 1409 ante
1222 1353 1565 1409 occasionem
1605 1366 1789 1407 sermo
1820 1351 2084 1423 placidus.

492 1453 696 1509 Verum
728 1449 835 1523 [AL
862 1449 1060 1520 virum]
1093 1448 1353 1503 humilem
1382 1449 1641 1517 patientia
1673 1447 1913 1501 ostendit
1942 1446 2087 1517 inju-

493 1545 613 1598 rias.
639 1543 831 1597 Nullus
854 1558 983 1611 ergo
1029 1556 1116 1594 um
1140 1556 1280 1609 tuam
1310 1539 1360 1593 itt
1396 1550 1577 1596 mente
1608 1549 1695 1593 tua
1724 1538 1887 1593 ullius
1914 1539 1985 1592 sit
2012 1538 2090 1595 vi-

492 1637 552 1690 tii
584 1635 753 1689 locus.
779 1633 922 1688 Nihil
954 1633 1004 1686 in
1039 1646 1089 1687 te
1128 1631 1445 1701 superbum,
1482 1630 1613 1686 nihil
1646 1646 1928 1701 arrogans,
1959 1628 2089 1685 nihil

2186 437 2265 483 εει
2301 427 2481 500 (Rom.
2515 444 2618 496 xu,
2658 429 2761 498 15,
2795 428 2922 501 21).
2951 430 3223 503 Quidquid
3252 432 3387 488 illud
3411 443 3497 490 est
3525 434 3664 506 quod
3696 436 3789 490 in-

2187 522 2472 578 ﬂammare
2510 538 2715 592 corpus
2756 535 2977 594 potest,
3022 526 3169 597 quod
3205 524 3508 584 fomentum
3539 529 3794 599 suggerit

2170 616 2473 699 Voluptati,
2500 617 2765 671 castitatis
2788 632 2975 681 amore
2996 617 3315 689 fugiendum
3338 628 3441 675 est.
3465 620 3577 676 Nec
3596 630 3788 677 tamen

2170 707 2260 761 ita
2292 722 2487 776 magno
2518 706 2679 778 hujus
2711 708 2790 764 rei
2823 709 3013 765 labore
3052 713 3268 781 gravari
3310 720 3370 768 te
3398 714 3647 768 volumus
3679 733 3695 767 :
3728 722 3791 768 ιιι

2186 799 2291 855 sub
2323 799 2439 870 ipso
2484 803 2665 856 statim
2702 818 2870 858 onere
2904 804 3269 873 succumhas,
3315 819 3415 875 per
3438 805 3584 876 quod
3624 806 3790 861 multi

2173 892 2317 946 .dum
2348 892 2518 949 nimio
2552 896 2767 950 [crvore
2795 897 2995 949 mentis
3024 897 3295 952 rationem
3324 911 3548 952 suarum
3581 897 3788 953 virium

2189 991 2296 1031 non
2328 976 2596 1033 haberent
2625 977 2743 1051 [ΑΙ.
2776 978 3017 1053 habent]
3043 1022 3056 1043 ,
3090 981 3273 1037 subito
3297 982 3659 1039 conciderunt
3679 1024 3699 1049 ,
3730 992 3793 1040 et

2188 1085 2328 1141 pene
2372 1080 2503 1127 ante
2546 1072 2931 1141 debilitatem,
2969 1090 3133 1144 quam
3177 1076 3529 1132 sanctitatem
3560 1076 3629 1131 de
3658 1092 3791 1147 pro-

2190 1168 2372 1236 posito
2411 1182 2512 1221 suo
2553 1170 2837 1225 consecuti
2883 1179 3032 1225 sunt.
3075 1168 3325 1238 Optimus
3351 1171 3513 1225 estin
3543 1171 3695 1226 omni
3727 1184 3791 1227 ne

2188 1261 2385 1317 modus
2410 1302 2425 1326 ,
2466 1268 2523 1315 et
2552 1261 2841 1333 laudabilis
2872 1262 3072 1332 ubique
3100 1276 3380 1320 mensura.
3426 1265 3636 1334 Corpus
3674 1278 3790 1319 non

2192 1352 2576 1422 frangendum,
2606 1354 2699 1410 sed
2729 1356 3027 1425 regendum
3054 1366 3158 1411 est.
3194 1356 3316 1411 Sint
3344 1371 3478 1427 ergo
3505 1357 3792 1412 moderata

2188 1455 2417 1512 sancta,
2461 1456 2516 1501 et
2558 1445 2836 1518 simplicia
2863 1448 2918 1503 in
2946 1452 3093 1504 omni
3122 1450 3322 1506 mentis
3357 1449 3669 1507 humilitate
3705 1451 3794 1521 je—

2185 1538 2361 1609 junia,
2393 1556 2513 1609 qua:
2539 1541 2610 1595 ita
2632 1548 2918 1597 attenucnt
2938 1557 3160 1613 corpus,
3187 1558 3258 1599 ue
3277 1542 3521 1598 animum
3545 1544 3790 1611 elevent,

2193 1647 2263 1687 ne
2312 1647 2400 1687 res
2448 1632 2770 1689 humilitatis
2815 1635 3000 1705 gignat
3040 1636 3397 1705 superbiam,
3447 1646 3505 1692 et
3546 1636 3677 1692 vitia
3720 1636 3795 1691 de

493 1729 725 1798 denique
753 1726 1113 1782 fastidiOsum.
1148 1725 1302 1794 Apud
1336 1725 1499 1779 Deum
1533 1739 1639 1778 non
1669 1736 1751 1779 ρει
1794 1723 2084 1794 quidquam
2118 1724 2165 1785 B
2198 1726 2402 1782 virtute
2450 1734 2768 1782 nascantur.
2819 1726 2933 1798 Ego
2957 1769 2972 1795 ,
3020 1727 3239 1799 inquit,
3280 1744 3397 1782 cum
3428 1728 3556 1783 mihi
3586 1729 3796 1783 molesti

492 1820 798 1877 humilitate
845 1819 1149 1874 sublimius.
1186 1817 1303 1887 Ipse
1339 1818 1571 1887 loquitur
1603 1833 1697 1886 per
1722 1816 2040 1886 prophetam
2070 1834 2083 1871 :

494 1913 665 1984 Super
692 1929 841 1983 quem
869 1911 1036 1965 alium
1060 1912 1374 1981 requiescam
1394 1910 1503 1980 [AL
1523 1908 1835 1982 respiciam],
1861 1909 1963 1963 nisi
2000 1927 2090 1963 su-

490 2023 580 2079 per
605 2005 869 2071 humilem,
902 2011 950 2056 et
973 2004 1221 2073 quie'um,
1252 2010 1297 2057 et
1325 2010 1621 2057 trenwntem
1660 2019 1917 2056 sermones
1951 2018 2089 2057 meos

493 2097 631 2169 (lca.
660 2112 811 2161 vat,
836 2096 894 2167 2)
918 2096 939 2150 ?
964 2096 1029 2149 Et
1058 2110 1351 2163 numquam
1385 2097 1436 2148 in
1469 2097 1598 2148 iram
1632 2094 2090 2150 exardescatani-

493 2207 635 2254 ntus,
692 2188 836 2259 quod
872 2201 966 2251 estL
1002 2188 1351 2242 seminarium
1408 2186 1539 2242 odii.
1588 2187 1794 2241 Tantus
1849 2200 2087 2242 mentem

493 2292 578 2339 tua
593 2300 640 2335 tn
673 2284 877 2351 repleat
900 2282 1059 2336 timor
1088 2281 1206 2347 Dei,
1238 2292 1294 2335 ut
1325 2281 1594 2352 indignari
1617 2280 1837 2335 omnino
1865 2296 1972 2334 non
2002 2297 2090 2333 au-

490 2378 641 2444 deas,
660 2386 711 2431 ct
732 2377 864 2429 iram
894 2384 1037 2429 metu
1062 2375 1262 2429 vincas.
1281 2374 1475 2428 Beatus
1490 2373 1807 2442 Apostolus,
1828 2371 2090 2427 mundatis

490 2472 723 2525 animam
769 2475 1033 2535 nostram,
1064 2481 1290 2535 eamque
1321 2467 1371 2519 itt
1406 2465 1769 2520 habitaculum
1802 2467 1891 2520 Dei
1948 2481 2086 2534 prte-

493 2575 717 2632 pirans,
748 2559 945 2612 clamat
967 2569 1019 2612 et
1051 2557 1182 2612 dicit
1214 2575 1227 2612 :
1266 2557 1444 2611 Umnis
1484 2557 1803 2623 antaritudo,
1837 2566 1882 2610 et
1910 2556 2014 2622 ira,
2041 2565 2090 2610 et

493 2653 799 2723 indignatio,
835 2660 881 2704 et
932 2650 1149 2715 clamor,
1179 2658 1225 2703 ct
1269 2648 1585 2722 blasphemia
1611 2655 1880 2721 auferatur
1900 2667 1931 2704 a
1953 2650 2089 2705 vobis

495 2761 609 2799 cum
638 2744 777 2797 muni
808 2744 1005 2797 malitia
1032 2741 1197 2815 (Eph.
1228 2758 1301 2811 tv,
1327 2741 1441 2813 51).

566 2838 695 2892 Car.
716 2837 858 2893 XXI.
879 2866 951 2876 —
967 2837 1045 2893 Ad
1057 2837 1294 2892 uiatores
1314 2845 1372 2890 ut
1400 2834 1651 2891 inimicos
1681 2851 1835 2901 cave,
1855 2852 2087 2906 quorum

495 2946 785 2987 sermones
816 2948 983 3003 super
1011 2932 1189 2986 oleum
1220 2931 1418 3005 molles
1448 2973 1462 2997 ,
1508 2942 1562 2987 et
1605 2931 1705 3001 ipsi
1736 2941 1862 2986 sunt
1885 2932 2086 3001 iacula.

496 3028 869 3096 Corrumpunt
909 3028 1049 3081 lictis
1093 3027 1343 3082 laudibus
1392 3026 1539 3082 leves
1587 3027 1794 3081 animas
1844 3040 1901 3082 et
1945 3028 2087 3082 male

2190 1828 2376 1883 essent,
2412 1818 2668 1873 induebar
2695 1821 2890 1887 cilicio,
2918 1833 2964 1874 et
2992 1822 3334 1875 humiliabam
3363 1823 3417 1875 in
3436 1823 3647 1894 jejunio
3672 1824 3797 1876 ani-

2193 1927 2329 1962 mant
2364 1926 2533 1964 meum
2566 1910 2751 1982 (Psal.
2786 1928 2961 1978 xxxv,
2996 1913 3125 1984 13).
3162 1912 3344 1969 Vestis
3372 1914 3643 1983 abjeclio,
3680 1916 3793 1969 eihi

2191 2003 2372 2056 vilitas
2396 2042 2415 2068 ,
2447 2001 2640 2071 jejunii
2672 2004 2943 2059 lassitudo
2970 2046 2985 2070 ,
3018 2006 3371 2076 exstinguere
3396 2007 3639 2073 debent,
3673 2023 3789 2065 non

2192 2094 2401 2149 nutrire
2420 2095 2754 2164 superbiam.
2774 2097 2905 2164 Quis
2927 2114 3043 2153 rem
3068 2099 3353 2155 medicina:
3373 2102 3566 2156 vulnus
3587 2101 3754 2157 faciat
3769 2103 3795 2157 ἲ

2190 2196 2247 2241 et
2279 2187 2403 2241 inde
2429 2201 2558 2240 sana
2589 2187 2751 2242 laedat
2782 2206 3036 2260 qua-que,
3071 2191 3217 2245 unde
3243 2191 3353 2262 jam
3389 2193 3515 2246 laesa
3546 2194 3793 2249 curanda

2191 2280 2353 2332 sunt?
2389 2281 2491 2333 Aut
2517 2296 2636 2348 qua:
2667 2283 2941 2350 supererit
2972 2298 3100 2354 spes
3128 2285 3343 2345 salutis.
3377 2288 3424 2340 si
3455 2288 3556 2341 ista
3587 2287 3793 2343 anima:

2192 2370 2431 2424 remedia
2467 2371 2576 2427 sint
2607 2374 2856 2429 venena?

2262 2463 2394 2518 CAP.
2428 2462 2598 2518 XXII.
2628 2494 2697 2504 -—
2721 2466 2989 2521 Laborem
3024 2467 3219 2537 jejunii
3253 2469 3359 2537 tui,
3393 2468 3793 2525 misericordia:

2191 2569 2357 2625 opera
2396 2560 2821 2625 commendent,
2866 2569 2922 2614 et
2948 2560 3278 2616 abstinentia
3308 2571 3398 2617 tua
3424 2602 3439 2629 ,
3484 2576 3790 2633 pauperum

2193 2649 2491 2706 rcl'ectiouc
2517 2650 2590 2704 sit
2611 2652 2838 2721 gratior.
2865 2652 3128 2708 Dominus
3157 2655 3397 2725 inquitur
3427 2671 3523 2726 per
3553 2656 3795 2727 prophe-

2194 2740 2774 2798 taszisert'cordiam
2800 2746 2940 2810 colo,
2971 2756 3016 2800 et
3047 2765 3149 2801 non
3179 2749 3495 2818 sacriﬁcium
3523 2748 3670 2822 (Ose.
3709 2763 3790 2817 vl,

2192 2832 2287 2905 6
2333 2834 2388 2889 lu
2421 2835 2714 2906 Evangelia
2743 2834 2946 2892 Christi
2977 2839 3140 2895 verba
3180 2842 3408 2911 legimus
3440 2858 3453 2895 :
3504 2840 3651 2895 Beati
3689 2844 3794 2895 mi-

2190 2928 2476 2984 sericordes
2503 2970 2517 2996 ,
2554 2930 2802 3000 quoniam
2835 2932 2939 3002 ipsi
2974 2932 3381 2989 misericordiam
3408 2946 3795 3007 consequentur

2193 3020 2419 3093 (Matth.
2451 3024 2623 3107 v,‘7).
2653 3022 2763 3080 Sed
2791 3039 2977 3095 quaeso
3008 3024 3147 3081 hanc
3174 3041 3363 3083 curam
3393 3032 3510 3083 vice
3542 3039 3631 3081 tua
3662 3031 3791 3083 avia

474 3119 735 3177 credulis
764 3120 1041 3173 mentibus
1074 3119 1328 3174 blandum
1363 3120 1556 3174 vulnus
1586 3118 1835 3190 inﬂigunt
1864 3118 1973 3192 [ΑΙ.
2007 3120 2085 3175 in-
2110 3103 2160 3167 Ὁ
2195 3124 2483 3184 materque
2513 3103 2838 3187 Suscipiunt.
2890 3117 3001 3175 illae
3043 3120 3144 3176 has
3178 3133 3362 3191 partes
3394 3136 3491 3192 pro
3517 3130 3569 3177 te
3598 3131 3789 3193 agant.

502 3210 772 3283 tingunt].
803 3210 993 3267 Crevit
1023 3213 1125 3266 hoc
1154 3214 1205 3266 itt
1236 3222 1424 3267 nostra
1462 3220 1622 3268 actate
1656 3215 1844 3269 vitium
1873 3254 1888 3280 ,
1937 3222 1993 3269 et
2035 3215 2087 3269 itt

500 3305 690 3359 ultimo
721 3305 829 3359 line
860 3308 1052 3372 stetit,
1102 3320 1204 3359 nec
1243 3304 1352 3373 jam
1389 3306 1572 3375 augeri
1604 3312 1803 3372 potest.
1848 3305 1903 3361 In
1951 3305 2090 3361 hanc

497 3414 688 3454 Otttltes
723 3414 822 3452 nos
848 3397 1091 3452 scholam
1125 3397 1471 3468 studiumque
1512 3398 1766 3453 dedimus
1788 3436 1810 3465 ,
1862 3407 1920 3453 ut
1967 3398 2086 3453 ofﬁ-

498 3494 643 3548 cium
671 3498 923 3562 putemus
946 3491 1194 3546 illudere.
1218 3490 1602 3561 Quodqueipsi
1624 3492 1690 3547 ab
1714 3490 1837 3547 aliis
1860 3492 2091 3548 libenter

499 3588 823 3654 aecipimus,
856 3583 906 3638 id
934 3584 1053 3637 aliis
1081 3584 1232 3653 quasi
1262 3583 1534 3652 quoddam
1563 3600 1758 3640 munus
1787 3584 2087 3641 oli‘erimus.

502 3679 573 3736 Et
600 3694 695 3748 spe
729 3677 1063 3747 recipiendae
1094 3676 1271 3732 laudis
1296 3721 1309 3746 ,
1345 3692 1441 3732 eos
1466 3693 1495 3731 a
1526 3677 1721 3747 quibus
1751 3677 1959 3733 laudari
1993 3693 2088 3733 vo-

503 3774 708 3841 lttmus,
741 3782 868 3827 ante
896 3772 1202 3827 laudamus.
1230 3771 1385 3843 Sit-pe
1416 3770 1754 3827 adulantium
1786 3768 2092 3827 resistimus

504 3867 687 3922 verbis
716 3864 785 3920 ad
820 3863 1057 3936 facient,
1106 3876 1161 3920 et
1208 3864 1259 3920 in
1296 3872 1511 3921 secreto
1552 3864 1754 3919 mentis
1797 3864 2049 3919 iavctnus
2076 3910 2089 3933 ,

504 3960 918 4027 maximumque
946 3956 1185 4012 fructum
1211 3958 1422 4027 cepisse
1460 3972 1560 4011 nos
1591 3956 1843 4013 ducimus
1867 3997 1883 4025 ,
1929 3958 1978 4012 si
2011 3958 2093 4012 vel

502 4052 644 4108 lictis
676 4052 928 4106 laudibus
956 4051 1340 4122 praedicantur.
1373 4049 1482 4106 Nec
1507 4051 1810 4120 cogitamus
1834 4050 1964 4121 quid
1991 4050 2093 4120 ipsi

506 4142 677 4198 simus
709 4141 824 4213 [ΑΙ.
854 4140 1082 4212 sumus]
1105 4186 1120 4208 ,
1160 4141 1260 4196 sed
1286 4142 1415 4210 quid
1446 4141 1630 4196 alteris
1657 4157 1779 4197 esse
1809 4144 2097 4198 videamur

511 4233 618 4307 [ΑΙ.
648 4230 942 4302 videmur].
975 4230 1125 4287 Unde
1152 4247 1219 4286 eo
1250 4232 1515 4301 perducta
1556 4246 1645 4286 res
1688 4241 1812 4299 est,
1851 4242 1951 4302 ut,
1994 4250 2090 4290 ne-

502 4329 679 4399 glecta
710 4324 940 4380 veritate
977 4324 1155 4379 tnetiti
1182 4364 1196 4390 ,
1244 4323 1314 4378 de
1357 4324 1473 4379 sola
1510 4322 1768 4393 opiniOue
1798 4340 2051 4380 curemus
2074 4368 2090 4393 ,

501 4421 594 4494 qui
646 4420 1015 4476 testimonium
1066 4418 1191 4472 vita:
1234 4426 1477 4482 nostras,
1530 4433 1637 4472 non
1682 4432 1713 4472 a
1760 4419 2093 4476 conscientia

504 4525 693 4572 nostra
724 4556 739 4582 ,
781 4515 877 4569 sed
910 4529 938 4573 a
967 4513 1108 4567 fama
1142 4514 1397 4583 petimus.
1430 4511 1593 4567 Beata
1625 4526 1780 4566 mens
1806 4520 1892 4567 est
1915 4553 1931 4580 ,
1969 4529 2093 4583 qua:

504 4610 744 4679 perfecte
766 4607 869 4662 hoc
887 4605 1076 4662 vitium
1096 4605 1288 4672 vincit,
1307 4614 1363 4661 et
1385 4618 1487 4659 nec
1504 4603 1757 4658 adulatur
1778 4605 2089 4675 aliquando,

502 4716 607 4757 nec
638 4699 877 4755 adulauti
910 4698 1106 4753 credit.
1136 4697 1268 4764 Qua:
1314 4710 1416 4752 nec
1450 4695 1654 4766 decipit
1677 4695 1921 4751 alterum
1946 4735 1960 4761 ,
1992 4710 2094 4752 nec

504 4796 625 4865 ipsa
656 4791 958 4862 decipitur,
996 4801 1311 4860 tantumque
1339 4788 1443 4845 ltoc
1470 4788 1673 4843 malum
1704 4803 1804 4843 nec
1840 4789 1966 4843 facit
1996 4789 2093 4843 ali-

501 4885 742 4957 quando,
776 4899 876 4940 ncc
905 4883 1124 4953 patitur.
1161 4881 1305 4936 Nihil
1336 4896 1592 4951 umquam
1622 4881 1677 4935 in
1709 4890 1760 4936 te
1781 4879 1967 4935 (ictum
1998 4881 2090 4950 sit,

501 4982 633 5040 nihil
658 4978 879 5035 omnino
902 4973 1574 5033 fueatum.Conscientiam
1600 4983 1769 5045 tuam,
1795 4990 1918 5046 qua:
1938 4986 2089 5031 certe

505 5075 620 5131 Deo
669 5087 891 5142 semper
934 5078 1120 5140 patet,
1172 5070 1225 5123 itt
1278 5068 1629 5123 multitudine
1675 5066 1889 5123 versari
1938 5078 2088 5138 puta.

503 5169 805 5237 Numquam
834 5163 981 5219 aliud
1030 5161 1197 5217 corde
1230 5171 1455 5225 teneas,
1494 5160 1644 5216 aliud
1692 5176 1791 5217 ore
1843 5162 2090 5231 proferas

506 5260 616 5333 [AL
661 5262 865 5325 corde,
907 5258 1053 5313 aliud
1095 5273 1191 5314 ore
1218 5257 1581 5329 prmteudas].
1623 5256 1895 5327 Quidquid
1926 5256 2092 5328 pudet

503 5358 705 5421 dicere,
736 5353 939 5424 pudeat
965 5353 1129 5409 etiam
1157 5354 1424 5423 cogitate.
1452 5351 1580 5408 Illud
1608 5366 1740 5407 vero
1768 5362 1950 5407 notum
1976 5353 2089 5422 jam

498 5449 759 5506 onmibus
785 5456 954 5517 atque
980 5446 1312 5517 divulgatum
1335 5453 1439 5511 est,
1465 5461 1624 5516 quam
1647 5447 1795 5501 utilis
1821 5462 2088 5517 quamque

503 5546 632 5602 huic
665 5542 945 5615 preposito
972 5541 1280 5597 necessaria
1311 5548 1433 5608 est,
1474 5541 1803 5611 jejuniorum
1836 5550 1892 5595 et
1922 5541 2089 5595 altsti~

476 5638 702 5693 nantia:
729 5635 928 5703 virtus,
963 5634 1202 5689 maxime
1230 5633 1283 5687 in
1315 5631 1398 5686 liis
1428 5633 1617 5699 annis,
1651 5633 1707 5687 itt
1737 5633 1933 5701 quibus
1966 5648 2089 5689 cor-

477 5731 623 5803 .pori
653 5727 827 5800 major
856 5736 1023 5785 uastos
1050 5726 1210 5784 inest.
1260 5723 1379 5783 Non
1406 5724 1737 5783 manducare
1763 5722 1943 5797 itaque
1968 5740 2089 5783 car-

2186 3207 2305 3263 lllac
2333 3208 2644 3265 thesaurum
2680 3223 2832 3268 tuum
2873 3212 2926 3269 in
2964 3215 3164 3270 coelum
3211 3216 3421 3272 levent.
3458 3216 3672 3271 Illarum
3716 3218 3795 3273 sit

2193 3302 2502 3359 esurientes
2534 3305 2685 3361 alere
2711 3307 2836 3362 cibo
2856 3353 2869 3376 ,
2905 3309 3113 3364 vestire
3138 3309 3313 3365 nudos
3334 3356 3349 3379 ,
3378 3310 3601 3366 visitare
3628 3311 3788 3366 inllr-

2194 3408 2333 3458 mos,
2366 3396 2680 3464 peregrinos
2709 3405 2854 3453 tecto
2883 3401 3183 3469 suscipere,
3219 3410 3273 3456 et
3302 3402 3490 3457 aeterni
3521 3416 3617 3472 spe
3649 3417 3795 3471 prac—

2195 3488 2286 3541 rnii
2317 3531 2332 3555 ,
2385 3486 2607 3545 Christo
2648 3490 2701 3544 itt
2744 3493 3075 3562 pauperibus
3120 3493 3357 3550 fenerari
3406 3513 3420 3549 :
3464 3497 3557 3568 qui
3602 3496 3787 3553 dixit:

2198 3578 2568 3651 Quodcumque
2597 3582 2794 3649 fecistis
2836 3586 2929 3638 uni
2968 3600 3032 3639 ea:
3074 3586 3155 3640 Itis
3201 3587 3450 3657 fratribus
3480 3588 3603 3641 meis
3630 3588 3796 3642 mitti-

2194 3670 2315 3735 mis,
2338 3671 2467 3723 mihi
2488 3672 2683 3739 fecistis
2713 3671 2894 3744 (Matt.
2931 3690 3063 3744 xxv,
3090 3674 3203 3747 43)).
3232 3677 3352 3732 'l‘illi
3382 3693 3532 3744 vero,
3554 3679 3793 3735 maxime

2193 3762 2324 3818 dum
2357 3763 2410 3818 in
2445 3767 2733 3834 preposito
2765 3777 3095 3823 maturescat
3133 3768 3346 3825 animus
3371 3809 3387 3837 ,
3431 3771 3500 3825 ab
3534 3771 3793 3827 omnibus

2193 3859 2647 3930 occupationibus
2678 3861 3043 3917 recedendum
3074 3870 3197 3930 est,
3239 3875 3296 3919 et
3340 3879 3504 3919 omne
3543 3863 3789 3923 studium

2193 3950 2483 4022 omnisque
2512 3967 2645 4007 cura
2672 3952 2728 4008 in
2754 3954 3013 4009 ornandis
3036 3955 3278 4011 moribus
3298 3955 3625 4012 exhibenda.
3656 3957 3795 4026 Qui-

2194 4042 2296 4098 bus
2321 4043 2393 4097 ita
2425 4059 2621 4099 vacare
2647 4044 2816 4099 debes
2840 4086 2857 4113 ,
2903 4054 2961 4100 et
3000 4055 3168 4100 totam
3199 4060 3465 4117 occupare
3504 4057 3740 4103 mentem
3772 4091 3790 4116 ,

2196 4147 2256 4194 ut
2284 4153 2390 4194 non
2423 4139 2645 4195 divitem
2677 4149 2729 4195 te
2752 4140 2957 4195 sentias
2984 4156 3130 4208 esse,
3162 4157 3265 4197 nec
3294 4143 3591 4198 dominam.
3622 4142 3796 4199 Nobi-

2194 4231 2366 4288 litatis
2397 4232 2464 4286 ad
2494 4232 2598 4287 hoc
2629 4242 2835 4288 tantum
2867 4234 3185 4290 memineris
3213 4277 3227 4302 ,
3272 4244 3335 4291 ut
3373 4252 3496 4291 cum
3540 4236 3794 4293 claritate

2194 4324 2431 4393 generis,
2464 4337 2675 4378 morum
2708 4323 3000 4380 sanctitate
3028 4327 3327 4381 contendas
3354 4344 3366 4381 :
3395 4338 3451 4383 et
3480 4341 3601 4382 cum
3632 4328 3793 4383 nobi-

2198 4414 2349 4471 litate
2400 4417 2687 4485 corporis,
2738 4418 2903 4471 animi
2947 4418 3150 4474 virtute
3199 4418 3438 4475 nobilior
3484 4420 3735 4490 proﬁcias
3772 4440 3788 4478 :

2118 4485 2172 4546 Ῑ)
2199 4507 2483 4579 magisque
2515 4509 2608 4564 illa
2634 4510 2919 4565 nobilitate
2944 4510 3196 4581 glorieris
3217 4553 3230 4577 ,
3263 4528 3384 4582 qua:
3416 4485 3558 4569 [ili—os
3594 4514 3689 4569 Dei
3735 4514 3795 4572 et

2200 4602 2516 4658 cohteredes
2540 4600 2738 4659 Christi
2772 4605 2918 4661 facit.
2966 4608 3049 4660 Ad
3097 4620 3257 4675 quam
3289 4607 3335 4662 si
3371 4621 3591 4679 semper
3618 4607 3795 4679 inspi-

2195 4695 2309 4751 cias
2338 4713 2350 4749 :
2378 4693 2505 4749 dum
2530 4696 2706 4750 credis
2729 4696 2981 4766 gaudium
3010 4706 3060 4753 te
3090 4697 3290 4754 habere
3310 4698 3455 4770 quod
3481 4699 3653 4770 majus
3678 4708 3789 4769 est,

2197 4788 2408 4843 desinis
2449 4787 2516 4843 de
2556 4804 2622 4844 eo
2654 4792 2797 4859 quod
2844 4789 3023 4845 minus
3048 4800 3132 4845 est
3162 4791 3404 4861 gloriari.
3451 4792 3643 4847 Omnis
3684 4792 3789 4847 ista

2200 4884 2445 4954 praeclari
2474 4886 2689 4953 generis
2713 4886 2970 4955 dignitas,
2997 4896 3053 4940 ct
3076 4887 3288 4941 illustre
3311 4886 3485 4943 Anicii
3508 4888 3791 4959 sanguinis

2195 4978 2365 5034 decus
2393 5023 2407 5049 ,
2448 4980 2515 5034 ad
2560 4981 2797 5034 animam
2846 4980 3262 5036 transferantur.
3311 4981 3404 5037 Ille
3433 4983 3651 5051 clarus,
3694 4983 3793 5041 ille

2196 5071 2470 5139 sublimis,
2506 5073 2597 5128 ille
2625 5073 2697 5127 sit
2731 5073 2926 5128 nobilis
2953 5113 2968 5139 ,
2997 5074 3091 5128 ille
3120 5083 3249 5129 tunc
3286 5075 3550 5144 integram
3583 5074 3789 5130 nobili-

2197 5175 2366 5224 tatem
2396 5181 2550 5223 suam
2584 5181 2805 5222 servare
2843 5181 2902 5221 sc
2932 5175 3112 5236 putet,
3143 5167 3189 5222 si
3219 5167 3544 5238 dedignatur
3580 5173 3790 5223 servire

2196 5263 2343 5318 vitiis
2369 5304 2384 5328 ,
2416 5261 2485 5316 ab
2510 5260 2700 5330 eisque
2724 5276 2833 5315 non
2864 5259 3111 5330 superari
3143 5277 3157 5315 :
3189 5261 3235 5315 Α
3258 5275 3361 5329 quo
3388 5260 3523 5315 enim
3552 5260 3668 5331 quis
3693 5277 3788 5315 su-

2196 5366 2430 5427 peratur,
2462 5355 2618 5425 hujus
2643 5364 2688 5409 et
2713 5370 2885 5410 servus
2913 5364 2986 5409 est
3012 5352 3077 5425 (ll
3100 5352 3218 5409 Pet.
3246 5368 3305 5414 ιι.
3332 5354 3445 5425 15).
3477 5353 3617 5422 Quid
3641 5355 3787 5409 enim

2198 5447 2301 5502 hac
2324 5447 2587 5502 servitute
2614 5446 2779 5501 animi
2809 5447 3105 5515 indignius,
3136 5446 3334 5517 quidve
3358 5447 3592 5517 turpius,
3626 5461 3787 5517 quam

2196 5554 2320 5595 eum
2346 5540 2397 5594 itt
2421 5554 2505 5601 eo,
2540 5549 2633 5593 aut
2654 5539 2961 5593 dominatur
2984 5539 3192 5609 odium,
3219 5552 3309 5593 aut
3341 5548 3528 5607 regnat
3558 5536 3787 5592 invidia?

2196 5648 2358 5703 quam
2385 5648 2506 5687 cum
2533 5648 2656 5687 cum
2686 5642 2776 5687 aut.
2802 5632 3027 5688 avaritia
3049 5634 3318 5704 possidet,
3346 5640 3439 5687 aut
3464 5639 3680 5701 captum
3709 5632 3785 5687 ira

2182 5735 2366 5795 'tenet,
2397 5728 2485 5785 vel
2514 5738 2666 5787 certe
2695 5728 2893 5787 caetera
2919 5728 3024 5786 sibi
3063 5727 3192 5784 vitia
3216 5725 3530 5785 vindicant?
3557 5724 3675 5783 Non
3704 5732 3793 5782 est
