3916 6288
169 279 227 344 Π
1075 278 1352 342 PELAGII
1389 280 1483 339 AD
1518 278 2024 342 DEMETRIADEM
2067 281 2419 346 EPISTULA.
2860 306 2863 307 ν
3323 276 3416 360 3'8:

164 403 278 476 quod
312 404 406 462 sibi
441 404 627 478 aliquis
649 405 741 463 'de
781 405 1066 465 nobilitate
1094 409 1314 479 generis
1343 406 1692 463 blandiatur:
1722 411 1777 472 Α
1803 411 1890 498 nis
1923 408 1974 463 in
2008 391 2491 481 reprehensionem
2521 393 2894 487 intemperans
2920 417 3102 489 cadit,
3144 406 3410 498 quodque:

166 499 199 552 si
219 511 274 554 ex
299 498 503 554 meliore
530 508 682 570 parte
711 500 786 555 sit
810 499 1066 557 famulus.
1115 501 1284 557 Multo
1309 510 1395 556 est
1423 501 1701 572 indignius
1803 497 2075 557 laudabile
2104 511 2187 558 est
2217 503 2268 557 in
2302 511 2546 576 tempore
2598 519 2698 563 suo
2722 549 2737 575 ,
2784 507 2845 565 fit
2880 509 2949 567 de
2991 512 3272 574 nimietate
3311 497 3411 576 suiT

164 601 308 646 tuente
331 591 518 647 servire
539 632 553 656 ,
592 605 754 663 quam
783 607 1035 662 corpore.
1069 593 1415 663 Superfluum
1464 594 1702 650 arbitror
1803 592 2092 663 culpabile.
3399 599 3402 601 λ

167 698 206 742 te
229 700 438 751 monere,
479 703 639 758 quam
669 705 832 761 parca
866 689 918 743 in
945 690 1296 761 procedendo
1326 691 1524 746 debeas
1554 704 1696 754 esse,
1877 688 2008 745 Cap.
2043 687 2306 744 XXIV.—
2331 689 2671 749 Generaliter
2709 694 2926 767 quidem
2953 743 2967 769 ,
2987 713 2992 716 '
3011 700 3109 757 sed
3151 684 3410 762 breviter"

165 791 288 848 quam
311 793 417 832 rara
447 796 460 830 :
492 793 611 834 cum
643 789 696 836 te
729 779 833 836 hoc
861 781 1023 836 etiam
1072 782 1353 836 surcularis
1382 783 1450 836 ab
1477 781 1700 837 infantia
1803 779 2143 851 strictimque
2172 783 2462 840 dicendum
2494 795 2578 842 est
2623 806 2638 842 :
2682 788 2734 843 in
2773 787 2931 847 bonis
2973 807 3188 866 quoque
3229 797 3413 856 rebus'

168 870 372 924 honestas
392 869 633 926 docuerit
657 913 674 938 ,
720 880 776 927 et
801 870 962 927 facile
1007 871 1276 943 intelligas
1311 873 1364 926 id
1400 873 1494 927 tibi
1529 873 1702 928 multo
1803 869 2068 941 quidquid
2100 873 2317 928 modum
2349 878 2682 944 excesserit,
2712 879 2897 936 vitium
2927 893 3032 939 est.
3063 886 3251 960 Magna
3285 885 3412 959 est,’

169 961 304 1032 magis
329 963 376 1014 in
413 960 513 1017 hac
549 963 655 1018 vita
689 979 811 1020 esse
841 964 1212 1031 servandum,
1264 980 1424 1035 quam
1467 966 1702 1020 maxime
1805 977 2023 1033 magna,
2060 963 2301 1035 inquam,
2339 978 2540 1038 etquae
2563 973 2756 1042 grandi
2789 974 2967 1032 studio
2997 989 3227 1051 constat,
3268 967 3404 1054 per-i

164 1065 381 1110 secretum
422 1055 596 1112 decet.
651 1057 784 1113 illud
833 1058 1102 1114 admoneo
1130 1099 1145 1126 ,
1191 1069 1251 1114 ut
1295 1059 1427 1127 ipsis
1487 1073 1704 1130 quoque
1805 1054 2098 1112 fectzevitze
2119 1061 2277 1125 ratio,
2302 1074 2800 1137 consummataeque
2822 1070 3099 1139 sapientiai
3121 1076 3395 1139 est,scire

163 1147 560 1218 salutationibus,
606 1166 726 1219 quae
755 1149 850 1204 tibi
881 1151 933 1205 in
963 1151 1214 1207 cubiculo
1247 1159 1339 1206 tuo
1380 1150 1702 1207 exhibendas
1804 1149 1934 1218 quid
1957 1162 2066 1218 quo
2094 1150 2400 1222 insequaris
2430 1156 2612 1222 modo,
2643 1167 2696 1213 et
2722 1159 2786 1212 ad
2816 1174 3029 1217 onmem
3053 1176 3230 1222 actum
3258 1185 3398 1237 prac-

163 1251 287 1308 sunt,
313 1242 667 1298 certissimum
703 1243 920 1299 modum
950 1259 1119 1315 ponas
1165 1261 1179 1298 :
1224 1259 1329 1299 non
1355 1244 1465 1299 sint
1497 1244 1700 1310 nimiae,
1805 1239 2332 1298 ferendoconsilinm
2353 1261 2366 1301 :
2388 1244 2516 1301 nihil
2539 1247 2883 1322 facerequod
2904 1252 3094 1311 fecisse
3111 1260 3390 1327 poeniteat.

165 1347 299 1404 mne
322 1335 641 1404 quondm";
667 1377 684 1403 ,
728 1351 796 1392 ne
822 1353 927 1391 ιιοη
970 1346 1076 1392 tam
1107 1336 1344 1393 ofﬁcium
1371 1380 1385 1407 ,
1427 1352 1588 1408 quam
1619 1336 1704 1392 in-
1806 1327 1948 1385 Intra
1978 1332 2136 1389 unius
2162 1332 2312 1389 horae
2334 1336 2568 1406 spatium
2595 1348 2831 1396 mutatur
2853 1341 3064 1399 habitus
3084 1345 3385 1421 :jejunarc,

165 1428 474 1497 quietudinem
507 1437 769 1497 pmstare
794 1429 1106 1484 vidcantur,
1807 1421 2102 1494 abstinere,
2136 1429 2389 1498 psallere,
2418 1432 2673 1503 vigilare,
2724 1453 2830 1491 non
2877 1449 2982 1494 tam
3034 1442 3214 1498 studio
3254 1461 3390 1516 opus

215 1517 316 1576 Cir.
339 1518 677 1575 XXlll.—-—Et
695 1536 1022 1592 quamquam
1042 1535 1203 1577 omne
1221 1521 1345 1575 vitae
1368 1530 1472 1576 tua:
1492 1528 1705 1590 tempus
1809 1515 2034 1582 habent,
2062 1534 2224 1589 quam
2253 1522 2550 1578 voluntate.
2579 1526 2857 1594 Quidlibet
2885 1529 3182 1604 incipiens,
3213 1515 3393 1594 statim

165 1609 306 1664 ditio
324 1611 516 1666 debeas
549 1614 705 1682 operi
738 1627 1062 1669 consecrare
1106 1630 1119 1666 :
1163 1623 1219 1669 et
1250 1613 1449 1667 nullam
1484 1625 1706 1682 prorsus
1806 1621 1864 1666 ut
1887 1613 2140 1680 voluerit,
2173 1618 2239 1671 ad
2271 1620 2382 1687 ipsa
2412 1619 2684 1690 perfectus
2715 1633 2799 1681 est
2831 1644 2846 1682 :
2880 1627 3047 1686 immo
3078 1630 3155 1687 illi
3183 1633 3286 1691 hoc
3316 1633 3398 1690 fa-

166 1699 310 1755 Loram
332 1717 358 1756 θ
381 1704 653 1774 spirituali
684 1703 929 1774 profectu
971 1719 1191 1760 vacuam
1233 1720 1355 1760 esse
1395 1705 1702 1769 conveniat,
1809 1704 1962 1760 cilius
1992 1707 2170 1763 facere
2203 1723 2448 1780 possunt,
2483 1714 2572 1785 qui
2606 1727 2851 1773 recentes
2877 1722 3124 1791 corporis
3154 1723 3298 1781 vires
3328 1727 3397 1784 de

163 1812 257 1852 cum
281 1799 362 1854 tibi
393 1800 599 1870 in-lege
627 1797 855 1853 'Dotnini
894 1799 980 1854 die
1023 1813 1088 1854 ac
1130 1809 1293 1854 nocte
1336 1797 1701 1853 meditandum
1734 1799 1782 1863 Β
1809 1799 2011 1853 smenlo
2041 1801 2106 1854 ad
2141 1803 2474 1872 propositum
2507 1806 2759 1863 afferunt.
2792 1811 2967 1867 Mores
2999 1828 3129 1870 vero
3159 1827 3393 1887 mutare,

163 1889 380 1962 sit(Psttl.
411 1893 452 1964 ι)
480 1908 495 1950 :
527 1892 697 1948 debet
724 1901 904 1948 tamen
939 1891 1135 1962 aliquis
1166 1907 1292 1947 esse
1313 1889 1704 1946 determinatus
1813 1892 2165 1964 singulasque
2195 1897 2422 1953 virtutes
2447 1899 2610 1955 animi
2635 1902 2868 1960 formare
2896 1905 2947 1960 in
2977 1922 3057 1978 se,
3089 1917 3253 1981 atque
3278 1926 3403 1984 pcr-

164 1985 514 2039 ctcottstituttts
560 1983 821 2040 horatum
867 1999 1125 2039 numerus
1149 2023 1166 2050 ,
1211 1999 1319 2054 quo
1349 1981 1557 2051 plenius
1589 1981 1706 2037 Deo
1814 1985 1975 2042 ficere
2004 2030 2018 2056 ,
2049 1991 2273 2059 grandis
2308 1992 2471 2047 studii
2513 2004 2595 2049 est
2621 2038 2634 2060 ,
2669 2006 2722 2052 et
2757 1999 2932 2071 longm
2963 1981 3400 2063 consuetudinis.

162 2088 317 2142 vaces,
352 2085 405 2131 et
438 2077 530 2148 qui
569 2088 624 2132 te
662 2076 730 2130 ad
769 2090 1036 2131 summam
1083 2076 1250 2130 animi
1298 2075 1652 2130 intentionem
1685 2117 1702 2142 ,
1807 2077 1992 2149 itaque
2021 2083 2174 2136 multi
2207 2083 2260 2137 in
2291 2084 2396 2156 [Αι.
2422 2087 2548 2142 add.
2577 2088 2701 2162 hoc]
2729 2093 3013 2164 proposito
3034 2096 3402 2170 senescimus,

162 2167 275 2220 velut
295 2168 510 2238 quadam
544 2169 664 2240 lege
687 2172 981 2224 contineat.
1010 2169 1285 2239 Optimum
1316 2177 1399 2224 est
1424 2183 1554 2238 ergo
1582 2169 1707 2222 huic
1809 2180 1865 2227 et
1889 2187 1950 2227 ea
1977 2215 1991 2240 ,
2029 2184 2251 2245 propter
2278 2191 2397 2246 quae
2427 2177 2492 2232 ad
2524 2177 2698 2249 ipsum
2732 2186 3068 2252 propesitum
3112 2167 3401 2260 venimus,

161 2260 278 2326 aperi
302 2265 612 2316 matutinum
641 2261 885 2330 deputari
923 2271 1139 2332 tempus
1167 2301 1184 2328 ,
1230 2261 1279 2315 id
1313 2270 1396 2315 est
1423 2260 1704 2314 meliorem
1811 2279 1917 2318 non
1949 2266 2226 2322 habemus.
2255 2266 2365 2322 Tttn
2390 2283 2519 2324 vero
2543 2275 2888 2329 conversatio
2913 2292 3048 2332 nova
3071 2293 3192 2335 esse
3215 2282 3402 2350 debet,

159 2354 238 2408 diei
270 2365 502 2424 partem,
556 2366 612 2414 et
656 2369 826 2425 usque
863 2355 932 2410 ad
982 2354 1171 2410 ituram
1208 2354 1423 2409 tertiam
1465 2353 1705 2407 animam
1809 2359 1942 2414 mira
1975 2357 2234 2428 gravitas,
2268 2360 2550 2430 patientia,
2576 2367 2959 2434 mansuetudo,
2994 2370 3208 2439 pietas:
3245 2374 3401 2444 quid-

159 2447 351 2514 quotidie
373 2449 421 2501 itt
449 2447 665 2502 emlcsti
695 2463 870 2518 agone
896 2457 1198 2503 certantem
1227 2489 1242 2514 ,
1277 2449 1380 2502 hoc
1412 2447 1562 2502 velut
1592 2445 1708 2515 spi-
1809 2451 1938 2520 quid
1968 2452 2212 2506 sanctius
2243 2463 2318 2506 est
2349 2463 2510 2521 atque
2541 2454 2833 2524 perfeczius
2857 2501 2872 2526 ,
2921 2461 3178 2531 quidquid
3221 2467 3392 2534 magis

159 2543 324 2598 rituaiis
347 2545 582 2613 quodam
613 2547 864 2616 palestrae
897 2545 1138 2601 exerceri
1169 2545 1480 2618 gymnasio.
1517 2547 1614 2601 llis
1648 2555 1704 2600 tu
1813 2541 1994 2597 Dente
2009 2543 2389 2601 Commendare
2407 2549 2942 2618 potest,etmajoretn
2965 2552 3013 2605 in
3036 2553 3175 2607 cmlo
3199 2553 3396 2621 facere,

161 2650 231 2700 per
250 2637 471 2705 singulos
513 2638 636 2693 dies
684 2639 832 2692 horis
875 2639 926 2692 in
972 2641 1290 2694 secretioris
1324 2639 1522 2694 domus
1552 2646 1709 2710 parte
1812 2632 1864 2688 id
1894 2648 2109 2701 semper
2139 2649 2402 2704 sequere,
2463 2637 2514 2690 id
2563 2653 2782 2708 semper
2828 2641 3152 2710 amplectere
3187 2643 3400 2715 (lCor.

156 2742 230 2783 om
252 2771 264 2795 ,
290 2730 463 2786 clauso
490 2731 754 2787 cubiculo
780 2740 874 2785 tuo
904 2731 1122 2803 (Manli,
1151 2748 1225 2800 γι,
1255 2733 1333 2804 6),
1369 2733 1582 2789 Adhibe
1614 2733 1708 2789 tibi
1810 2742 1880 2782 vn
1910 2771 1924 2791 ,
1958 2727 2027 2782 54
2051 2730 2092 2799 ).
2136 2729 2341 2799 Sponsa
2386 2728 2584 2787 Christi
2629 2734 2762 2788 nihil
2799 2734 2961 2792 debet
2987 2751 3107 2792 esse
3137 2740 3402 2795 ornatius.

157 2824 286 2878 rliam
311 2826 358 2879 in
386 2827 519 2882 urbe
550 2825 658 2896 [ΑΙ.
683 2825 835 2898 orbe]
866 2826 1240 2895 solitudinem,
1266 2836 1323 2882 et
1349 2835 1551 2882 remota
1578 2841 1710 2897 pau-
1812 2818 1985 2874 Tanto
2009 2820 2212 2889 majore
2235 2820 2478 2891 placendi
2503 2824 2684 2879 studio
2705 2841 2842 2896 opus
2864 2836 2967 2895 est,
3001 2839 3207 2899 quanto
3231 2831 3405 2901 major

157 2923 289 2987 tsper
305 2919 369 2972 ab
389 2919 722 2984 hominibus,
754 2923 978 2991 propius
1005 2921 1114 2977 Deo
1138 2921 1370 2992 jungere
1400 2941 1413 2976 :
1439 2922 1712 2992 aspectui-
1812 2923 1894 2967 est
1921 2913 2009 2968 ille
2032 2914 2118 2968 cui
2143 2912 2466 2984 placendum
2493 2926 2594 2971 est.
2620 2915 2815 2973 Surculi
2839 2935 2970 2974 vero
2995 2922 3252 2992 virgines,
3282 2940 3403 2995 quae

158 3024 237 3076 que
263 3020 464 3067 tuorum
509 3012 756 3077 reddita,
789 3012 1047 3067 lectionis
1089 3013 1324 3068 fructum
1357 3023 1411 3070 et
1442 3014 1711 3070 orationis
1813 3021 1873 3062 se
1906 3007 2107 3077 ιιιιριῖίε
2149 3020 2457 3078 Ρτωιεηιιηῑ
2482 3052 2497 3078 ,
2542 3019 2596 3066 ct
2640 3011 3028 3084 indulgentiam
3065 3019 3235 3088 magis
3263 3017 3405 3091 Apo-

157 3102 519 3159 ostendeﬁihil
546 3104 693 3159 enim
717 3106 769 3158 in
795 3105 898 3159 hoc
920 3115 1131 3160 secreto
1157 3109 1326 3176 magis
1348 3105 1708 3176 ageredcbcs,
1753 3179 1764 3181 _
1815 3099 1941 3152 stoli
1964 3141 1976 3162 ,
2007 3113 2166 3170 quam
2195 3100 2478 3156 consilium
2509 3104 2656 3175 sequi
2691 3103 2928 3174 malunt,
2972 3108 3252 3181 magisque
3283 3128 3401 3168 am-

157 3210 284 3263 quam
309 3199 540 3253 animam
581 3197 782 3252 divinis”
810 3197 1040 3268 elaqeiis
1073 3213 1320 3268 pascere.
1356 3199 1420 3252 Et
1447 3210 1707 3268 quantum
1739 3179 1785 3246 C
1820 3193 2130 3263 plcetuntur
2155 3193 2563 3279 incontinentis:
2587 3196 2912 3270 remedium,
2937 3215 3097 3271 quam
3125 3203 3403 3272 praemium

155 3290 195 3343 ei
218 3305 302 3360 per
326 3299 486 3347 totam
518 3292 778 3348 sufficere
805 3291 978 3361 possit
1008 3292 1156 3347 diem
1186 3337 1200 3362 ,
1247 3292 1350 3346 hoc
1379 3307 1498 3347 eam
1545 3291 1710 3347 veluti
1816 3285 2190 3354 confincnlim,
2227 3295 2285 3341 ut
2310 3288 2525 3358 sponsis
2555 3285 2823 3358 placeant,
2856 3308 3059 3363 ensque
3085 3294 3135 3347 in
3159 3310 3405 3351 ametem

157 3382 255 3436 cibo
281 3384 559 3455 pinguiora
583 3385 806 3440 satiare.
856 3384 933 3438 lta
965 3384 1277 3455 Scripturas
1326 3399 1509 3440 sacras
1553 3387 1670 3457 lege
1696 3429 1711 3454 ,
1819 3379 1904 3434 sui
1945 3379 2115 3449 magis
2161 3380 2430 3448 incitent,
2482 3385 2620 3438 tnira
2663 3398 2722 3439 se
2764 3385 3133 3443 sollicitudine
3173 3388 3409 3447 formare

163 3484 207 3527 ut
229 3490 424 3549 semper
455 3477 777 3532 memineris
813 3477 903 3533 Dei
936 3477 1024 3532 illa
1051 3478 1214 3534 verba
1242 3494 1385 3546 esse,
1419 3482 1510 3548 qui
1540 3479 1713 3550 legem
1818 3473 2062 3540 student,
2095 3483 2150 3528 ct
2181 3475 2482 3530 naturalem
2514 3476 2760 3545 corporis
2787 3477 3271 3550 pulchritudinem,
3319 3497 3409 3538 or-

160 3577 282 3625 suatn
303 3587 402 3625 non
426 3573 607 3626 solum
638 3571 788 3639 sciri,
821 3573 916 3626 sed
938 3573 1101 3627 etiam
1129 3571 1346 3642 impleri
1368 3571 1543 3643 jubet.
1574 3572 1717 3629 Nihil
1819 3565 1980 3619 nandi
2014 3579 2130 3621 arte
2157 3567 2560 3622 commendant.
2610 3567 2734 3624 llzec
2772 3581 2853 3624 est
2887 3569 3121 3642 illis‘per
3149 3572 3268 3628 dies
3298 3575 3411 3630 sin-

161 3658 279 3715 euim
302 3663 516 3731 prodest
546 3661 1100 3729 facienda-didicisse,
1129 3672 1185 3719 et
1208 3679 1315 3719 non
1342 3664 1540 3721 facere.
1564 3666 1718 3737 Optio
1817 3655 1976 3726 Bulos
2019 3669 2148 3710 0"”
2192 3658 2462 3727 Ρτωεῖρυθ
2499 3671 2512 3711 ³
2544 3658 2861 3715 “ﬂentibus
2891 3662 3029 3717 rufis
3055 3663 3301 3720 εοιοτπθ
3334 3665 3412 3720 {3'

159 3767 227 3807 me
244 3756 395 3810 uteris
419 3756 654 3810 lectione
673 3754 878 3820 divina,
901 3757 946 3809 si
964 3769 1080 3810 eam
1107 3755 1202 3810 tibi
1227 3756 1488 3812 adhibeas
1511 3757 1717 3827 Speculi
1819 3748 1982 3822 οίεηι,
2011 3749 2290 3817 imlinea"3
2313 3765 2446 3804 3"?"
2468 3751 2697 3820 Crillcmi
2723 3763 2775 3807 ει
2800 3752 3052 3809 τιτάθηῐεε
3074 3757 3408 3814 Omeliarum

159 3844 271 3911 rice,
296 3857 351 3901 ιιι
371 3846 447 3902 ibi
475 3847 624 3902 velut
649 3845 715 3901 ad
742 3847 1027 3917 imaginem
1055 3863 1209 3903 suam
1230 3850 1409 3902 anima
1435 3849 1714 3919 respiciat,
1821 3839 2050 3910 lapides:
2086 3842 2282 3912 (εῖψίιίε
2323 3844 2584 3898 honorem
2617 3843 2818 3912 facere:
2851 3849 3189 3917 suspendere
3221 3866 3289 3904 (Ἰ
3319 3868 3413 3906 τιυ-

160 3948 203 3990 ct
223 3938 294 3992 vel
321 3938 455 3994 [teda
483 3955 716 4010 qumque
742 3941 998 4010 corrigat,
1039 3939 1118 3994 vel
1143 3939 1365 4010 pulchra
1391 3940 1513 4010 plus
1533 3951 1715 3998 ornet.
1819 3932 1971 3989 ribus
1992 3936 2580 4006 patrimonia,braehia
2602 3953 2797 3991 ornare
2821 3939 3115 3996 monilibus
3137 3954 3198 3996 ac
3222 3934 3414 4011 latera,

163 4027 432 4084 Lectioncm
458 4033 775 4101 frequenter
799 4030 1159 4101 interrumpat
1181 4031 1381 4097 oratio,
1407 4041 1461 4087 et
1481 4033 1716 4089 animant
1819 4034 1875 4082 et
1905 4027 2144 4082 inclusas
2171 4043 2305 4082 auro
2332 4043 2570 4098 gemmas
2594 4042 2624 4082 a
2648 4028 2789 4084 collo
2813 4029 2864 4082 in
2889 4040 3076 4100 pectus
3095 4031 3410 4091 demittere.

157 4118 324 4190 iugiter
364 4123 738 4178 adhaerentem
782 4122 936 4192 Deo,
982 4126 1134 4194 grata
1179 4124 1503 4180 vicissitudo
1545 4129 1716 4182 sancti
1819 4117 1936 4173 Non
1983 4117 2248 4173 minorem
2291 4133 2521 4189 sponsus
2568 4130 2690 4175 tuus
2730 4123 2958 4192 rcqttitit
2998 4135 3244 4179 ornatum
3272 4167 3287 4191 ,
3320 4123 3413 4196 qui

162 4216 310 4281 operis
334 4215 634 4272 accendat..
665 4215 818 4272 Nunc
850 4225 903 4270 te
934 4217 1100 4286 igitur
1137 4216 1274 4272 ordo
1322 4217 1554 4273 instruat
1602 4235 1716 4276 cm-
1820 4225 1944 4268 cum
1987 4209 2294 4266 universam
2339 4212 2639 4268 Ecclesium
2684 4215 2938 4270 salutaris
2989 4229 3143 4287 aquae
3197 4216 3415 4272 lavacro

163 4307 286 4360 testis
309 4307 550 4364 historia:
590 4325 604 4362 :
655 4323 798 4363 nunc
837 4319 1084 4363 sanctum
1118 4309 1285 4362 David
1316 4310 1550 4366 oblectet
1589 4327 1718 4367 can-
1823 4306 2162 4386 purificatam
2187 4305 2306 4361 sine
2330 4307 2540 4369 macula
2565 4323 2810 4377 rugaque
2833 4307 3150 4374 reddiderit,
3176 4309 3416 4378 quotidie

164 4399 296 4452 ticum
327 4417 339 4453 :
372 4415 518 4455 nunc
545 4398 852 4456 Salomonis
880 4401 1090 4455 erudiat
1120 4400 1400 4472 Sapientia
1433 4421 1446 4457 :
1482 4417 1624 4459 nunc
1652 4405 1717 4459 ad
1820 4384 1965 4468 cupit
1997 4413 2116 4453 eam
2149 4399 2261 4453 fieri
2304 4399 2670 4468 pulchriorem
2702 4441 2716 4461 ,
2755 4410 2813 4453 ut
2845 4399 3011 4455 semel
3041 4417 3072 4454 a
3104 4399 3248 4454 vitiis
3282 4417 3414 4471 pce-

163 4490 377 4547 liztlorcm
419 4493 670 4558 Domini,
713 4491 1116 4562 increpationes
1160 4492 1387 4548 incitent
1424 4495 1721 4565 prtiphcla-
1750 4561 1782 4565 _
1820 4493 2065 4560 eatisqtte
2093 4490 2346 4544 mundata
2372 4535 2385 4558 ,
2434 4505 2652 4559 semper
2677 4490 3127 4547 ornetur'dccore
3156 4492 3412 4548 virtutum

165 4595 257 4632 tum
296 4597 308 4633 :
347 4599 490 4637 nunc
533 4561 880 4652 Evangelica
903 4595 957 4638 et
987 4582 1299 4654 Apostoiica
1348 4561 1618 4654 perfectio
1667 4597 1718 4642 te
1749 4561 1799 4622 θ
1825 4581 2044 4656 (Ephes.
2073 4598 2129 4646 v,
2159 4581 2251 4644 26.
2280 4581 2394 4653 9.7).
2431 4585 2493 4636 lit
2516 4582 2560 4635 si
2587 4582 2688 4637 hoc
2710 4596 2740 4637 a
2763 4591 2874 4637 tota
2903 4581 3125 4654 requirit
3151 4582 3412 4655 Ecclesia,

164 4671 346 4728 tbristo
391 4675 448 4730 in
491 4677 637 4730 omni
681 4689 894 4732 morum
927 4677 1217 4731 sanctitate
1245 4676 1560 4747 coniungat.
1591 4678 1720 4744 Qum
1825 4676 1994 4745 inqua
2010 4675 3208 4750 etvidua:continenturctttupta::quantlttn,
3235 4687 3415 4750 putas,

168 4769 371 4832 paranda
405 4778 570 4838 sunt,
601 4769 882 4824 memori-.2
907 4769 1124 4840 penitus
1154 4769 1332 4825 insere
1364 4788 1375 4824 :
1409 4785 1582 4840 eaque
1606 4771 1722 4842 jttgi
1825 4779 2150 4838 exspectata
2177 4768 2408 4840 virgine,
2435 4784 2552 4839 quae
2574 4783 2640 4824 ex
2665 4769 3036 4838 ptticherrimo
3059 4771 3161 4826 hoc
3183 4772 3414 4843 quodam

169 4859 479 4918 meditatione
517 4876 807 4918 conserva.
861 4862 991 4929 Qua.-
1030 4861 1352 4917 maturanda
1401 4872 1524 4917 sunt
1555 4906 1568 4930 ,
1618 4864 1726 4919 fre-
1828 4861 2083 4932 ECCiCaiiB
2109 4868 2320 4930 parato,
2353 4861 2503 4916 velut
2533 4862 2812 4931 augustior
2834 4861 3052 4932 quidam
3078 4862 3178 4917 ﬂos
3204 4861 3420 4918 videtur

169 4962 361 5017 quenter
387 4955 632 5020 revoive,
662 4964 722 5008 nt
752 4953 994 5009 divinum
1025 4954 1426 5021 hoc-studium,
1462 4965 1519 5011 ct
1561 4958 1726 5012 (ωερε
1827 4955 2044 5010 electa!
2095 4954 2326 5008 Assunte
2364 4967 2497 5023 ergo
2534 4967 2751 5010 omnem
2793 4955 2944 5010 illum
2977 4964 3268 5022 ornatum,
3320 4971 3420 5026 per

170 5045 244 5098 Mi!
260 5047 460 5113 schola,
476 5058 529 5102 et
551 5061 734 5102 mores
754 5044 916 5101 simul
939 5045 1162 5117 virginis
1183 5055 1383 5102 ornent
1401 5055 1457 5102 et
1477 5062 1719 5116 sensum,
1829 5059 1987 5116 quem
2012 5043 2228 5115 placere
2241 5042 2458 5099 Christo
2479 5055 2651 5115 potes.
2670 5045 2812 5101 Satis
2832 5045 3107 5116 pulchram
3129 5046 3238 5101 Deo
3261 5045 3422 5102 crede

174 5135 459 5207 tradantque
511 5138 606 5192 tibi
653 5149 776 5192 cum
827 5139 1091 5208 sapientia
1145 5139 1514 5194 sanctitatem.
1570 5139 1723 5197 Undo
1833 5139 2026 5194 faciem
2066 5147 2208 5193 tuam
2236 5182 2251 5206 ,
2306 5137 2351 5193 si
2395 5139 2706 5195 hominibus
2740 5140 2968 5211 pulchra
3008 5155 3271 5210 apparere
3313 5155 3422 5196 non

173 5227 420 5298 Scriptura
452 5230 590 5285 dicit
631 5245 646 5285 :
688 5229 790 5296 Qui
820 5240 1058 5300 qua’ruut
1093 5229 1262 5286 Deum
1289 5272 1303 5296 ,
1345 5232 1604 5285 invenient
1634 5248 1724 5286 sa-
1831 5233 2071 5289 studeas.
2107 5231 2252 5288 Istud
2282 5243 2664 5287 ornamentum
2699 5248 2853 5288 serva
2881 5233 3074 5304 capitis
3099 5274 3114 5301 ,
3149 5233 3296 5306 quod
3328 5249 3420 5288 ac-

171 5322 382 5388 pt'rutiatn
403 5341 522 5379 cum
531 5326 757 5397 justitia.
777 5323 1060 5380 Sitautem
1085 5324 1200 5393 ipsa
1223 5313 1723 5395 lectiotemperata,
1832 5327 2102 5399 quisivisti
2134 5327 2459 5382 Chrismatis
2499 5336 2848 5383 sacramento
2878 5368 2894 5395 ,
2945 5342 3067 5384 cum
3101 5328 3199 5384 tibi
3229 5328 3282 5384 in
3313 5343 3423 5383 ca:-

172 5414 236 5466 cui
263 5415 413 5473 finem
441 5417 753 5481 consilium,
786 5431 891 5470 non
921 5414 1184 5471 lassitudo
1213 5416 1477 5486 imponat.
1504 5415 1638 5472 Nam
1670 5428 1724 5472 ut
1837 5420 1990 5476 lestis
2021 5419 2172 5491 regni
2215 5419 2532 5492 mysterium
2570 5463 2583 5486 ,
2635 5419 2884 5476 diadema
2919 5420 3196 5492 quoddam
3232 5419 3426 5490 regalis

173 5503 496 5564 immoderata
514 5508 718 5579 jejunia
739 5508 977 5564 etardor
1001 5507 1369 5573 abstinentiae,
1396 5516 1452 5564 et
1471 5523 1726 5565 enormes
1831 5512 2112 5570 unctionis
2153 5511 2466 5584 impositum
2514 5522 2615 5568 est.
2665 5513 2881 5586 Optima
2927 5507 3253 5570 ornamenta
3303 5521 3428 5567 sunt

174 5597 569 5676 inordinataeqne
598 5603 826 5674 vigilize,
860 5602 1296 5674 intemperantia:
1323 5612 1722 5674 coarguuntur,
1835 5609 2046 5664 aut-ium
2074 5651 2090 5678 ,
2141 5607 2310 5664 verba
2349 5607 2468 5663 Del.
2517 5607 2599 5664 Ad
2629 5621 2689 5664 ea
2721 5609 2834 5665 sola
2868 5617 3084 5680 paratus
3113 5622 3236 5664 esse
3266 5605 3428 5665 debet

177 5691 309 5764 idque
331 5699 614 5754 nimietate
640 5701 722 5754 sui
747 5699 982 5769 pariunt,
1015 5711 1072 5754 ut
1101 5697 1215 5754 haec
1244 5697 1357 5768 ipsa
1390 5710 1598 5768 postea,
1629 5715 1728 5756 nec
1835 5701 2052 5757 auditus
2077 5700 2330 5772 virginis:
2356 5715 2527 5772 eaque
2549 5699 2958 5770 pretiosissimis
2982 5699 3254 5770 lapidibus
3276 5711 3427 5757 ante-

175 5787 490 5850 ltediocritcr
518 5789 736 5862 quidem
758 5789 877 5850 ﬁeri
898 5790 1148 5865 possint:
1185 5791 1258 5850 ita
1278 5792 1514 5850 studium
1538 5792 1729 5852 lectio-
1839 5795 2004 5856 ferre.
2038 5794 2229 5854 Omnia
2264 5808 2488 5869 pl‘Ol‘allS
2515 5798 2760 5857 membra
2803 5794 3132 5855 decorentur
3171 5795 3432 5872 operibus
