3916 6288
478 250 552 312 se
1484 245 1542 305 s.
1582 243 1971 303 HIERONYMI
2006 242 2292 303 OPERUM
2333 242 2699 302 MANTISSA.
3699 230 3779 301 to’

482 366 788 427 sanctitatis
821 384 836 422 :
868 373 1094 439 totaque
1148 362 1427 437 virginalis
1471 362 1635 418 animi
1683 360 2032 432 pulchritudo
2063 405 2077 431 ,
2108 366 2160 426 Α
2187 377 2460 434 praesume
2487 362 2802 418 victoriam.
2845 360 2972 418 Haec
3013 359 3158 417 enim
3200 360 3245 417 si
3275 366 3333 433 tu
3365 357 3546 414 omnia
3575 356 3777 414 instru-

484 461 743 535 gemmati
790 461 1011 517 monilis
1041 461 1230 526 instar,
1267 460 1415 515 vario
1439 458 1700 514 virtutum
1735 456 1949 529 fulgore
1989 472 2081 512 re-

491 553 799 627 splendeat.
817 554 969 610 Tunc
989 567 1118 609 vere
1145 553 1496 623 concupiscet
1508 565 1607 606 res
1630 549 1884 606 decorem
1908 557 2080 619 tuum,

487 646 743 718 dicetque
772 645 870 702 tibi
904 662 917 699 :
954 643 1085 699 Tota
1115 643 1346 715 formosa
1371 658 1446 708 es,
1474 642 1713 715 proxima
1736 657 1873 709 mea,
1901 648 1949 695 et
1975 656 2088 694 ma-

486 743 608 798 cula
634 758 737 796 non
764 749 838 795 est
857 739 909 794 in
933 748 980 793 te
1007 737 1187 813 (Cant.
1213 753 1267 806 v,
1301 736 1382 809 7).
1415 736 1485 792 Et
1507 737 1621 792 haec
1643 735 1738 790 tibi
1765 744 2085 790 ornamenta

488 852 613 908 quae
638 834 779 901 dixi,
815 834 979 890 etiam
1008 841 1168 890 erunt
1199 831 1537 886 munimenta
1571 829 1807 884 maxima
1836 846 1848 882 :
1883 835 1942 883 et
1967 842 2089 896 quae

495 932 612 1001 ipsa
638 939 689 984 te
712 928 817 1000 [ΑΙ.
844 936 898 982 te
921 926 1116 998 ipsam]
1140 940 1336 981 ornare
1360 924 1499 989 Deo,
1527 931 1582 978 et
1601 929 1791 978 contra
1812 920 2088 976 diabolum

494 1034 709 1077 armare
742 1020 977 1091 possint,
1010 1019 1099 1089 qui
1132 1033 1228 1088 per
1257 1016 1375 1073 leve
1405 1014 1677 1071 interdum
1706 1013 2091 1085 quodcumque

488 1114 679 1171 vitium
708 1113 774 1169 ad
799 1113 1036 1169 animam
1068 1110 1371 1183 ingreditur
1402 1120 1497 1165 :et
1525 1108 1569 1164 si
1594 1110 1852 1175 virtutum
1886 1121 2091 1177 propu-

490 1207 718 1280 gnacula
749 1219 856 1261 non
885 1204 1139 1261 resistant
1164 1228 1178 1273 ,
1222 1212 1411 1259 nostro
1442 1215 1542 1256 nos
1568 1200 1785 1270 repellit
1827 1200 1949 1255 loco
1975 1240 1991 1265 ,
2036 1208 2092 1253 et

493 1301 755 1358 continuo
770 1297 838 1354 de
861 1297 1016 1354 hoste
1042 1297 1100 1352 fit
1119 1296 1390 1351 dominus.
1411 1294 1638 1364 Propter
1653 1291 1796 1363 quod
1810 1291 2091 1362 Scriptura

494 1407 597 1449 nos
617 1391 957 1455 adhortatur,
972 1398 1026 1445 et
1049 1387 1208 1444 dicit:
1231 1387 1293 1443 Si
1311 1387 1525 1459 spiritus
1541 1393 1840 1457 potestatem
1860 1384 2095 1439 habentis

492 1485 780 1540 ascenderit
802 1499 960 1554 super
977 1491 1045 1549 te,
1059 1484 1227 1536 locum
1243 1489 1386 1534 tuum
1399 1496 1462 1534 ne
1474 1478 1732 1533 dimiseris
1754 1476 1923 1549 (Eccl.
1942 1492 1993 1543 x,
2012 1478 2037 1531 Al
2049 1475 2067 1547 )
2078 1516 2091 1529 .

569 1576 701 1633 Car.
734 1574 976 1631 XXV.—
996 1574 1081 1629 Ab
1109 1588 1176 1629 eo
1199 1573 1310 1643 jam
1333 1584 1599 1642 tempore,
1626 1585 1734 1642 quo
1756 1570 1985 1641 primum
2001 1584 2097 1640 per

502 1668 831 1741 virginitatis
854 1666 1254 1739 professionem
1285 1664 1516 1719 Domino
1541 1672 1862 1718 consecrata
1890 1676 1971 1727 es,
2000 1659 2095 1715 ad-

2187 465 2369 511 menta
2410 454 2695 527 possideas
2717 496 2731 522 ,
2774 469 2968 511 secura
3000 452 3265 525 procedes
3292 451 3361 507 ad
3394 451 3634 521 praelium
3665 451 3777 521 spi-

2190 547 2407 616 rituale,
2457 561 2559 603 nec
2604 546 2827 618 pavebis
2876 545 3152 602 diabolum
3197 560 3321 601 cum
3372 552 3485 600 toto
3536 542 3778 600 exercitu

2187 656 2310 698 suo.
2345 640 2542 698 Cadent
2570 643 2702 698 enim
2733 659 2765 696 a
2794 643 2955 698 latere
2999 650 3088 696 tuo
3123 641 3285 708 mille,
3325 649 3374 695 et
3410 639 3582 695 decem
3614 638 3782 693 millia

2190 756 2223 795 a
2262 739 2456 793 dextris
2505 739 2607 793 tuis
2646 753 2668 794 :
2707 738 2777 793 ad
2825 747 2873 793 te
2931 746 3106 792 autem
3153 752 3253 791 non
3295 732 3782 806 appropinquabant

2190 832 2209 902 (
2240 831 2385 888 Psal.
2418 846 2529 900 scr,
2564 832 2615 899 ,7
2639 831 2680 902 ).
2716 831 2913 887 Beatus
2945 845 3161 903 quoque
3202 829 3437 885 Jacnbus
3465 828 3554 883 ille
3581 826 3785 883 Christi

2191 927 2349 982 miles
2395 925 2662 982 emeritus
2689 940 2797 981 non
2828 923 3003 980 minor
3035 922 3192 979 nobis
3231 922 3557 979 auctoritate
3585 919 3786 976 de-hoc

2194 1018 2340 1074 bello
2375 1017 2659 1073 victoriam
2707 1017 2995 1088 pollicetur
3038 1036 3049 1069 :
3099 1015 3339 1080 Subditi,
3380 1015 3586 1086 inquit,
3628 1022 3786 1068 estote

2192 1105 2306 1162 Deo
2344 1124 2362 1162 :
2392 1107 2613 1161 resistite
2661 1115 2833 1160 autent
2862 1106 3092 1173 diabolo,
3124 1116 3172 1159 et
3203 1106 3365 1176 fugiet
3394 1122 3427 1157 a
3456 1105 3594 1159 vobis
3627 1103 3784 1175 (Jac.

2194 1215 2270 1267 tv,
2300 1201 2331 1254 7
2357 1199 2398 1273 ).
2429 1197 2681 1254 Ostendit
2728 1198 3003 1269 quomodo
3051 1198 3308 1255 resistere
3351 1197 3648 1252 debeamus
3675 1197 3789 1251 dia-

2196 1291 2344 1361 bolo,
2374 1294 2419 1348 si
2450 1295 2637 1365 utique
2665 1293 2839 1349 simus
2867 1289 3067 1347 subditi
3104 1290 3235 1357 Deo,
3270 1290 3498 1360 ejusque
3539 1287 3790 1344 faciendo

2195 1385 2559 1452 Voluntatem,
2592 1395 2651 1440 ut
2695 1383 2937 1439 divinam
2985 1383 3146 1437 etiam
3179 1395 3490 1436 mereamur
3517 1378 3746 1450 gratiam
3774 1398 3787 1435 :

2196 1487 2252 1534 et
2283 1477 2489 1533 facilius
2519 1492 2751 1548 nequam
2794 1475 3005 1546 spiritui
3029 1515 3044 1539 ,
3092 1473 3302 1529 auxilio
3342 1473 3524 1529 sancti
3554 1472 3793 1544 Spiritus

2196 1572 2539 1627 resistamus.
2581 1568 2769 1641 Neque
2807 1583 2936 1624 vero
2989 1576 3175 1638 aperta
3220 1575 3409 1622 contra
3448 1580 3549 1621 nos
3589 1576 3792 1638 pugnat

2198 1666 2337 1733 acie,
2368 1679 2469 1721 nec
2500 1664 2715 1735 publica
2748 1663 3031 1719 nobiscum
3066 1660 3255 1717 fronte
3294 1660 3664 1732 congreditur,
3701 1660 3795 1717 sed

497 1762 728 1820 versarii
758 1762 813 1817 in
843 1770 897 1816 te
934 1761 1105 1816 crevit
1140 1757 1348 1814 odium.
1392 1757 1456 1811 Et
1482 1756 1572 1826 qui
1605 1756 1790 1811 aliena
1822 1754 1969 1809 lucra
1999 1767 2097 1824 pro
2126 1760 2175 1822 B
2201 1759 2330 1815 dolo
2377 1759 2547 1814 vincit
2587 1772 2651 1814 ac
2696 1755 2908 1825 fraude,
2942 1764 3237 1828 nostraque
3269 1765 3465 1812 contra
3493 1771 3595 1812 nos
3628 1757 3795 1811 utitur

502 1858 617 1914 suis
662 1855 880 1913 damnis
908 1855 1091 1923 habet,
1136 1868 1197 1910 se
1236 1852 1487 1908 amisisse
1530 1849 1701 1919 ducit,
1749 1846 2010 1920 quidquid
2044 1858 2097 1903 te

501 1962 877 2023 possessuram
909 1946 1079 2003 dolet.
1111 1944 1318 2002 Grandi
1350 1943 1446 1999 tibi
1486 1958 1623 2013 opus
1673 1950 1757 1997 est
1802 1940 2094 2012 vigilantia,

501 2042 801 2115 grandique
839 2055 970 2097 cura
1013 2056 1029 2095 :
1073 2048 1129 2095 et
1174 2047 1325 2094 tanto
1364 2036 1647 2092 sollicitius
1694 2034 1970 2091 cavendus
2014 2040 2101 2089 est

502 2136 779 2201 inimicus,
826 2142 1032 2205 quanto
1081 2131 1224 2201 apud
1274 2131 1445 2185 Deum
1496 2128 1661 2184 ditior
1710 2142 1831 2183 esse
1862 2125 2095 2197 coepisti.

506 2228 720 2284 Vacuus
753 2226 927 2282 viator
962 2236 1014 2282 et
1060 2224 1235 2281 nudus
1272 2239 1378 2279 non
1413 2222 1566 2277 timet
1596 2220 1825 2277 latronis
1851 2219 2096 2275 insidias.

504 2320 742 2379 Securus
785 2336 817 2376 a
861 2320 1140 2376 nocturnis
1186 2318 1396 2373 furibus
1439 2315 1645 2371 dormit
1674 2329 1903 2385 pauper,
1934 2313 2099 2368 etiam

503 2415 551 2473 si
578 2416 811 2471 claustra
842 2428 951 2468 non
980 2410 1210 2466 muniat.
1241 2407 1407 2464 Diviti
1444 2422 1576 2462 vero
1615 2421 1750 2477 opes
1781 2420 1894 2461 suae
1936 2404 2103 2458 latro.

510 2508 595 2562 nis
642 2517 867 2575 semper
916 2502 1283 2572 imaginantur
1311 2513 1620 2565 occursum,
1656 2506 1712 2552 et
1754 2496 1866 2567 jugi
1899 2495 2105 2552 sollici-

507 2598 716 2662 tudine,
759 2593 1007 2651 noctium
1045 2608 1298 2648 somnum
1338 2588 1609 2646 adimunt.
1643 2588 1798 2646 Unde
1838 2598 1944 2643 tua:
1971 2602 2104 2659 quo-

506 2703 615 2760 que
653 2687 879 2750 divitiae,
919 2685 1161 2741 coalestis
1203 2686 1511 2751 thesaurus,
1558 2683 1659 2737 ista
1685 2681 1938 2736 cautione
1966 2678 2107 2734 indi-

508 2789 641 2852 gent
685 2788 849 2850 atque
890 2777 1160 2833 custodia.
1193 2776 1413 2843 Quanto
1444 2773 1607 2830 ditior
1646 2788 1726 2841 es,
1763 2780 1911 2827 tanto
1939 2772 2106 2827 debes

511 2888 634 2931 esse
662 2873 991 2944 vigilantior.
1026 2871 1128 2938 Qui
1160 2871 1307 2926 enim
1340 2870 1460 2941 plus
1499 2868 1765 2939 possidet,
1796 2867 1919 2937 plus
1946 2864 2108 2920 debet

510 2969 710 3022 timere
755 2980 825 3021 ne
854 2964 1067 3034 perdat.
1112 2962 1365 3019 Invidere
1397 2977 1505 3016 non
1546 2968 1728 3015 cessat
1755 2966 1943 3014 auctor
1972 2957 2108 3012 invi-

462 3048 474 3055 ’
507 3060 634 3115 dim.
667 3058 735 3114 Et
779 3056 871 3129 qui
899 3055 1075 3112 semel
1121 3071 1153 3111 a
1184 3055 1295 3111 Deo
1340 3055 1457 3125 ipse
1501 3054 1780 3125 projectus
1806 3060 1920 3117 est,
1955 3059 2107 3106 tanto

2201 1850 2497 1906 voluntate.
2552 1849 2627 1906 De
2684 1864 2955 1906 consensu
3014 1857 3205 1904 nostro
3259 1848 3607 1905 adversarius
3654 1849 3796 1905 vires

2201 1944 2329 2017 [Αι.
2382 1945 2451 2002 de
2499 1958 2774 2001 consensu
2814 1943 3253 1999 adversariorum
3313 1940 3503 2013 vires]
3557 1942 3795 2013 accipit,

2202 2046 2499 2109 nostroque
2528 2052 2651 2105 nos,
2679 2046 2740 2092 ut
2763 2034 2870 2091 dici
2899 2036 3060 2106 solet,
3082 2036 3294 2106 jugulat
3319 2035 3517 2106 gladio.
3546 2035 3796 2090 Infirmus

2202 2128 2376 2185 hostis
2424 2139 2511 2185 est
2557 2131 2651 2200 qui
2698 2144 2805 2184 non
2854 2138 3033 2200 potest
3078 2129 3296 2185 vincere
3340 2127 3443 2183 nisi
3500 2127 3796 2184 volentem.

2204 2224 2400 2281 Procul
2432 2240 2462 2279 a
2505 2225 2661 2279 nobis
2703 2223 3038 2294 desperatio,
3078 2224 3272 2294 procul
3314 2224 3493 2279 omnis
3520 2223 3588 2279 ab
3618 2224 3797 2278 animo

2204 2318 2425 2374 recedat
2466 2333 2636 2389 pavor
2676 2317 3137 2374 adversariorum.
3179 2316 3295 2372 Non
3327 2318 3674 2387 adjuvemus,
3703 2318 3797 2373 sed

2204 2412 2489 2466 vincamus
2529 2410 2895 2466 adversarios.
2938 2411 3075 2466 Dant
3118 2410 3195 2465 illi
3236 2409 3453 2481 quidem
3483 2411 3796 2477 consilium,

2205 2503 2300 2558 sed
2328 2512 2573 2559 nostrum
2601 2516 2687 2559 εει
2718 2504 2799 2558 vel
2828 2503 3052 2574 eligere,
3085 2504 3169 2558 vel
3201 2518 3464 2573 respuere
3493 2504 3639 2576 quod
3673 2518 3799 2575 sug-

2205 2605 2419 2666 gerunt.
2463 2595 2580 2651 Non
2625 2596 2770 2652 enim
2808 2596 3073 2666 cogendo,
3119 2597 3213 2651 sed
3255 2596 3533 2653 suadendo
3577 2607 3798 2654 nocent.

2206 2685 2324 2742 Non
2371 2697 2697 2757 extorquent
2738 2704 2767 2741 a
2812 2688 2969 2742 nobis
2999 2702 3350 2756 consensum,
3390 2689 3484 2745 sed
3516 2701 3797 2759 expetunt.

2210 2776 2364 2834 Unde
2394 2779 2556 2835 etiam
2583 2779 2811 2835 Ananiae
2838 2779 3065 2836 dicitur:
3096 2779 3273 2848 Quare
3298 2785 3513 2837 tentavit
3540 2801 3630 2837 cor
3658 2793 3801 2837 tuum

2209 2872 2437 2929 Satanas
2487 2875 2694 2929 mentiri
2741 2885 2789 2929 te
2839 2873 3065 2945 Spiritui
3111 2885 3291 2930 sancto
3336 2877 3561 2947 (Actor.
3601 2894 3658 2947 v,
3693 2878 3801 2949 5)?

2206 2964 2363 3033 Quod
2406 2966 2594 3037 utique
2633 2966 2709 3021 illi
2741 2966 3037 3036 Apostolus
3069 2983 3360 3039 numquam
3403 2970 3723 3041 imputaret,
3755 2974 3800 3026 si

2209 3057 2263 3113 id
2302 3057 2507 3128 absque
2550 3058 2719 3130 ipsius
2764 3058 3045 3115 voluntate
3088 3060 3343 3116 diabolus
3389 3060 3633 3119 fecisset.
3686 3064 3801 3134 Ipsa

514 3152 707 3221 majori
738 3148 911 3205 livore
936 3156 1239 3218 torquetur,
1271 3155 1477 3218 quanto
1514 3146 1747 3216 aliquem
1793 3143 1936 3214 apud
1979 3158 2102 3198 eum
2132 3140 2178 3204 C
2209 3149 2377 3203 etiam
2409 3148 2520 3202 Eva
2566 3149 2686 3205 ideo
2715 3148 2834 3220 [AL
2875 3148 3021 3221 jam]
3058 3151 3456 3208 condemnatur
3498 3170 3527 3209 a
3571 3153 3801 3210 Domino

514 3244 711 3301 viderit
731 3242 1041 3299 clariorem.
1065 3240 1167 3308 Qui
1190 3239 1381 3297 invidit
1402 3237 1529 3294 Eva:
1552 3236 1885 3309 paradisum,
1905 3246 2107 3307 quanto

514 3334 684 3406 magis
723 3332 931 3389 invidet
969 3332 1067 3387 tibi
1105 3347 1335 3403 regnum
1376 3331 1672 3387 caelorum!
1706 3328 1936 3397 Cuncta,
1970 3328 2106 3383 mihi

511 3428 697 3493 crede,
731 3428 827 3484 ille
855 3443 998 3483 nunc
1022 3428 1298 3494 circumit,
1342 3437 1399 3483 ut
1438 3427 1628 3482 beatus
1660 3425 1852 3481 Petrus
1877 3425 1977 3493 ait,
2012 3424 2108 3481 de-

513 3521 743 3580 vorandi
773 3530 827 3578 te
851 3521 1078 3592 cupidus
1116 3521 1159 3594 (l
1194 3520 1313 3576 Pet.
1347 3536 1401 3587 v,
1433 3520 1524 3592 8):
1558 3520 1612 3576 in
1640 3522 1857 3576 modum
1886 3520 2105 3590 rugien-

512 3618 582 3674 tis
611 3618 785 3674 leonis
813 3615 1140 3689 ingreditur,
1164 3617 1251 3673 vel
1279 3630 1430 3672 more
1452 3615 1627 3671 dolosi
1658 3615 1831 3670 hostis
1852 3613 2105 3669 universa

514 3710 872 3782 perlustrans,
913 3709 1166 3781 explorat
1204 3723 1395 3765 omnes
1424 3707 1604 3766 aditus
1642 3707 1839 3764 anima:
1869 3718 2107 3763 tuaezan

513 3802 584 3858 sit
612 3800 815 3873 aliquid
854 3800 1129 3856 infirmum
1162 3810 1219 3856 et
1244 3801 1428 3855 minus
1454 3808 1649 3867 tutum,
1681 3815 1779 3870 per
1803 3799 1948 3870 quod
1981 3813 2107 3869 pos-

513 3897 586 3951 sit
636 3894 902 3967 irrepere.
938 3893 1191 3949 Rimatur
1238 3908 1382 3949 nunc
1430 3893 1523 3948 ille
1549 3893 1754 3958 omnia,
1801 3900 1859 3947 et
1899 3890 2106 3960 singula

512 4003 742 4060 qumque
781 3997 1122 4059 pertentans,
1152 3986 1346 4058 quzerit
1376 3986 1592 4042 vulneri
1619 3986 1800 4042 locum
1827 4001 1843 4039 :
1866 3984 2021 4055 cujus
2051 3993 2108 4038 tu

514 4081 739 4136 insidias
763 4080 997 4136 sollicite
1028 4079 1196 4136 debes
1226 4079 1536 4149 providere,
1565 4089 1621 4134 ut
1644 4094 1763 4150 qua:
1793 4093 1915 4135 cum
1940 4078 2111 4133 Paulo

515 4188 626 4230 non
659 4173 880 4243 ignores
910 4172 1137 4227 astutias
1187 4171 1306 4241 ejus
1338 4170 1410 4243 (ll
1450 4170 1569 4227 Cor.
1598 4186 1658 4235 ll,
1708 4170 1823 4241 ll).
1853 4170 1954 4238 Qui
1985 4186 2108 4226 eum

518 4265 790 4321 terribiles
827 4263 1031 4319 diaboli
1070 4271 1373 4333 potestates
1426 4264 1869 4334 principatusque
1905 4263 2111 4319 descri-

516 4355 632 4424 bat,
664 4369 764 4411 nos
790 4354 1144 4410 nihilominus
1169 4355 1421 4409 hortatur
1449 4354 1517 4408 ad
1549 4369 1805 4425 pugnam,
1842 4354 2109 4409 hostium-

517 4462 625 4518 que
653 4447 766 4501 vim
811 4445 1022 4517 pandit,
1075 4455 1134 4500 ut
1161 4454 1355 4516 augeat
1398 4445 1819 4501 sollicitudinem
1848 4446 2106 4501 militum.

2213 3237 2367 3313 (Cen.
2400 3237 2638 3310 tt):quia
2674 3241 2742 3295 ab
2772 3254 2839 3296 eo
2874 3256 3031 3311 quem
3076 3252 3284 3312 poterat
3314 3258 3594 3316 superare,
3644 3261 3802 3316 supc-

2209 3342 2325 3387 rata
2366 3342 2472 3388 est.
2518 3332 2630 3388 Nec
2662 3332 2809 3388 enim
2848 3334 3137 3389 meruisset
3164 3350 3194 3389 a
3223 3335 3481 3403 Domino,
3521 3336 3801 3408 injustitiae

2208 3425 2393 3496 puniri
2420 3441 2544 3495 quas
2574 3426 2715 3481 victa
2742 3434 2849 3495 est,
2883 3426 2991 3482 nisi
3020 3428 3242 3485 vincere
3271 3430 3387 3499 ipsa
3420 3431 3710 3501 potuisset.

2280 3520 2412 3576 Car.
2434 3518 2625 3576 XXVI.
2650 3550 2722 3561 —
2747 3521 2916 3592 llujus
2944 3522 3264 3593 nequissimi
3286 3523 3460 3580 hostis
3487 3538 3573 3581 est
3600 3526 3699 3582 illa
3720 3526 3801 3583 vel

2209 3614 2384 3685 prima
2414 3613 2707 3683 calliditas,
2750 3626 2805 3671 et
2840 3630 2928 3671 ars
2972 3615 3082 3672 doli
3116 3616 3302 3687 plena,
3335 3617 3561 3690 fatigare
3591 3622 3800 3693 cogita-

2211 3706 2451 3762 tionibus
2500 3706 2668 3762 rudcs
2715 3706 2926 3762 animas
2974 3725 2991 3763 ε
3037 3718 3091 3765 et
3136 3710 3373 3765 novellis
3419 3712 3473 3766 in
3522 3714 3801 3785 proposito

2212 3801 2486 3856 mentibus
2534 3799 2604 3856 de
2654 3801 2770 3872 ipsa
2820 3802 3089 3858 interdum
3147 3805 3562 3862 conversatione
3610 3807 3802 3863 afferre

2213 3908 2508 3949 manerem
2533 3910 2546 3947 :
2571 3903 2633 3949 ut
2663 3892 2822 3950 facile
2847 3894 2914 3951 ab
2944 3894 3103 3966 hujus
3142 3896 3223 3953 rei
3252 3899 3497 3967 profectu
3528 3899 3802 3956 deterrea-

2213 3997 2304 4044 tur
2335 3988 2573 4055 animus,
2619 3988 2778 4057 cujus
2813 3988 2965 4043 initia
3006 4004 3191 4045 amara
3235 3993 3573 4063 cognoverit.
3618 3992 3800 4065 Itaque

2212 4081 2353 4136 solet
2388 4091 2496 4135 tam
2542 4080 2795 4136 Sordidas
2837 4096 3242 4153 nonnumquam
3284 4093 3340 4139 et
3372 4085 3566 4154 impias
3602 4086 3802 4158 cogita-

2212 4175 2393 4231 tiones
2443 4175 2685 4230 inserere
2730 4175 2921 4243 menti,
2954 4185 3013 4231 ut
3050 4178 3141 4248 qui
3191 4185 3449 4245 tentatur,
3482 4177 3610 4234 dum
3649 4195 3798 4236 suum

2214 4265 2348 4321 illud
2399 4276 2551 4337 putat
2597 4282 2719 4322 esse
2767 4271 2909 4339 quod
2956 4270 3179 4340 cogitat,
3230 4270 3554 4328 deteriorem
3602 4288 3663 4329 se
3709 4286 3801 4343 per

2215 4359 2471 4429 spiritum
2511 4360 2848 4417 immundum
2896 4363 3176 4433 pr0posito
3215 4378 3315 4418 suo
3343 4364 3639 4421 arbitretur
3672 4364 3799 4421 clie-

2212 4462 2393 4519 ctum;
2453 4453 2733 4525 multoque
2803 4456 3077 4525 puriorem
3148 4457 3382 4513 animam
3442 4459 3694 4515 habuisse
3744 4472 3800 4513 se

517 4530 637 4596 Non
662 4538 807 4596 enim
835 4539 948 4594 vult
978 4553 1078 4594 nos
1109 4552 1234 4594 esse
1274 4537 1515 4604 timidos,
1555 4537 1651 4595 sed
1683 4548 1919 4608 paratos.
1950 4539 2106 4595 Deni-
2141 4532 2193 4595 D
2217 4546 2438 4615 credat,
2487 4562 2609 4603 cum
2648 4547 2826 4604 adhuc
2865 4565 2956 4605 res
2998 4551 3183 4607 εωουιί
3228 4560 3457 4608 amaret,
3492 4552 3614 4608 γυιι
3660 4552 3799 4609 enim

516 4649 623 4705 que
653 4647 759 4690 non
781 4632 961 4704 fugam
990 4630 1201 4701 suadet,
1221 4631 1317 4688 sed
1340 4646 1491 4687 arma
1515 4633 1780 4702 suggerit:
1803 4630 2109 4703 Propterea,

520 4727 718 4799 inquit,
750 4726 967 4798 accipite
996 4742 1141 4780 arma
1169 4724 1290 4791 Dei,
1339 4734 1394 4780 ut
1432 4726 1641 4799 possitis
1686 4727 1919 4781 resistere
1949 4722 2112 4781 indie

520 4820 681 4884 malo,
717 4835 780 4872 ac
803 4818 858 4873 in
889 4818 1125 4872 omnibus
1173 4818 1390 4889 perfecti
1418 4827 1556 4873 stare
1600 4819 1619 4889 (
1646 4815 1838 4891 Ephes.
1869 4833 1943 4884 vr,
1977 4817 2046 4873 13
2066 4816 2107 4887 ).

518 4915 599 4969 Ae
649 4913 834 4968 statim
879 4911 1245 4967 instrumenta
1296 4910 1512 4981 singula
1564 4910 1861 4980 spiritualis
1915 4924 2111 4981 pugnae

524 5003 767 5070 tradens,
794 5002 1005 5058 addidit
1030 5011 1086 5059 et
1114 5002 1289 5057 dixit:
1315 5001 1463 5057 State
1482 5018 1602 5075 ergo
1639 5004 1883 5058 succincti
1915 5004 2113 5058 lumbos

520 5101 712 5148 vestros
749 5095 801 5147 in
836 5095 1048 5149 veritate
1076 5109 1095 5148 :
1117 5104 1167 5148 et
1205 5093 1374 5148 induti
1416 5095 1627 5149 loricam
1648 5095 1891 5164 justitite,
1930 5106 1976 5149 et
2007 5096 2115 5150 cal-

520 5186 653 5241 ceoli
672 5186 825 5259 pedes
853 5188 905 5241 in
920 5187 1299 5259 prwparatione
1321 5184 1590 5257 Evangelii
1614 5186 1779 5258 pacis,
1802 5186 1857 5239 in
1878 5186 2116 5241 omnibus

521 5289 841 5336 assumentes
888 5288 1089 5333 scutum
1130 5278 1289 5348 ﬁdei,
1331 5278 1386 5333 in
1429 5293 1535 5350 quo
1564 5277 1774 5350 possitis
1808 5279 1979 5332 omnia
2014 5278 2114 5332 tela

520 5374 817 5444 nequissimi
850 5373 1001 5446 ignea
1031 5373 1358 5445 exstinguere
1379 5386 1399 5425 :
1423 5379 1473 5426 et
1508 5369 1713 5441 galeam
1741 5368 1931 5425 salutis
1961 5386 2113 5423 assu-

521 5469 662 5537 mite,
708 5475 758 5522 et
798 5465 1036 5540 gladium
1083 5464 1321 5535 spiritus,
1363 5463 1504 5535 quod
1530 5472 1604 5519 est
1630 5463 1837 5518 verbum
1864 5461 1984 5530 Dei,
2025 5480 2117 5535 per

519 5576 723 5616 omnem
773 5562 1027 5616 rationem
1079 5567 1127 5612 et
1177 5558 1601 5614 obsecrationem.
1659 5558 1729 5613 Et
1761 5559 2015 5629 quoniam
2045 5558 2115 5614 de

460 5694 471 5705 .
519 5653 624 5709 hoc
668 5653 814 5709 bello
862 5653 993 5709 licet
1036 5650 1200 5708 etiam
1256 5651 1472 5707 feminis
1501 5651 1865 5722 triumphare,
1898 5652 2114 5721 suscipe

517 5741 635 5806 haec
679 5759 830 5805 arma
857 5744 1039 5812 Pauli.
1083 5753 1139 5805 et
1187 5742 1321 5804 tanti
1371 5742 1680 5805 hortatione
1708 5742 1861 5803 ducis
1906 5751 2111 5806 certam

2215 4637 2320 4707 his,
2350 4639 2548 4710 quibus
2575 4640 2789 4695 invidet
2814 4640 3209 4698 callidissimus
3238 4642 3489 4700 inimicus
3521 4643 3797 4701 horrorem

2214 4730 2474 4802 propositi
2504 4747 2571 4787 ex
2601 4731 2986 4800 desperatione
3014 4733 3193 4791 facere
3221 4734 3549 4804 sanctitatis,
3581 4745 3639 4791 ut
3687 4750 3797 4803 eos,

2214 4823 2503 4879 obsidente
2548 4823 2801 4891 tristitia,
2843 4834 2898 4881 et
2937 4826 2983 4882 si
3029 4841 3059 4881 a
3096 4827 3375 4897 proposito
3412 4844 3521 4884 non
3563 4836 3798 4895 revocat,

2214 4924 2363 4971 certe
2417 4916 2645 4972 retineat
2698 4931 2727 4970 a
2786 4916 3050 4989 profectu.
3098 4918 3328 4989 Propter
3375 4920 3521 4991 quod
3574 4922 3799 4975 maxime

2217 5016 2530 5061 sanetarum
2583 5007 2679 5062 tibi
2726 5007 3133 5077 Scripturarum
3186 5012 3424 5067 studium
3473 5012 3796 5083 diligendum

2217 5108 2301 5153 est
2339 5116 2352 5151 :
2394 5098 2749 5155 illuminanda
2781 5100 2981 5157 divinis
3024 5102 3257 5174 eloquiis
3296 5105 3474 5159 anima
3514 5122 3527 5159 :
3564 5117 3617 5161 et
3645 5118 3801 5160 coru-

2218 5200 2407 5245 scante
2437 5190 2532 5245 Dei
2560 5191 2755 5260 verbo,
2785 5191 3349 5265 diabolirepellcnda:
3388 5206 3516 5252 sunt
3547 5198 3796 5253 tenebrae.

2217 5278 2347 5335 Cito"
2367 5280 2513 5337 enim
2546 5281 2685 5354 fugit
2709 5284 2803 5340 ille
2832 5284 2901 5341 ab
2931 5301 2994 5343 ea
3023 5288 3236 5357 anima,
3265 5304 3428 5360 quam
3460 5305 3641 5346 sermo
3671 5290 3801 5346 divi-

2220 5390 2322 5429 nus
2355 5374 2644 5445 illuminat,
2677 5391 2799 5448 qua:
2837 5379 3158 5436 coelestibus
3204 5397 3422 5454 semper
3466 5382 3801 5454 cogitationi-

2220 5471 2322 5526 bus
2363 5482 2683 5543 occupatur,
2722 5475 2776 5530 in
2818 5491 2923 5547 qua
2963 5477 3238 5533 assiduum
3285 5487 3371 5534 est
3418 5480 3511 5535 Dei
3557 5480 3797 5545 verbum,

2219 5562 2375 5631 enjus
2402 5564 2512 5618 vim
2544 5579 2776 5636 nequam
2809 5568 3032 5637 spiritus
3065 5583 3171 5626 non
3210 5581 3391 5641 potest
3430 5570 3597 5628 ferre.
3635 5572 3695 5629 Et
3725 5570 3798 5627 id-

2217 5654 2367 5710 eirco
2417 5656 2611 5712 beatus
2663 5657 2793 5714 illud
2848 5658 3143 5730 Apostolus
3190 5662 3448 5733 spiritalis
3499 5664 3625 5720 belli
3665 5663 3797 5719 inter

2216 5759 2413 5808 czcteta
2438 5749 2798 5811 instrumenta
2819 5752 2999 5826 gladio
3018 5758 3349 5830 comparavit
3378 5755 3595 5831 (Ep/ws.
3624 5774 3679 5829 v,
3696 5755 3796 5830 Π).
