3916 6288
228 298 274 357 Η
1154 291 1427 352 PELAGII
1466 294 1558 350 AD
1597 289 2101 350 DEMETRIADEM
2138 293 2491 352 EPISTOL-A.
3385 303 3462 364 42

223 419 298 474 Est
321 423 484 469 autem
532 408 852 468 tutissimum
877 420 1039 483 alque
1062 413 1381 482 perfectum,
1406 422 1468 465 ut
1492 421 1769 466 assuescat
1794 412 1851 472 Α
1875 409 1969 464 cti.
1999 409 2113 477 Qua
2141 410 2210 465 de
2244 426 2301 466 re
2329 411 2493 466 debes
2524 410 2695 482 (saepe
2737 412 2880 469 enim
2928 424 3117 486 repeto
3164 417 3309 489 quod
3342 419 3464 479 fieri

224 512 395 564 animus
432 507 655 562 sollicita
700 522 916 578 semper
948 506 1305 577 pervigilique
1353 504 1598 561 custodia
1647 503 1760 559 dis-

232 618 401 660 cernere
449 601 810 670 cogitationes
856 615 985 655 suas
1027 616 1042 654 :
1090 608 1145 655 et
1190 599 1256 653 ad
1302 599 1534 669 primum
1594 597 1761 651 animi

235 710 384 753 motum
412 694 516 768 [Αι.
551 695 728 749 deerat
758 690 989 763 motum]
1020 692 1107 747 vel
1144 691 1413 763 probare,
1449 692 1533 746 vel
1569 706 1761 762 repro-

234 794 339 856 lure,
367 789 499 861 quod
531 788 776 858 cogitat:
818 796 875 841 ut
921 786 1007 841 vel
1034 785 1208 840 bonas
1236 784 1599 854 cogitationes
1628 783 1760 849 alat,

227 889 286 939 vel
320 884 484 938 statim
531 881 847 950 exstinguat
894 878 1088 933 malas.
1123 877 1223 933 ilic
1264 893 1499 949 namque
1530 877 1651 934 fons
1677 886 1765 933 est

224 980 336 1043 boni,
376 977 473 1049 [Αἰ.
527 976 808 1030 Hinc....
855 981 913 1027 et
949 971 1098 1044 quod
1143 971 1318 1043 origo]
1357 980 1412 1027 et
1439 973 1592 1041 origo
1630 986 1763 1040 pec-

224 1071 360 1133 candi,
381 1068 668 1137 omnisque
693 1067 926 1138 ingentis
950 1066 1139 1122 delicti
1164 1066 1214 1120 in
1246 1065 1412 1120 corde
1438 1064 1762 1134 principium

222 1172 283 1218 est
306 1161 547 1232 cogitalio
578 1160 705 1232 (Al.
736 1158 1064 1230 cogitatione
1088 1157 1414 1228 principium
1447 1164 1551 1221 est,
1578 1172 1699 1226 qua:
1720 1155 1761 1227 J,

219 1274 308 1327 qu:e
344 1256 765 1325 unumquodque
813 1267 951 1324 opus
993 1252 1142 1308 velut
1188 1251 1272 1323 in]
1294 1251 1530 1321 quadam
1583 1252 1765 1305 cordis

222 1348 357 1404 tabula
401 1347 684 1418 depingit,
738 1355 1032 1416 antequam
1084 1343 1273 1399 faciat.
1324 1343 1461 1398 Nam
1513 1343 1631 1398 sive
1676 1343 1765 1399 ille

226 1451 351 1503 scius.
379 1440 489 1494 sive
531 1453 723 1493 sermo
762 1438 867 1504 sit,
900 1445 961 1491 ut
995 1436 1323 1504 proferatur,
1355 1442 1481 1489 ante
1516 1434 1763 1504 disponi-

226 1544 299 1595 tur,
339 1542 385 1586 et
414 1532 815 1601 cogitationum
856 1528 1094 1585 consilio
1132 1529 1464 1584 discernitur
1511 1527 1655 1597 quod
1686 1526 1767 1581 fu-

219 1634 352 1676 turum
392 1634 490 1677 est.
555 1623 715 1677 Vides
757 1636 917 1692 quam
961 1620 1116 1675 brevi
1162 1619 1435 1675 interdum
1491 1630 1767 1675 momento

216 1732 391 1787 quaque
418 1716 520 1771 ista
556 1717 683 1786 quis
709 1716 935 1785 cogitet,
961 1714 1305 1786 cogitataque
1329 1714 1584 1786 perficiat
1616 1734 1628 1768 :
1663 1732 1766 1770 nec

1867 516 2085 571 semper
2118 502 2225 573 (At.
2276 502 2466 573 semel]
2515 503 2659 574 volo)
2711 514 2931 561 sanctas
2981 507 3295 579 Scripturas
3339 512 3461 571 sine

1867 591 2277 649 intermissione
2325 594 2613 663 meditari,
2644 595 2836 668 hisque
2870 607 3014 655 tuam
3063 602 3277 673 replere
3307 620 3467 662 men-

1868 692 1976 740 tem
2003 704 2015 738 :
2040 694 2094 740 et
2115 688 2273 741 malis
2298 688 2717 757 cogitationibus
2746 691 2925 748 locum
2952 692 3227 764 auferens,
3252 696 3457 755 divinis

1866 778 2107 835 animum
2161 781 2416 837 sensibus
2465 796 2736 854 occupare
2788 802 2802 840 :
2865 798 3236 861 quantumque
3290 793 3465 850 Deum

1867 872 2084 943 diligas,
2130 891 2196 931 ex
2246 875 2542 933 dilectione
2592 878 2730 948 legis
2777 880 2894 951 ejus
2932 885 3257 943 ostendere.
3302 888 3466 947 Unde

1861 966 2145 1038 Scriptura
2202 969 2337 1026 dicit
2379 985 2394 1025 :
2434 970 2537 1036 Qui
2592 974 2773 1027 timent
2821 973 3139 1046 Dominum,
3198 982 3464 1053 inquirent

1864 1064 2005 1134 quod
2036 1062 2414 1134 beneplacitum
2441 1074 2516 1119 est
2546 1066 2628 1120 illi
2647 1077 2724 1121 :et
2752 1069 2839 1132 qui
2866 1069 3091 1143 diligunt
3119 1088 3257 1142 eum,
3290 1076 3459 1148 reple-

1867 1156 2059 1210 buntur
2083 1157 2193 1229 lege
2212 1159 2324 1227 ejus
2354 1157 2529 1228 (Eccl.
2559 1175 2620 1227 ιι,
2650 1160 2726 1232 7).
2753 1161 2903 1218 Tunc
2932 1166 3175 1222 sentiens
3200 1178 3462 1237 quantum

1868 1247 1934 1302 ad
1964 1248 2081 1317 ejus
2111 1264 2356 1305 amorem
2385 1251 2609 1319 adjuvet
2645 1262 2696 1308 te
2743 1256 3013 1323 sapientia
3044 1274 3058 1311 :
3100 1272 3360 1330 quantum
3391 1265 3467 1320 sit

1866 1339 1923 1395 in
1952 1348 2004 1395 te
2033 1341 2231 1396 divina:
2267 1342 2403 1412 legis
2448 1344 2710 1399 auxilium
2731 1388 2746 1412 ,
2780 1359 2836 1402 et
2878 1349 3107 1406 Domino
3135 1368 3259 1408 curn
3293 1355 3465 1412 David

1868 1433 1993 1487 laita
2019 1434 2289 1499 cantabis,
2323 1434 2391 1487 In
2422 1436 2578 1489 corde
2603 1452 2714 1491 meo
2744 1438 2993 1495 abscondi
3020 1443 3227 1515 eloquia
3252 1456 3371 1514 tua,
3405 1458 3465 1503 ut

1867 1541 1969 1580 non
2001 1543 2201 1596 peccem
2230 1528 2325 1581 tibi
2371 1527 2505 1596 (Ps.
2544 1546 2730 1599 CXVIII,
2777 1533 2866 1601 16,
2910 1535 2975 1590 51
3018 1545 3073 1592 et
3105 1540 3304 1611 seqq.).
3352 1541 3465 1601 Ex-

1868 1619 2117 1677 citandus
2176 1630 2261 1677 est
2321 1622 2462 1677 enim
2525 1626 2897 1693 spiritualibus
2958 1632 3196 1687 stimulis
3248 1648 3468 1704 semper

1868 1714 2103 1787 animus,
2126 1724 2179 1771 et
2208 1716 2404 1786 majori
2432 1718 2678 1787 qu0tidie
2704 1720 2903 1778 ardore
2932 1727 3301 1784 renovandus.
3334 1729 3468 1786 Ora-

215 1812 444 1881 quicquam
465 1810 727 1877 omnino,
747 1810 833 1864 vel
864 1808 1071 1879 lingua,
1105 1808 1194 1864 vel
1220 1824 1405 1877 manu,
1439 1809 1765 1879 exterisque
1796 1810 1845 1871 B
1872 1805 2034 1861 tionis
2090 1807 2375 1877 instantia,
2438 1810 2769 1867 illutninatio
2811 1814 3063 1873 lectionis
3084 1860 3100 1887 ,
3153 1820 3467 1879 sollicitudo

217 1904 423 1960 membris
462 1904 679 1980 agitur,
723 1904 826 1958 nisi
855 1902 1216 1973 cogitationes
1242 1911 1371 1958 ante
1413 1902 1759 1959 dictaverint.

218 1996 331 2052 Unde
352 2009 401 2052 et
426 1996 703 2052 Dominus
747 1995 802 2053 in
835 1994 1129 2066 Evangelio
1155 1994 1288 2050 dicit
1332 2013 1345 2048 :
1388 1994 1467 2051 De
1494 1994 1646 2051 corde
1672 1996 1764 2050 ho-

223 2092 333 2143 minis
364 2090 655 2163 procedunt
695 2089 1038 2160 coyitationes
1066 2088 1241 2151 malw,
1281 2088 1621 2152 adulterium,
1654 2089 1765 2158 for-

224 2185 374 2249 nicatio,
405 2183 701 2239 homicidia
720 2223 736 2249 ,
780 2187 956 2254 furta,
988 2182 1126 2252 falsa
1157 2183 1478 2249 testimonia,
1508 2184 1759 2251 avaritia,

215 2277 419 2343 nequitia,
451 2276 652 2345 dolus,
695 2276 1048 2345 impudicitia,
1093 2276 1276 2330 oculus
1304 2274 1495 2341 malus,
1527 2274 1765 2347 blasphe-

210 2369 309 2438 aria,
336 2371 611 2443 superbia,
654 2370 904 2424 stultitia.
947 2368 1080 2423 Hinc
1120 2379 1239 2423 sunt
1273 2384 1391 2440 qua:
1426 2370 1766 2440 coinquinant

206 2462 391 2518 homines
421 2463 653 2537 (Matth.
686 2479 778 2530 xv,
810 2463 901 2528 19,
923 2461 1041 2535 20).
1071 2463 1263 2519 Omnis
1288 2478 1420 2534 ergo
1451 2464 1764 2520 sollicitudo

206 2564 289 2623 tua,
319 2558 489 2613 omnis
538 2556 776 2613 intentio
804 2556 967 2613 debet
997 2571 1121 2613 esse
1145 2557 1201 2613 in
1231 2556 1477 2612 custodia
1507 2556 1613 2628 [AL
1641 2572 1762 2613 cor-

200 2648 265 2703 dis
287 2648 575 2721 custodia].
608 2650 686 2705 lbi
723 2659 776 2705 te
805 2652 1043 2705 maxime
1069 2659 1289 2719 oportet
1317 2649 1610 2705 observare
1639 2664 1765 2720 pec-

199 2753 362 2810 catum,
391 2744 483 2799 ubi
516 2743 677 2798 nasci
706 2744 850 2799 solet
874 2760 889 2798 :
913 2743 1207 2814 statimque
1231 2743 1300 2798 ad
1325 2744 1553 2813 primam
1584 2753 1763 2799 tenta-

199 2835 329 2890 tionis
379 2850 701 2907 repugnare
762 2834 960 2891 faciem
1025 2853 1039 2889 :
1098 2846 1160 2891 et'
1210 2835 1407 2890 malum
1467 2844 1763 2906 antequam

194 2940 405 2995 crescat,
451 2930 830 2999 exstinguere.
870 2928 982 2985 Nec
1023 2929 1167 2985 enim
1207 2929 1638 2999 exspectandum
1679 2941 1766 2985 est

194 3033 512 3091 augmentum
562 3025 682 3092 ejus
724 3023 826 3088 rei,
859 3037 982 3093 quae
1015 3021 1192 3077 timeri
1221 3022 1386 3078 debet
1414 3039 1444 3077 a
1474 3038 1680 3093 parvo:
1709 3033 1765 3079 et

191 3132 288 3185 qua:
327 3126 475 3172 L'tnto
529 3116 747 3172 facilius
772 3118 1026 3185 vincitur,
1063 3126 1265 3187 quanto
1309 3117 1357 3171 ei
1401 3118 1561 3172 citius
1604 3132 1764 3186 repu-

1869 1898 2201 1967 vigiliarum,
2233 1910 2288 1955 et
2315 1902 2534 1967 diurna,
2567 1912 2623 1958 et
2653 1915 2919 1962 nocturna
2948 1909 3068 1981 ejus
3104 1911 3457 1970 incitamenta

1862 1999 2008 2046 sunt.
2040 1992 2189 2047 Nihil
2220 1995 2363 2048 enim
2409 1996 2460 2050 in
2491 1995 2594 2051 hoc
2625 2000 2904 2069 proposito
2932 2005 3045 2057 otio
3066 2003 3311 2062 deterius
3339 2018 3463 2064 est:

1866 2084 2013 2152 quod
2046 2100 2154 2139 non
2186 2085 2530 2142 solummodo
2562 2104 2668 2145 non
2701 2093 2938 2162 acquirit
2968 2110 3140 2155 nova:
3173 2100 3270 2154 sed
3299 2101 3464 2157 etiam

1863 2187 2018 2247 parta
2064 2178 2167 2247 (Al.
2202 2179 2408 2250 parata]
2442 2183 2736 2237 consumit.
2766 2185 2979 2243 Sancta:
3006 2189 3131 2251 vita:
3160 2192 3300 2247 ratio
3328 2209 3463 2264 pro-

1864 2284 2022 2325 cessu
2070 2270 2272 2340 gaudet
2316 2285 2371 2327 et
2413 2275 2619 2330 crescit
2662 2294 2676 2331 :
2724 2280 3031 2336 cessatione
3080 2287 3374 2353 torpescit,
3406 2296 3465 2343 et

1864 2361 2069 2417 deficit.
2114 2364 2460 2429 Quotidianis
2505 2383 2570 2423 ac
2608 2372 2924 2428 recentibus
2967 2375 3229 2433 virtutum
3278 2380 3466 2437 incre-

1864 2457 2064 2512 mentis
2096 2472 2253 2514 mens
2284 2460 2643 2519 instauranda
2668 2475 2754 2520 est
2786 2482 2801 2521 :
2842 2476 2902 2524 et
2930 2470 3145 2527 vivendi
3173 2474 3330 2531 nobis
3356 2476 3465 2535 hoe

1862 2553 1990 2617 iter,
2024 2567 2129 2608 non
2165 2552 2235 2609 de
2275 2564 2577 2624 transacto,
2621 2560 2717 2615 sed
2747 2559 2817 2617 de
2858 2564 3069 2636 reliquo
3100 2570 3459 2628 metiendum.

1864 2649 2134 2715 Quamdiu
2178 2669 2365 2711 sumus
2395 2658 2448 2711 in
2480 2657 2585 2715 hoc
2611 2676 2879 2731 corpore,
2923 2680 3218 2737 numquam
3260 2685 3363 2726 nos
3394 2672 3465 2726 ad

1866 2743 2164 2813 perfectum
2204 2751 2423 2807 venisse
2465 2754 2751 2810 credamus
2782 2772 2797 2812 :
2830 2758 2912 2813 sic
2935 2760 3082 2815 enim
3115 2762 3307 2818 melius
3344 2780 3469 2834 per-

1865 2836 2101 2892 venitur.
2133 2838 2362 2896 Tamdiu
2401 2858 2509 2900 non
2546 2846 2844 2902 relabimur
2883 2860 3053 2918 retro,
3094 2856 3353 2924 quamdiu
3394 2858 3463 2912 ad

1867 2928 2051 2997 priora
2091 2934 2500 2991 contendimus.
2540 2938 2611 2992 At
2640 2937 2731 2993 ubi
2772 2943 3107 3011 eruperimus
3142 2956 3322 3011 stare,
3369 2949 3466 3002 dc-

1864 3022 2180 3079 scendimus
2216 3042 2231 3080 :
2270 3036 2628 3099 nostrumque
2656 3046 2763 3086 non
2793 3036 3078 3105 progredi,
3114 3038 3227 3107 jam
3260 3042 3461 3096 reverti

1865 3124 1969 3167 est.
2022 3115 2217 3172 Cesset
2254 3120 2434 3174 omnis
2470 3121 2713 3191 ignavia,
2753 3138 2808 3181 et
2849 3127 3053 3184 inutilis
3085 3130 3155 3185 de
3188 3135 3465 3201 praeterito

190 3218 376 3275 gnatur.
409 3209 548 3263 ldeo
580 3208 780 3263 clamat
800 3208 1075 3278 Scriptura
1104 3206 1285 3263 divina
1313 3226 1326 3262 :
1354 3208 1510 3263 Omni
1531 3210 1765 3263 custodia
1793 3204 1841 3268 C
1869 3205 2060 3264 labore
2084 3212 2373 3268 securitas.
2398 3214 2456 3270 Si
2477 3216 2733 3274 volumus
2758 3236 2863 3276 non
2889 3222 3094 3291 redire,
3125 3229 3462 3286 currendum

189 3316 314 3354 serva
340 3318 425 3355 cor
445 3311 635 3354 tuum:
654 3316 718 3355 ea:
746 3316 806 3352 eo
835 3300 973 3355 enim
999 3300 1166 3353 exitus
1193 3300 1309 3353 rita?
1333 3298 1519 3371 (Prov.
1544 3316 1621 3369 tv,
1644 3298 1756 3373 21).

247 3394 363 3449 Cie.
410 3393 633 3451 XXVII.
661 3394 1213 3465 —Distinguendum
1252 3408 1338 3450 est
1385 3404 1566 3449 autem
1619 3394 1763 3449 inter

190 3486 301 3541 istas
329 3487 729 3559 cogitationes,
761 3489 957 3557 quibus
987 3488 1236 3542 voluntas
1273 3488 1439 3555 favet,
1473 3502 1608 3558 quas
1635 3504 1760 3543 cum

189 3578 454 3635 dilectione
505 3579 896 3648 amplectitur,
946 3588 1000 3634 et
1047 3580 1189 3635 inter
1236 3595 1330 3635 eas
1367 3581 1757 3652 cogitationes,

187 3683 287 3737 qua:
315 3673 493 3727 tenuis
532 3672 739 3727 umbra:
769 3671 934 3727 modo
980 3672 1367 3741 praitervolare
1400 3682 1641 3729 mentem
1667 3691 1760 3729 so-

190 3764 301 3831 lent,
352 3783 593 3838 seseque
644 3767 1044 3834 tantummodo,
1088 3768 1176 3822 vel
1230 3768 1567 3823 transeundo
1609 3785 1763 3824 mon-

188 3869 338 3917 strare
382 3880 396 3917 :
432 3878 575 3932 quas
603 3859 779 3915 Grmci
806 3862 1005 3921 τύπους
1056 3869 1257 3915 vocant
1288 3877 1303 3915 :
1336 3862 1421 3916 vel
1448 3872 1597 3918 certe
1622 3863 1763 3917 inter

193 3951 293 4007 illas
332 3972 447 4025 qua:
496 3954 829 4025 repugnanti
879 3969 941 4009 ac
993 3954 1162 4009 invito
1206 3954 1391 4009 animo
1436 3966 1755 4027 suggerunt,

193 4046 359 4113 quibus
393 4064 556 4104 mens
594 4063 717 4102 cum
761 4047 993 4102 horrore
1022 4046 1255 4117 quodam
1297 4048 1552 4103 renititur
1582 4064 1644 4104 ac
1675 4067 1762 4103 re—

190 4138 315 4192 sistit
349 4157 362 4193 :
406 4140 618 4212 quibus
668 4150 727 4194 ut
754 4139 1115 4195 contristatur
1143 4140 1417 4209 admissis,
1460 4143 1533 4197 ita
1560 4142 1761 4213 gaudet

188 4234 423 4303 expulsis.
455 4236 517 4290 ln
542 4234 653 4289 illis
678 4232 898 4303 quidem
921 4249 1042 4303 quae
1068 4249 1129 4290 se
1159 4234 1356 4291 leviter
1380 4235 1547 4292 menti
1571 4245 1759 4293 osten-

189 4324 327 4391 dunt,
372 4341 427 4384 et
459 4327 618 4399 quasi
650 4328 908 4398 fugiendo
933 4327 1313 4384 demonstrant
1341 4345 1401 4386 se
1422 4371 1436 4396 ,
1489 4345 1590 4386 nec
1638 4346 1760 4401 pec-

189 4428 340 4474 catum
364 4421 614 4485 omnino,
653 4433 755 4474 nec
792 4435 969 4489 pugna
996 4428 1101 4475 est.
1140 4420 1200 4475 In
1247 4419 1318 4476 iis
1363 4430 1581 4490 autem,
1633 4437 1757 4477 cum

188 4512 359 4582 quibus
398 4512 718 4585 aliquandiu
768 4517 951 4570 anima
992 4513 1257 4584 luctatur,
1312 4516 1506 4586 quibus
1555 4516 1761 4573 resistit

189 4607 415 4664 voluntas
456 4608 567 4679 (At.
602 4607 896 4679 voluptas],
938 4610 1144 4679 mqualo
1190 4618 1465 4665 certamen
1512 4620 1615 4666 est.
1654 4614 1761 4667 Aut

188 4700 311 4755 enim
340 4702 742 4767 consentimus,
772 4710 828 4755 et
856 4702 1121 4757 vincimur
1164 4719 1179 4757 :
1225 4711 1320 4757 aut
1366 4704 1674 4773 respuimus
1705 4715 1760 4761 et

188 4792 436 4848 vincimus
457 4838 472 4862 ,
505 4803 561 4849 et
592 4793 921 4863 acquirimus
951 4794 1021 4849 de
1055 4810 1228 4865 pugna
1261 4795 1368 4865 (At.
1411 4799 1759 4871 pugnationej

187 4883 475 4940 victoriam.
539 4885 598 4939 In
653 4884 743 4940 illa
802 4901 933 4955 ergo
989 4888 1368 4943 tantummodo
1426 4889 1761 4959 cogitatione

192 4989 451 5045 peccatum
490 4989 602 5047 est,
650 4995 773 5050 qua:
820 4980 1154 5050 suggestioni
1197 4996 1523 5038 consensum
1563 4988 1762 5041 mentis

192 5071 321 5129 dedit
358 5094 372 5130 :
419 5092 545 5146 qua:
574 5076 778 5131 malum
817 5090 977 5132 suum
1009 5076 1210 5133 blande
1236 5077 1422 5134 fovet:
1448 5094 1568 5149 qua:
1596 5081 1650 5134 in
1681 5080 1761 5135 fa-

195 5176 315 5223 ctum
341 5172 509 5240 gestit
537 5185 845 5241 erumpere.
882 5171 1224 5241 llujusmodi,
1255 5172 1513 5243 cogitatio
1543 5173 1760 5229 etiamsi

194 5274 247 5312 ex
274 5264 453 5333 aliquo
485 5263 742 5334 impedita
776 5280 904 5320 casu
924 5306 938 5330 ,
987 5281 1095 5319 non
1147 5265 1371 5336 impleat
1400 5266 1759 5334 voluntatem,

196 5353 529 5411 nihilominus
577 5358 791 5412 actione
840 5357 1090 5412 criminis
1140 5359 1536 5415 condemnatur
1586 5376 1617 5415 a
1653 5361 1763 5415 Do-

197 5446 323 5500 mino
357 5467 371 5502 :
414 5458 475 5502 ut
518 5449 647 5503 illud
694 5450 749 5504 iu
798 5449 1093 5519 Evangelio
1122 5452 1353 5520 legimus
1384 5470 1398 5507 :
1429 5454 1529 5519 Qui
1557 5454 1761 5515 viderit,

199 5536 379 5607 inquit,
410 5540 681 5596 mulierem
713 5542 782 5594 ad
811 5545 1276 5611 concupiscendum
1314 5562 1459 5610 eam,
1493 5548 1608 5618 jam
1639 5564 1765 5601 utm-

198 5628 358 5687 chatus
395 5643 469 5689 est
510 5652 624 5690 eam
659 5636 713 5690 in
751 5637 906 5691 corde
944 5652 1037 5690 suo
1086 5635 1291 5708 (Matt.
1338 5654 1393 5703 v,
1440 5638 1511 5694 28
1534 5638 1574 5708 ).
1606 5639 1767 5711 Apud

196 5721 380 5793 Deam,
411 5729 496 5784 cui
540 5738 669 5784 nota
718 5738 846 5783 sunt
872 5728 1052 5785 omnia
1082 5729 1249 5788 etiam
1276 5740 1567 5803 antequam
1612 5734 1767 5801 ﬁant,

199 5815 437 5883 voluntas
471 5820 707 5892 perfecta
756 5820 1012 5890 faciendi,
1052 5832 1337 5911 reputatur
1362 5839 1462 5901 pro
1489 5840 1655 5905 opere
1691 5828 1772 5891 lat-

463 5914 731 5981 I‘Arnon.
780 5913 991 5983 XXX.

1866 3309 1971 3355 est.
2003 3301 2205 3358 Beatus
2243 3306 2543 3375 Apostolus
2583 3309 2655 3367 de
2693 3311 2782 3367 die
2831 3315 2884 3368 in
2927 3314 3073 3370 diem
3114 3319 3302 3375 vivens
3348 3322 3464 3379 Deo

1865 3408 1972 3449 non
2002 3395 2131 3464 quid
2162 3406 2287 3453 ante
2307 3397 2554 3466 fecisset,
2580 3402 2676 3457 sed
2704 3405 2831 3475 quid
2856 3408 3037 3464 facere
3064 3410 3293 3469 deberet
3318 3430 3460 3472 sem-

1864 3500 1963 3557 per
1993 3489 2303 3557 attendens,
2337 3492 2586 3550 dicebat:
2610 3495 2849 3567 Fratres,
2878 3519 2970 3575 ego
3001 3521 3080 3560 me
3106 3522 3211 3561 non
3233 3512 3458 3566 arbitror

1864 3583 2309 3654 comprehendisse
2351 3587 2578 3657 aliquid.
2628 3588 2803 3645 Unum
2844 3605 3051 3667 autem,
3101 3616 3219 3666 qua:
3253 3605 3460 3673 quidem

1864 3685 1985 3729 sunt
2015 3686 2149 3731 retro
2182 3679 2508 3749 oblit'iscens,
2537 3684 2606 3735 ad
2633 3700 2693 3739 ea
2731 3702 2851 3740 vero
2881 3705 2997 3758 quae
3024 3703 3144 3746 sunt
3172 3698 3350 3765 priora
3379 3716 3460 3753 me

1864 3768 2171 3834 extendens,
2197 3770 2267 3823 ad
2303 3772 2620 3827 destinatum
2653 3793 2934 3847 persequor
2963 3781 3194 3837 bravium
3222 3802 3461 3855 supernae

1863 3861 2147 3915 vocationis
2172 3860 2271 3915 Dei
2304 3861 2484 3934 (Phil.
2519 3882 2599 3933 tu,
2633 3869 2721 3935 15,
2757 3870 2886 3940 id).
2919 3871 2976 3926 Si
3025 3873 3215 3932 beatus
3257 3880 3457 3937 Paulus

1864 3966 1963 4005 vas
2000 3953 2319 4023 electionis,
2364 3958 2459 4027 qui
2498 3961 2569 4014 ita
2608 3958 2885 4018 Christum
2929 3967 3149 4025 indutus
3205 3983 3354 4043 erat,
3397 3988 3457 4033 ut

1862 4045 2073 4105 diceret
2114 4065 2128 4101 :
2180 4048 2310 4103 Vivo
2343 4060 2517 4105 autem
2550 4056 2668 4125 jam
2710 4072 2812 4110 non
2856 4075 2971 4130 ego,
3003 4062 3122 4116 vivit
3147 4081 3264 4121 vero
3294 4068 3348 4122 in
3377 4086 3459 4125 me

1862 4136 2101 4192 Christus
2133 4138 2278 4211 (Gal.
2311 4156 2373 4208 ιι,
2405 4143 2730 4212 20);adhuc
2762 4160 2941 4205 tamen
2967 4168 3025 4208 se
3055 4158 3321 4221 extendit.
3355 4163 3456 4217 ad-

1861 4227 1967 4284 buc
2011 4232 2210 4287 crescit
2240 4240 2296 4288 et
2331 4236 2546 4304 prolicit
2583 4256 2597 4291 :
2644 4239 2776 4309 quid
2806 4257 2910 4297 nos
2949 4244 3132 4302 facere
3170 4249 3457 4321 debemus,

1862 4323 2060 4392 quibus
2089 4326 2387 4395 optandum
2415 4339 2520 4393 est,
2545 4341 2602 4385 ut
2627 4330 2681 4387 in
2720 4333 2825 4390 line
2874 4349 3082 4406 nostro,
3124 4341 3274 4399 Pauli
3307 4349 3457 4416 prin-

1860 4416 2003 4485 cipio
2030 4424 2447 4488 comparemur?
2481 4423 2622 4494 Ergo
2652 4437 2709 4480 tu
2747 4427 2888 4484 hunc
2915 4432 3129 4490 imitare
3152 4439 3241 4507 qui
3273 4440 3411 4497 dixit
3436 4462 3450 4499 :

1860 4504 2155 4564 Imitatores
2195 4514 2292 4565 mei
2344 4526 2502 4568 estote
2526 4558 2542 4582 ,
2592 4519 2725 4571 sicut
2772 4530 2818 4573 et
2855 4538 2949 4592 ego
2985 4504 3183 4581 Citriin
3225 4532 3286 4601 (Ι
3328 4534 3449 4591 Cor.

1786 4590 1843 4654 D
1867 4616 1945 4667 tv,
1976 4603 2034 4656 11
2061 4602 2104 4674 ).
2139 4604 2475 4662 Obliviscere
2511 4622 2676 4664 omne
2706 4590 3043 4680 praeteritum
3072 4636 3086 4672 :
3126 4628 3183 4675 et
3210 4590 3453 4692 quotidie

1866 4693 2126 4750 inchoare
2158 4704 2212 4750 te
2242 4707 2367 4767 puta
2398 4714 2503 4753 :ne
2532 4716 2634 4770 pro
2666 4707 2920 4773 praesenti
2966 4709 3088 4777 die,
3143 4728 3256 4783 quo
3284 4717 3453 4776 debes

1865 4791 2073 4845 servire
2112 4790 2248 4855 Deo,
2294 4794 2629 4861 praeteritum
2664 4797 2921 4868 imputes.
2966 4804 3185 4874 Optime
3229 4816 3455 4878 quaesita

1868 4884 2168 4949 custodies,
2197 4886 2242 4939 si
2270 4900 2492 4957 semper
2529 4890 2792 4960 inquiras.
2824 4894 3088 4955 Damnum
3115 4917 3300 4972 parata
3327 4924 3457 4964 sen-

1866 4979 2025 5040 tient,
2068 4981 2115 5033 si
2147 4994 2339 5048 parare
2366 4987 2691 5041 cessaveris.

1940 5068 2068 5125 CAP.
2105 5069 2343 5127 XXVIII.
2362 5102 2432 5112 —
2456 5075 2612 5130 Dicas
2630 5078 2855 5136 forsitan
2882 5083 3145 5143 :Grandis
3165 5090 3323 5150 labor
3347 5110 3453 5155 esr.

1868 5164 1975 5221 Sed
2022 5165 2235 5234 respice
2274 5168 2416 5236 quod
2451 5172 2772 5238 promissum
2813 5186 2937 5232 est:
2965 5178 3138 5238 Omne
3176 5201 3311 5258 Opus
3339 5191 3462 5247 leve

1871 5259 1988 5315 ﬁeri
2018 5260 2181 5325 solet,
2204 5276 2327 5315 cum
2352 5263 2469 5355 ejus
2491 5269 2724 5334 pretium
2752 5270 3023 5340 cogitatur
3052 5295 3066 5332 :
3095 5291 3148 5335 et
3174 5298 3298 5352 spes
3329 5301 3467 5355 prae-

1872 5353 1968 5407 mii
1999 5352 2252 5407 solatium
2280 5364 2363 5409 est
2395 5354 2611 5411 laboris.
2639 5359 2727 5415 Sic
2748 5361 2915 5418 durus
2937 5368 3167 5437 agricola
3198 5352 3462 5431 innrntum

1876 5446 1970 5501 diu
1995 5460 2269 5515 campum,
2303 5456 2357 5501 et
2396 5448 2708 5518 pinguiores
2743 5455 2855 5510 otio
2883 5458 3071 5527 glebas
3105 5465 3344 5521 violento
3370 5484 3469 5523 vo-

1879 5554 2029 5594 mere
2074 5538 2299 5594 seidissc
2326 5554 2386 5595 se
2431 5543 2650 5610 gaudet,
2692 5556 2748 5601 et
2789 5550 2984 5606 mirum
3017 5555 3069 5608 in
3103 5558 3320 5614 modum
3352 5560 3464 5633 ipsa

1877 5634 2060 5704 operis
2081 5632 2405 5689 difficultate
2429 5635 2584 5692 ltetus
2610 5654 2763 5709 spem
2788 5646 2986 5713 segetis
3012 5649 3081 5703 de
3104 5649 3289 5707 labore
3317 5632 3476 5714 meti-

1878 5735 1985 5783 tur.
2022 5726 2116 5782 Sic
2140 5728 2446 5799 negotiator
2473 5731 2663 5787 avidus
2691 5736 2857 5790 maria
2888 5746 3189 5800 contemnit
3220 5762 3235 5801 :
3264 5762 3478 5818 specta-

1876 5835 1939 5890 te
1988 5836 2155 5888 ausus
2209 5822 2473 5888 ﬂuctuum
2520 5840 2742 5903 Spumea
2789 5829 3110 5905 rabiemque
3163 5849 3477 5911 ventorum.

2990 5925 3034 5993 2

2868 5980 2883 6008 τ
