3916 6288
456 321 531 381 45
1479 321 1537 379 S.
1580 318 1960 377 HlERONYMI
1998 315 2281 375 OPERUM
2324 314 2690 375 MANTISSA.
3678 314 3748 370 Η

460 439 710 507 Dumque
737 436 791 493 in
820 439 964 494 omni
996 438 1182 494 labore
1214 450 1276 492 ac
1317 438 1562 507 periculo
1590 438 1798 491 lucrum
1832 436 2050 507 COgitat,
2078 438 2131 496 Α
2160 435 2310 488 illum
2344 444 2554 488 tantum
2583 435 2726 489 diem
2760 438 2928 487 totam
2960 430 3066 504 [AL
3097 438 3198 487 tac.
3229 428 3416 502 totam]
3447 446 3576 501 para
3602 440 3674 495 te,
3699 433 3749 487 in

458 544 516 586 et
559 532 932 587 lassitudinem
965 532 1125 586 sintut
1155 532 1491 586 obliviscitur
1522 540 1574 585 et
1602 531 1875 585 timorem.
1909 529 2053 585 Con-

460 624 665 685 sidera,
706 640 911 692 qureso,
948 624 1371 694 magnitudinem
1417 623 1624 692 pricmii
1668 623 1766 689 lui,
1800 624 1843 676 si
1872 634 2054 676 tamen

460 716 800 770 considerari
848 725 1027 785 potest
1079 714 1335 785 quidquid
1388 714 1707 767 immensum
1774 722 1875 767 est.
1931 714 2059 767 Post

460 809 776 861 abscessum
801 809 1016 869 animai,
1060 818 1184 875 post
1214 807 1393 860 carnis
1424 808 1723 872 interitum,
1752 815 1875 876 post
1903 806 2057 859 favil—

460 900 541 959 las
571 912 621 955 et
653 901 918 967 cinerem,
954 902 1003 953 in
1033 900 1313 955 meliorem
1347 907 1545 953 statum
1579 902 1727 971 virgo
1757 900 2055 971 reparanda

435 1010 537 1047 ~e~'.
563 992 868 1047 Mandatum
894 1002 1053 1046 terra:
1071 1007 1268 1060 corpus
1292 993 1342 1045 iu
1366 995 1563 1047 emtum
1588 994 1912 1047 elevandum
1929 1004 2013 1048 est
2037 1008 2054 1048 ζ

460 1098 513 1141 et
549 1089 783 1143 mortale
823 1100 969 1141 tuum
1005 1088 1427 1141 it‘nmortalitatis
1476 1088 1685 1142 honore
1738 1088 2053 1142 mutandum

456 1191 559 1237 est.
594 1182 722 1238 Post
751 1184 869 1236 htDC
892 1183 1211 1251 angelorum
1245 1196 1307 1236 cs
1335 1183 1586 1236 donanda
1619 1184 1895 1236 consortio
1928 1200 1940 1233 :
1972 1198 2057 1236 re-

454 1292 620 1346 gnum
648 1287 932 1345 acceptura
962 1277 1248 1341 enatorum,
1282 1292 1343 1330 ac
1372 1278 1422 1330 in
1452 1286 1771 1345 perpetuum
1803 1291 2055 1330 manSura

454 1386 576 1423 com
608 1369 838 1423 Christo.
868 1370 1004 1435 Quid
1032 1386 1160 1438 ergo
1192 1369 1461 1423 retribues
1491 1370 1721 1423 Domino
1750 1385 1849 1439 pro
1875 1369 2054 1423 omni-

454 1465 555 1517 bus
576 1476 698 1531 (pta:
727 1463 978 1517 retribuit
1011 1462 1107 1515 tibi
1140 1462 1314 1532 (Psal.
1343 1462 1504 1531 cxv)?
1533 1464 1674 1529 Quid
1703 1473 1851 1517 tanto
1877 1479 2051 1517 remu-

456 1564 707 1604 neratore
740 1555 934 1606 durum
973 1554 1210 1621 putabis,
1243 1554 1400 1622 cujus
1438 1564 1585 1608 tanta
1632 1563 1759 1609 sunt
1789 1554 2054 1624 prannia?

458 1644 610 1698 Unde
641 1646 833 1701 beatus
860 1646 1389 1715 Apostolus,Jul/tr,
1426 1649 1753 1717 iuquit,sunt
1786 1651 2055 1721 condigna:

453 1740 722 1807 passiones
750 1739 909 1809 hujus
938 1742 1179 1810 temporis
1206 1744 1273 1793 ad
1302 1744 1531 1811 futuram
1555 1745 1796 1812 gloriam,
1830 1760 1946 1813 qua:
1976 1761 2056 1798 re-

2164 545 2271 598 quo
2302 528 2484 582 mundi
2510 530 2680 598 gloria
2715 528 2945 582 linienda
2972 538 3075 581 est.
3102 527 3281 593 Illum,
3311 532 3550 598 inquam,
3582 528 3747 595 diem,

2160 638 2321 691 quem
2364 622 2618 676 Salvator
2647 622 2852 676 diluvio
2883 622 3218 690 comparavit
3260 638 3274 678 ς
3304 623 3394 691 qui
3424 623 3621 676 multos
3652 623 3749 676 lal-

2160 717 2262 771 laci
2293 718 2585 773 securitate
2630 716 2912 787 deceptos,
2949 718 3172 785 furtivo,
3222 727 3281 770 ut
3315 718 3389 771 ait
3429 717 3747 785 Apostolus,

2160 811 2584 881 comprehendet
2610 811 2842 866 adventu
2867 812 2910 880 (l
2945 809 3119 864 Thess.
3156 826 3189 862 v
3216 851 3229 874 ,
3255 808 3329 880 2).
3356 810 3529 877 Quem
3562 809 3750 865 beatus

2160 919 2373 974 quoque
2412 904 2611 958 Petrus
2648 904 2966 959 deseribens
3006 903 3083 957 ait
3121 920 3133 956 :
3168 903 3410 956 Adveniet
3441 914 3613 955 autem
3644 903 3752 957 dies

2160 996 2372 1051 Domini
2403 999 2534 1051 sicut
2567 1001 2655 1068 fur
2693 1014 2710 1050 :
2742 999 2793 1050 in
2823 1013 2925 1066 qua
2962 995 3076 1050 (teli
3118 1011 3305 1065 magno
3344 996 3539 1065 impetu
3585 1002 3751 1048 trans-

2157 1092 2323 1145 ibunt.
2358 1091 2635 1144 Elementa
2671 1107 2787 1145 vero
2813 1108 2844 1144 a
2874 1089 3044 1143 calore
3070 1090 3405 1143 resolvantur.
3446 1087 3572 1142 Cum
3595 1090 3753 1161 igitur

2162 1184 2268 1254 [Αἰ.
2303 1194 2447 1239 tacet
2486 1183 2666 1255 igitur]
2704 1182 2814 1238 [nec
2845 1184 3017 1237 omnia
3057 1183 3384 1237 dissoluenda
3417 1183 3544 1245 sint,
3574 1184 3751 1253 quales

2159 1287 2355 1346 oportet
2384 1294 2477 1330 nos
2496 1293 2607 1330 esse
2635 1278 2686 1328 in
2710 1278 2902 1330 sanctis
2924 1275 3388 1329 roncersationibus
3412 1285 3457 1327 et
3476 1274 3749 1345 pietasibus

2157 1381 2507 1443 exspectantes
2543 1385 2590 1427 et
2627 1382 2964 1443 praperantes
2993 1374 3044 1425 iu
3082 1373 3357 1425 admittunt
3389 1369 3601 1423 Domini
3630 1367 3746 1434 Dei,

2155 1466 2209 1518 in
2236 1482 2335 1535 quo
2364 1467 2479 1520 coeli
2504 1465 2743 1519 ardentes
2770 1466 3049 1530 solventur,
3082 1475 3127 1518 et
3152 1464 3398 1518 elementa
3420 1464 3554 1533 ignis
3583 1462 3753 1516 calore

2156 1561 2416 1615 tabescent
2441 1562 2507 1634 (Il
2533 1562 2649 1615 Pet.
2676 1578 2755 1625 in,
2786 1563 2913 1630 10)?
2938 1562 3149 1616 Recens
3179 1561 3377 1614 factum
3401 1567 3502 1623 est,
3525 1568 3578 1614 et
3605 1558 3754 1627 quod

2159 1653 2271 1722 ipsa
2297 1654 2516 1721 audisti,
2540 1669 2660 1708 cum
2682 1654 2748 1707 ad
2772 1654 3015 1708 stridulae
3036 1654 3277 1707 buccina:
3297 1668 3511 1715 sonum,
3545 1651 3755 1705 Gotho-

2158 1764 2388 1817 rumque
2431 1748 2754 1813 clamorem,
2792 1747 3005 1818 lugubri
3054 1762 3313 1818 oppressa
3358 1754 3503 1799 metu
3532 1745 3753 1799 domina

452 1833 706 1887 vetabitur
734 1835 786 1886 in
818 1834 965 1889 nobis
997 1835 1175 1902 (Rom.
1208 1853 1322 1901 vni,
1356 1840 1466 1907 l8).
1497 1840 1631 1904 Quid
1658 1840 1800 1893 enim
1834 1842 2052 1907 dignum
2086 1827 2133 1886 Β
2160 1842 2309 1896 orbis
2360 1840 2529 1893 Roma
2578 1841 2928 1895 contremuit.
2963 1840 3063 1895 Ubi
3099 1851 3224 1894 tunc
3247 1839 3545 1893 nobilitatis
3578 1839 3755 1893 ordo?

452 1927 537 1979 Vel
570 1928 769 1990 facere,
803 1928 887 1979 vel
937 1927 1044 1995 pati
1089 1943 1375 1992 po~sumus
1407 1934 1456 1981 in
1494 1931 1641 1985 brevi
1681 1930 1781 1984 hoc
1813 1941 2054 1998 tempore

456 2020 578 2071 vita:
617 2029 816 2074 nostra:
848 2035 861 2074 z
895 2034 1015 2073 cum
1054 2020 1109 2074 id
1148 2022 1557 2076 immortalitate
1595 2024 1667 2077 sit
1693 2038 2054 2091 compensan-

453 2114 578 2163 dum
606 2113 626 2162 ?

526 2207 656 2258 (Jac.
689 2203 882 2260 XXIX.
916 2235 984 2244 ——
1010 2205 1237 2275 Propter
1262 2207 1404 2277 quod
1434 2207 1574 2263 idem
1604 2208 1894 2277 Apostolus
1934 2209 2008 2263 ait
2035 2223 2051 2263 :

446 2297 517 2353 1d
561 2300 698 2353 enim
723 2302 859 2369 quod
888 2302 940 2354 in
970 2304 1210 2369 praasenti
1237 2305 1428 2355 sterulo
1459 2314 1529 2355 est
1561 2314 1971 2355 inmnentaneum
1994 2320 2054 2355 ac

446 2395 553 2445 leve
584 2392 936 2448 tribulationis
964 2403 1154 2449 nostrw
1178 2412 1194 2445 :
1223 2413 1380 2465 supra
1403 2396 1615 2448 modum
1640 2397 1691 2447 in
1716 2396 2051 2462 sublimitate,

446 2500 699 2543 wternum
745 2490 926 2559 gloria:
963 2491 1165 2561 pondus
1216 2500 1461 2558 oneratur
1514 2493 1566 2543 in
1622 2491 1766 2543 nobis
1815 2490 2053 2561 (llCor.

449 2598 525 2645 tv,
551 2584 663 2653 l7).
713 2583 1062 2654 llespuautur
1110 2584 1374 2647 honores,
1415 2584 1785 2653 despiciantur
1827 2582 2049 2637 divitia}.

449 2674 569 2742 Ipsa
620 2692 835 2746 quoque
864 2679 969 2732 vita
1004 2689 1191 2733 nostra
1225 2678 1469 2748 martyrii
1498 2694 1684 2731 amore
1715 2690 2055 2731 comtemua-

449 2780 555 2823 tur.
592 2771 661 2825 Et
689 2772 803 2827 haec
834 2773 1014 2827 omnia
1045 2774 1209 2828 etiam
1245 2774 1289 2827 si
1325 2788 1420 2841 pro
1463 2772 1785 2828 aeternitatis
1829 2771 2052 2840 praemio

449 2878 553 2918 non
601 2865 894 2931 darentur,
944 2876 1130 2920 essent
1182 2877 1361 2920 tamen
1410 2866 1735 2936 quandoque
1786 2866 2049 2934 peritura.

446 2958 717 3011 Amittunt
738 2960 899 3013 etiam
922 2960 1025 3012 hoc
1053 2960 1125 3013 illi
1147 2960 1471 3029 quiscmpet‘
1493 2960 1719 3027 cupiunt
1749 2958 2048 3026 possidere.

447 3050 619 3114 Quam
646 3052 845 3105 multos
867 3052 1133 3106 memoria
1156 3062 1346 3104 nostra
1370 3050 1566 3105 retinet
1594 3051 1644 3102 in
1674 3049 1932 3103 maximis
1956 3048 2053 3100 lto-

447 3141 673 3197 noribus
711 3158 775 3196 ac
816 3143 1021 3197 divitiis
1064 3144 1414 3207 COttstitttlos,
1447 3152 1675 3211 repente
1724 3142 1791 3197 de
1836 3156 2049 3197 summo

2160 1935 2249 1988 ubi
2271 1937 2407 1989 certi
2435 1943 2489 1988 et
2509 1935 2747 1988 distincti
2780 1935 2922 1988 illius
2942 1934 3215 2003 dignitatis
3238 1933 3477 2003 gradus?
3502 1931 3757 1987 Peritiix-

2158 2035 2208 2079 ta
2241 2026 2446 2091 omnia,
2480 2036 2535 2081 et
2580 2027 2772 2081 timore
2800 2027 3048 2091 confusa,
3085 2026 3231 2079 omni
3263 2026 3446 2080 domui
3480 2026 3754 2094 planctus,

2156 2129 2209 2173 et
2236 2121 2459 2189 aequalis
2491 2120 2592 2173 fuit
2616 2136 2712 2189 per
2741 2131 2965 2175 cunctos
2996 2135 3180 2189 pavor.
3216 2119 3391 2175 Unum
3423 2128 3536 2174 erat
3560 2134 3757 2174 servus

2156 2223 2209 2267 ct
2241 2214 2461 2268 nobilis.
2498 2214 2701 2267 Eadem
2733 2214 2982 2266 omnibus
3009 2213 3185 2282 imago
3227 2213 3418 2266 mortis
3450 2229 3464 2268 :
3495 2212 3597 2265 nisi
3626 2212 3754 2281 quia

2132 2306 2329 2374 .ntagis
2359 2320 2478 2359 eam
2528 2305 2790 2358 timebant
2834 2305 2930 2367 illi,
2966 2305 3162 2373 quibus
3194 2304 3367 2359 fuerat
3406 2304 3517 2357 vita
3550 2304 3747 2371 jucun-

2155 2398 2296 2451 dior.
2368 2399 2421 2452 Si
2483 2398 2554 2451 ita
2623 2400 2871 2451 mortalis
2926 2399 3177 2453 timemus
3226 2399 3398 2453 hostis
3457 2400 3751 2453 humanam

2155 2510 2375 2546 manum
2414 2511 2426 2546 :
2455 2493 2580 2562 quid
2609 2494 2870 2547 faciemus
2894 2510 3015 2547 cum
3048 2495 3302 2565 clangore
3361 2495 3590 2549 terribili
3624 2496 3753 2549 tuba

2155 2586 2409 2642 intonare
2448 2588 2515 2642 de
2564 2588 2701 2641 coelo
2730 2591 2959 2657 carperit.
2994 2606 3008 2643 :
3049 2599 3103 2643 et
3146 2590 3211 2643 ad
3248 2590 3393 2643 illam
3438 2589 3750 2660 archangeli

2154 2695 2365 2743 vocem,
2400 2680 2549 2733 omni
2588 2683 2812 2735 buccina
2846 2682 3157 2748 clariorem,
3191 2692 3337 2736 totus
3368 2683 3532 2737 simul
3567 2699 3755 2736 remu-

2153 2772 2265 2839 giet
2301 2772 2569 2825 mundus?
2600 2788 2720 2825 cum
2755 2775 3051 2827 viderimus
3082 2789 3246 2843 super
3277 2789 3374 2827 nos
3421 2791 3527 2830 non
3560 2792 3753 2830 manu-

2156 2864 2293 2916 facta
2324 2881 2474 2917 arma
2501 2868 2738 2929 concuti,
2771 2867 2863 2919 scd
2889 2876 2942 2920 et
2963 2867 3190 2921 virtutes
3213 2868 3475 2922 caelorum
3509 2884 3752 2923 commo-

2153 2954 2287 3017 veri,
2323 2958 2461 3010 sicut
2492 2957 2757 3027 Pr0phrta
2790 2959 2959 3012 dicit:
2993 2957 3119 3012 Cum
3146 2961 3338 3015 venerit
3366 2960 3622 3014 Dominus
3650 2979 3751 3032 po-

2153 3064 2275 3101 nere
2306 3048 2478 3101 orbem
2510 3060 2660 3103 terra:
2688 3051 2942 3103 desertum
2975 3067 2993 3103 :
3023 3063 3069 3104 et
3104 3064 3398 3122 peccatores
3441 3054 3654 3121 perdere
3686 3070 3753 3108 ea:

2153 3157 2213 3192 eo
2244 3138 2378 3213 (Isa.
2415 3156 2532 3206 xui,
2566 3143 2624 3209 li)
2650 3159 2663 3194 :
2692 3149 2810 3212 quis
2837 3154 2964 3199 tunc
2995 3146 3151 3199 nobis
3176 3161 3366 3215 pavor,
3402 3164 3518 3214 quae
3547 3150 3746 3216 caligo,

447 3236 541 3291 illo
570 3236 830 3306 potentia:
870 3236 1084 3305 fastigio
1114 3238 1421 3291 concidisse
1452 3254 1467 3291 :
1500 3247 1556 3291 et
1592 3251 1687 3290 eos
1710 3238 1797 3303 qui
1834 3245 2046 3291 tumore
2076 3212 2126 3278 (ἶ
2154 3248 2277 3302 quae
2306 3234 2566 3301 tenebrae,
2601 3251 2723 3289 cum
2758 3250 2855 3290 nos
2884 3239 3081 3306 saepius
3112 3253 3175 3293 ac
3200 3238 3363 3292 toties
3391 3239 3699 3293 admonitos
3730 3283 3747 3308 ,

445 3330 592 3395 elati,
637 3329 780 3383 aliud
804 3329 1054 3396 quiddam
1080 3345 1236 3397 quam
1264 3329 1517 3383 homines
1538 3344 1660 3383 esse
1682 3344 1740 3381 se
1761 3328 2038 3397 putabant,

444 3424 589 3487 exitu
633 3426 847 3479 tandem
894 3440 995 3478 suo
1041 3424 1293 3478 docuisse
1332 3438 1432 3477 nos
1478 3423 1603 3492 quid
1651 3422 1871 3476 fuerint.
1904 3423 2042 3489 Quid

443 3517 587 3571 enim
619 3515 672 3571 iu
702 3515 808 3573 hoc
840 3515 1042 3570 mundo
1072 3516 1308 3570 stabile?
1347 3516 1487 3581 Quid
1518 3531 1649 3571 vero
1679 3515 1893 3569 ﬁrmum
1923 3516 2044 3571 est?

446 3610 585 3679 Quid
612 3626 775 3679 porro
797 3626 904 3665 non
930 3611 1099 3665 breve
1129 3622 1184 3665 et
1216 3612 1504 3673 incertum,
1530 3621 1584 3665 et
1612 3611 1762 3665 casui
1795 3628 1899 3664 non
1928 3627 2044 3665 ser-

448 3705 638 3759 viens?
665 3704 832 3771 Quale
863 3705 1004 3759 istud
1055 3706 1253 3759 bonum
1284 3714 1385 3769 est,
1414 3704 1561 3773 quod
1604 3719 1820 3773 semper
1851 3705 2044 3759 timeas

444 3799 734 3853 amittere?
760 3798 899 3866 quod
925 3797 1009 3851 vel
1035 3797 1389 3851 auferendum
1416 3798 1513 3851 abs
1545 3805 1597 3849 te
1630 3808 1864 3862 metuas,
1896 3796 1981 3850 vel
2014 3811 2045 3849 a

448 3904 501 3947 te
526 3892 940 3961 relinquendum
972 3891 1149 3945 scias?
1179 3890 1310 3944 Nam
1354 3890 1477 3945 etsi
1512 3890 1662 3944 nullo
1704 3890 1759 3943 id
1783 3890 2045 3959 eripiatur

448 4003 598 4054 casu,
628 3986 710 4039 vel
747 3994 920 4041 morte
946 3995 1095 4040 certe
1126 3984 1460 4055 perdendum
1493 3994 1596 4038 est.
1632 3984 1699 4037 Et
1728 3984 1774 4037 si
1806 3986 1915 4037 vita
1948 4000 2045 4035 no-

447 4093 557 4135 stra
590 4079 840 4135 tendatur
867 4096 961 4149 per
988 4080 1135 4133 mille
1165 4096 1337 4134 annos
1361 4091 1443 4133 :et
1465 4080 1529 4133 ad
1557 4091 1861 4133 extremum
1894 4081 2040 4133 illum

448 4173 615 4233 totius
644 4173 790 4228 diem
824 4174 1023 4239 inlatis,
1058 4172 1372 4239 quotidiana
1401 4173 1723 4227 deliciarum
1761 4175 2040 4241 voluptate

451 4267 732 4320 veniamus
766 4281 779 4318 :
812 4266 965 4335 quale
996 4263 1119 4329 hoc,
1150 4280 1354 4333 quaaso,
1392 4264 1482 4317 diu
1507 4273 1611 4329 est,
1639 4264 1780 4332 quod
1814 4265 1918 4318 line
1946 4266 2043 4318 de-

447 4361 622 4416 letur!
654 4365 761 4413 Aut
790 4359 909 4429 quis
936 4359 1079 4413 illius
1107 4358 1405 4426 voluptatis
1436 4360 1642 4412 fructus
1673 4369 1775 4423 est,
1808 4361 1897 4428 qui
1932 4369 2043 4413 sta-

450 4456 544 4510 tim
577 4464 632 4508 ut
662 4454 979 4515 cessaverit,
1008 4452 1281 4507 videbitur
1310 4450 1407 4505 tibi
1430 4468 1535 4505 non
1570 4451 2038 4522 fuisse'?;\gejam,

446 4558 780 4604 transactum
820 4547 947 4599 vine
995 4556 1098 4598 ιυιυ
1128 4555 1338 4614 tempus
1368 4545 1550 4598 animo
1578 4546 1822 4599 revolvo.
1852 4546 2043 4598 Nonne

445 4646 714 4701 videbitur
756 4645 850 4700 tibi
881 4644 1070 4698 umbra
1103 4644 1347 4713 qucedam
1390 4641 1558 4695 luisse
1586 4642 1730 4711 quod
1776 4642 1991 4695 transiit
2022 4657 2036 4697 :

446 4747 502 4795 ct
524 4738 589 4792 ad
615 4739 783 4792 instar
812 4737 1005 4792 somnii
1036 4736 1230 4801 tenuis,
1262 4736 1526 4789 incertum
1557 4749 1679 4788 esse
1708 4750 1869 4789 mune
1896 4736 2038 4806 quod

449 4830 694 4889 videtur?
721 4830 835 4885 lloc
867 4828 1005 4882 idem
1041 4835 1095 4880 et
1134 4825 1444 4893 decrepitus
1484 4840 1649 4879 senex
1672 4824 1874 4878 sentire
1921 4835 2039 4895 pot-

452 4935 555 4993 est,
587 4924 676 4980 cui
702 4922 958 4978 convenit
978 4920 1162 4974 dicere
1184 4934 1308 4972 cum
1338 4920 1597 4987 propheta
1624 4936 1635 4971 :
1666 4915 1791 4970 Dies
1807 4919 1907 4970 mei
1937 4919 2037 4973 sic-

450 5032 503 5073 ut
550 5019 731 5072 umbra
779 5016 1163 5071 declinaverunt
1207 5054 1223 5082 ,
1272 5022 1318 5065 ct
1370 5029 1461 5083 ego
1508 5016 1638 5067 sicut
1685 5014 1863 5081 fenum
1920 5016 2038 5068 arui

448 5114 620 5185 (Psal.
654 5112 787 5181 xxr).

522 5208 649 5259 Car.
676 5204 849 5260 XXX.
871 5233 940 5246 ο·-
961 5203 1113 5274 Quod
1142 5206 1183 5259 si
1213 5203 1327 5259 haec
1354 5206 1515 5258 etiam
1538 5203 1626 5257 hic
1650 5216 1935 5272 possumus
1958 5202 2037 5256 di-

447 5315 572 5354 cere
603 5316 616 5353 :
650 5298 739 5354 ubi
769 5300 1014 5368 quamvis
1044 5299 1253 5363 brevis,
1289 5308 1467 5352 tamen
1509 5296 1632 5365 quia
1683 5310 1922 5365 prwsens
1951 5304 2038 5351 est

446 5395 555 5447 vita
579 5390 702 5457 ista,
734 5392 911 5461 magni
942 5390 1196 5459 penditur
1228 5389 1394 5457 :quitl
1427 5390 1481 5441 in
1514 5388 1695 5441 futuro
1724 5387 1919 5442 dicturi
1946 5403 2036 5442 su-

447 5503 589 5548 mus,
621 5485 711 5539 ubi
740 5487 948 5553 majore
974 5484 1297 5538 aeternitatis
1333 5482 1621 5549 prarsentia
1650 5480 1755 5551 Ml.
1783 5482 2034 5553 scientia]

446 5587 780 5634 transactum
813 5591 974 5631 omne
1002 5591 1102 5646 pro
1130 5575 1298 5628 nihilo
1323 5575 1439 5628 est?
1472 5574 1595 5628 [hcc
1627 5583 1682 5627 tu
1708 5587 1880 5629 tecum
1915 5576 2038 5630 dili-

443 5680 634 5740 genter
656 5670 960 5729 revolvens,
978 5678 1033 5723 et
1058 5666 1377 5721 brevitatem
1396 5665 1520 5719 vitm
1535 5666 1691 5735 hujus
1714 5668 2035 5725 aeternitatis

443 5764 903 5832 contemplatione
949 5760 1259 5829 despiciens
1288 5801 1301 5825 ,
1332 5761 1506 5829 ipsum
1536 5775 1753 5831 quoque
1785 5771 2031 5815 contem-

438 5867 593 5934 ptum
617 5858 826 5930 mundi,
851 5855 1046 5932 majori
1072 5855 1245 5917 animi
1272 5853 1471 5918 virtute
1499 5864 1790 5916 contemne
1834 5874 1849 5919 ;
1885 5866 1939 5916 et
1964 5857 2031 5916 ad

2150 3337 2203 3379 ct
2235 3336 2414 3380 tamen
2448 3329 2743 3395 imparatos
2765 3330 2882 3383 dies
2909 3331 3001 3385 ille
3031 3331 3509 3400 repererit?Tanc,
3546 3333 3751 3403 inquit,

2151 3420 2393 3490 plangcnt
2415 3439 2570 3493 super
2602 3440 2653 3476 se
2686 3439 2862 3476 omnes
2890 3425 3047 3478 tribus
3078 3436 3224 3479 terra:
3252 3443 3268 3479 :
3300 3438 3345 3479 et
3374 3428 3613 3480 videbunt
3644 3426 3753 3481 Fi-

2149 3514 2277 3566 lium
2323 3515 2543 3568 hominis
2596 3518 2876 3570 venientem
2910 3518 2962 3570 in
3001 3518 3218 3572 nubibus
3259 3518 3371 3573 creti
3398 3536 3512 3572 cum
3560 3521 3755 3575 virtute

2150 3606 2314 3659 multa
2337 3619 2382 3659 ct
2412 3610 2700 3677 majestate.
2722 3608 2865 3661 Tunc
2890 3610 3059 3663 dicent
3083 3611 3363 3667 montibus.
3387 3610 3569 3664 Cadite
3589 3629 3754 3680 super

2151 3719 2243 3754 nos
2258 3718 2276 3755 :
2293 3711 2339 3753 et
2362 3702 2603 3770 collibus,
2628 3702 2836 3773 Operite
2860 3720 2952 3761 nos
2972 3722 2989 3759 .'
3006 3708 3247 3777 etpetris,
3267 3708 3472 3777 Aperite
3494 3724 3579 3760 ros
3603 3710 3752 3762 nobis

2148 3796 2381 3869 (Matth.
2411 3814 2557 3867 xxiv,
2591 3801 2659 3855 30
2686 3809 2733 3851 et
2762 3817 2901 3871 seqq.
2933 3800 3062 3853 Lar.
3091 3817 3206 3866 χχι,
3238 3801 3305 3854 27
3336 3812 3381 3855 et
3409 3803 3607 3872 seqq.).
3643 3801 3753 3856 Ve-

2152 3908 2273 3946 rum
2304 3893 2418 3947 hmo
2442 3910 2630 3949 eorum
2653 3895 2782 3955 sint,
2814 3896 2907 3965 qui
2942 3896 3104 3950 variis
3131 3898 3289 3965 hujus
3322 3898 3505 3951 mundi
3540 3895 3751 3951 detenti

2150 3986 2317 4050 curis,
2356 3986 2423 4039 de
2456 3987 2643 4040 nnmdi
2679 4004 2784 4040 non
2818 3990 3061 4057 cogitant
3096 3988 3219 4045 (ine.
3253 3989 3333 4043 Tu
3360 4004 3494 4043 vero
3534 3990 3615 4042 cui
3648 3988 3754 4041 ad-

2150 4090 2345 4133 ventus
2397 4081 2599 4135 Christi
2645 4082 2856 4136 dierum
2905 4085 3255 4151 noctiumque
3306 4084 3587 4138 meditatio
3635 4094 3749 4149 est,

2150 4173 2236 4226 cui
2282 4188 2381 4241 pro
2420 4174 2775 4228 conscientia:
2822 4177 3082 4244 puritate,
3128 4176 3340 4230 Domini
3381 4187 3466 4231 est
3507 4178 3752 4245 Optanda

2153 4272 2442 4336 prieseutia
2479 4289 2491 4323 :
2531 4288 2649 4341 qua:
2681 4276 3205 4327 consunnuatioaem
3237 4276 3421 4328 saeculi
3446 4276 3598 4343 quasi
3620 4291 3755 4329 cer-

2148 4372 2261 4414 tum
2314 4365 2518 4429 prtemii
2572 4365 2646 4417 tui
2699 4374 2912 4435 tempus
2961 4378 3269 4434 (εχερροιιιε,
3317 4369 3749 4425 exsultationem

2149 4453 2218 4508 de
2240 4457 2382 4510 coelo
2428 4456 2643 4525 capies,
2694 4473 2798 4513 non
2831 4461 3108 4514 timorem.
3143 4460 3296 4515 Tunc
3338 4464 3482 4516 enim
3518 4472 3572 4515 tu
3615 4476 3751 4517 san-

2150 4558 2361 4602 ctorum
2396 4553 2563 4605 mixta
2586 4552 2787 4619 choris,
2822 4562 2875 4607 et
2899 4556 3107 4607 sanctis
3129 4555 3383 4607 comitata
3415 4555 3746 4622 virginibus,

2149 4659 2353 4713 spooso
2399 4646 2613 4699 obviam
2666 4646 3001 4713 sobvolabis,
3047 4658 3101 4701 et
3126 4649 3275 4703 dices
3320 4667 3331 4702 :
3380 4647 3560 4701 Inveni
3589 4665 3748 4718 quem

2147 4738 2377 4806 qua’sivit
2408 4739 2581 4791 anima
2622 4754 2733 4792 mea
2783 4739 2971 4810 (Cant.
3026 4755 3104 4805 In,
3138 4740 3172 4793 4
3200 4740 3239 4809 ).
3285 4741 3394 4795 Nec
3438 4743 3600 4795 ullius
3625 4744 3745 4810 jam

2148 4832 2410 4899 temporis
2438 4832 2840 4899 separationem
2876 4834 3114 4897 timebis,
3146 4850 3268 4902 qua:
3309 4835 3477 4890 semel
3518 4837 3747 4889 immor-

2149 4924 2372 4976 talitatis
2398 4924 2594 4993 gloria,
2627 4934 2682 4977 et
2708 4926 3135 4996 incorruptionis
3167 4914 3457 4997 splendore
3488 4928 3739 4982 donanda

2148 5031 2209 5070 es
2251 5033 2262 5068 :
2297 5026 2500 5071 etcum
2543 5017 2760 5071 Christo
2808 5034 3027 5087 semper
3081 5022 3257 5075 futura
3315 5037 3376 5076 es
3402 5065 3415 5087 ,
3468 5022 3743 5090 Apostolo

2148 5109 2365 5164 dicente
2407 5127 2420 5163 :
2472 5110 2729 5175 Quoniam
2769 5113 2877 5181 ipse
2916 5112 3170 5167 Dominus
3195 5116 3249 5167 in
3270 5118 3426 5186 jussu
3456 5127 3499 5167 et
3538 5115 3589 5166 in
3616 5131 3739 5169 voce

2147 5202 2471 5271 archangeli,
2497 5213 2541 5255 et
2570 5203 2623 5255 in
2646 5203 2765 5256 tuba
2790 5204 2883 5257 Dei
2903 5205 3176 5259 descendet
3205 5208 3269 5259 de
3295 5208 3511 5261 crelowt
3541 5209 3740 5260 mortui

2146 5296 2236 5365 qui
2264 5298 2319 5347 in
2349 5295 2553 5348 Christo
2593 5307 2740 5363 sunt,
2784 5311 3048 5369 resurgent
3086 5302 3259 5370 primi.
3298 5302 3496 5355 Deinde
3524 5319 3616 5355 nos
3649 5304 3748 5373 qui

2144 5389 2363 5441 vicimus
2397 5404 2411 5439 :
2444 5391 2536 5459 qui
2572 5391 2931 5457 relinquimur,
2974 5395 3127 5447 simul
3172 5395 3435 5462 rapiemur
3475 5412 3589 5447 cum
3630 5397 3745 5449 illis

2152 5482 2205 5534 in
2239 5482 2459 5535 nubibus
2486 5484 2681 5537 ebriam
2710 5484 2931 5539 Domino
2960 5488 3013 5539 in
3045 5503 3195 5541 aere:
3216 5498 3263 5541 et
3292 5489 3367 5543 ita
3396 5503 3598 5555 semper
3620 5505 3745 5541 cum.

2151 5573 2359 5627 Christo
2408 5578 2597 5629 erimus
2631 5577 2690 5648 (l
2718 5577 2898 5632 Thess.
2928 5594 3001 5644 tv,
3038 5580 3123 5642 l6,
3168 5582 3280 5649 17).
3314 5582 3438 5635 Haec
3465 5582 3532 5635 sit
3574 5583 3743 5650 igitur

2145 5683 2277 5722 cura
2310 5677 2399 5721 tua
2427 5684 2663 5739 semper,
2707 5670 2809 5726 hoc
2833 5672 3067 5725 studium
3095 5690 3108 5726 :
3137 5672 3251 5728 haec
3276 5674 3473 5743 jogiter
3509 5676 3741 5744 virginis

2150 5761 2317 5817 corde
2348 5764 2656 5819 volvantur.
2706 5762 2762 5817 ln
2809 5763 2893 5819 his
2924 5767 3092 5821 totius
3133 5767 3238 5822 dici
3269 5778 3512 5823 versetur
3558 5769 3735 5825 labor.

2152 5854 2214 5915 1n
2260 5854 2345 5915 his
2370 5867 2669 5917 nocturnus
2700 5855 2807 5933 [ΑΙ.
2836 5859 3032 5935 noctis]
3074 5874 3297 5921 somnus
3324 5870 3637 5939 reponatur.
3671 5862 3735 5923 la
