3916 6288
218 291 264 349 l5
931 284 1266 347 EPISTOLA
1308 286 1375 346 ll.
1415 287 1506 346 DE
1546 284 2056 347 CONTEHNENDA
2113 288 2611 349 HEREDITATE.
3329 289 3402 349 46

212 408 291 462 hac
313 403 397 477 [AL
426 400 537 477 hoc]
561 401 741 459 anima
782 418 973 461 rursus
1004 406 1245 477 evigilat.
1276 405 1487 462 Etenim
1527 405 1707 461 nullus
1731 409 1784 469 Α
1814 421 1909 461 ore
1933 407 2232 477 respondit,
2265 424 2372 479 quo
2402 408 2636 479 amplius
2667 407 3100 477 coniotarentur,
3132 409 3176 464 si
3208 408 3405 478 prode-

214 498 481 563 labordurus
515 514 529 552 :
569 498 776 554 nullum
814 509 1025 570 tempus
1064 502 1285 572 longum
1324 500 1495 556 videri
1523 500 1705 570 debct,

219 594 436 666 quogluria
466 591 564 664 [ΑΙ.
595 592 755 665 dona]
781 595 1103 651 aeternitatis
1130 596 1453 666 acquiritur.

303 705 560 761 HONITUM
601 706 664 761 IN
706 706 1097 765 EPISTOLAM
1134 708 1580 777 SEQUENTEM.

263 820 421 874 Gaudeo
441 822 487 895 in
518 838 593 895 me
626 832 803 875 notum
846 824 1093 877 hactenus
1129 824 1324 876 nemini
1352 823 1706 895 subsequentis

218 895 407 945 Auctorem
435 893 686 966 lfpistolw
723 896 1125 961 deprehendisse
1157 910 1174 947 :
1210 896 1349 966 quod
1395 893 1526 948 enim
1576 896 1706 965 false

215 967 395 1037 luduntur
424 964 755 1036 Hieronymo,
782 977 955 1032 putant
985 976 1080 1031 est,
1112 980 1159 1020 et
1185 964 1350 1037 stglus
1378 969 1488 1033 ipse
1515 964 1706 1020 clamat

216 1036 256 1087 alt
281 1033 632 1106 lliciougmiano
668 1038 921 1091 dissidens
962 1039 1182 1099 immane
1213 1033 1482 1106 quantum.
1524 1037 1707 1108 Accepi

215 1122 372 1158 uttlrtuu
399 1109 674 1172 (ἱειιυαιιέο,
722 1110 838 1176 quis
880 1110 967 1161 ille
1007 1111 1194 1173 fuerit;
1238 1126 1327 1161 nec
1373 1125 1494 1160 sane
1540 1108 1707 1176 inﬁmi

211 1178 370 1231 tibicini
394 1181 625 1246 scriptor,
660 1184 747 1233 sed
779 1181 954 1248 magni
995 1181 1269 1249 Augustini
1305 1180 1591 1248 discipulus
1621 1196 1704 1231 re-

211 1262 422 1317 paluseul.
458 1252 742 1317 Littrupitts
776 1255 1053 1320 presbyter
1079 1254 1178 1317 (ait
1208 1251 1296 1306 ille
1327 1250 1441 1304 Lib.
1471 1253 1536 1304 de
1573 1249 1706 1303 Viris

209 1322 441 1382 tlizatrzbu-c,
466 1337 577 1393 cap.
597 1326 744 1390 xm)
778 1324 997 1389 scripsit
1024 1324 1092 1375 ad
1124 1326 1254 1377 duas
1283 1338 1503 1387 sorores,
1534 1324 1706 1375 ancil-

210 1393 470 1454 listliristi,
512 1411 632 1457 qua!
668 1398 736 1444 oh
767 1395 1110 1447 derotionetn
1143 1394 1437 1464 pudicitiae,
1472 1406 1523 1446 ct
1554 1408 1706 1464 anto-

216 1479 287 1534 rem
315 1465 563 1530 religionis
590 1467 954 1519 exim-rodant:
984 1476 1112 1518 sunt
1145 1463 1175 1518 a
1203 1465 1541 1534 parentibus,
1575 1463 1707 1534 Epi-

212 1533 313 1587 stolas
337 1535 481 1599 duas,
512 1537 563 1589 in
612 1538 831 1591 modum
865 1537 1127 1591 librorum
1157 1533 1553 1591 consolatorias
1594 1533 1704 1589 ele-

206 1619 300 1672 ganti
336 1618 379 1659 et
404 1620 589 1674 aperto
634 1624 920 1673 serumne,
970 1624 1074 1661 non
1108 1609 1282 1669 solum
1331 1610 1572 1673 ratione,
1607 1607 1704 1661 sed

203 1676 312 1726 rtinu
344 1680 654 1730 testimoniis
692 1680 1093 1745 St'riptnrarum
1129 1680 1383 1732 munitas.
1421 1677 1597 1749 Hujus
1626 1679 1705 1729 ni-

202 1762 326 1799 surum
348 1757 412 1801 est
441 1752 645 1812 titulus,
676 1752 755 1803 Ad
775 1749 1021 1805 Gcruntii
1050 1750 1187 1804 tilias
1218 1748 1284 1804 de
1306 1748 1697 1803 contemnenda

1810 510 2023 567 rentur,
2057 501 2193 555 {also
2237 515 2296 555 se
2322 517 2569 572 qumrere
2597 517 2759 573 quem
2791 504 3147 573 sprevissent,
3180 501 3404 557 dicente

1812 594 1931 665 ipso
1975 611 1988 648 :
2035 594 2097 651 Si
2123 596 2471 650 credidissetis
2500 596 2674 667 utique
2702 605 2751 651 et
2777 595 2905 650 mihi
2935 596 2954 671 (
2980 595 3139 651 Joan.
3181 612 3233 662 ν,
3260 596 3330 650 46
3358 595 3402 666 ).

1810 689 1917 745 Sed
1967 691 2226 760 quoniam
2260 699 2315 743 et
2358 704 2460 761 ego
2510 701 2689 746 vester
2732 706 2875 757 sum,
2924 702 2979 747 et
3005 707 3102 747 vos
3130 706 3259 747 vere
3287 689 3404 745 scio

1810 784 2071 853 quaesisse
2114 784 2375 854 judicium
2422 784 2564 853 ejus,
2616 786 2710 855 qui
2739 785 3057 857 Egyptium
3102 785 3405 856 gaudenter

1811 875 2039 941 occidit,
2072 886 2127 931 et
2170 893 2293 931 cum
2342 876 2677 944 adversario,
2713 877 2839 932 dum
2874 879 2925 932 in
2966 878 3050 933 via
3080 879 3237 944 estis,
3273 876 3404 931 niti-

1812 968 1944 1023 tniui
1993 970 2102 1024 cito
2151 969 2527 1025 conicederare
2556 971 2936 1037 concordiam,
2990 970 3132 1040 apud
3186 969 3405 1024 Judaaos

1809 1062 1914 1116 sibi
1943 1078 2097 1118 suam
2129 1066 2454 1119 sententiam
2504 1064 2897 1135 relinquemus,
2935 1080 3099 1135 super
3129 1063 3279 1133 ipsos
3309 1065 3401 1133 qui

1810 1171 1932 1210 eam
1964 1157 2242 1226 protulere
2269 1160 2601 1214 venientem.

1882 1249 1948 1303 ll.
1989 1249 2099 1303 Nos
2128 1250 2422 1306 humilibus
2452 1252 2521 1306 de
2552 1253 2763 1307 Domini
2817 1253 3041 1308 lenitate
3091 1252 3339 1307 dicemus
3371 1267 3386 1307 :

1816 1339 1976 1394 Vobis
1999 1341 2180 1396 datum
2202 1352 2273 1396 est
2300 1344 2437 1397 scire
2457 1347 2757 1415 mysterium
2783 1346 3000 1417 (Matth.
3027 1359 3146 1408 xm,
3181 1344 3285 1413 Η).
3323 1348 3399 1398 At:

1810 1434 2064 1501 proinde,
2120 1447 2178 1488 ut
2215 1436 2281 1489 ad
2310 1438 2598 1492 exordium
2661 1440 2973 1493 dircrtienli
3043 1447 3403 1499 revertamur,

1812 1524 2193 1582 ba'reditatcm
2236 1528 2382 1583 illam
2437 1532 2591 1585 vobis
2644 1531 2889 1585 arbitror
2926 1528 3408 1592 contenmcmlatn,

1809 1634 1907 1674 nec
1960 1622 2164 1691 aliquid
2193 1637 2224 1675 a
2246 1622 2430 1690 judice
2456 1623 2645 1677 saeculi
2672 1624 3089 1694 postulandum.
3122 1622 3407 1690 Quomodo

1807 1714 1952 1766 enim
1984 1714 2142 1768 vobis
2193 1714 2317 1768 illos
2347 1717 2473 1771 licet.
2505 1716 2680 1779 adire,
2709 1718 2802 1786 qui
2830 1717 2995 1771 etiam
3055 1729 3155 1769 suo
3202 1715 3410 1782 judicio

203 1820 458 1873 immutate.
502 1820 567 1872 In
610 1807 791 1885 textu,
824 1824 912 1884 Si,
945 1823 1140 1889 inquit,
1184 1836 1347 1877 cuum
1378 1821 1699 1874 oli’ensiuttis

1831 1809 2064 1862 icsciunt
2094 1810 2423 1864 veritatem?
2467 1809 2919 1879 Quandoquidem
2955 1809 3163 1863 Pilatus
3208 1822 3273 1862 ex
3324 1809 3403 1878 ip-

201 1890 490 1957 estCliristus,
512 1894 931 1961 amplexandqu
955 1903 1040 1947 est
1063 1896 1214 1963 impii
1239 1892 1407 1961 patris
1432 1893 1697 1963 Elogium,

201 1977 270 2012 non
305 1963 568 2016 dolendum
598 2005 611 2025 ,
657 1979 721 2017 ne
771 1966 1085 2018 I't?CCtl:\tl|llS
1114 1980 1142 2016 ιι
1174 1965 1416 2029 Christo,
1462 1968 1548 2018 cui
1601 1979 1701 2016 ltus

202 2031 643 2107 idalium-cedam)
690 2037 1055 2088 commendat.
1111 2033 1179 2088 Et
1227 2037 1469 2107 inferius,
1522 2035 1703 2089 Noluit

205 2105 399 2158 \obisrunt
423 2106 722 2159 Gerontius
752 2108 802 2159 iu
845 2107 1160 2161 cmlestihus
1211 2105 1412 2160 habere
1451 2119 1656 2172 partem
1685 2124 1697 2157 :

208 2188 348 2245 tutius
374 2188 575 2243 partem
619 2195 686 2233 ex
716 2193 887 2231 censu
912 2177 1027 2245 ejus
1055 2178 1417 2233 desideratis?
1447 2178 1699 2242 Denique.

208 2244 327 2309 Vultis,
352 2246 483 2309 lium,
518 2248 894 2303 culicem-datio
929 2244 1015 2301 illa
1056 2252 1253 2304 latura:
1286 2248 1616 2303 hmreditatis
1648 2250 1700 2301 in

197 2318 429 2372 mamilius
474 2318 611 2373 fecit
656 2336 1035 2389 augmentum,
1077 2330 1122 2373 et
1162 2330 1347 2375 cratera
1388 2318 1466 2371 Itis
1518 2322 1701 2388 paria,

193 2402 270 2455 qua:
294 2406 345 2442 es
374 2392 610 2444 uttirerso
638 2388 875 2462 eontextu
905 2391 1181 2462 intelliges.
1214 2392 1471 2446 Consonat
1504 2406 1704 2462 quoque

192 2464 402 2530 imparis,
447 2464 499 2515 in
546 2465 688 2530 quod
739 2461 1025 2530 Eutropius
1071 2463 1163 2517 ille
1208 2464 1496 2533 confertur,
1542 2477 1704 2516 nota:

188 2532 372 2606 anitatem
417 2533 702 2586 Paulinum
740 2537 934 2606 (utique
962 2532 1271 2606 Nolanum,
1302 2536 1389 2606 qui
1421 2537 1702 2606 Senatum,

188 2602 363 2678 honores
386 2614 437 2659 rt
462 2606 686 2659 divitias
724 2602 979 2678 reliquit)
1024 2605 1337 2678 nobilissimo
1367 2604 1421 2658 in
1452 2605 1707 2677 ejusmodi

186 2673 297 2726 rebus
337 2678 716 2729 contemnendis
758 2673 991 2744 exemplo
1015 2720 1029 2743 ,
1080 2677 1151 2730 ait
1196 2694 1211 2729 :
1246 2677 1427 2745 Nuper
1456 2673 1577 2729 eum
1611 2692 1706 2729 sua

184 2747 533 2817 tuatrelatndias
571 2748 855 2817 prtcit'isse.
896 2748 996 2800 llic
1022 2765 1136 2801 vero
1175 2749 1430 2801 Paulinus
1460 2765 1491 2800 a
1525 2749 1709 2801 swculi

182 2816 288 2887 rebus
310 2836 357 2870 se
393 2823 592 2883 penitus
630 2821 833 2872 demum
864 2821 1086 2887 expediit
1118 2821 1255 2873 circa
1276 2836 1475 2877 annum
1494 2818 1622 2881 595,
1654 2830 1709 2872 ut

178 2886 212 2937 si
236 2891 343 2941 adeo
372 2892 485 2944 velis
519 2893 657 2943 hanc
685 2886 973 2955 Epistulam
1003 2902 1114 2960 post
1139 2892 1269 2945 alios
1303 2891 1374 2959 pl.
1406 2908 1475 2945 m.
1512 2893 1705 2956 decem,

178 2960 254 3009 sire
276 2962 331 3011 ad
354 2978 383 3012 ν
406 2964 582 3015 ιαἐηιλ
613 2962 818 3013 initium
847 2963 1059 3030 referre.
1093 2964 1323 3027 prorime
1350 2964 1417 3014 ad
1444 2962 1709 3015 veritatem

176 3045 291 3082 acres
307 3034 416 3086 eris.
458 3032 635 3086 Porro
674 3043 851 3086 autem
894 3034 1129 3100 apprime
1157 3032 1478 3097 Christiana,
1522 3044 1569 3086 et
1596 3046 1712 3101 qua?

176 3102 221 3153 ὅ.
259 3106 512 3175 Augustini
550 3105 846 3158 auditorem
889 3108 1092 3170 deceat,
1130 3105 1381 3176 uoca-ina
1428 3109 1541 3176 ejus
1588 3116 1706 3157 est:

175 3188 295 3240 eoque
321 3174 367 3229 se
393 3179 552 3247 magis
585 3177 766 3240 probat
788 3177 981 3247 ,quotl
1015 3177 1087 3247 S:
1122 3174 1401 3229 Paulinum
1443 3174 1711 3247 tantopere

176 3246 334 3298 laudat.
384 3245 499 3299 Non
538 3249 699 3316 igitur
727 3246 1011 3299 audiendus
1051 3245 1417 3312 Bellarminus,
1450 3247 1530 3301 cui
1574 3245 1711 3300 uisus

174 3324 226 3367 at
264 3319 435 3371 Auctor
482 3318 893 3387 Pelagianorum
954 3334 1142 3372 ueneno
1190 3319 1444 3384 imbutus,
1504 3320 1710 3381 sentire,

174 3392 282 3452 quod
319 3405 412 3442 non
456 3389 937 3460 lircatrCltristt'ano
974 3389 1183 3444 diuitias
1220 3392 1515 3458 possidere:
1555 3406 1718 3460 neque

173 3460 486 3534 erunt-aliquid
513 3481 577 3515 ea:
608 3459 707 3513 hac
733 3464 886 3513 etiam
917 3472 987 3515 est
1019 3474 1160 3534 parte
1181 3479 1243 3516 ea:
1264 3460 1369 3525 Itis,
1393 3479 1508 3533 qua:
1533 3462 1595 3519 de
1623 3459 1717 3534 usu

173 3529 424 3604 diritiaruin
453 3536 713 3593 CdiSSt’Tll,
759 3533 897 3601 quod
939 3529 1039 3585 non
1070 3542 1332 3602 acceptum
1378 3529 1442 3586 eis
1484 3533 1715 3604 magistri

174 3601 233 3675 tui
264 3606 521 3675 Augustini
560 3604 790 3675 lipistoln
820 3606 888 3656 atl
920 3601 1195 3657 Hilarium
1218 3601 1609 3674 Syracusanum
1640 3605 1716 3656 oi-

172 3671 406 3744 deatur,'et
429 3677 491 3730 ab
519 3671 617 3730 illa
644 3677 1000 3731 haereticorum
1026 3677 1232 3731 insania
1259 3671 1360 3732 non
1393 3678 1542 3747 longe
1561 3674 1718 3733 absit.

708 3766 1043 3825 EPISTULA
1084 3767 1151 3824 ll.

636 3873 704 3916 Δῐ)
741 3875 987 3917 GERUNTII
1029 3875 1220 3919 FILIAS.

507 3953 585 4010 De
618 3956 989 4011 contemnenda
1025 3954 1344 4011 (inmeditate.

236 4042 267 4100 1.
299 4048 484 4107 Caueti
528 4050 638 4106 mei
682 4063 878 4107 sensus
906 4048 1103 4109 allecto
1158 4048 1311 4104 vobis
1353 4056 1583 4108 vacant.
1623 4046 1726 4102 etsi

180 4138 355 4199 interim
404 4146 532 4201 loco
557 4160 817 4215 segreget-
850 4162 864 4198 :
902 4159 1027 4199 nam
1059 4152 1115 4199 et
1143 4143 1328 4203 videre
1353 4158 1452 4196 vos
1480 4142 1612 4197 mitti
1644 4140 1725 4194 vi-

712 4250 818 4293 tam
867 4255 954 4293 me
988 4250 1309 4308 occupatum
1342 4234 1508 4293 habet
1546 4248 1726 4292 vestra

177 4326 384 4387 dilectio.
429 4330 590 4398 Quod
633 4332 679 4385 si
728 4346 821 4385 vos
862 4329 1092 4387 invicem
1136 4329 1374 4393 faciatis,
1426 4343 1549 4383 cum
1596 4328 1731 4383 illud

177 4420 481 4493 iupossibile
511 4425 586 4480 sit
618 4424 736 4480 fieri
767 4440 864 4495 per
889 4440 1144 4493 carnem,
1192 4423 1450 4492 possibile
1488 4422 1735 4479 redditur

176 4528 227 4568 rx
250 4519 459 4585 spiritu.
502 4527 559 4572 ut
592 4518 686 4571 liat
723 4516 956 4572 duorum
1005 4517 1284 4587 hominum
1314 4530 1510 4584 corpus
1540 4531 1730 4569 uuttm.

174 4233 286 4299 άωτ
321 4249 372 4297 et
407 4241 608 4297 audire
653 4257 666 4295 :

1808 1918 1997 1957 sorum
2030 1903 2203 1971 curia,
2238 1906 2315 1959 sic
2337 1905 2577 1975 loquitur
2598 1906 2664 1958 ad
2698 1905 2991 1958 Dominum
3020 1903 3194 1969 :Quid
3222 1912 3296 1956 est
3320 1918 3409 1956 ve-

1806 1993 1936 2047 ritas
1962 1991 2183 2064 (Joann.
2234 2010 2393 2061 XVIII,
2445 1996 2537 2069 56)
2564 1996 2586 2049 Ἰ
2615 1995 2817 2066 Nempe
2864 1995 2951 2051 hic
2977 1996 3143 2065 judex
3184 2005 3323 2060 erat,
3356 2003 3413 2048 et

1807 2088 2023 2155 negotia
2085 2103 2384 2157 causasque
2443 2089 2771 2159 litigantium
2827 2089 3134 2155 libripendc
3179 2088 3409 2156 justitire

1808 2188 1960 2233 tanto
1987 2181 2332 2250 statutojnre
2360 2184 2613 2238 solvebat
2642 2202 2655 2237 :
2694 2194 2750 2238 et
2780 2185 2907 2253 quid
2958 2185 3049 2239 hic
3076 2185 3295 2239 valebat
3325 2185 3406 2237 fa-

1808 2290 1954 2341 cere,
1987 2278 2031 2329 si
2065 2291 2171 2330 non
2220 2290 2444 2333 noverat
2473 2280 2799 2334 veritatem?
2826 2278 2987 2334 Certe
3035 2278 3407 2348 Erangelistu:

1808 2367 1946 2423 adeo
1969 2368 2176 2438 justum
2209 2370 2376 2425 fuisse
2423 2372 2655 2427 Pilatum
2702 2381 3164 2436 commemorant,
3218 2381 3278 2425 ut
3321 2372 3407 2424 in~

1809 2474 2100 2517 nocentem
2129 2465 2316 2519 mallet
2347 2465 2636 2521 absolvere
2662 2481 2823 2536 quam
2867 2467 3062 2535 punire
3087 2483 3100 2518 :
3140 2475 3195 2519 ct
3225 2475 3407 2518 tamen

1809 2556 2099 2610 veritatem
2123 2556 2279 2626 quasi
2307 2555 2521 2612 discere
2550 2558 2759 2628 cupiat,
2795 2559 3039 2629 inquirit.
3091 2556 3227 2612 Nam
3266 2557 3412 2611 veri-

1813 2647 1939 2700 tatis
1967 2645 2261 2715 ignoratio,
2290 2647 2743 2719 interrogationis
2788 2661 2871 2705 cst
2918 2653 3082 2705 actio.
3112 2649 3253 2716 Quid
3280 2663 3409 2719 ergo

1812 2737 2103 2793 dicemus?
2148 2738 2347 2794 luancs
2404 2742 2524 2796 sine
2570 2741 2734 2795 dubio
2766 2743 3079 2796 mortalium
3128 2757 3310 2808 curas,
3360 2750 3415 2794 et

1811 2831 2140 2885 nniiorrnem
2171 2833 2528 2888 mundialium
2583 2849 2770 2889 rerum
2803 2835 3045 2904 prodidit
3076 2834 3369 2889 falsitatem
3396 2849 3411 2886 :

1813 2925 1999 2995 ibique
2040 2925 2246 2994 judicia
2271 2942 2400 2982 vera
2431 2943 2539 2981 non
2562 2943 2708 2994 esse,
2742 2928 2830 2983 ubi
2856 2927 2967 2983 sint
2995 2928 3218 2983 mentita
3244 2942 3411 2996 nego-

1814 3020 1927 3072 tia:
1961 3034 2130 3089 seque
2160 3018 2212 3074 in
2247 3020 2410 3073 rebus
2441 3023 2757 3076 carentibus
2778 3022 3031 3087 veritate,
3059 3034 3250 3074 carere
3278 3036 3411 3071 vero

1810 3110 2019 3180 judicio
2056 3112 2280 3179 judicat.
2312 3112 2451 3179 Quid
2482 3113 2629 3168 enim
2657 3114 2812 3183 quasi
2847 3123 3090 3167 nostrum
3128 3110 3267 3182 apud
3318 3113 3414 3165 illa

1734 3194 1785 3258 C
1818 3206 2110 3260 tribunalia
2166 3216 2503 3277 repetemus,
2555 3207 2623 3273 si,
2669 3208 3062 3277 przcscribcnte
3121 3206 3406 3277 Apostolo.

1816 3299 1949 3355 nihil
1979 3300 2249 3354 intulimus
2280 3302 2332 3354 in
2363 3302 2500 3355 hunc
2530 3303 2785 3356 mundum
2813 3318 2832 3356 .'
2861 3319 3038 3356 verum
3062 3318 3155 3355 nec
3204 3302 3415 3371 auferre

1816 3394 1941 3465 quid
1964 3410 2236 3465 possumus
2264 3394 2305 3465 (l
2327 3393 2464 3449 Tim.
2498 3411 2570 3459 1x,
2594 3397 2651 3463 7)
2680 3397 2703 3448 ?
2730 3397 2784 3450 Si
2808 3398 2951 3451 enim
2977 3395 3110 3450 nihil
3135 3395 3417 3449 intulimus

1822 3487 1875 3541 in
1912 3488 2056 3542 hunc
2089 3487 2351 3542 mundum
2379 3488 2676 3555 veniendo,
2719 3499 2776 3543 ct
2824 3489 2957 3543 uibil
3004 3489 3219 3543 auferre
3271 3499 3422 3557 pote-

1828 3584 2003 3638 rimus
2034 3581 2287 3637 abeundo
2316 3600 2331 3637 :
2384 3584 2519 3638 falso
2552 3582 2753 3655 aliquid
2785 3593 3028 3639 nostrum
3068 3584 3153 3637 hic
3182 3598 3306 3637 esse
3336 3584 3425 3638 di-

1823 3679 2024 3743 cimus,
2052 3677 2143 3731 ubi
2171 3676 2324 3731 nobis
2348 3687 2496 3732 totus
2526 3694 2665 3748 pene
2694 3679 2929 3733 mundus
2961 3680 3171 3733 alienus
3201 3686 3309 3732 est.
3341 3679 3415 3731 De

1823 3785 1933 3841 quo
1964 3769 2119 3824 nobis
2141 3769 2269 3840 quid
2289 3768 2457 3839 judcx
2478 3771 2663 3825 smculi
2689 3772 2929 3826 tribucre
2956 3772 3062 3843 [AL
3090 3769 3416 3841 retribuere]

1826 3865 2053 3933 poterit,
2086 3862 2132 3916 si
2158 3862 2290 3916 nihil
2328 3870 2518 3917 natura
2548 3863 2817 3917 donavit?
2848 3864 2990 3931 Quid
3043 3864 3246 3918 Pilatus
3277 3866 3424 3918 veri-

1831 3957 1964 4011 tatis
2011 3957 2374 4025 interrogator
2424 3958 2607 4026 potius
2632 3973 2790 4025 qttatn
2827 3957 3104 4025 prolator:
3145 3956 3297 4025 quid,
3342 3959 3426 4012 in.

1835 4066 2019 4121 quam,
2058 4050 2164 4105 nisi
2197 4049 2517 4111 Barrabam,
2570 4065 2735 4120 quem
2787 4050 2909 4104 ideo
2948 4051 3119 4105 Judaei
3156 4053 3266 4106 Deo
3304 4055 3428 4110 «(eli

1831 4140 2150 4212 praeferunt,
2184 4140 2310 4212 quia
2337 4142 2403 4195 ad
2429 4141 2666 4211 judicem
2699 4144 2884 4197 saeculi
2937 4146 3339 4199 cumularunt?
3365 4147 3421 4201 In

1831 4250 1938 4306 quo
1968 4235 2157 4303 utique
2189 4232 2424 4304 perﬁdus
2469 4236 2703 4306 pontilus
2736 4253 2841 4291 non
2897 4253 3070 4300 rcum,
3141 4238 3235 4293 sed
3292 4254 3419 4295 rea—

1835 4337 1946 4381 tum
1988 4325 2218 4397 accepit.
2249 4324 2359 4381 Sed
2387 4324 2502 4383 bare
2530 4328 2602 4383 de
2643 4326 2852 4397 judicio
2882 4329 2993 4383 sint
3026 4330 3192 4397 dicta,
3221 4348 3326 4386 non
3354 4331 3424 4387 de

1836 4420 2073 4486 negotio.

1906 4511 1997 4568 lli.
2038 4511 2311 4567 Craterum
2341 4511 2484 4582 quod
2515 4512 2583 4567 ad
2611 4528 2832 4569 causam
2882 4515 3139 4585 pertinet,
3194 4533 3300 4572 non
3334 4533 3430 4573 so—

176 4600 282 4662 Nam
312 4620 366 4664 ut
414 4608 644 4680 probem
694 4610 858 4663 etiam
890 4617 1071 4663 vestra
1122 4623 1331 4663 mecum
1360 4606 1583 4676 vigilare
1618 4590 1947 4663 col-Blum
1995 4619 2223 4667 moneo,
2265 4605 2361 4660 sed
2409 4605 2677 4672 obtestor,
2740 4608 2882 4661 utsi
2936 4606 3258 4662 Gerontium
3326 4624 3426 4679 p:o

178 4696 352 4769 loquis,
383 4704 619 4771 accipite
649 4703 775 4771 quid
804 4702 874 4756 de
918 4700 1268 4765 liarrcditate,
1295 4700 1440 4771 quod
1465 4700 1738 4770 suggessi-

176 4794 258 4849 ttis
288 4796 550 4867 cogitanti
579 4798 742 4853 altius
774 4800 1042 4861 videatur,
1075 4797 1331 4867 quoniam
1374 4811 1460 4851 me
1487 4797 1651 4852 etiam
1683 4797 1738 4851 in

178 4889 449 4945 carnalium
492 4890 780 4947 arbitrium
814 4908 910 4960 per
949 4890 1252 4960 spiritantia
1282 4889 1576 4960 delegistis.
1605 4888 1741 4945 Pos-

182 4990 272 5033 sem
298 4985 521 5053 quidoiu
549 4983 737 5040 direre
763 5002 776 5038 :
804 4983 934 5050 Quis
963 5000 1043 5038 me
1069 4984 1338 5037 constituit
1373 4982 1621 5053 judicem,
1650 4991 1743 5036 aut

184 5074 423 5133 divisorem
454 5080 590 5132 inter
612 5095 697 5133 vos
719 5076 874 5148 (Luc.
901 5092 1000 5147 an,
1035 5075 1161 5147 N)?
1188 5076 1235 5131 si
1265 5092 1371 5133 non
1401 5076 1470 5130 ad
1496 5075 1747 5132 inﬁdeles

187 5170 523 5232 processisset
558 5173 663 5228 ista
694 5173 989 5228 sententia.
1021 5172 1333 5229 Judmorum
1386 5172 1529 5227 enim
1571 5171 1747 5227 incre-

185 5257 356 5317 dulitas
403 5264 510 5319 hac
564 5262 774 5320 Domini
807 5265 1161 5334 responsione
1202 5266 1584 5336 repercutitur,
1640 5280 1747 5320 non

188 5354 377 5410 teritur.
408 5356 548 5412 Nam
596 5358 696 5427 ipsi
737 5357 1032 5426 aliquando
1079 5357 1253 5413 Juduri
1302 5359 1355 5411 iu
1408 5358 1523 5427 ipso
1566 5356 1751 5429 Moyse

195 5447 539 5504 Iisilationettt
584 5450 731 5505 illam
763 5449 979 5506 Domini
1026 5465 1131 5505 non
1180 5450 1428 5506 videntes
1453 5467 1553 5518 qua
1587 5449 1753 5520 Egy-

199 5541 345 5608 ptian:
395 5544 582 5599 fratris
623 5543 885 5600 liberator
912 5544 1185 5600 occiderat
1226 5561 1240 5597 :
1289 5545 1641 5613 sequentiqnc
1671 5544 1760 5596 die

202 5632 401 5693 [ηιωω
423 5637 731 5693 discordias
758 5639 1016 5708 risusque
1041 5639 1232 5693 volens
1257 5636 1471 5703 sedare,
1500 5636 1615 5690 ausi
1638 5643 1766 5689 sunt

1836 4698 2056 4755 Christo
2111 4696 2455 4761 oll'endistis,
2509 4700 2561 4752 in
2593 4715 2653 4753 ea
2701 4701 3003 4755 offensione
3043 4701 3273 4756 duretis.
3322 4705 3425 4768 Qui

1839 4793 1976 4849 enim
2027 4792 2423 4861 perseveraverit
2471 4808 2629 4861 usque
2673 4794 2723 4845 in
2755 4795 2931 4860 ﬁnem,
2984 4794 3072 4848 hic
3114 4798 3286 4850 salvus
3327 4799 3429 4851 erit

1842 4886 2059 4958 (Matth.
2077 4902 2131 4950 κ,
2149 4886 2266 4955 ἓξ).
2292 4885 2424 4940 Nam
2450 4889 2494 4941 si
2524 4902 2687 4941 causa
2711 4887 3029 4943 olfeiisionis
3052 4900 3136 4945 est
3154 4891 3429 4957 Christus,

1843 4978 2258 5047 amplcxandnm
2309 4987 2393 5031 cst
2444 4979 2590 5048 impii
2636 4979 2803 5049 patris
2851 4982 3118 5050 elogium,
3173 4998 3278 5036 non
3328 4983 3431 5037 do-

1852 5071 2116 5127 lendum:
2150 5086 2217 5126 ne
2262 5070 2581 5127 recedamus
2608 5088 2636 5125 a
2660 5072 2896 5139 Christo,
2946 5079 3031 5131 cui
3063 5092 3166 5130 nos
3205 5078 3293 5132 illa
3334 5094 3435 5134 ex-

1856 5166 2151 5222 lneredatio
2190 5166 2560 5233 commendat,
2607 5167 2747 5221 sicut
2790 5170 3052 5237 scriptum
3099 5181 3181 5225 est
3219 5190 3229 5222 :
3288 5170 3438 5224 Beati

1856 5261 1976 5313 estis
2005 5274 2123 5312 cum
2149 5259 2397 5327 persecuti
2420 5275 2507 5311 vos
2537 5260 2751 5328 fuerint,
2787 5270 2830 5314 et
2854 5263 3215 5317 maledixerint
3248 5264 3447 5316 nomini

1858 5362 2025 5407 vestro
2067 5362 2327 5423 tamquam
2358 5354 2515 5419 malo,
2550 5365 2761 5426 propter
2786 5356 2953 5425 ﬁlium
2983 5357 3206 5412 hominis
3252 5374 3269 5411 :
3314 5374 3447 5428 gau-

1866 5450 1978 5502 dete
2025 5448 2080 5501 in
2129 5445 2222 5500 illa
2266 5447 2369 5510 die,
2415 5459 2463 5501 et
2511 5451 2766 5502 ersultate
2794 5466 2812 5503 :
2843 5467 2957 5504 ecce
3027 5467 3217 5505 nterres
3283 5460 3454 5504 vestra

1867 5541 2033 5593 multa
2075 5547 2150 5593 est
2198 5540 2251 5592 in
2293 5540 2419 5593 τωιο
2445 5538 2597 5612 (Luc.
2631 5556 2685 5604 v,
2718 5542 2782 5597 9.1
2816 5554 2863 5595 et
2888 5544 3074 5613 segq.).
3122 5542 3270 5597 lianc
3312 5558 3458 5597 mer-

1868 5633 2057 5688 cedem
2080 5632 2313 5687 oﬂ‘ensio
2342 5631 2436 5686 illa
2469 5633 2725 5703 providit,
2751 5638 2906 5704 cujus
2937 5636 3161 5705 pwuitet
3184 5636 3457 5692 veritatis.

202 5724 395 5788 dicere:
425 5731 555 5796 Quis
578 5742 627 5789 te
653 5733 914 5788 constituit
936 5732 1240 5804 principem,
1262 5739 1351 5786 aut
1362 5730 1593 5804 judicem
1615 5743 1767 5801 super
1872 5726 2027 5794 Quod
2052 5729 2098 5782 si
2129 5734 2337 5782 vocata:
2367 5726 2433 5781 ad
2470 5727 2751 5785 Dominum
2776 5731 2827 5785 in
2853 5729 3082 5796 imagine
3116 5726 3454 5800 Levitarum,

206 5836 289 5885 In
327 5821 548 5903 (ﬁxed.
591 5840 653 5901 tt,
683 5823 833 5902 μη
869 5827 950 5890 Ae
987 5824 1215 5903 proinde
1242 5838 1345 5887 suo
1374 5824 1478 5887 illis
1508 5823 1772 5887 Dominus
1877 5818 2252 5899 spiritualibus
2294 5819 2508 5901 gladiis.
2542 5836 2835 5901 corporeos
2884 5819 3161 5887 occidistis
3190 5823 3413 5885 alterius
3442 5839 3458 5883 ε
