3916 6288
476 334 548 393 47
1505 324 1562 381 S.
1605 314 1987 379 HIERONYMI
2030 313 2319 376 OPERUM
2359 312 2724 375 MANTISSA.
3675 304 3738 368 ιδ

477 467 636 522 quem
670 458 877 522 patrem
927 443 1295 502 desideratis?
1329 439 1476 497 Unus
1505 450 1588 496 cst
1613 439 1760 494 enim
1792 448 1946 509 pater
1971 451 2070 493 no-
2096 436 2150 499 Α
2176 437 2419 502 teritum,
2449 436 2541 507 qui
2597 435 2814 491 Christo
2869 430 3152 504 pseuniam
3209 426 3564 501 [tt-tetulerunt
3610 429 3737 502 (Act.

479 555 592 599 ster
615 544 705 614 qui
739 544 791 596 in
819 541 970 596 caelis
997 549 1098 602 est,
1125 551 1188 590 ac
1223 533 1446 605 proinde
1477 533 1740 587 Dominus
1772 530 2068 586 han-editas

480 645 686 692 vestra.
715 635 769 689 ln
801 632 1019 690 Christo
1049 630 1191 685 enim
1226 626 1609 699 possidendum
1637 636 1744 694 est,
1775 624 1924 696 quod
1944 638 2066 678 cum

479 732 704 825 Chrisz
733 739 818 786 est
841 723 1252 798 possidendum.
1283 721 1361 776 Ne
1405 720 1755 776 revertamini
1803 718 1870 774 ad
1918 733 2069 774 mor-

483 813 798 896 tuuquui
862 819 1148 891 sequimini
1202 819 1502 872 viventem.
1556 814 1793 883 Mortui,
1871 813 2068 883 inquit,

486 919 738 988 sepeliant
787 924 1019 968 mortuos
1051 927 1172 964 suos
1202 908 1436 982 (Matth.
1469 923 1584 972 vttt,
1616 905 1729 977 22).
1759 907 1827 960 At
1857 907 1904 960 si
1929 905 2070 975 jam-

480 1013 692 1085 pridem
733 1009 954 1065 dixistis
999 1024 1012 1060 :
1064 1004 1245 1069 Pater,
1278 1019 1381 1057 non
1411 1001 1646 1055 norimus
1678 1009 1725 1052 te
1747 1016 1765 1052 :
1796 1008 1856 1053 ut
1903 1008 2072 1055 testa-

480 1118 725 1163 mentum
757 1100 972 1157 Domini
1024 1097 1361 1152 servaretis:
1395 1093 1522 1164 quid
1570 1092 1749 1146 adhuc
1798 1091 2071 1161 repudiati

488 1199 661 1270 patris
711 1193 956 1266 quaeritis
1000 1186 1432 1245 testamentum?
1463 1186 1562 1240 ilic
1608 1194 1692 1239 est
1744 1183 1833 1238 ille
1862 1181 2073 1254 gladius

485 1293 575 1358 qui
607 1307 636 1342 a
666 1287 895 1343 Domino
924 1299 1020 1353 per
1047 1293 1238 1344 terras,
1272 1289 1481 1348 patrem
1512 1292 1539 1330 a
1572 1275 1682 1329 ﬁlio
1725 1283 2072 1344 separaturus

491 1385 769 1438 inuuissus
813 1388 898 1435 est
923 1376 1140 1450 (Matth.
1177 1389 1236 1441 χ,
1267 1370 1384 1441 54).
1418 1370 1531 1424 lloc
1561 1378 1648 1424 est
1682 1383 1808 1422 vere
1835 1366 2075 1422 circum-

485 1480 668 1533 cidere
700 1485 973 1538 naturam,
1004 1467 1150 1539 quod
1178 1465 1351 1521 Judazi
1380 1462 1577 1526 forma,
1607 1470 1661 1516 et
1703 1476 1811 1515 non
1839 1457 2073 1514 veritate

465 1568 841 1625 ‘eustodiunt:
891 1575 945 1620 et
989 1558 1384 1620 circumcidere
1441 1558 1616 1612 cultro
1666 1555 1883 1625 petrino
1929 1551 2068 1627 (Jos.

482 1680 538 1730 v,
569 1661 650 1732 lt).
680 1659 840 1712 Petra
873 1668 1044 1710 autent
1070 1661 1176 1708 erat
1206 1650 1440 1705 Christus
1467 1649 1519 1720 (l
1541 1647 1664 1703 Cor.
1689 1664 1744 1713 x,
1774 1647 1854 1718 ι).
1884 1644 1936 1701 Is
1964 1645 2074 1700 uti-

481 1770 586 1824 que
615 1751 704 1822 qui
738 1749 874 1804 dixit
916 1766 928 1800 :
967 1747 1028 1802 Si
1056 1746 1170 1816 quis
1196 1742 1443 1796 amaverit
1470 1750 1686 1812 patrem,
1721 1747 1812 1791 aut
1857 1746 2074 1792 matrem

2175 545 2291 593 vni,
2333 528 2452 600 20).
2481 528 2756 583 Exeuntes
2781 525 2954 583 semel
2981 525 3052 582 de
3071 524 3333 590 Sodoma,
3357 524 3547 579 cuuc'ta
3574 521 3736 578 relin-

2175 637 2405 694 quamus
2436 621 2719 676 incendiis.
2748 619 2908 676 Videt
2931 619 3036 674 Lot
3087 618 3281 673 uxoris
3327 615 3576 687 exemplo
3619 614 3744 669 iram

2177 715 2419 781 Domini,
2453 728 2576 784 qua:
2627 715 2680 768 in
2733 714 2890 778 iram,
2935 712 3062 783 quia
3110 711 3461 781 retrospexit,
3511 709 3744 764 incurrit.

2178 805 2362 862 Noluit
2411 809 2695 861 vobiscum
2739 804 3040 860 Gerontius
3096 804 3152 858 in
3196 802 3513 860 coelestibus
3559 801 3744 855 habere

2177 908 2388 971 partem
2420 916 2433 952 :
2463 914 2562 955 cur
2585 913 2685 954 vos
2713 907 2920 970 partem
2953 912 3018 953 ex
3053 911 3222 952 censu
3279 895 3401 964 ejus
3447 893 3750 949 desideratis

2177 993 2232 1048 in
2267 994 2473 1059 terris;
2519 993 2663 1065 quod
2712 994 2760 1047 si
2814 993 2908 1047 ille
2947 1000 3129 1048 vestra
3188 991 3425 1062 gloriosa
3487 997 3752 1059 tantopere

2177 1089 2508 1157 contempsit
2537 1105 2548 1140 :
2578 1102 2678 1143 cur
2707 1103 2812 1142 non
2837 1103 2936 1143 vos
2982 1087 3125 1142 illius
3163 1086 3482 1141 inhonorata
3529 1093 3754 1140 conteru-

2179 1181 2352 1237 nitis?
2396 1177 2578 1248 Ferte,
2629 1196 2725 1236 oro
2769 1197 2887 1250 vos,
2939 1180 3213 1252 patienter
3261 1179 3384 1234 ﬁdei
3439 1187 3615 1246 notas,
3665 1175 3751 1231 sti-

2177 1286 2358 1348 gmata
2381 1277 2686 1332 Christiana
2707 1318 2722 1341 ,
2751 1275 3012 1330 Ecclesite
3037 1267 3432 1345 paupertatem.
3477 1271 3655 1336 Ferte,
3683 1271 3754 1325 in-

2180 1385 2362 1440 quam,
2423 1367 2816 1438 impudicorum
2863 1367 3061 1438 elogia,
3112 1365 3441 1437 virginitatis
3499 1362 3749 1416 hmrcdes.

2179 1462 2220 1517 ν
2230 1463 2435 1518 isitatas
2458 1478 2555 1516 vos
2575 1476 2697 1517 esse
2717 1462 3048 1530 cognoscite,
3079 1469 3134 1514 et
3161 1468 3308 1514 tanta
3339 1457 3642 1512 visitationc
3659 1455 3759 1510 cla-

2180 1555 2444 1620 riﬁcatas,
2475 1569 2544 1609 ne
2571 1564 2782 1624 partem
2809 1569 2933 1608 cum
2969 1551 3280 1607 inﬁdelibus
3302 1551 3594 1606 haberetis.
3620 1547 3761 1602 Mun-

2180 1647 2282 1702 dus
2308 1645 2412 1701 iste
2437 1660 2539 1700 vos
2568 1661 2692 1702 cum
2724 1644 2954 1700 Domino
2972 1653 3157 1699 vestro
3195 1658 3303 1698 non
3335 1639 3574 1711 agnovit.
3617 1638 3670 1693 Si
3699 1638 3761 1692 de

2180 1740 2384 1797 sacculo
2411 1742 2626 1806 essetis,
2661 1738 2921 1794 szcculum
2950 1751 3046 1792 vos
3075 1745 3305 1792 amaret.
3356 1733 3536 1804 Reges
3583 1730 3757 1786 surculi

485 1863 644 1916 super
675 1861 774 1908 me,
804 1859 907 1897 non
936 1851 1010 1896 est
1038 1855 1120 1893 me
1149 1838 1338 1908 dignus
1369 1833 1584 1908 (Matth.
1613 1850 1671 1900 x,
1694 1832 1811 1904 '57).
1835 1831 1948 1888 Hoc
1975 1846 2074 1887 vos
2103 1839 2150 1900 B
2179 1849 2208 1888 a
2260 1834 2386 1889 ﬁliis
2416 1835 2529 1889 suis
2579 1832 2779 1888 tributa
2806 1846 2915 1887 non
2971 1838 3230 1900 poscunt.
3289 1825 3357 1882 In
3418 1824 3648 1880 dantibus
3687 1839 3763 1875 re-

484 1939 664 2007 gladio
692 1944 925 2002 utentes,
959 1932 1084 1988 illos
1132 1928 1419 1986 imitamini
1449 1927 1688 1992 Levites,
1735 1926 1803 1982 ab
1824 1924 2073 1981 interiori

488 2031 707 2088 homine
753 2044 851 2100 per
879 2025 1170 2083 exterioris
1204 2022 1376 2078 vestri
1415 2031 1590 2076 castra
1637 2027 1943 2083 currentes,
1973 2016 2074 2073 ob-

483 2127 605 2180 vios
634 2121 857 2177 aﬁ'ectus
893 2133 991 2189 pro
1020 2114 1237 2171 Domini
1268 2128 1455 2168 amore
1493 2111 1738 2182 jugulate
1769 2127 1783 2164 :
1811 2109 1967 2180 juxta
1993 2108 2076 2163 le-

490 2217 765 2289 gislatoris
783 2213 1066 2284 imperium
1093 2216 1534 2279 pertranscuntes
1557 2205 1788 2275 primum
1811 2203 2076 2258 virtutum

485 2309 783 2366 exercitum
812 2320 934 2360 cum
964 2302 1143 2358 reditu
1177 2318 1192 2356 :
1227 2299 1480 2354 videlicet
1503 2306 1560 2351 ut
1591 2293 1868 2365 prmterita
1902 2302 2081 2348 trans-

485 2413 697 2466 euntes,
751 2415 852 2456 nec
899 2397 1084 2453 saeculi
1136 2392 1484 2448 mirabilibus
1547 2389 1928 2452 inlucrentes;
1985 2384 2078 2441 ubi

483 2498 716 2566 primum
771 2493 836 2546 ad
888 2506 1041 2555 eum,
1090 2486 1184 2556 qui
1234 2499 1332 2538 nos
1384 2483 1533 2537 misit
1560 2483 1610 2535 in
1639 2480 1920 2546 mundum,
1953 2493 2077 2533 cum

487 2585 742 2644 t'ctuorali
766 2582 946 2654 gladio
974 2580 1300 2635 redeamus:
1333 2575 1650 2631 resistentes
1680 2573 1860 2642 nobis,
1899 2587 2079 2628 remo-

484 2690 782 2746 rantesque
806 2674 926 2740 hos,
954 2672 1338 2743 propinquum,
1361 2669 1694 2740 proximum,
1721 2666 2077 2736 fratremque,

487 2788 556 2826 ne
605 2786 700 2840 per
759 2769 856 2822 hos
913 2768 1197 2836 clougetur
1249 2775 1436 2818 nostra
1484 2761 1869 2832 peregrinatio,
1925 2759 2077 2830 peric

486 2880 743 2920 ruamus:
800 2874 857 2917 ct
901 2861 1019 2914 haec
1047 2878 1075 2913 a
1111 2865 1263 2928 porta
1296 2857 1560 2911 faciamus
1604 2855 1672 2910 ad
1726 2863 1937 2924 portam
1969 2870 1982 2907 :
2025 2851 2080 2907 id

485 2969 590 3026 est,
616 2973 683 3012 ne
708 2971 831 3011 cum
861 2954 914 3008 in
939 2962 1096 3021 porta
1127 2951 1272 3005 oculi
1307 2949 1528 3003 fratrem
1553 2947 1708 3002 fuero
1729 2955 2075 3017 persecutus,

487 3061 700 3124 portam
742 3049 973 3102 fortasse
1015 3044 1161 3098 auris
1190 3042 1462 3108 obsideat,
1496 3052 1550 3095 et
1597 3055 1693 3110 per
1740 3040 1904 3094 aliam
1955 3053 2082 3109 por-

489 3158 596 3198 tant
629 3139 1324 3212 praetermissusoccurrat.
1352 3135 1444 3188 Ha:
1472 3132 1739 3203 siquidem
1758 3142 1885 3187 sunt
1905 3141 2078 3201 porta:

2181 1943 2301 1997 gum
2347 1936 2487 1993 sunt,
2535 1925 2630 1996 qui
2670 1923 2914 1978 mollibus
2959 1921 3246 1976 vestiuntur
3295 1916 3513 1991 (Matth.
3565 1931 3641 1982 x1,
3678 1913 3748 1985 8).

2178 2019 2480 2076 Zebedaeus
2497 2017 2766 2075 Jacohum
2790 2028 2845 2073 et
2871 2018 3136 2073 Joannem
3169 2030 3274 2069 non
3297 2011 3569 2084 sequitur.
3593 2007 3760 2065 Sinite

2181 2112 2510 2167 Geruntium
2585 2109 2640 2164 in
2694 2108 2940 2165 navicula
3011 2121 3304 2163 remanere
3359 2120 3484 2161 cum
3543 2101 3759 2165 retibus,

2187 2203 2484 2262 dummodo
2502 2219 2624 2260 cum
2654 2204 2933 2274 Apostolis
2960 2199 3162 2256 Christi
3190 2201 3424 2270 jacentis
3453 2200 3504 2253 in
3536 2206 3758 2268 pectore.

2254 2299 2322 2354 V.
2370 2298 2462 2354 Vze
2492 2297 2776 2360 divitibus,
2833 2297 3086 2365 queuiam
3145 2302 3472 2364 receperunt
3515 2290 3752 2348 consola-

2182 2394 2392 2450 tionem
2421 2409 2573 2448 suam
2606 2391 2774 2464 (Luc.
2808 2407 2884 2456 vr,
2911 2391 3027 2461 9.5)!
3073 2389 3240 2445 Vobis
3277 2399 3487 2454 autem,
3538 2387 3680 2450 ﬁliae,
3711 2385 3758 2438 in

2182 2487 2370 2543 futuro
2400 2484 2703 2542 consolatio
2726 2494 2902 2539 vestra
2933 2486 3197 2545 debetur;
3249 2482 3410 2537 vobis
3458 2476 3758 2536 exincreda-

2188 2580 2266 2634 tio
2293 2580 2409 2644 illa,
2449 2578 2641 2633 futurze
2674 2577 3012 2632 hrcreditatis
3045 2576 3097 2631 in
3144 2575 3466 2631 chcStibus
3517 2572 3640 2628 fecit
3669 2587 3758 2623 au-

2182 2683 2463 2742 gmentum
2492 2690 2504 2724 :
2536 2671 2692 2726 vobis
2719 2686 2815 2723 sua
2845 2670 3078 2742 mundus
3109 2671 3224 2738 ipse
3255 2667 3543 2730 subduxit,
3573 2666 3657 2720 ubi
3679 2676 3766 2717 vos

2182 2781 2290 2820 non
2316 2779 2442 2820 suas
2471 2780 2594 2820 esse
2634 2765 2897 2833 cognovit
2923 2780 2937 2816 :
2987 2739 3094 2815 into
3121 2761 3256 2816 diris
3285 2763 3449 2816 dives
3476 2760 3760 2820 ardorilms,

2184 2861 2392 2914 Lazaro
2425 2858 2478 2913 in
2500 2859 2623 2912 sinu
2644 2859 2812 2925 patris
2839 2857 3068 2911 Abraha:
3096 2856 3475 2921 recumbente,
3504 2862 3767 2922 torquetur

2191 2952 2344 3024 (Luc.
2378 2967 2490 3016 xvt,
2517 2950 2629 3021 E25).
2660 2950 2728 3004 Et
2757 2949 2887 3018 quid
2913 2949 3106 3004 mirum
3139 2950 3183 3004 si
3216 2948 3580 3018 pauperculus
3610 2956 3658 3002 ct
3684 2961 3763 3013 pe-

2186 3047 2438 3119 regrinus
2488 3046 2542 3101 in
2600 3054 2742 3100 terra
2801 3044 3020 3113 quidem
3074 3043 3248 3097 aliena
3298 3042 3608 3111 sepulcrum
3647 3037 3767 3092 emit

2185 3140 2461 3196 Abraham
2525 3154 2554 3192 a
2615 3139 2737 3192 ﬁliis
2769 3138 2954 3192 l-leth?
2995 3139 3038 3191 0
3067 3137 3312 3191 veritas!
3373 3151 3582 3206 nequeo
3628 3131 3760 3187 enim

487 3238 680 3289 animae
711 3241 932 3298 llOSll‘iL‘,
957 3245 1055 3300 per
1086 3243 1221 3298 quas
1242 3227 1310 3280 ad
1335 3226 1482 3281 illam
1506 3225 1692 3279 smculi
1711 3223 2081 3278 blandimenta

2190 3232 2373 3296 silere,
2403 3229 2531 3301 quin
2562 3230 2884 3294 exclamem,
2917 3229 2960 3282 υ
2981 3229 3206 3282 altitudo
3233 3227 3510 3298 sapientiw
3536 3233 3581 3281 et
3611 3225 3765 3278 scien-

497 3326 832 3384 descenduut
864 3341 876 3375 :
911 3333 964 3376 ct
991 3336 1090 3392 per
1117 3334 1250 3390 quas
1299 3332 1494 3372 sensus
1525 3315 1706 3372 carnis
1759 3315 2078 3370 introeunt:

487 3439 587 3495 per
616 3436 750 3494 quas
780 3417 906 3484 nisi,
927 3416 1034 3471 late
1059 3425 1242 3484 strage
1271 3415 1434 3482 facta,
1466 3414 1606 3467 viam
1629 3409 1921 3465 virtutibus
1952 3425 2082 3480 qua-

492 3521 620 3570 dam
650 3517 930 3584 impietate
956 3510 1268 3575 fecerimus,
1306 3519 1600 3576 numquam
1625 3503 1696 3560 ad
1725 3518 1912 3574 regem
1938 3518 2085 3559 verae

497 3606 717 3680 pietatis
745 3604 1030 3674 pervenire
1062 3603 1378 3673 poterimus.
1994 3658 2000 3665 η

565 3717 657 3774 1V.
687 3711 847 3782 Quod
874 3709 966 3764 ubi
1016 3721 1114 3777 pro
1141 3710 1321 3758 vestra
1349 3699 1640 3756 devotione
1689 3695 1903 3754 fueritis
1953 3693 2085 3750 viri-

495 3816 618 3872 liter
647 3815 942 3872 exsecutae,
995 3799 1176 3856 statim
1221 3795 1376 3851 vobis
1421 3793 1490 3848 ab
1541 3792 1660 3863 ipso
1707 3791 1892 3860 Moyse
1961 3786 2087 3843 talis

497 3907 624 3966 facti
651 3902 936 3960 laudatore
977 3895 1230 3950 dicetur:
1269 3887 1540 3959 Implestis
1568 3883 1728 3940 hodie
1759 3896 1949 3936 manus
1983 3881 2084 3935 Do-

499 4009 688 4066 mino:
725 4004 827 4056 hoc
874 4004 960 4054 est
1013 3989 1273 4048 mundum
1307 3985 1423 4057 (At.
1457 3977 1772 4050 sacculum],
1802 3977 1895 4048 qui
1931 3976 2089 4032 vobis

433 4151 440 4156 .
501 4099 811 4160 conditione
855 4088 1037 4147 carnis
1057 4094 1113 4140 et
1141 4080 1462 4138 substantia:
1493 4075 1827 4146 propinquus
1880 4080 1986 4137 est,
2034 4077 2092 4126 et

499 4193 787 4272 proximus
830 4204 844 4241 :
903 4179 1216 4238 occidentes
1264 4183 1418 4228 actus
1469 4179 1705 4235 vestros,
1748 4168 1840 4238 qui
1892 4179 2090 4220 manus

501 4265 653 4355 sunt,
694 4279 964 4352 implestis
1006 4273 1258 4336 Domino,
1309 4283 1432 4324 cum
1481 4265 1616 4320 nulli
1682 4273 1880 4334 praeter
1926 4275 2091 4331 quam

502 4353 734 4441 Domino
767 4368 1056 4444 imperanti
1087 4364 1295 4422 servire
1325 4359 1617 4415 annuistis.
1669 4355 1762 4411 Sic
1816 4353 2092 4409 Abraham

506 4476 742 4534 Domino
795 4469 1076 4524 dexteram
1130 4473 1309 4524 suam,
1354 4455 1478 4507 dum
1531 4448 1882 4521 parricidium
1911 4445 2095 4499 facere

502 4587 611 4626 non
638 4569 874 4624 recusat,
903 4552 1149 4626 implevit
1191 4547 1362 4622 (Gen.
1396 4543 1553 4614 χχιι).
1585 4540 1688 4608 Qui
1714 4538 1809 4594 ﬁlii
1832 4537 1936 4602 sui,
1963 4535 2093 4591 dum

501 4667 654 4720 illam
704 4661 814 4714 Deo
845 4660 1045 4718 armat,
1074 4648 1276 4704 oblitus
1321 4652 1433 4708 est,
1469 4650 1524 4696 et
1554 4639 1607 4694 in
1643 4631 1896 4706 praaccpti
1920 4630 2095 4698 respi-

497 4761 648 4815 ciens
680 4752 1041 4819 majestatem,
1075 4740 1420 4795 atrocitatem
1469 4730 1806 4803 operationis
1857 4742 1964 4782 non
2002 4727 2090 4782 di-

498 4862 696 4924 gnatus
749 4854 833 4899 est
877 4847 1193 4896 rctrcctare.
1249 4831 1553 4899 Implentur
1610 4838 1845 4893 namque
1899 4834 2092 4875 manus

498 4918 756 5009 Domino,
789 4952 908 4992 cum
957 4929 1174 4986 Domini
1215 4933 1553 4994 occupantur
1607 4918 1852 4989 imperiis
1899 4933 1910 4968 :
1966 4929 2090 4968 cum

506 5007 983 5090 Dominiitradittc
1026 5018 1322 5083 voluntati,
1371 5031 1478 5071 non
1537 5013 1773 5067 hominis
1826 5007 2096 5077 incipiunt

503 5142 644 5188 csse,
679 5122 772 5177 sed
818 5119 956 5174 Dei:
991 5112 1210 5184 quando
1241 5126 1348 5164 non
1397 5104 1615 5160 atiectui
1647 5104 1830 5157 carnis
1879 5100 2093 5154 obtem-

500 5231 715 5296 perant,
747 5215 840 5270 sed
873 5211 1070 5266 divina:
1099 5208 1348 5262 serviunt
1391 5199 1648 5272 jussioni.
1682 5198 1774 5252 Sic
1813 5193 2000 5250 .Iudith
2027 5193 2099 5246 ob

504 5283 812 5369 iibertatcm
839 5305 1038 5360 civium
1067 5301 1150 5356 vel
1181 5300 1436 5361 salutem,
1471 5309 1533 5348 se
1582 5290 1685 5346 sub
1712 5288 1900 5357 Specie
1931 5283 2101 5338 forni-

502 5404 736 5462 cationis
769 5396 1016 5467 implevit
1041 5396 1172 5455 Deo,
1197 5401 1252 5446 et
1272 5388 1499 5444 inermis
1524 5391 1812 5444 armatum,
1843 5391 1899 5434 et
1927 5377 2100 5431 virum

505 5501 704 5557 mulier
735 5490 938 5549 occidit.
988 5486 1228 5557 (Jntiith.
1265 5480 1512 5549 xtt,15).
1574 5477 1666 5531 Sic
1721 5490 1816 5529 vos
1871 5467 2100 5525 Demiuo

501 5595 677 5659 plena:
723 5584 907 5642 carnis
937 5577 1225 5633 affectibus
1257 5569 1652 5640 triumphatis:
1707 5579 1813 5619 non
1839 5559 2100 5631 qumratis

497 5658 763 5752 refugam,
797 5679 887 5750 qui
923 5693 953 5730 a
977 5673 1153 5739 vobis,
1186 5669 1401 5725 etiamsi
1445 5672 1790 5724 occurreret,
1819 5658 1965 5712 foret
2009 5668 2099 5706 oc-

496 5745 1126 5832 citleiidus.-Retnittite
1187 5762 1408 5833 pallium
1484 5758 1726 5811 tunicam
1791 5745 2101 5805 detrahenti

484 5871 645 5944 (Luc.
678 5883 754 5938 vt,
802 5864 914 5937 29).
954 5859 1201 5934 Pecunia
1231 5869 1421 5918 eorum
1460 5864 1586 5921 cum
1629 5847 1770 5926 ipsis
1810 5844 1882 5906 sit
1933 5842 1989 5904 iu
2016 5841 2097 5902 inv.

2189 3327 2274 3380 tia:
2300 3323 2400 3381 Dei
2433 3323 2631 3396 (Rom.
2665 3339 2756 3390 xv,
2803 3322 2938 3394 53)!
2972 3322 3296 3392 Sepulcrum
3341 3324 3450 3378 sibi
3485 3318 3765 3390 patriarcha

2186 3421 2510 3493 peregrinus
2561 3419 2735 3474 emit?
2765 3419 2905 3487 Quid
2952 3428 3036 3473 est
3083 3418 3448 3487 sepulcrum?
3481 3418 3648 3473 Locus
3695 3421 3771 3468 est

2186 3513 2416 3584 quietis,
2451 3511 2563 3580 ubi,
2613 3513 2777 3582 juxta
2829 3511 3016 3567 mundi
3063 3513 3355 3575 rationem,
3407 3510 3769 3568 defunctorum

2189 3623 2420 3680 corpora
2452 3606 2823 3662 collocantur.
2861 3605 3000 3666 Veia
3031 3621 3161 3677 ergo
3193 3606 3579 3677 intelligentia,
3610 3605 3768 3658 locum

2189 3703 2294 3758 sibi
2344 3700 2700 3772 requietionis
2753 3709 2908 3772 pater
2949 3701 3224 3755 Abraham
3251 3701 3356 3755 ﬁde
3407 3717 3501 3756 sua
3558 3708 3611 3755 et
3653 3713 3770 3753 con-

2196 3805 2404 3866 temptu
2435 3798 2684 3866 pecunia:
2717 3794 3057 3864 comparavit
3083 3790 3253 3866 (Gen.
3284 3809 3442 3859 niti,
3480 3793 3591 3863 l7).
3637 3788 3769 3845 Istud

2194 3889 2299 3945 sibi
2329 3889 2642 3958 sepulcrum
2677 3896 2731 3943 et
2764 3887 3022 3942 Paulinus
3068 3899 3256 3941 noster
3283 3901 3466 3956 nuper
3507 3888 3620 3955 ipse
3648 3881 3774 3938 divi-

2195 3981 2287 4036 tiis
2311 3996 2433 4036 cum
2462 3994 2558 4035 sua
2589 3979 3006 4035 matrefamilias
3033 3979 3390 4049 comparavit,
3440 3977 3530 4048 qui
3561 3989 3775 4032 conver-

2194 4072 2405 4128 satione
2443 4072 2628 4127 stcculi
2685 4071 3003 4137 morientes,
3040 4086 3070 4124 a
3119 4069 3490 4124 mundialibus
3527 4066 3776 4138 operibus

2191 4163 2303 4235 jam
2333 4165 2638 4234 quiescunt,
2665 4163 2882 4219 dicente
2913 4163 3220 4233 Apostolo:
3255 4160 3461 4216 Μονιηὶ
3485 4161 3617 4236 enim
3643 4157 3772 4219 estis,

2198 4269 2248 4310 et
2306 4259 2408 4310 vita
2461 4265 2625 4310 uestra
2683 4256 2986 4311 abscondita
3028 4265 3104 4309 est
3150 4269 3264 4308 cum
3325 4252 3533 4308 Christo
3573 4253 3626 4306 in
3674 4248 3776 4304 Deo

2202 4349 2223 4413 (
2249 4345 2363 4402 Col.
2403 4362 2483 4409 III,
2510 4347 2590 4416 5).
2615 4347 2682 4402 Et
2709 4346 2904 4401 iterum
2935 4364 2948 4400 :
2978 4346 3040 4402 Si
3059 4356 3231 4399 autem
3259 4347 3447 4399 mortui
3467 4361 3642 4398 sumus
3669 4353 3774 4394 cum

2199 4439 2426 4503 Christo,
2481 4441 2742 4495 credimus
2771 4441 2893 4510 quia
2923 4441 3102 4494 simul
3148 4439 3376 4492 vivemus
3421 4454 3539 4492 cum
3585 4434 3776 4491 Christo

2200 4534 2219 4601 (
2249 4533 2404 4588 ltom.
2431 4549 2545 4602 vin,
2579 4533 2692 4604 to).
2725 4533 2840 4587 Hoc
2865 4541 2952 4588 est
3001 4531 3130 4586 illud
3185 4530 3383 4601 duplex
3437 4529 3738 4601 sepulcrum
3759 4563 3773 4581 .

2122 4621 2176 4684 Ι)
2201 4626 2491 4682 exterioris
2518 4625 2756 4680 hominis
2781 4635 2836 4680 et
2867 4624 3147 4680 interioris
3175 4625 3332 4694 quies
3379 4638 3506 4678 una.
3555 4623 3682 4676 Nam
3733 4615 3774 4670 si

2201 4721 2368 4776 homo
2398 4735 2464 4776 ex
2495 4718 2704 4774 duabus
2733 4718 3051 4773 substantiis
3074 4729 3310 4782 consrat,
3347 4718 3544 4773 merito
3595 4726 3648 4769 et
3696 4725 3780 4766 se-

2201 4817 2454 4886 pulcrum
2487 4813 2688 4883 duplex
2714 4812 2915 4868 habere
2951 4811 3210 4867 debebit:
3257 4820 3319 4866 ut
3364 4826 3484 4866 cum
3529 4809 3774 4863 alterutra

2203 4909 2504 4964 substantia
2548 4907 2604 4961 in
2632 4922 2788 4962 suam
2822 4918 3071 4961 naturam
3111 4905 3406 4960 dissociata
3438 4899 3774 4961 remeaverit,

2204 5005 2419 5074 requies
2469 5002 2681 5072 utrique
2730 5016 2841 5056 non
2874 5001 3036 5056 desit.
3071 5001 3342 5068 Quoniam
3388 5016 3510 5056 cum
3559 5013 3623 5051 ex
3666 5007 3778 5048 cor-

2207 5113 2342 5167 pore
2371 5106 2430 5151 et
2459 5098 2638 5149 anima
2663 5094 2822 5149 homo
2845 5093 2954 5149 sit:
2989 5103 3169 5148 tamen
3195 5109 3296 5148 nec
3323 5096 3501 5150 anima
3530 5091 3646 5144 sine
3668 5098 3781 5139 eor—

2206 5206 2345 5260 pore
2376 5191 2540 5244 homo
2567 5189 2676 5243 dici
2700 5196 2900 5257 potest,
2925 5202 3025 5241 nec
3047 5200 3242 5255 corpus
3267 5187 3386 5240 sine
3412 5185 3588 5239 anima
3628 5178 3778 5233 homo

2207 5295 2326 5340 est:
2356 5299 2480 5336 cum
2508 5290 2685 5336 tamen
2717 5281 2898 5334 anima
2925 5288 2980 5333 et
3003 5292 3204 5347 corpus
3228 5277 3410 5331 homo.
3435 5274 3540 5330 Sed
3567 5269 3652 5325 ubi
3684 5268 3777 5320 hoc

2209 5393 2429 5440 nomen,
2478 5377 2621 5444 quod
2676 5391 2740 5429 ex
2797 5373 3008 5428 duobus
3049 5373 3364 5428 nominibus
3411 5369 3540 5432 suis,
3575 5359 3778 5435 proprie

2211 5472 2430 5524 tertium
2455 5471 2683 5524 duorum
2713 5469 3101 5523 commixtione
3133 5467 3432 5534 perﬁcitur,
3461 5476 3644 5517 ctu-unt
3677 5455 3776 5508 dis-

2206 5566 2346 5619 sidio
2378 5565 2540 5619 fuerit
2567 5576 2877 5628 vacuatum,
2904 5577 2998 5616 sua
3025 5563 3256 5631 singulis
3298 5565 3416 5617 loca
3447 5558 3510 5614 ad
3551 5552 3776 5623 requiem

2201 5669 2538 5712 censentur:
2596 5657 2851 5726 quoniam
2903 5665 3192 5725 utrumque
3251 5656 3401 5722 vivit,
3457 5661 3510 5706 et
3563 5645 3776 5702 moritur

2203 5764 2512 5822 utrumque.
2543 5750 2673 5806 Nam
2718 5750 2859 5805 sicut
2888 5758 3086 5820 printer
3118 5749 3256 5806 hanc
3293 5748 3479 5814 vitam,
3526 5739 3627 5798 alia
3675 5735 3772 5791 vita

2201 5855 2285 5910 εει
2313 5845 2593 5906 beatorum
2623 5861 2636 5902 :
2665 5842 2740 5905 ita
2773 5851 2970 5920 prater
3018 5841 3158 5902 hanc
3186 5849 3441 5919 mortem,
3485 5822 3765 5904 moral”!
