3916 6288
235 363 287 424 l9
590 353 923 414 EPISTOLA
957 353 1056 421 ;111.
1096 349 1547 414 EXHORTATIO
1585 351 1679 412 AD
1716 351 2150 415 MARCELLAM
2186 355 2280 415 UT
2317 354 2640 414 ADVERSA
2678 353 3054 423 TOLERE'I’.w
3374 355 3446 414 50

235 479 462 551 impiorum
486 482 585 532 est.
613 473 721 533 Sed
753 474 894 531 inter
941 473 1081 531 hanc
1108 475 1274 531 vitam
1297 483 1353 532 et
1377 482 1642 540 mortem,
1670 480 1752 528 at-
1777 473 1833 535 Α
1926 475 2054 544 Cap.
2079 475 2270 530 Vll.—-—
2297 476 2425 531 Haec
2454 486 2579 532 sunt
2616 478 2796 548 itaque
2841 477 2948 532 duo
2980 475 3230 548 sepulcra
3257 519 3270 544 ,
3320 492 3443 548 qua:

239 573 453 648 queillam
476 571 654 635 vitam,
676 577 732 624 et
757 576 1009 632 mortem,
1045 568 1271 624 interest
1297 569 1421 637 hoc,
1455 567 1598 638 quod
1632 567 1753 624 ista:

245 678 387 722 naturae
413 673 550 728 sunt,
591 662 698 718 illa:
727 670 854 716 sunt
874 661 1216 718 meritorum.
1246 663 1423 732 Atque
1449 662 1522 716 ita
1551 661 1752 732 duplex

246 758 478 831 sepulcrum
501 766 556 813 et
585 767 795 812 natura:
820 756 1052 812 debetur
1079 765 1136 812 et
1158 757 1388 813 meritis.
1421 757 1535 812 Hoc
1566 757 1754 828 sepul-

242 867 339 907 crm
371 850 462 905 sibi
487 849 683 920 duplex
716 849 1138 919 patresfamilias
1166 849 1276 916 isti,
1305 850 1375 905 de
1419 850 1617 920 quibus
1664 850 1751 905 lo-

235 945 308 998 cuti
337 959 522 1010 sumus,
557 941 916 1012 providerunt
967 962 978 996 :
1025 942 1115 1013 qui
1163 941 1447 1010 Senatum,
1493 943 1749 1009 honores,

232 1035 391 1090 divitias
417 1034 788 1104 relinquendo,
813 1035 1012 1090 mortui
1044 1035 1150 1092 illis
1179 1035 1525 1102 videbantur,
1556 1037 1753 1108 quibus

233 1129 568 1185 essevidentur
594 1130 759 1185 etiam
791 1129 918 1184 dum
948 1129 1135 1184 vivunt
1159 1130 1377 1185 mortui.
1421 1132 1562 1186 Ecce
1587 1147 1750 1186 unum

229 1221 497 1291 sepulcrum,
528 1222 580 1276 in
605 1238 718 1292 quo
747 1223 1092 1278 conversatio
1121 1225 1324 1278 veteris
1357 1223 1591 1278 hominis
1629 1239 1752 1279 cum

228 1315 475 1382 crepundiis
525 1330 642 1370 sua:
703 1314 1002 1371 nobilitatis
1042 1315 1412 1371 absconditur.
1469 1315 1603 1372 Illud
1650 1317 1757 1371 erit

230 1407 326 1462 aliud
350 1423 458 1462 cum
489 1409 664 1475 ipsum
689 1422 913 1478 corpus,
936 1409 1079 1477 quod
1110 1419 1318 1464 natura:
1343 1409 1468 1477 lege
1487 1409 1752 1465 caducum

235 1512 301 1563 est,
326 1499 630 1555 dissolutum
662 1510 976 1557 revertetur
1007 1503 1060 1556 in
1084 1511 1280 1557 terram
1312 1521 1324 1556 :
1355 1502 1423 1557 de
1450 1519 1551 1572 qua
1582 1503 1756 1573 scrip-

231 1603 302 1646 tum
337 1603 409 1649 est
436 1612 450 1648 :
475 1593 644 1649 Terra
670 1611 742 1662 es,
773 1603 823 1650 ct
850 1595 903 1648 in
935 1605 1124 1649 terram
1152 1596 1250 1650 ibis
1300 1595 1456 1666 (Gen.
1512 1612 1593 1663 ιιι,
1625 1596 1750 1668 19);

225 1689 353 1742 anima
401 1699 579 1745 tamen
631 1691 683 1744 in
716 1689 1007 1761 refrigerio
1064 1692 1464 1762 requiescente.
1498 1691 1631 1746 Nam
1662 1693 1755 1761 qui

222 1781 369 1850 duplex
393 1782 494 1838 sibi
523 1782 836 1855 sepulcrum
867 1783 1108 1838 noluerit
1159 1799 1500 1852 comparare,
1534 1785 1756 1840 habebit

222 1876 389 1931 lursitan
411 1877 564 1945 juxta
595 1877 970 1932 conditionem
1004 1887 1232 1946 naturze,
1264 1877 1353 1933 ubi
1378 1893 1577 1947 corpus
1607 1894 1752 1933 mor-
1780 1861 1828 1922 Β

222 1970 293 2026 tale
312 1971 596 2027 condatur:
629 1987 738 2026 non
769 1971 989 2028 habebit
1005 1973 1156 2042 juxta
1191 1973 1369 2028 meriti
1419 1974 1614 2042 legem,
1651 1973 1747 2029 ubi

223 2065 342 2117 anima
367 2065 694 2134 requiescat.
726 2064 878 2131 Quod
909 2065 1128 2136 quidem
1158 2065 1226 2118 ita
1257 2065 1612 2121 conStitutum
1641 2076 1747 2134 est,

227 2166 266 2208 ut
286 2171 394 2210 mors
423 2156 552 2223 ista,
586 2171 712 2227 qua:
743 2172 840 2226 per
868 2155 1293 2212 dissolutionem
1348 2158 1544 2211 animm
1591 2172 1754 2228 gene-

223 2255 322 2301 ratur
349 2257 400 2303 ct
424 2250 698 2317 corporis,
732 2248 912 2304 media
939 2249 1010 2303 sit
1037 2258 1091 2303 et
1117 2248 1346 2304 duarum
1400 2250 1656 2303 mortium
1699 2257 1754 2305 et

219 2338 393 2397 duarum
444 2343 707 2397 vitarum.
767 2342 859 2397 Bis
909 2343 1055 2398 enim
1097 2341 1369 2399 hominem
1401 2359 1627 2400 necesse
1670 2353 1754 2399 est

210 2433 327 2495 ari,
355 2442 406 2487 et
434 2432 519 2488 bis
549 2434 605 2489 ei
652 2435 765 2488 vita
811 2432 1056 2489 debetur.
1086 2433 1219 2490 Nam
1247 2444 1302 2489 et
1324 2436 1515 2490 beatus
1547 2435 1746 2491 Paulus

206 2521 305 2576 duas
341 2523 573 2580 breviter
603 2525 747 2580 vitas
769 2524 1094 2596 designavit,
1121 2525 1354 2582 dicendo
1379 2544 1392 2580 :
1423 2526 1603 2582 Pietas
1655 2545 1752 2583 an-

205 2626 276 2668 tae
313 2618 373 2672 ad
401 2620 576 2672 omnia
633 2619 788 2684 valet,
845 2620 1239 2691 promissionem
1287 2620 1482 2676 habens
1512 2621 1654 2688 vitm,
1705 2632 1753 2676 et

201 2711 286 2779 rgias
306 2726 411 2782 qua:
459 2727 602 2765 nunc
658 2722 753 2775 est,
805 2719 853 2765 et
902 2715 1100 2783 futura:
1147 2712 1362 2784 (lTim.
1413 2729 1484 2779 tv,
1523 2714 1635 2770 l5l.
1687 2714 1754 2770 Et

203 2803 352 2857 beatus
377 2803 619 2859 Joannes
649 2803 700 2858 in
725 2802 1059 2877 Apocalypsi
1092 2805 1227 2860 duas
1251 2814 1455 2861 mortes
1491 2806 1749 2872 ostendit,

199 2893 385 2950 dicendo
419 2915 430 2948 :
465 2895 532 2950 In
575 2912 667 2951 cos
695 2913 834 2951 mors
862 2898 1090 2952 secunda
1115 2891 1218 2951 non
1249 2899 1399 2954 liabet
1447 2908 1754 2971 potestatem

198 2986 348 3057 (Apoc.
388 3005 479 3056 xx,
511 2989 593 3062 6).
648 2988 959 3046 Secundam
1005 2990 1152 3046 enim
1198 2989 1356 3058 dixit,
1411 2993 1536 3063 quia
1567 2999 1652 3049 est
1697 3001 1755 3049 et

195 3079 354 3149 prima.

248 3173 362 3247 Cap.
393 3175 477 3232 V'l.
521 3206 597 3217 -—
635 3175 744 3233 Sed
785 3177 917 3233 illud
964 3177 1119 3234 nobis
1158 3195 1354 3251 magna
1397 3182 1611 3236 ratione
1640 3190 1752 3237 tra-

195 3269 433 3336 ctandum,
465 3279 523 3326 et
543 3269 796 3341 diligenti
827 3273 1318 3344 circumspectione
1362 3275 1753 3344 providendum
1781 3255 1826 3316 (ἶ

195 3369 287 3428 est,
322 3377 384 3416 an
432 3372 563 3418 ante
606 3363 765 3418 istam
809 3371 1073 3431 mortem,
1120 3381 1241 3436 qua:
1288 3369 1667 3436 separatione,
1697 3379 1758 3423 ut

196 3452 315 3521 dixi,
357 3456 555 3512 anima:
603 3458 962 3528 c0rporisque
1003 3469 1317 3528 generatur,
1370 3463 1508 3515 mori
1554 3463 1757 3516 smculo

199 3546 300 3602 huic
324 3549 858 3619 (anathematizatis,
885 3551 930 3604 si
975 3560 1152 3620 potest
1190 3551 1326 3618 dici,
1361 3554 1612 3609 ontnibus
1641 3555 1760 3623 ejus

196 3641 534 3714 voluptatibus
561 3685 577 3707 ,
627 3658 750 3714 qua:
780 3643 936 3699 nobis
974 3655 1125 3700 extra
1174 3647 1368 3700 lineam
1419 3648 1599 3701 vitalis
1632 3649 1761 3703 sub-

195 3739 382 3792 stantia
424 3737 617 3794 mundi
667 3739 844 3804 copiis
892 3741 1282 3810 suggeruntur)
1331 3743 1580 3796 malimus
1635 3761 1646 3797 :
1689 3759 1758 3799 an

199 3837 299 3892 post
326 3830 630 3884 naturalem
673 3829 985 3896 interitum,
1034 3832 1125 3900 qui
1168 3833 1406 3887 animam
1453 3850 1760 3904 corpusque

197 3920 450 3977 discernit.
493 3921 653 3978 Unde
680 3933 731 3976 et
767 3925 1015 3979 interitus
1040 3924 1254 3990 dicitur,
1286 3925 1430 3995 quod
1473 3927 1616 3981 inter
1646 3927 1760 3996 ipsa

199 4021 296 4070 cat.
321 4029 379 4068 ac
409 4015 652 4071 medium
683 4032 744 4072 se
776 4017 917 4071 inter
945 4015 1082 4070 duas
1111 4016 1472 4080 substantias,
1501 4033 1622 4086 qua:
1665 4020 1762 4072 ho-

208 4104 372 4160 minem
425 4109 510 4163 sui
571 4109 955 4179 conjugatione
1012 4109 1306 4176 iaciebant,
1351 4111 1565 4164 tertium
1611 4110 1760 4164 illum

202 4198 393 4262 gradum
426 4201 690 4270 perfectae
739 4202 1056 4256 substantia:
1104 4202 1759 4272 sublaturus-immergat.

199 4295 432 4356 Quoniam
469 4297 562 4366 qui
593 4295 679 4352 hic
709 4307 957 4352 mortuus
989 4299 1180 4363 fuerit,
1231 4297 1414 4352 mundi
1467 4297 1762 4368 voluptati-

201 4384 285 4438 bus
307 4404 408 4442 non
459 4390 705 4455 utendo,
747 4399 804 4445 et
849 4389 1098 4461 corporis
1140 4391 1388 4445 stimulos
1429 4391 1762 4457 obterendo,

199 4485 529 4554 cotiscpultus
550 4500 673 4540 esse
692 4485 910 4540 videtur
937 4501 1058 4538 cum
1081 4484 1299 4539 Christo
1321 4484 1498 4558 (Rom.
1525 4501 1598 4550 vt,
1631 4485 1717 4556 ll)
1746 4503 1760 4540 :

200 4582 244 4623 et
265 4573 306 4628 si
331 4577 681 4647 consepultus
703 4617 718 4643 ,
749 4579 939 4648 utique
968 4578 1022 4632 in
1052 4577 1334 4648 sepulcro,
1361 4580 1480 4634 sine
1504 4594 1610 4649 quo
1641 4594 1765 4633 esse

1856 567 1960 622 sibi
1993 578 2046 623 et
2067 568 2325 622 Paulinus
2346 569 2428 623 vir
2460 569 2752 639 singularis
2777 570 2845 624 ad
2889 570 3180 641 imaginem
3209 572 3443 640 patriar-

1856 662 1975 718 chae
2014 663 2438 718 sollicitissimus
2487 665 2813 733 requisivit:
2844 680 3009 720 unum
3030 706 3048 734 ,
3078 665 3169 719 ubi
3200 672 3253 720 et
3284 675 3441 720 vete-

1855 774 1972 814 rem
2000 758 2275 814 hominem
2308 775 2429 814 cum
2456 759 2662 814 actibus
2686 759 2798 814 suis
2829 759 3096 831 spoliatus
3123 760 3401 815 occuleret
3425 779 3441 816 :

1855 863 1911 909 et
1960 851 2084 909 licet
2131 853 2361 909 necdum
2393 867 2594 922 corpus
2638 853 3011 923 deposuisset,
3050 855 3292 910 carnalia
3335 872 3446 911 non

1856 943 2082 1001 haberet
2105 949 2158 1001 in
2200 961 2371 1001 carne
2402 964 2412 999 :
2440 945 2617 1011 aliud,
2650 947 2740 1001 ubi
2767 962 2995 1016 corpore
3023 947 3172 1016 ipso,
3198 963 3320 1002 cum
3345 965 3444 1003 ve-

1857 1038 2000 1093 nerit
2050 1038 2308 1093 Dominus
2337 1038 2684 1108 confringere
2731 1047 2932 1094 terram
2967 1041 3114 1108 ejus,
3159 1039 3444 1110 eXposito,

1856 1145 2090 1197 animam
2117 1143 2344 1198 collucet
2376 1145 2426 1197 in
2452 1145 2668 1215 quiete,
2712 1154 2772 1197 ut
2815 1143 2938 1199 ﬁdei
2980 1153 3107 1200 tunc
3147 1153 3304 1213 pater
3353 1146 3448 1201 ille

1856 1235 1972 1292 hrrc
2004 1237 2127 1291 liliis
2155 1245 2501 1306 contemptu,
2542 1245 2601 1291 ut
2630 1237 2901 1301 diximus,
2943 1236 3187 1307 pecunia:
3225 1253 3444 1307 compa-

1856 1329 1996 1384 ravit
2025 1347 2039 1384 :
2080 1332 2131 1384 in
2166 1345 2274 1401 quo
2316 1329 2466 1385 dives
2499 1347 2620 1384 cum
2656 1345 2895 1400 paupere
2942 1345 3047 1385 non
3081 1331 3253 1398 potuit
3284 1346 3447 1385 recu-

1855 1421 2005 1480 bare.
2049 1425 2162 1479 lluc
2193 1440 2380 1479 omnes
2407 1425 2724 1496 peregrinos
2757 1424 2939 1479 mundi
2969 1467 2985 1492 ,
3033 1425 3138 1479 huc
3181 1435 3400 1494 egentes
3427 1468 3443 1492 ,

1857 1531 1960 1588 huc
1987 1534 2151 1588 ctiam
2184 1533 2561 1589 exhaercdatos
2587 1548 2684 1603 pro
2716 1532 2934 1586 Christo
2961 1530 3319 1586 saecularibus
3347 1545 3440 1584 rc-

1856 1628 2022 1696 cipict
2049 1628 2408 1683 testamentis.
2438 1627 2670 1693 Ideoque
2714 1641 2815 1680 nec
2847 1625 3136 1695 vestigium
3169 1622 3360 1677 habuit
3391 1624 3445 1677 in

1856 1723 1961 1779 hac
1995 1733 2140 1778 terra
2163 1765 2178 1787 ,
2210 1723 2464 1792 quoniam
2514 1736 2674 1776 nemo
2707 1721 2797 1790 qui
2842 1735 2964 1774 cum
3013 1727 3335 1788 sequeretur
3367 1717 3450 1771 in-

1859 1829 2051 1873 ventus
2093 1824 2195 1871 est.
2231 1817 2300 1871 At
2350 1829 2494 1869 nunc
2542 1829 2668 1880 vos,
2705 1813 2830 1867 ﬁlia:
2857 1858 2871 1881 ,
2903 1811 3162 1866 conliditc
3186 1852 3200 1875 ,
3232 1825 3353 1880 qum
3383 1825 3452 1864 ex

1858 1926 1923 1966 co
1956 1910 2238 1979 vestigium
2280 1907 2511 1964 Abrahae
2549 1907 2714 1971 esus,
2761 1921 2826 1960 ex
2871 1919 2979 1974 quo
3027 1903 3094 1957 de
3143 1911 3290 1958 terra
3339 1916 3449 1955 non

1859 2018 1980 2059 esse
2009 2002 2269 2071 ccepistis.
2303 1997 2683 2070 Obsequimini
2728 1996 2997 2052 voluntati
3034 1993 3208 2064 patris
3239 1993 3450 2057 vestri,

1857 2094 2013 2164 cujus
2041 2091 2366 2161 corruptela:
2396 2091 2672 2146 obsecuta:
2696 2104 2802 2142 non
2826 2088 2960 2143 estis
2984 2106 2996 2139 :
3029 2086 3120 2158 qui
3147 2085 3302 2139 vobis
3326 2099 3355 2137 a
3384 2082 3450 2136 ft-

1856 2189 1945 2244 liis
1971 2188 2111 2244 llcth
2139 2187 2448 2258 sepulcrum
2475 2186 2643 2262 emit,
2672 2182 2814 2254 quod
2847 2181 2950 2236 sibi
2984 2190 3038 2236 et
3073 2179 3288 2234 cmteris
3334 2179 3450 2234 suis

1859 2281 2036 2337 noluit
2061 2295 2422 2348 comparare:
2456 2277 2598 2345 apud
2628 2291 2767 2346 quos
2794 2275 2984 2344 utique
3027 2282 3255 2328 morture
3281 2271 3450 2336 estis,

1856 2371 2075 2443 quando
2098 2387 2220 2428 cum
2243 2372 2323 2428 cis
2353 2369 2404 2425 id
2436 2368 2580 2440 quod
2612 2368 2719 2422 vivi
2748 2368 2801 2421 in
2829 2365 3030 2421 mundo
3063 2363 3438 2434 posscderint,

1857 2481 1966 2522 non
1994 2465 2216 2522 tenetis.
2252 2463 2573 2533 Gratiasque
2614 2461 2690 2516 illi
2725 2474 2945 2529 semper
2991 2457 3172 2528 agite,
3216 2456 3308 2526 qui
3341 2469 3440 2508 vos

1857 2560 1962 2616 hoc
1989 2559 2118 2615 fecit
2144 2558 2428 2628 vestigium
2463 2570 2569 2610 non
2603 2554 2804 2609 habere
2827 2572 2844 2607 ι
2879 2564 2937 2607 ιιι
2973 2551 3049 2606 ibi
3081 2564 3205 2604 cum
3239 2549 3446 2603 Lazaro

1856 2653 2072 2724 signum
2101 2650 2337 2706 Abrahae
2367 2649 2664 2704 haberetis.
2696 2645 2979 2701 Possideat
3009 2659 3140 2714 ergo
3170 2643 3263 2698 ille
3288 2657 3451 2712 pecu-

1857 2745 2002 2800 niam
2027 2789 2041 2811 ,
2079 2759 2178 2798 vos
2210 2743 2518 2813 sepulcrum
2547 2761 2562 2797 :
2611 2741 2701 2796 ille
2733 2739 2998 2811 imagines
3038 2751 3321 2802 escarum,
3358 2751 3456 2795 vos

1855 2839 2099 2910 requiem
2131 2836 2548 2906 Pmphetarum.

1988 2971 2303 3028 MUNITUM
2343 2970 2410 3026 IN
2452 2969 2841 3027 EPlSTOLAM
2881 2967 3318 3034 SEQUENTEM.

1933 3085 2062 3141 Han:
2088 3087 2314 3155 ascripta
2343 3094 2416 3139 est
2447 3085 2603 3139 etiam
2633 3085 2865 3138 Paulino
2905 3083 3122 3152 cpistola
3149 3128 3163 3148 ,
3196 3083 3264 3134 ad
3296 3084 3449 3154 cujus

1858 3159 2136 3212 dictionem
2179 3158 2343 3211 (lactis
2374 3158 2527 3222 viris,
2557 3167 2712 3226 atque
2739 3157 2838 3227 ipsi
2868 3171 3061 3226 nupera
3093 3156 3206 3224 ejus
3235 3170 3451 3222 operum

1859 3230 2066 3286 Editori
2096 3231 2318 3284 maxime
2338 3229 2584 3282 accedere
2609 3230 2719 3280 uisa
2743 3235 2835 3280 est.
2883 3227 3069 3280 Verum
3093 3268 3107 3287 ,
3133 3242 3250 3278 cum
3287 3226 3452 3277 multa

1860 3302 1912 3354 in
1943 3319 2002 3354 ea
2043 3303 2180 3364 sint,
2213 3317 2328 3371 (μιαν
2355 3317 2472 3352 cum
2514 3298 2729 3352 Paulini
2771 3298 2987 3371 historia
3014 3297 3254 3371 componi
3286 3296 3451 3371 nullo

1858 3373 2013 3426 modo
2039 3365 2280 3438 possunt,
2315 3372 2394 3424 illi
2424 3372 2575 3423 etiam
2605 3382 2678 3424 est
2704 3372 2826 3439 jure
2857 3367 3009 3440 plane
3034 3369 3214 3420 merito
3243 3365 3452 3435 ubjntli-

1859 3455 2001 3497 cata.
2033 3443 2144 3514 Ego
2166 3486 2178 3506 ,
2214 3445 2342 3506 nisi,
2366 3444 2504 3506 quod
2536 3441 2787 3495 Erasmus
2809 3440 3025 3514 putabat
3052 3440 3320 3514 ,_inept.mn
3350 3448 3448 3514 est,

1858 3516 1916 3569 in
1938 3510 2434 3582 tanta'Scr'iptm'um
2463 3513 2616 3566 turba
2634 3555 2646 3572 ,
2672 3510 2927 3583 quasilla
2957 3511 3305 3583 ferebutrwtas
3323 3551 3346 3583 ,_
3369 3511 3451 3583 di-

1861 3589 2071 3652 vinare,
2120 3579 2266 3656 cujus
2311 3589 2413 3651 sit,
2460 3579 2711 3655 Philippo
2745 3579 3044 3656 presbytero
3070 3579 3224 3656 uelim
3263 3581 3448 3643 tribui,

1861 3659 1950 3725 qui
1978 3653 2215 3728 optimus
2242 3657 2456 3710 auditor
2488 3653 2831 3728 Hieronymi,
2861 3653 3131 3728 (.‘ennatlio
3164 3662 3287 3704 tcstc
3329 3669 3444 3728 cap.

1862 3723 2186 3798 6:2,scripsit
2218 3730 2512 3782 familiares
2541 3723 2802 3795 epistolas
2830 3726 2987 3779 valde
3011 3725 3192 3798 falsas.
3217 3723 3453 3798 maxime

1862 3793 2287 3870 adpattpertatis
2311 3809 2366 3852 et
2387 3793 2634 3853 dolorum
2662 3798 3001 3870 tolerantiam
3027 3793 3448 3870 exhortatorias.

1864 3864 2074 3925 Exvltis'
2100 3882 2233 3925 certe
2255 3887 2366 3939 quae
2388 3880 2493 3922 toto
2524 3879 2763 3923 contextu
2806 3867 3178 3939 cdisscrttntnr,
3209 3864 3452 3939 ni/ti_l_oc—

1863 3945 2026 3996 currit
2068 3934 2428 4012 nobisfquod
2459 3939 2520 3992 ab
2568 3944 2678 4008 (’jtts
2722 3939 2990 4012 Philippi,
3039 3937 3255 4001 itemque
3289 3934 3451 4012 _.llur-

1863 4013 2040 4074 cellw,
2083 4016 2150 4065 ad
2188 4006 2344 4083 (piunt
2379 4006 2958 4083 scribitttr._personis,
2994 4023 3165 4058 rerum
3197 4006 3382 4083 ξενία,-
3405 4017 3452 4056 et

1863 4075 2267 4138 circumstantiis
2291 4083 2584 4136 abhorreat.
2620 4075 2875 4135 Marcella
2905 4088 3102 4141 autent,
3136 4093 3238 4128 non
3272 4088 3324 4128 ut.
3356 4075 3452 4128 Lo-

1866 4157 2050 4208 brunio
2078 4157 2304 4219 videtur,
2354 4153 2462 4206 alia
2499 4164 2571 4208 est
2597 4195 2611 4217 ,
2653 4165 2805 4218 atque
2832 4151 2926 4204 illa
2949 4191 2962 4215 ,
3007 4149 3073 4202 ad
3123 4165 3278 4216 quam
3319 4166 3454 4215 stupe

1867 4225 2220 4296 Hieronymus
2247 4227 2452 4296 scripsit
2473 4267 2486 4283 .
2519 4235 2566 4278 et
2587 4226 2739 4296 cujus
2771 4223 2926 4275 vitam
2956 4221 3174 4290 cpistola
3202 4220 3453 4296 in_nostru

1864 4291 2159 4352 recensione
2194 4298 2290 4350 19.7
2317 4340 2329 4359 ,
2355 4291 2421 4349 ad
2449 4291 2767 4365 I’rincipicmt
2795 4296 3028 4362 (’a’posuit
3060 4307 3076 4342 :
3104 4302 3157 4342 ut
3187 4291 3453 4365 animvm-

1868 4379 1979 4423 tera
2009 4371 2388 4424 dissimulamus
2413 4408 2426 4432 ,
2471 4361 2760 4440 "mnifesto,
2794 4361 2940 4440 illam
2969 4365 3154 4440 ipsane
3176 4378 3284 4414 esse
3313 4361 3457 4440 Auc-

1869 4450 1949 4495 tor
1996 4443 2344 4505 demonstrat,
2386 4457 2504 4494 cum
2534 4434 2794 4492 ait—initio
2834 4437 2960 4506 Cap.
3017 4451 3054 4489 ιι
3095 4434 3240 4506 illam
3281 4450 3352 4506 se
3381 4434 3456 4506 ri-

1869 4512 2041 4578 dissc,
2066 4528 2130 4565 ρο
2165 4502 2440 4582 tempore,
2477 4526 2582 4581 quo
2614 4511 2732 4582 ejus
2762 4502 2982 4582 dmnutn
3032 4502 3451 4582 regalishal'lini--

1868 4591 1954 4636 tas
1980 4573 2250 4636 ambiebat
2339 4573 2453 4636 cum
2484 4573 2594 4651 ejus
2616 4573 2809 4636 scilicet
2837 4579 3041 4649 nuptias
3071 4573 3298 4631 Cerealis
3328 4590 3452 4626 con-

201 4679 288 4719 uou
318 4679 496 4737 potest
525 4671 827 4740 sepultura.
876 4671 1015 4727 lluic
1046 4683 1100 4727 ct
1140 4687 1290 4728 mors
1329 4673 1431 4727 alia
1461 4672 1766 4729 communis
1791 4653 1846 4715 Ῑ)
1872 4658 1950 4709 δαί
1979 4664 2253 4724 δωρείσθω·

200 4756 272 4813 illa
299 4762 546 4831 debetur,
579 4781 699 4837 quae
723 4766 961 4821 animam
1002 4783 1030 4821 τι
1063 4767 1295 4822 vinculis
1334 4768 1579 4837 corporis
1608 4767 1772 4823 Solvit

200 4860 244 4904 et
269 4853 487 4925 liberat,
517 4860 600 4914 cui
627 4861 841 4930 corpori
868 4875 1021 4931 aeque
1049 4875 1204 4916 suum
1230 4863 1565 4929 sepulcrum,
1600 4870 1652 4916 et
1675 4875 1772 4917 sua

201 4951 457 5016 Sepultum
488 4953 750 5011 debetur.
783 4955 876 5010 His
915 4956 1122 5012 duabus
1151 4957 1417 5011 mortibus
1449 4969 1570 5027 post
1600 4957 1772 5028 gemi-

2441 4794 2776 4852 EPISTOLA
2815 4795 2905 4852 111.
3302 4797 3317 4858 5

2447 4907 2515 4946 ΑΙ)
2545 4906 2886 4946 MARCELLAH.

1908 4959 2002 4980 r'rw
2012 4960 2169 4981 ’κτηνη-

1889 4986 1935 5001 ”’
1961 4990 1988 5001 ﬂ
2239 5005 2562 5062 Erltortatur
2588 5017 2642 5061 ut
2662 5008 2880 5062 adversa
2903 5007 3104 5062 toleret.

205 5065 312 5106 num
338 5054 646 5124 sepulcrum
673 5050 708 5123 ,'
730 5056 886 5111 beata
918 5048 1010 5112 illa
1052 5065 1106 5112 et
1134 5067 1398 5128 perpetua
1431 5050 1538 5111 vita
1586 5073 1774 5112 succe-

208 5149 288 5204 dit.
318 5153 584 5209 Cmtcrum
622 5155 710 5228 qui
747 5166 916 5220 totum
962 5157 1220 5212 mundum
1268 5156 1356 5212 hic
1393 5156 1726 5212 lucril'ceerit
1749 5201 1764 5226 ,

210 5253 500 5326 aittbiendo,
527 5259 789 5328 rapiendo
818 5277 831 5313 :
855 5258 1110 5327 quoniam
1137 5259 1224 5314 hic
1253 5259 1391 5314 facta
1422 5259 1602 5314 carnis
1627 5275 1774 5313 mor-

214 5355 398 5414 titiz-are
424 5360 784 5429 contempsit,
819 5368 942 5431 post
989 5361 1144 5417 istam
1177 5361 1479 5416 naturalem
1512 5371 1773 5428 mortem,

214 5469 272 5518 qu
307 5472 354 5509 In
381 5458 609 5515 transire
639 5475 747 5516 non
781 5475 1098 5531 possumus,
1140 5461 1339 5516 dicitur
1369 5461 1563 5519 merito
1595 5478 1702 5518 uno
1725 5471 1782 5518 et

1953 5106 1994 5160 1.
2029 5106 2271 5179 Magnam
2288 5108 2575 5164 humilitati
2601 5119 2798 5162 nostrae
2829 5108 3077 5163 liduciam
3098 5107 3373 5164 scribendi
3405 5108 3471 5162 ad

1880 5211 2287 5265 venerationem
2336 5220 2479 5265 tuam
2504 5252 2519 5277 ,
2541 5208 2749 5265 Christi
2779 5209 3020 5266 cbaritas
3049 5210 3202 5265 dedit
3227 5228 3239 5266 :
3270 5229 3388 5281 qua:
3420 5222 3472 5266 te

1881 5312 2011 5368 fecit
2039 5313 2304 5367 humilem
2330 5313 2493 5367 corde
2518 5313 2758 5383 pictatis,
2783 5320 2839 5367 et
2859 5312 3080 5369 divitem
3108 5315 3363 5384 operibus
3392 5314 3479 5367 luc-

1887 5405 2234 5461 nedictionis.
2270 5405 2417 5460 Talis
2449 5405 2650 5460 ctenim
2675 5405 2740 5460 tle
2767 5407 2971 5460 sanctis
2996 5406 3123 5461 ﬁdei
3153 5417 3254 5459 tua:
3277 5405 3482 5458 divitiis

639 5499 747 5516 "‘"'
781 5499 1098 5576 νυκ⁸¹¹¹¹ξ³ῗ⁹
1140 5499 1328 5576 ""‘"_‘"
1597 5499 1702 5518 """
1725 5499 1782 5518 ν’
1890 5500 2033 5555 fama
2073 5501 2343 5570 processit
2369 5542 2384 5565 ,
2415 5509 2475 5554 ut
2504 5501 2568 5554 ad
2596 5516 2697 5555 nos
2725 5515 2945 5572 quoque
2975 5501 3026 5555 in
3056 5499 3349 5569 longinquo
3381 5513 3483 5566 po-

223 5559 433 5663 sfmpl'ci
460 5561 716 5630 sepulcro
737 5577 859 5618 ⁸⁵⁵⁸
889 5563 1164 5630 condims'
1191 5565 1279 5619 vel
1307 5566 1483 5636 νθίίυδ
1511 5581 1788 5622 commen‘
1894 5594 2030 5648 sitos
2059 5559 2455 5663 penetraverit.
2487 5603 2546 5647 et
2594 5559 2781 5648 auditu
2821 5559 3010 5662 gratiae
3055 5593 3183 5656 Dei,
3215 5601 3486 5661 tamquam

221 5653 359 5712 datus
383 5676 397 5712 :
429 5669 488 5716 et
515 5663 566 5716 in
589 5664 888 5720 secundam
910 5675 1143 5722 mortem
1172 5667 1340 5723 miser
1369 5667 1634 5734 incurrit,
1669 5684 1759 5738 qua

1898 5687 2022 5742 oleo
2079 5686 2325 5753 laetitite,
2379 5685 2796 5757 itnpinguaverit
2851 5701 2975 5739 ossa
3042 5693 3248 5738 nostra.
3299 5685 3497 5741 Notum

229 5755 370 5823 Plena
402 5771 486 5818 est
514 5775 568 5820 et
597 5763 848 5824 dolorum
873 5769 1201 5838 aeternitate,
1226 5777 1280 5826 et
1305 5769 1662 5843 lacrymarum
1681 5786 1799 5842 per-
1903 5778 2048 5832 enim
2081 5777 2278 5832 factum
2308 5789 2391 5832 est
2414 5755 2573 5832 nobis
2611 5779 2810 5833 bonum
2861 5787 3009 5829 tuum
3031 5817 3045 5842 ,
3089 5776 3341 5845 quoniam
3376 5779 3500 5832 illu-

232 5863 495 5929 petuitate,
662 5868 666 5871 ’
1022 5871 1024 5873 ’
1494 5910 1510 5936 ,
1910 5869 2299 5935 niioavitllcus
2327 5873 2535 5928 vultum
2565 5887 2724 5927 suum
2769 5883 2928 5939 super
2974 5878 3047 5924 te.
3089 5870 3402 5944 Segregavit
3447 5879 3503 5930 te
