3916 6288
465 304 530 363 ει
1495 306 1556 366 S.
1598 307 1987 367 HIERONYMI
2025 306 2313 371 OPERUM
2351 311 2721 373 HANTISSA.
3666 324 3736 381 Si

465 440 531 481 ex
558 433 721 481 utero
754 427 1088 499 cognationis
1112 436 1168 485 et
1193 436 1351 485 terra:
1382 434 1525 484 tute:
1560 443 1666 484 non
1697 427 2062 500 regione,'sed
2088 430 2141 492 Α
2168 431 2314 487 scius
2330 446 2650 488 arcanorum
2678 433 2983 491 calculum
3012 441 3371 503 contestatur,
3389 454 3491 492 non
3510 454 3613 494 esse
3626 457 3741 495 con-

464 519 658 590 spiritu
693 520 847 577 bona:
874 523 1175 577 voluntatis
1204 540 1217 576 ε
1244 534 1300 577 ιιι
1338 523 1408 579 de
1446 523 1676 579 terrenis
1706 523 1901 595 opibus
1932 522 2066 579 ﬁde-

2168 524 2355 595 dignas
2385 526 2649 591 passiones
2674 526 2832 598 hujus
2871 528 3118 598 temporis
3146 529 3215 580 ad
3245 529 3477 599 futuram
3504 532 3739 602 gloriam,

466 613 572 669 lem
602 614 705 669 sibi
735 618 1029 669 constituat
1051 615 1101 670 in
1124 614 1437 671 cce‘estibus
1459 656 1474 680 ,
1506 630 1695 670 earum
1739 614 2061 684 participem
2165 634 2283 688 qua:
2303 619 2614 674 revelabitur
2641 622 2695 674 in
2726 623 2874 675 nobis
2909 622 3091 687 (Rom.
3132 639 3256 691 \‘ll-t,
3303 626 3415 696 18).
3465 626 3742 683 Tribulatio

465 704 535 758 de
563 706 756 775 quibus
785 706 1043 775 scriptum
1087 716 1169 761 est
1213 724 1226 760 :
1261 706 1510 761 Mulieres
1540 708 1797 779 sapientes
1827 705 2061 775 aediﬁca-

468 808 649 851 verttnt
672 796 767 850 sibi
792 797 972 851 domos
999 796 1186 865 (Prov.
1217 814 1334 864 xw,
1367 800 1393 855 1
1440 816 1543 853 sec.
1583 796 1772 869 LXX).
1808 799 1935 853 “me
1962 813 2063 853 au-

468 899 579 944 tem
616 889 899 945 audientes
935 889 1004 945 de
1038 898 1127 945 tua
1167 889 1429 946 felicitate
1473 893 1725 957 cmlesti,
1776 890 2065 946 cﬁ'udimus

468 999 652 1038 coram
680 983 789 1038 Deo
820 984 984 1038 corda
1010 995 1193 1040 nostra
1220 1027 1234 1051 ,
1267 995 1320 1039 et
1346 986 1400 1039 in
1423 1003 1541 1041 voce
1561 986 1921 1040 exsultationis
1946 1001 2065 1053 ερα-

470 1076 633 1131 [antes
667 1075 784 1149 (Ps.
830 1093 953 1142 xu,
994 1079 1083 1148 5),
1126 1077 1364 1135 diximus
1404 1098 1418 1135 :
1454 1080 1707 1134 Dominus
1747 1081 2062 1149 mortiﬁcat,

464 1170 720 1224 Dominus
751 1172 981 1242 viviﬁcat
1002 1214 1017 1236 ,
1044 1173 1253 1227 deducit
1276 1174 1343 1227 ad
1369 1175 1567 1245 inferos
1592 1215 1607 1240 ,
1632 1183 1677 1228 et
1709 1174 1931 1228 reducit.
1962 1171 2068 1226 Do.

468 1265 641 1318 minus
674 1265 853 1318 divites
883 1282 1138 1335 pauperes
1168 1268 1332 1335 facit,
1368 1264 1589 1319 humiles
1618 1264 1814 1320 exultat
1858 1265 1897 1336 (l
1934 1262 2064 1335 Reg.

462 1374 500 1412 tt
521 1400 536 1423 ,
561 1359 614 1429 6)
645 1375 659 1414 :
691 1358 780 1412 sed
806 1360 1051 1430 quoniam
1083 1359 1191 1431 [ΑΙ.
1221 1359 1368 1432 quia]
1414 1360 1553 1413 calix
1583 1362 1636 1413 in
1664 1376 1821 1413 ntanu
1850 1356 2065 1411 Domini

462 1458 577 1517 est,
624 1451 763 1505 hunc
808 1452 1079 1520 humiliat,
1128 1463 1176 1506 et
1228 1454 1363 1506 hunc
1393 1450 1607 1506 exultat.
1639 1451 1796 1520 Quod
1846 1451 1948 1506 etsi
1996 1450 2065 1504 ad

468 1561 633 1599 omne
661 1547 977 1618 mysterium
1009 1547 1161 1616 regni
1186 1548 1464 1615 pertinere
1484 1545 1721 1613 videtur,
1751 1553 1989 1599 attamen
2011 1552 2068 1600 et

467 1636 535 1691 ad
567 1647 712 1691 tuam
745 1638 1059 1708 specialiter
1075 1640 1302 1709 gratiam
1336 1638 1528 1694 referri
1562 1649 1739 1709 potest
1768 1656 1781 1691 :
1811 1653 1931 1709 qua:
1954 1653 2069 1694 ma-

468 1748 574 1797 gno
607 1732 818 1787 Domini
849 1735 1160 1789 miserantis
1187 1733 1420 1789 consilio
1450 1734 1686 1789 exaltata
1718 1748 1780 1788 es
1804 1743 1861 1788 ut
1888 1732 2068 1788 humi-

464 1825 711 1892 liareris,
744 1838 799 1882 et
827 1829 1101 1882 humiliata
1137 1839 1193 1882 ιιι
1223 1828 1571 1885 exaltareris.

540 1916 603 1971 ll.
635 1918 751 1973 Non
781 1920 923 1974 enim
955 1920 1300 1989 ignoramus,
1338 1922 1666 1977 venerabilis
1694 1936 1853 1977 Soror
1887 1930 1942 1978 et
1970 1922 2068 1978 be-

470 2013 685 2070 nedicta
726 2015 859 2082 ﬁlia,
899 2024 1044 2068 tuam
1086 2016 1422 2083 praeteritam
1467 2016 1519 2070 in
1565 2014 1669 2070 hoc
1712 2015 1914 2070 sarculo
1945 2016 2068 2087 glo-

469 2107 627 2161 riam.
660 2106 792 2162 Nam
823 2108 987 2163 etiam
1017 2108 1252 2163 vidimus
1301 2118 1353 2164 Ie
1404 2108 1454 2162 in
1510 2116 1755 2180 tempore
1799 2109 1921 2178 illo,
1960 2122 2069 2179 quo

470 2200 690 2255 domum
722 2209 866 2256 tuam
910 2203 1108 2273 regalis
1132 2203 1369 2257 affinitas
1396 2202 1702 2272 ambiebat,
1731 2204 2066 2258 eminentem

470 2293 523 2346 in
577 2292 660 2348 his
710 2292 1044 2362 honoribus,
1088 2296 1182 2365 qni
1216 2299 1573 2350 destruuntur
1608 2314 1619 2347 :
1651 2296 1774 2364 quia
1817 2297 1919 2351 etsi
1966 2296 2066 2365 ipsi

467 2403 683 2457 quoque
727 2402 757 2441 ιι
808 2388 1036 2442 Domino
1068 2387 1699 2452 altissimotribuuntur,
1743 2388 1869 2457 quia
1902 2388 2069 2441 omnis

472 2490 699 2549 potestas
732 2496 762 2531 a
797 2479 1020 2533 Domino
1069 2476 1179 2533 Deo
1207 2487 1280 2533 est
1324 2478 1503 2549 (Rom.
1540 2493 1663 2543 stu,
1697 2479 1750 2545 1)
1779 2494 1797 2530 :
1830 2485 2066 2533 attamen

473 2572 662 2626 eadnci
696 2580 752 2625 et
772 2571 990 2642 fragiles
1013 2582 1167 2635 sunt,
1191 2571 1281 2642 qni
1314 2571 1416 2623 sub
1447 2569 1548 2623 hoc
1567 2569 1768 2624 mundo
1795 2580 2027 2639 aguntur
2053 2587 2065 2623 :

475 2665 632 2734 cujus
666 2663 834 2735 ﬁgura
864 2675 923 2719 ut
963 2663 1154 2719 umbra
1184 2667 1443 2734 praeterit.
1486 2664 1641 2719 Unde
1682 2674 1737 2718 et
1773 2665 2071 2733 impensius

473 2758 808 2811 admiramur
839 2760 1067 2828 gratiam
1095 2774 1215 2828 qua:
1245 2758 1337 2812 tibi
1367 2758 1491 2811 data
1524 2768 1606 2811 est
1628 2800 1641 2822 ,
1678 2765 1733 2811 et
1764 2758 2072 2827 magniﬁca-

477 2869 597 2907 mus
645 2852 697 2906 in
731 2861 782 2907 te
818 2853 1144 2918 Dominum,
1184 2853 1274 2921 qui
1310 2864 1361 2906 te
1393 2852 1444 2904 in
1478 2850 1755 2905 laboribus
1791 2850 2067 2904 hominum

478 2948 659 3013 posuit
681 2987 696 3009 ,
739 2954 796 2999 et
834 2945 1116 2999 salutifero
1164 2956 1404 3013 paterna:
1436 2943 1654 3014 pietatis
1684 2943 1911 2999 verbere
1945 2945 2072 2998 visi-

472 3038 643 3092 tavit:
679 3048 736 3093 ιιι
765 3048 816 3092 te
848 3039 900 3091 in
929 3038 1113 3108 paucis
1145 3047 1427 3103 vexatam,
1476 3037 1528 3090 in
1568 3036 1755 3090 multis
1790 3036 1929 3093 bene
1959 3038 2073 3092 dis-

477 3144 734 3207 poneret,
781 3140 918 3187 teste
948 3133 1213 3202 Apostolo
1242 3150 1254 3185 :
1281 3130 1338 3185 In
1369 3132 1473 3185 hoc
1500 3133 1704 3189 mundo
1734 3132 2069 3201 corripiatur,

2168 711 2334 778 enim,
2386 712 2590 783 inquit,
2631 714 2937 784 patientiam
2974 726 3235 786 operatur,
3288 720 3537 786 patientia
3586 730 3746 775 autem

2168 807 2517 877 probationem
2556 823 2576 860 .'
2616 807 2854 879 probatio
2901 823 3019 863 vero
3059 827 3233 879 spem,
3282 824 3399 881 spes
3441 822 3607 865 autem
3650 831 3745 867 non

2168 900 2486 969 confundit:
2522 902 2643 968 quia
2682 902 2910 956 cltaritas
2950 901 3048 957 Dei
3089 902 3283 969 diffusa
3320 915 3394 957 est
3428 907 3481 958 in
3520 908 3746 961 cordibus

2169 994 2364 1048 nostris
2396 992 2575 1063 (Rom.
2595 1010 2649 1061 ν,
2679 995 2774 1065 50)
2808 1012 2821 1050 :
2857 995 2907 1048 in
2940 1011 3045 1066 qua
3086 995 3353 1051 charitate
3384 997 3603 1053 radicati
3635 1014 3745 1054 om-

2171 1086 2263 1141 nia
2290 1086 2644 1141 sustinemus.
2665 1087 2959 1156 Propterea
2985 1100 3036 1142 et
3072 1088 3238 1143 David
3268 1090 3343 1142 ait
3371 1107 3383 1145 :
3414 1089 3642 1161 Diligens
3671 1101 3743 1154 te,

2173 1175 2414 1242 Domine,
2443 1179 2607 1232 virtus
2634 1196 2745 1232 utea
2773 1179 2895 1250 (Ps.
2917 1194 3053 1244 XVII,
3077 1181 3135 1242 2,
3158 1182 3319 1251 juxta
3347 1179 3500 1236 Psal.
3554 1183 3746 1253 Rom)

2171 1270 2403 1327 Dilectio
2424 1272 2568 1325 enim
2606 1271 2819 1326 Domini
2851 1275 3023 1327 virtus
3053 1273 3251 1326 salutis
3282 1283 3368 1328 est
3407 1290 3423 1328 :
3464 1275 3584 1342 quia
3620 1275 3749 1329 Deus

2171 1362 2380 1418 dilectio
2408 1374 2505 1429 est,
2538 1372 2586 1417 et
2612 1366 2702 1432 qui
2729 1375 2899 1419 manet
2932 1366 2985 1418 in
3022 1366 3304 1429 charitate,
3334 1368 3387 1419 in
3419 1365 3527 1420 Deo
3566 1379 3747 1420 manet.

2172 1456 2366 1513 Sciens
2396 1466 2579 1511 autem
2608 1466 2666 1511 et
2690 1458 2977 1527 propheta,
3001 1459 3125 1527 quia
3153 1467 3567 1513 ntmuentaneum
3596 1458 3752 1512 tribu-

2172 1547 2384 1601 lationis
2412 1548 2464 1601 in
2496 1547 2598 1602 hoc
2625 1548 2825 1603 smculo
2851 1549 3155 1603 immensum
3190 1550 3432 1620 perennis
3465 1549 3673 1620 glorite,
3703 1559 3756 1603 ut

2170 1641 2465 1711 Apostolus
2493 1642 2611 1707 ait,
2642 1640 2849 1709 pondus
2877 1652 3139 1710 operatur,
3178 1650 3402 1697 sanctus
3445 1642 3537 1696 ille
3572 1657 3664 1696 rex
3705 1642 3751 1694 in

2170 1734 2386 1791 Psalmo
2422 1746 2484 1790 ιιι
2510 1735 2707 1800 dignus
2738 1737 3002 1791 habeatur
3029 1736 3188 1805 igniri
3230 1738 3595 1791 tentationum
3633 1751 3754 1788 exa-

2096 1813 2148 1877 Β
2176 1832 2345 1896 mine,
2376 1827 2509 1884 dicit
2542 1846 2552 1879 :
2586 1826 2759 1881 Proba
2798 1845 2898 1897 me,
2938 1828 3176 1895 Domine,
3212 1838 3258 1882 et
3291 1838 3433 1882 tcnta
3474 1845 3553 1881 me
3590 1827 3751 1896 (Psal.

2173 1936 2309 1987 xxv,
2334 1919 2413 1991 9.).
2443 1920 2599 1977 Unde
2623 1930 2678 1976 ct
2702 1921 2895 1975 iterum
2922 1922 3060 1975 idem
3083 1921 3529 1993 psalmographus
3556 1933 3751 1986 noster,

2175 2014 2330 2087 quasi
2356 2016 2623 2087 pcenitens
2649 2016 2835 2070 mundi
2862 2016 3022 2085 hujus
3046 2017 3264 2085 gloriae,
3298 2018 3609 2083 conﬁtetur,
3642 2032 3751 2071 cum

2173 2110 2307 2165 dicit
2352 2128 2363 2163 :
2424 2110 2743 2181 Priusquam
2792 2110 3123 2179 humiliarer,
3169 2129 3263 2185 ego
3319 2112 3519 2183 deliqui
3566 2109 3752 2183 (Psal.

2173 2219 2358 2271 cxvnt,
2384 2203 2497 2273 (i7).
2531 2202 2601 2257 Et
2626 2204 2750 2274 quia
2782 2202 3159 2259 humiliatione
3178 2217 3402 2260 curatus
3440 2206 3543 2270 sit,
3583 2203 3752 2259 statim

2173 2296 2335 2350 dicit:
2363 2294 2647 2365 Propterea
2676 2296 2936 2365 eloquium
2965 2308 3107 2350 tuum
3133 2299 3506 2353 custadivi.0b
3527 2299 3626 2353 hoc
3648 2312 3753 2350 rur-

2173 2402 2293 2442 sum
2327 2385 2596 2455 Propheta
2624 2404 2635 2438 :
2672 2384 2754 2438 Du
2787 2387 2934 2440 nobis
2960 2433 2975 2456 ,
3005 2389 3081 2441 ait
3103 2434 3117 2454 ,
3151 2390 3410 2443 auxilium
3444 2392 3510 2443 de
3552 2386 3756 2443 tribula-

2174 2479 2326 2532 tione.
2360 2478 2450 2539 Et,
2484 2478 2635 2531 Vana
2665 2482 2810 2531 salus
2835 2480 3057 2533 hominis
3085 2490 3156 2534 est
3181 2480 3353 2551 (Psal.
3388 2497 3500 2545 ιιι,
3533 2481 3643 2549 15).
3671 2480 3758 2534 Est

2173 2572 2319 2624 enim
2349 2586 2486 2624 vana
2519 2570 2668 2625 salus
2696 2571 2998 2635 hominum,
3030 2588 3155 2642 qua:
3196 2584 3426 2642 putatur
3454 2575 3505 2627 in
3535 2575 3628 2626 hac
3649 2579 3757 2624 tan-

2174 2672 2284 2717 tum
2308 2664 2417 2717 vita
2443 2662 2661 2718 mortali
2686 2679 2809 2719 esse
2837 2682 2850 2719 ε
2876 2664 2945 2718 de
2965 2680 3071 2735 qua
3093 2666 3294 2719 homini
3325 2666 3532 2721 dicitur
3557 2684 3568 2718 :
3599 2662 3754 2716 Homo

2172 2757 2305 2811 sicut
2329 2756 2505 2825 [etiam
2533 2756 2644 2811 dies
2671 2758 2784 2825 ejus
2816 2756 2991 2827 (Psat.
3033 2774 3128 2823 cn,
3161 2760 3271 2824 15).
3314 2759 3387 2814 Ει
3412 2759 3625 2830 quidem
3662 2764 3747 2820 tu,

2173 2860 2355 2905 sancta
2401 2851 2533 2915 ﬁlia,
2576 2853 2740 2906 etiam
2787 2851 3129 2908 documentis
3177 2853 3375 2908 educta
3433 2869 3493 2909 cs
3539 2850 3752 2922 probare

2173 2947 2497 3001 sententiam
2553 2962 2566 2998 :
2639 2944 2762 3015 quia
2815 2946 2980 2999 omnis
3025 2962 3147 3000 caro
3202 2951 3381 3017 fenum
3424 2988 3439 3009 ,
3497 2958 3541 3000 et
3602 2943 3753 2998 omnis

2173 3036 2345 3107 gloria
2379 3040 2493 3105 eius
2542 3037 2688 3104 quasi
2732 3038 2830 3107 ﬂos
2881 3037 2986 3106 feni
3032 3036 3180 3109 (Isa.
3230 3054 3341 3103 xx,
3397 3037 3554 3107 6-8).
3612 3033 3751 3088 Aruit

2176 3135 2347 3205 fenum
2374 3172 2390 3197 ,
2431 3143 2477 3185 et
2513 3134 2610 3203 ﬂos
2645 3132 2760 3203 ejus
2791 3131 3023 3186 decidit:
3062 3135 3267 3187 verbum
3307 3142 3492 3187 autem
3524 3125 3745 3188 Domini,

477 3200 543 3285 ne
570 3246 686 3284 cum
715 3228 813 3281 hoc
844 3200 1036 3281 mundo
1059 3227 1368 3280 damnamur
1397 3225 1440 3298 (Ι
1468 3225 1590 3281 Cor.
1625 3243 1712 3292 st,
1748 3226 1863 3298 52).
1913 3225 2071 3283 Unde
2098 3200 2143 3263 (ἶ
2176 3200 2233 3282 et
2255 3224 2349 3297 qui
2372 3200 2677 3294 fecitillud,‘
2697 3234 2867 3278 manet
2892 3225 2946 3278 in
2974 3233 3246 3290 teternum,
3265 3225 3413 3280 sicut
3442 3225 3555 3293 ipse
3578 3217 3750 3275 Domi-

480 3334 536 3379 et
567 3321 735 3379 David
767 3322 837 3376 ait
867 3339 877 3375 :
912 3319 1170 3389 Corripiet
1210 3336 1289 3373 me
1309 3322 1492 3394 justus
1522 3322 1574 3374 in
1601 3321 1988 3389 misericordia,
2025 3330 2075 3375 et

478 3416 768 3488 incrcpabit
814 3431 891 3467 me
933 3430 950 3468 :
998 3414 1169 3467 oleum
1201 3423 1377 3468 autem
1424 3416 1711 3486 peccatoris
1740 3432 1843 3469 non
1882 3415 2074 3487 impin-

484 3519 603 3581 gttet
649 3519 801 3578 caput
841 3523 1010 3560 meum
1049 3506 1165 3577 (Ps.
1197 3522 1317 3571 CXL,
1355 3508 1451 3578 5):
1489 3507 1562 3561 ita
1600 3517 1656 3563 et
1698 3509 1751 3563 in
1781 3508 2075 3564 Salomone

483 3604 745 3671 scriptum
781 3617 937 3667 esse,
986 3601 1104 3656 sine
1148 3603 1314 3657 dubio
1358 3604 1410 3657 in
1457 3604 1651 3659 studiis
1698 3604 2075 3675 spiritualibus

484 3696 698 3765 posita,
729 3694 965 3749 didicisti
1011 3714 1022 3749 :
1064 3695 1329 3762 Quoniam
1376 3690 1634 3750 Dominus
1680 3713 1831 3767 quem
1865 3696 2072 3767 diligit,

486 3790 698 3857 corripit
725 3800 771 3841 et
797 3792 915 3861 ﬂag:
936 3788 1027 3843 (lat
1059 3788 1237 3858 (Prov.
1266 3806 1347 3855 ιιι,
1382 3790 1470 3854 12,
1493 3794 1655 3863 juxta
1686 3789 1874 3859 LXX).
1904 3790 2075 3845 Casti-

479 3892 565 3951 gat
594 3892 762 3935 autem
790 3897 991 3935 onmem
1017 3881 1183 3947 ﬁlium
1227 3899 1377 3953 quem
1419 3885 1644 3952 recipere
1670 3882 1927 3952 dignatur
1966 3884 2078 3937 dis-

485 3975 792 4043 ponendum
826 3974 891 4029 ad
938 3976 1105 4029 vitam
1146 3986 1405 4031 aeternam
1440 3977 1505 4046 (Il
1542 3975 1689 4046 Cor.,
1720 3993 1803 4041 xt,
1846 3977 1961 4048 59).
2002 3979 2079 4035 De

484 4086 551 4123 eo
581 4080 633 4122 et
662 4070 952 4138 Apostolus
978 4085 1084 4123 non
1117 4070 1491 4135 confunditur,
1530 4086 1631 4125 nec
1666 4073 1950 4126 atteritur:
1981 4072 2077 4127 sed

484 4165 653 4231 magis
683 4163 973 4233 gloriatur,
1002 4172 1055 4217 et
1083 4174 1272 4233 potens
1305 4166 1363 4217 lit
1404 4166 1452 4218 in
1487 4165 1890 4223 inﬁrmitatibus
1920 4168 2033 4222 suis
2058 4208 2075 4233 ,

482 4258 571 4325 qui
608 4268 662 4309 ut
690 4273 787 4310 nos
811 4271 909 4310 suo
939 4257 1217 4313 confortet
1243 4259 1511 4326 exemplo,
1545 4259 1744 4314 fatetur
1780 4270 1835 4315 ct
1881 4261 2079 4330 pra'di-

482 4362 569 4407 cat
596 4351 697 4404 sibi
724 4351 821 4417 ipsi
854 4367 866 4403 :
901 4352 989 4404 cui
1016 4351 1176 4405 etiam
1205 4366 1379 4421 usque
1408 4352 1458 4406 in
1490 4354 1711 4408 tertium
1746 4354 1944 4408 ccelum
1978 4369 2078 4423 pa-

489 4456 665 4498 tuerat
694 4458 954 4499 ascensus
990 4460 999 4495 :
1030 4453 1081 4497 et
1111 4459 1268 4513 quem
1304 4460 1477 4516 neque
1507 4445 1658 4515 ignea
1684 4446 1774 4500 illa
1818 4445 2078 4516 romphca

483 4537 551 4590 ab
573 4536 717 4591 aditu
748 4536 982 4606 paradisi
1007 4545 1255 4607 potuerat
1279 4537 1577 4594 excludere
1607 4558 1617 4591 :
1647 4539 1733 4594 ubi
1758 4540 1920 4595 etiam
1944 4539 2081 4595 inel-

487 4632 651 4686 l'abile
694 4633 838 4685 omni
876 4632 1073 4702 lingua:
1102 4633 1349 4687 audierat
1383 4648 1673 4698 arcanum;
1715 4635 1806 4689 sed
1848 4644 2032 4691 tamen
2060 4675 2076 4700 ,

490 4742 559 4780 ne
605 4725 955 4780 extolleretur
987 4734 1208 4794 propter
1243 4725 1615 4779 excellentiam
1656 4725 2075 4794 revelationum,

488 4820 563 4874 ita
594 4835 654 4872 se
691 4819 857 4889 ipsius
901 4834 929 4871 a
972 4835 1076 4889 quo
1120 4820 1385 4873 intantnm
1422 4818 1827 4888 glorilicabatur
1867 4819 2077 4873 Domini

490 4913 860 4966 moderamine
885 4912 1243 4980 gubernatum
1286 4910 1485 4977 refert,
1520 4920 1579 4965 nt
1609 4912 1857 4981 apposito
1883 4912 2079 4981 angelo

489 5007 706 5061 Satanre
728 5005 781 5057 in
809 5004 1085 5059 stimulum
1118 5006 1296 5059 carnis
1324 5019 1456 5073 suae,
1488 5004 1538 5058 id
1571 5013 1674 5069 est,
1700 5005 1751 5059 in
1777 5005 2080 5060 tribulatio-

487 5114 611 5154 nem
642 5100 889 5167 corporis
918 5100 1316 5168 deprimeretur
1342 5098 1656 5161 salubriter,
1702 5113 1769 5152 ne
1801 5098 2076 5153 inﬁaretur

486 5195 750 5249 inaniter:
782 5192 998 5264 Propter
1022 5194 1177 5263 quod,
1195 5194 1384 5261 inquit,
1404 5203 1477 5246 ter
1493 5192 1767 5245 Dominum
1800 5192 2000 5261 rogavi,
2021 5202 2078 5245 ut

488 5286 745 5339 recederet
776 5303 807 5339 tt
836 5302 913 5338 me
940 5301 956 5337 :
989 5298 1034 5337 et
1060 5286 1190 5340 dia‘it
1215 5285 1372 5339 milii:
1392 5284 1605 5355 Sufficit
1628 5283 1717 5337 tibi
1740 5285 1907 5352 gratia
1935 5299 2078 5339 mea:

486 5395 604 5431 nam
633 5379 788 5431 virtus
816 5378 869 5431 in
895 5377 1193 5444 inﬁrmitate
1218 5378 1485 5449 perﬁcitur
1512 5376 1554 5444 (ι
1584 5377 1704 5431 Cor.
1728 5393 1822 5443 nt,
1853 5378 1933 5448 8).

563 5471 651 5526 Ill.
693 5471 1055 5538 Quamobrem
1079 5486 1201 5525 cum
1245 5470 1333 5524 tali
1362 5471 1621 5539 magistro
1651 5477 1707 5525 et
1751 5479 1974 5527 auctore
2000 5470 2083 5527 in-

488 5572 715 5631 structa,
750 5564 816 5617 ad
849 5564 1103 5618 virtutem
1136 5563 1411 5633 patientiae
1439 5571 1494 5619 et
1519 5577 1669 5633 spem
1703 5562 1890 5631 gloriae
1921 5574 2082 5619 teter-

490 5676 606 5725 nae,
638 5658 920 5715 conﬁdens
951 5668 1070 5714 esto
1096 5700 1112 5724 ,
1147 5658 1275 5724 ﬁlia,
1306 5660 1449 5714 sicut
1478 5672 1600 5714 esse
1628 5658 1861 5728 coepisti,
1891 5666 1946 5712 et
1969 5658 2084 5727 glo-

491 5756 641 5807 riare
673 5754 722 5807 in
756 5752 1050 5823 pra-teritis
1080 5751 1422 5822 passionibus
1453 5752 1581 5816 tuis,
1616 5751 1863 5806 recolens
1900 5761 1955 5807 et
1995 5750 2081 5805 illa

488 5843 734 5914 ejusdem
776 5843 1014 5911 doctoris
1056 5844 1272 5916 eloquia
1320 5862 1330 5900 :
1374 5843 1638 5904 Fideliter
1677 5843 1823 5902 enim
1862 5851 1923 5901 ut
1948 5858 2082 5903 conc

2178 3333 2281 3375 nus
2312 3328 2492 3373 manet
2514 3318 2566 3373 in
2596 3328 2883 3381 :eternnm,
2921 3319 3012 3387 qui
3043 3325 3128 3373 est
3169 3326 3299 3374 ante
3333 3319 3391 3372 in
3432 3314 3644 3373 saecula.
3681 3309 3755 3365 0b

2180 3410 2283 3468 hoc
2313 3427 2439 3467 vere
2467 3411 2674 3467 dictum
2700 3422 2784 3466 est
2808 3428 2828 3466 :
2867 3410 3012 3467 Vana
3040 3412 3184 3466 salus
3211 3413 3460 3477 hominis,
3486 3410 3606 3481 quia
3627 3416 3753 3459 vana

2178 3508 2363 3561 omnia
2390 3507 2492 3560 sub
2526 3505 2691 3560 ccelo.
2736 3504 2889 3560 Unde
2926 3505 3064 3560 etin
3107 3505 3334 3560 Psalmis
3378 3506 3547 3560 habes
3582 3520 3594 3556 :
3638 3496 3755 3554 Uni-

2178 3614 2324 3652 versa
2349 3598 2546 3652 vanitas
2569 3597 2735 3651 omnis
2757 3598 2909 3650 Immo
2935 3597 3108 3651 vivens
3139 3597 3159 3668 (
3173 3596 3320 3651 Psal.
3347 3611 3573 3662 xxxvm,
3600 3594 3673 3661 6).

2250 3689 2341 3745 IV.
2384 3690 2489 3746 Sed
2535 3689 2603 3745 de
2646 3704 2755 3760 quo
2789 3704 2994 3759 genere
3034 3690 3311 3744 hominum
3352 3691 3456 3745 ista
3493 3688 3663 3745 dicat,
3706 3681 3753 3735 in

2179 3785 2645 3856 consequentibus
2676 3783 2836 3839 docet
2869 3800 2883 3838 :
2913 3784 2981 3837 de
3004 3784 3084 3840 eis
3111 3784 3321 3839 scilicet
3342 3785 3442 3855 qui
3472 3794 3608 3836 vane
3632 3791 3755 3833 con-

2183 3879 2474 3933 turbantur
2501 3888 2694 3932 amore
2733 3876 3046 3932 divitiarum
3078 3891 3325 3941 suarum,
3357 3878 3413 3932 in
3461 3888 3593 3946 quas
3631 3871 3759 3924 sicut

2180 3972 2373 4027 belline
2419 3987 2580 4027 caecae
2611 3971 2818 4027 inhiant
2860 3972 2981 4027 sine
3020 3972 3129 4027 ﬁne
3158 3971 3420 4041 cupiendi
3469 3979 3524 4025 et
3570 3976 3757 4034 congeo

2181 4065 2356 4128 rendi,
2388 4066 2818 4120 tltesanrizantes
2845 4063 2899 4117 in
2927 4073 3093 4128 terra,
3123 4070 3180 4119 et
3201 4063 3519 4133 ignorantes
3544 4059 3625 4114 cui
3646 4067 3762 4109 cons

2181 4166 2406 4229 gregem
2454 4171 2547 4211 eas
2594 4156 2796 4228 (tbid.,
2827 4157 2916 4221 7).
2951 4155 3262 4225 Relinquent
3290 4196 3307 4220 ,
3338 4154 3546 4226 inquit,
3587 4144 3760 4201 alienis

2182 4249 2386 4303 divitias
2408 4265 2531 4301 suas
2560 4247 2732 4315 (Ps-al.
2767 4263 2954 4312 sum,
2984 4245 3097 4318 Η),
3132 4257 3183 4301 et
3231 4256 3518 4317 postquam
3551 4243 3599 4296 itt
3624 4234 3761 4294 vani-

2183 4351 2286 4396 tate
2310 4343 2591 4414 dcfecerint
2615 4343 2725 4396 dies
2752 4358 2949 4409 eorum,
2980 4340 3123 4410 rapti
3162 4344 3212 4395 in
3256 4341 3530 4396 infernum
3561 4344 3756 4391 omnes.

2183 4448 2289 4489 non
2317 4433 2564 4497 domini,
2596 4432 2691 4488 sed
2721 4433 2856 4486 servi
2886 4433 3185 4485 divitiarum
3208 4446 3466 4495 suarum;
3495 4423 3628 4482 nihil
3655 4418 3758 4476 illic

2184 4528 2436 4581 invenient
2472 4526 2524 4579 in
2554 4523 2789 4578 manibus
2813 4524 2920 4577 suis
2948 4522 3121 4595 (Psal.
3163 4538 3331 4587 Lxxv,
3354 4523 3437 4592 6),
3466 4519 3589 4589 quia
3637 4505 3758 4567 nihil

2104 4597 2160 4660 Β
2184 4617 2585 4688 prmmiserunt,
2618 4614 2722 4669 nisi
2750 4622 3078 4670 aeternorum
3124 4613 3313 4668 merita
3346 4622 3647 4684 poenarum-
3673 4601 3757 4656 1Ηὲ

2182 4720 2360 4767 autem
2388 4725 2496 4765 non
2523 4716 2610 4763 est
2644 4725 2775 4763 vana
2819 4708 2967 4762 salus
3008 4708 3253 4772 hominis,
3294 4709 3362 4763 de
3391 4722 3496 4778 qua
3524 4697 3714 4756 dicitur
3743 4707 3756 4742 ι

2183 4805 2397 4861 Domini
2412 4812 2485 4860 est
2509 4803 2673 4869 salus,
2696 4811 2743 4858 et
2767 4817 2925 4876 super
2946 4801 3193 4875 papulum
3210 4810 3352 4855 tuum
3381 4791 3659 4853 benedictio
3679 4794 3761 4839 tua

2184 4897 2357 4968 (Psal.
2386 4913 2474 4964 ιιι,
2516 4897 2608 4966 9);
2657 4907 2713 4951 et
2752 4895 2945 4950 iterum
2984 4913 2994 4946 :
3049 4893 3210 4949 Salus
3247 4901 3422 4948 autem
3448 4891 3705 4963 justorum
3731 4888 3761 4925 α

2182 4988 2408 5043 Domino
2444 5000 2518 5043 est
2560 4990 2764 5060 (xxxvr,
2800 4988 2916 5058 59).
2951 4987 3075 5042 Ideo
3096 4996 3152 5041 et
3197 5000 3321 5055 spes
3362 4985 3413 5039 in
3449 4984 3558 5038 Deo
3599 4970 3759 5045 ροεὶιίί

2187 5101 2292 5139 tton
2345 5081 2639 5138 confundet
2699 5082 2901 5149 (Rom.
2955 5096 3029 5145 ν,
3085 5078 3201 5151 5),
3238 5079 3385 5133 sicut
3442 5073 3587 5131 salus
3634 5070 3759 5115 Valla

2188 5193 2295 5233 non
2340 5189 2422 5232 est
2451 5192 2571 5247 quin
2617 5185 2862 5246 speratur
2922 5175 2972 5231 in
3005 5174 3253 5241 Christo,
3308 5183 3365 5229 et
3413 5164 3685 5227 confertur
3731 5166 3759 5203 ξι

2187 5274 2428 5329 Christo.

2266 5368 2326 5424 ν.
2370 5367 2515 5437 Ergo
2556 5364 2679 5436 quia
2716 5362 2971 5433 accepisti
3005 5362 3260 5416 auxilium
3308 5361 3370 5415 de
3409 5346 3756 5437 tribulatione.

2188 5476 2257 5517 ne
2287 5460 2701 5528 coneupisceres
2726 5456 3019 5511 humanam
3042 5454 3205 5523 diem,
3230 5462 3283 5509 et
3302 5466 3437 5507 vana
3468 5446 3638 5503 salute
3668 5433 3758 5532 hft'

2186 5556 2350 5611 minis
2400 5554 2695 5624 gauderes;
2749 5551 2987 5622 gloriare
3038 5550 3091 5603 in
3144 5545 3391 5614 Domino,
3441 5551 3496 5599 et
3544 5522 3758 5628 bencd)c

2184 5662 2333 5715 eum,
2356 5649 2449 5717 qui
2474 5649 2566 5704 tibi
2595 5646 2773 5702 tribuit
2804 5643 3120 5699 intellectum
3145 5640 3323 5712 (Psal.
3356 5655 3443 5705 xv,
3474 5632 3555 5699 7),
3595 5637 3662 5680 ηε
3703 5628 3752 5669 ¹¹¹

2184 5744 2270 5799 via
2299 5752 2642 5813 peccatorum
2672 5737 2789 5811 (Ps.
2821 5752 2871 5804 ι,
2916 5732 2973 5805 l)
3017 5746 3164 5790 stare
3194 5731 3553 5813 persistens.
3597 5720 3747 5813 πειναξ

2183 5839 2238 5895 in
2284 5810 2408 5906 filiis
2435 5830 2805 5906 generationis
2827 5827 3000 5909 (istius
3030 5840 3401 5901 permaneres,
3448 5812 3627 5891 quibus
3652 5810 3750 5858 uo"
