3916 6288
233 324 280 379 5'5
591 309 918 370 EPISTOLA
959 309 1052 368 III.
1095 307 1543 368 EXHORTATIO
1580 305 1673 364 AD
1711 302 2138 364 MARCELLAM
2175 303 2268 364 UT
2304 302 2630 363 ADVERSA
2671 301 3016 362 TOLERET.
3378 303 3453 366 lii

228 435 409 492 atratus
433 428 595 499 (Psal.
623 443 780 496 chv,
812 429 876 497 5,
896 431 1053 502 juxta
1076 429 1241 498 LXX)
1279 447 1294 484 :
1331 428 1457 500 quia
1492 425 1746 496 praevale-
1773 425 1827 486 Α
1851 424 1969 480 Non
2000 425 2146 481 enim
2181 424 2329 496 ligno
2361 424 2622 497 putribili,
2660 440 2840 497 neque
2869 424 3068 496 stipula
3101 423 3308 496 fragili,
3353 434 3454 482 am

229 538 333 585 scunt
355 527 400 578 in
421 523 632 577 vanitate
651 539 768 584 sua,
798 523 1043 578 veritatis
1065 523 1437 577 immemores.
1457 521 1592 589 Quia
1615 520 1742 574 dum

234 621 427 688 conﬁdunt
456 618 504 668 in
526 616 853 670 multitudine
881 615 1180 670 divitiarum
1208 633 1424 671 suarum
1446 655 1460 681 ,
1509 631 1611 669 non
1651 631 1746 684 μοι

243 708 486 765 nartDenm
516 710 804 778 adjutorem
841 725 991 762 suum
1034 708 1206 779 (Psal.
1253 725 1333 777 ι.ι,
1369 708 1446 778 9).
1481 706 1603 761 Tibi
1641 721 1744 760 au-

240 804 428 858 tcmfacta
453 809 536 856 est
561 816 680 854 sors
713 802 767 854 in
802 801 1127 855 inmeditate
1157 801 1347 866 Jacob,
1372 810 1428 856 et
1459 799 1744 854 illtnninati

230 896 443 950 suntoculi
473 896 543 946 tui
578 895 629 947 in
660 895 991 964 agnitionem
1028 896 1315 949 veritatis:
1362 905 1420 948 ut
1470 895 1740 962 intellige-

227 1008 299 1053 res,
321 990 420 1057 quia
441 987 624 1041 melius
647 999 722 1041 est
746 988 1007 1043 modicum
1022 991 1195 1059 justo,
1217 1007 1372 1058 super
1397 989 1602 1043 divitias
1625 1007 1743 1060 pec-

223 1095 392 1135 catorum
417 1083 602 1135 multas
628 1080 799 1147 (Ρεαι.
827 1098 1010 1146 XXXVI,
1055 1082 1162 1151 lli).
1207 1083 1332 1136 Ideo
1365 1081 1506 1136 enim
1537 1083 1741 1134 iniseri-

223 1192 298 1228 cors
317 1185 354 1226 et
376 1175 637 1226 miserator
668 1173 922 1228 Dominus
950 1173 1123 1245 (Psal.
1149 1191 1218 1229 cx
1241 1217 1255 1242 ,
1288 1173 1366 1245 4),
1390 1174 1518 1244 quia
1544 1175 1742 1228 talibus

219 1268 296 1320 suis
324 1278 574 1335 purpurat
620 1267 1039 1323 adinveutiones
1080 1284 1206 1323 suas
1242 1270 1308 1322 ad
1351 1274 1517 1322 vitam
1561 1268 1739 1322 homi-

221 1360 731 1428 nmnpmpagandam,
760 1362 1004 1428 permisit
1037 1372 1090 1417 te
1142 1363 1300 1416 istius
1341 1363 1526 1417 saeculi
1557 1363 1740 1418 ﬂucti-

224 1454 562 1521 busveutisquc
593 1454 788 1521 jactari
828 1471 841 1506 :
887 1465 946 1508 ut
981 1464 1203 1522 experta
1245 1455 1582 1524 naufragium
1615 1497 1628 1521 ,
1671 1454 1741 1509 de

223 1559 358 1601 cetero
388 1546 640 1600 similiter
691 1547 982 1614 periclitari
1030 1563 1271 1603 caveres.
1316 1549 1506 1618 Itaque
1544 1560 1740 1602 cuncta

217 1657 296 1709 qua:
314 1656 442 1710 passa
473 1657 555 1704 es,
589 1642 736 1695 sicut
763 1642 1048 1711 intelligis,
1077 1644 1304 1697 vulnera
1351 1642 1570 1712 quidem
1614 1657 1736 1697 cor-

214 1740 314 1804 poris
341 1738 422 1798 tni,
451 1738 548 1791 sed
584 1747 642 1791 et
674 1737 868 1792 animo:
889 1738 1130 1791 remedia
1173 1737 1416 1792 fuerunt.

259 1829 320 1882 ιι.
355 1828 410 1882 In
461 1831 854 1884 circumcisione
903 1831 1075 1884 cordis
1131 1829 1216 1884 fac
1269 1846 1433 1900 opera
1480 1840 1568 1887 tua
1615 1849 1628 1886 :

213 1923 329 1990 gloria
355 1932 431 1975 tua
462 1939 565 1976 non
605 1924 676 1975 sit
715 1940 780 1976 ea:
808 1923 1121 1988 hominibus,
1170 1924 1259 1976 sed
1298 1941 1362 1978 ea:
1385 1924 1493 1977 Deo
1539 1926 1734 1996 (llam.

215 2031 254 2076 ιι,
272 2015 365 2079 73ft):
389 2016 473 2083 qui
501 2015 722 2082 deponit
746 2027 977 2084 potentes
1005 2018 1068 2069 de
1096 2015 1236 2078 sede,
1269 2026 1315 2068 ct
1345 2016 1539 2069 exultat
1570 2017 1741 2070 humi-

221 2110 614 2172 ies,tmurientcs
635 2111 814 2180 implet
841 2111 1007 2175 bonis,
1027 2119 1073 2162 et
1101 2111 1284 2163 divites
1308 2111 1522 2164 dimittit
1553 2113 1737 2167 inanes

219 2197 315 2264 (Lar.
335 2216 366 2262 t,
391 2199 502 2271 5:2).
531 2199 681 2254 Deus
701 2202 1034 2255 scientiarum
1065 2200 1315 2255 Dominus
1343 2203 1386 2273 (ι
1412 2202 1540 2275 Reg.
1568 2219 1626 2270 ιι,
1653 2203 1736 2274 5),

212 2293 291 2346 ride
317 2301 497 2361 quanta
540 2293 778 2362 gloriam
815 2303 961 2346 tuam
1014 2294 1525 2362 recotnpeusatione
1563 2304 1739 2348 muta-

203 2387 269 2446 rit,
287 2388 358 2453 qui
387 2397 433 2441 te
461 2387 662 2440 maluit
694 2387 1017 2456 participem
1046 2403 1228 2442 rerum
1260 2387 1564 2442 caelestium
1595 2389 1734 2455 fieri,

199 2493 312 2543 quam
349 2480 410 2532 ad
458 2480 627 2534 tinem
679 2483 1019 2534 terrestrium
1069 2496 1420 2550 permanere,
1454 2495 1508 2535 ut
1537 2483 1604 2536 ab
1633 2486 1736 2537 hu-

197 2589 310 2626 utana
332 2575 582 2641 dignitate
613 2577 882 2630 transires
915 2579 965 2630 in
998 2592 1222 2645 regnum
1256 2577 1351 2630 Dci
1380 2595 1391 2628 :
1423 2578 1488 2630 Et
1515 2577 1736 2647 quidem

196 2665 333 2715 multis
377 2666 693 2720 hominibus
740 2667 903 2733 hujus
952 2668 1140 2720 Stec-nli
1193 2669 1433 2722 vanitate
1480 2670 1733 2737 captivis,

192 2760 345 2812 similia
369 2761 502 2815 Deus
533 2762 741 2814 auxilia
773 2762 1139 2830 percipiendae
1169 2762 1220 2815 iti
1251 2772 1514 2815 aeternum
1546 2763 1738 2816 salutis

191 2852 346 2907 oli'rrrc
373 2855 658 2924 dignatur,
691 2855 784 2907 sed
818 2855 1090 2922 plerique,
1133 2855 1513 2922 superantibus
1545 2854 1730 2926 (Mart.

189 2947 405 3018 plerisque
444 2949 871 3018 spernentibus]
903 2964 1034 3002 sana
1081 2949 1308 3001 consilia
1356 2949 1736 3003 Sollicitudini-

189 3039 263 3092 lius
279 3041 599 3107 divitiarum,
636 3058 699 3096 ac
725 3042 1179 3096 dclematiouihus
1199 3060 1514 3112 corporum,
1543 3046 1736 3098 nolunt

186 3131 472 3201 intelligere,
513 3143 578 3189 ut
619 3135 762 3190 bene
799 3145 953 3203 agant
1000 3135 1173 3195 (Psal.
1204 3153 1294 3203 xv,
1327 3137 1496 3207 4):et
1529 3138 1734 3190 malunt

1849 520 1974 576 ferio
2015 530 2327 590 arescente,
2382 537 2544 592 super
2576 521 2848 576 infirmam
2889 535 3112 576 arenam
3149 519 3452 576 :edilicium.

1849 616 2151 680 collocasti,
2181 615 2276 669 sed
2307 631 2468 684 super
2498 615 2780 670 immobile
2829 614 3263 678 fundamentum,
3298 615 3447 686 quod

1849 719 1930 762 cst
1964 707 2209 762 Christus
2233 753 2247 777 ,
2297 717 2481 776 pi'a’ter
2509 708 2647 778 quod
2686 707 2829 762 aliud
2868 708 3262 777 fundamentum
3295 721 3443 758 nemo

1850 808 2013 869 potest
2057 816 2243 870 ponere
2279 800 2331 852 in
2374 800 2832 852 consmnnutndmn
2871 797 2914 868 (l
2947 796 3066 851 Cor.
3097 812 3178 865 ιιι,
3215 795 3332 867 ii):
3358 807 3445 850 ar-

1847 904 2012 962 gento
2045 903 2097 945 et
2123 907 2253 946 auro
2282 903 2335 946 et
2367 893 2634 960 lapidibus
2663 891 2915 960 pretiosis
2941 900 3196 946 extruere
3224 891 3443 960 coepisti

1848 987 1901 1039 in
1933 985 2172 1039 Clitisto.
2202 986 2267 1039 Et
2297 988 2419 1055 quia
2453 985 2667 1053 perficis
2697 984 2800 1038 hoc
2829 985 3113 1040 aediﬁcium
3145 985 3268 1054 (Dei
3299 986 3448 1039 enim

1847 1079 2138 1133 aedificatio
2170 1078 2275 1150 est)
2311 1080 2350 1150 (l
2386 1079 2506 1134 Cor.
2538 1095 2616 1144 ιιι,
2645 1077 2700 1149 9)
2734 1079 2823 1133 ille
2851 1079 3071 1148 sapiens
3114 1080 3450 1134 architectus

1845 1173 2047 1227 insistit
2094 1174 2246 1242 operi
2300 1184 2390 1228 tuo
2436 1183 2494 1226 ut
2540 1173 2734 1227 doceat
2779 1182 2830 1225 te
2859 1188 3182 1242 percurrere
3223 1188 3446 1228 cursum

1846 1266 2070 1329 bonum,
2109 1266 2359 1320 oblivisci
2406 1282 2528 1336 qum
2573 1276 2724 1321 retro
2773 1277 2902 1320 sunt
2945 1284 2957 1318 :
3007 1276 3058 1321 et
3108 1266 3329 1321 cxtettdi
3376 1266 3445 1320 ad

1846 1357 2091 1411 braviutn
2126 1374 2373 1428 Supernae
2414 1359 2718 1414 vocationis
2763 1357 3038 1430 (Philipp.
3085 1375 3164 1426 ιιι,
3217 1358 3346 1431 15),
3389 1369 3450 1413 ιιι.

1845 1455 2224 1522 apprehendas
2264 1456 2317 1508 iu
2350 1471 2458 1525 quo
2497 1454 2840 1524 apprehensa
2879 1470 2960 1522 es,
2995 1463 3053 1510 et
3090 1454 3324 1526 accipias
3353 1468 3448 1508 eoo

1844 1562 2032 1601 rouotn
2058 1549 2309 1617 justiti-oe,
2334 1558 2391 1603 et
2420 1549 2670 1604 diadema
2701 1548 2892 1618 gloria:
2924 1549 2992 1602 de
3019 1564 3185 1602 manu
3212 1548 3458 1602 Domini.-

1844 1640 2085 1712 Cumqne
2125 1659 2318 1712 magna
2364 1643 2481 1698 dies
2519 1643 2612 1697 illa
2652 1644 2706 1696 in
2740 1643 2864 1712 igne
2915 1642 3146 1711 coeperit
3190 1641 3448 1709 revelari,

1844 1751 1952 1789 non
2003 1748 2383 1790 concremetur
2432 1751 2570 1805 opus
2618 1745 2768 1789 tntnn
2819 1735 3083 1804 sapientis
3134 1735 3276 1806 ignis
3317 1750 3448 1790 exa-

1676 1841 1736 1886 ιιι

1847 1831 2031 1894 mine,
2083 1831 2176 1886 sed
2225 1831 2574 1903 probetur“
2607 1831 2728 1885 Cor.
2779 1847 2858 1892 ut.
2916 1831 3030 1901 15).
3079 1831 3196 1886 Nec
3241 1833 3448 1886 exstin-

1841 1934 2037 1992 guatur
2069 1923 2247 1978 lumen
2278 1933 2452 1988 tuum,
2489 1923 2584 1976 sed
2619 1923 2763 1976 inter
2791 1922 2983 1978 stellas
3013 1924 3280 1980 clariores
3305 1925 3443 1979 cmi-

1841 2026 1946 2079 cet,
2000 2019 2143 2072 inter
2192 2018 2315 2071 illos
2359 2018 2449 2084 qui
2485 2018 2751 2089 fulgebunt
2781 2019 2916 2070 sicut
2963 2017 3043 2071 sol
3076 2017 3126 2070 in
3155 2034 3312 2088 regno
3342 2019 3441 2072 Dei

1842 2109 2074 2181 (Matth.
2109 2126 2225 2172 xm,
2257 2110 2387 2178 45),
2435 2120 2482 2162 et
2512 2111 2646 2162 sicut
2690 2108 2814 2163 luna
2843 2111 2897 2163 in
2928 2119 3178 2164 (etei-num
3211 2110 3450 2180 perfecta

1841 2206 1857 2272 (
1885 2203 2031 2256 Psal.
2067 2219 2331 2270 Lxxxvm,
2364 2201 2474 2272 58)
2519 2219 2533 2256 :
2576 2217 2715 2271 quos
2746 2202 2910 2256 etiam
2941 2219 3033 2272 per
3064 2203 3200 2256 diem
3233 2203 3312 2257 sol
3341 2218 3446 2258 non

1841 2308 1984 2361 uret,
2025 2313 2185 2368 neque
2216 2298 2339 2351 luna
2371 2312 2463 2365 per
2491 2305 2692 2349 noctem
2740 2292 2932 2366 (Psal.
2963 2310 3087 2355 cxx,
3131 2293 3229 2364 6).
3269 2294 3448 2348 Erunt

1839 2394 1984 2448 enim
2017 2393 2068 2446 iu
2101 2392 2405 2445 Jerusalem
2451 2390 2584 2445 urbe
2626 2390 2720 2443 illa
2752 2388 2964 2442 cmlesti
3011 2397 3438 2456 permanentes:

1839 2489 1922 2542 cui
1971 2489 2085 2556 ipse
2119 2486 2376 2539 [inanimis
2402 2526 2415 2550 ,
2465 2495 2521 2536 ut
2571 2483 2832 2552 scriptum
2874 2491 2978 2546 est,
3012 2481 3116 2536 crit
3144 2490 3200 2536 et
3245 2497 3448 2538 nomen

1839 2589 1893 2634 et.
1923 2581 2101 2633 lumen
2135 2577 2322 2647 (Apoc.
2358 2592 2476 2641 xxi,
2506 2577 2622 2645 Si).

1913 2673 2048 2727 \‘lll.
2095 2673 2356 2727 Yideutes
2406 2687 2537 2739 ergo
2597 2678 2654 2724 et
2712 2670 3080 2740 praevidentes
3139 2671 3191 2724 in
3245 2671 3442 2740 spiritu

1839 2768 2230 2828 revelationis,
2283 2782 2535 2835 magnotu
2589 2764 2688 2818 tibi
2741 2767 3065 2834 perennium
3114 2765 3441 2834 gaudiorum

1840 2875 2074 2914 messem
2107 2859 2420 2921 ﬂorescere,
2469 2856 2812 2910 exsultamns
2843 2859 2892 2908 in
2932 2857 3182 2920 Domino,
3220 2867 3274 2910 et
3299 2873 3438 2925 gau~

1839 2954 2032 3007 dentes
2082 2951 2349 3005 fructibus
2391 2950 2518 3013 tuis,
2562 2950 2618 3002 in
2650 2965 2786 3002 voce
2838 2949 3218 3003 exsultationis
3246 2950 3442 3017 psalmi

1838 3048 2084 3100 canimus
2117 3063 2128 3096 :
2158 3045 2349 3113 Magna
2378 3059 2533 3113 opera
2561 3041 2792 3104 Domini,
2827 3041 3084 3111 exquisita
3110 3043 3242 3095 inter
3263 3057 3439 3096 omnes

1836 3142 2128 3192 roluntates
2157 3142 2268 3209 ejus
2299 3135 2488 3207 (Psal.
2517 3151 2608 3204 cx,
2641 3136 2713 3201 2)
2743 3153 2755 3188 :
2785 3135 2907 3204 quia
2936 3135 3162 3188 multum
3195 3134 3440 3190 abunda-

185 3225 266 3280 lata
291 3227 366 3281 via
395 3229 728 3298 perditionis
761 3229 987 3298 spatiari
1031 3245 1152 3283 cum
1187 3231 1403 3297 multis,
1447 3247 1604 3299 quam
1639 3247 1734 3282 an-
1763 3211 1808 3273 Ο
1842 3235 1914 3287 vit
1945 3234 2157 3288 bonitas
2179 3233 2319 3299 ejus,
2348 3229 2793 3298 superabundare
2819 3227 3260 3282 tribulationibus
3290 3229 3435 3282 tuis:

185 3331 352 3385 iustam
379 3324 636 3376 semitam
663 3323 908 3376 invenire
933 3338 1054 3377 cum
1083 3326 1268 3391 paucis
1294 3323 1476 3395 (Matt.
1505 3339 1601 3387 vtt,
1625 3327 1733 3392 l5).

187 3411 306 3468 liude
332 3425 380 3469 et
413 3424 468 3469 tu
494 3457 510 3481 ,
547 3415 898 3480 beatissima,
929 3416 1012 3469 cui
1045 3415 1301 3468 donatum
1331 3426 1412 3469 est
1440 3423 1546 3469 n‘on
1576 3416 1738 3469 indu-

183 3508 263 3559 rari
289 3508 363 3573 pia
389 3509 784 3578 castigatione,
832 3507 926 3562 sed
957 3510 1152 3577 corrigi
1176 3525 1191 3562 :
1219 3523 1394 3576 neque
1423 3509 1648 3578 gloriari
1679 3507 1734 3562 in

181 3597 364 3662 diritiis,
393 3601 490 3655 sed
522 3617 678 3670 spem
715 3611 770 3655 et
797 3616 909 3654 rem
943 3601 996 3654 in
1032 3601 1142 3654 Deo
1178 3615 1402 3669 ponere,
1433 3609 1488 3655 et
1519 3616 1549 3653 a
1584 3611 1735 3656 sorte

181 3687 370 3746 divitum
399 3706 748 3762 peccatorum
782 3693 949 3748 dividi
995 3710 1007 3744 :
1048 3707 1280 3762 quorum
1308 3707 1404 3746 cor
1431 3701 1486 3746 ut
1517 3707 1734 3746 omnum

182 3791 261 3845 est,
280 3786 394 3851 quia
425 3797 476 3838 et
509 3801 610 3839 cor
638 3787 777 3838 sicut
808 3785 1123 3839 thesaurum
1155 3800 1312 3838 suum
1353 3785 1405 3838 in
1448 3794 1595 3840 terra
1639 3785 1735 3839 de-

182 3888 386 3944 ntemunt
426 3893 442 3928 :
491 3879 663 3930 transi
711 3876 780 3930 ad
833 3877 1112 3930 beatorum
1160 3892 1454 3946 pauperum
1505 3887 1731 3940 sortem,

184 3981 363 4033 quorum
396 3973 631 4024 formam
665 3970 920 4025 Christus
947 3971 1178 4041 accepit,
1215 3981 1260 4024 et
1293 3972 1461 4037 [actus
1489 3983 1562 4024 est
1589 3975 1736 4041 refu-

185 4059 288 4125 giunt
332 4065 548 4134 pauperi
605 4063 800 4133 (Prol.
836 4080 911 4126 ιχ,
964 4065 1087 4134 10).
1139 4063 1326 4132 Neque
1373 4063 1604 4128 divites,
1637 4064 1734 4118 sed

185 4167 403 4219 pauperes
453 4158 608 4211 beati
660 4173 889 4225 quorum
945 4172 1072 4212 esse
1136 4156 1454 4225 pronuntiat
1506 4173 1732 4226 regnum

181 4247 398 4303 cmlorttm
431 4250 654 4316 (Matth.
690 4267 741 4314 ι’,
771 4250 851 4319 5).

242 4338 332 4393 Vll.
371 4343 548 4396 Tuom
601 4355 684 4396 est
730 4358 863 4412 ergo
914 4358 1055 4397 nunc
1101 4342 1158 4397 in
1202 4359 1394 4413 magna
1439 4344 1731 4413 gratiarum

181 4433 355 4489 actione
402 4439 681 4495 confiteri.
732 4448 787 4490 et
838 4439 1068 4506 psallere
1098 4437 1327 4491 Domino
1360 4455 1374 4491 :
1409 4455 1528 4506 qua:
1572 4440 1643 4491 ita
1679 4446 1736 4491 ut

182 4529 477 4596 audivimus,
531 4543 585 4586 et
628 4531 818 4586 habitu
867 4542 921 4586 et
965 4532 1128 4585 corde
1175 4532 1498 4585 humilitatis
1537 4543 1731 4585 ornata

1840 3323 2277 3395 quandoquidem
2319 3332 2372 3376 te
2408 3322 2464 3374 in
2513 3337 2700 3376 eorum
2751 3329 2902 3374 sorte
2948 3320 3165 3374 vocavit
3208 3321 3436 3387 perenni

1840 3419 2026 3472 lzetitia
2074 3425 2130 3472 et
2181 3416 2498 3470 litereditate
2529 3413 2760 3475 cmlcsti,
2814 3413 2949 3467 etin
2983 3413 3194 3467 honore
3235 3414 3431 3483 regali,

1840 3519 1896 3565 et
1945 3511 1997 3564 in
2049 3523 2312 3562 conseSsu
2361 3506 2795 3576 superjudiciali.
2843 3506 3164 3561 Toleranda:
3205 3516 3331 3562 sunt
3377 3507 3436 3562 in

1840 3604 1944 3658 hoc
1987 3602 2189 3657 sacculo
2237 3600 2560 3654 humilitatis
2607 3599 2912 3667 passiones,
2967 3614 3089 3669 qua:
3137 3599 3230 3652 tibi
3262 3615 3292 3653 ιι
3325 3601 3435 3654 Deo

1836 3694 2399 3763 recompensabuntur
2447 3710 2459 3746 :
2507 3699 2567 3746 et
2598 3701 2653 3744 tu
2695 3691 2981 3745 benedicta
3011 3689 3264 3744 similiter
3294 3691 3436 3745 inte-

1838 3789 1938 3843 i-im
1973 3788 2055 3842 his
2085 3787 2267 3842 verbis
2313 3786 2606 3840 consolare
2655 3802 2668 3839 :
2716 3793 2774 3837 ut
2812 3793 2867 3838 et.
2908 3793 3149 3838 veterum
3181 3784 3430 3839 dolerum

1837 3881 2200 3948 obliviscaris,
2227 3889 2282 3934 et.
2314 3881 2367 3933 in
2393 3878 2646 3949 praesenti
2691 3877 2994 3947 proposito,
3023 3892 3130 3946 quo
3157 3877 3237 3944 (ad
3264 3891 3432 3944 Opera

1838 3974 2094 4028 salutaria
2146 3973 2369 4028 clevasti
2419 3985 2611 4025 manus
2661 3979 2803 4034 tuas,
2851 3968 3020 4022 corde
3051 3968 3291 4036 perfecto
3341 3971 3431 4021 tir—

1837 4076 2002 4131 mata,
2053 4064 2378 4118 fiducialiter
2425 4064 2729 4115 futurorum
2781 4062 3046 4114 bonorum
3092 4060 3188 4114 tibi
3241 4075 3433 4128 perpe-

1836 4169 1982 4213 tuam
2007 4157 2317 4212 felicitatem
2343 4155 2534 4209 festiva
2559 4153 2915 4207 meditatione
2937 4151 3249 4222 promittas:
3273 4161 3434 4221 teque

1836 4253 2007 4322 ipsam
2039 4250 2090 4303 in
2122 4249 2318 4303 caelum
2351 4246 2530 4300 animo
2557 4246 2824 4315 gestiente
2855 4257 3189 4312 praecurras:
3218 4251 3275 4295 ut
3301 4242 3432 4296 dum

1837 4359 2067 4413 corpore
2117 4341 2351 4397 moraris
2402 4341 2459 4394 in
2492 4351 2658 4404 terra,
2698 4339 2808 4407 jam
2837 4337 2902 4390 ad
2933 4335 3205 4390 (Lhristutu
3251 4345 3432 4392 mente

1839 4441 2124 4512 pervenias
2170 4457 2184 4492 :
2229 4437 2467 4506 dumque
2514 4434 2792 4490 Christum
2847 4435 3062 4488 conaris
3113 4433 3338 4494 imitari,
3377 4443 3437 4488 et.

1839 4536 2066 4604 vestigio
2097 4533 2216 4602 ejus
2241 4531 2498 4600 attigeris,
2541 4529 2809 4596 depositis
2848 4527 3130 4591 oneribus,
3174 4537 3228 4579 et
3258 4527 3432 4595 impc-

181 4634 241 4684 ες,
269 4635 320 4676 ιιι
349 4625 547 4695 lingua:
577 4637 682 4678 tua:
710 4636 762 4678 et
787 4625 954 4678 menti
986 4633 1091 4677 tua:
1122 4625 1377 4678 Davidtca
1409 4624 1572 4677 verba
1602 4639 1732 4676 con-
1759 4598 1812 4657 D
1842 4627 2096 4681 dimentis
2148 4635 2310 4693 atque
2355 4621 2714 4688 compedibus
2739 4661 2754 4688 ,
2806 4621 3000 4691 quibus
3044 4619 3223 4674 saeculi
3273 4618 3436 4687 hujus

183 4718 366 4771 teiant
395 4735 410 4771 :
446 4719 649 4772 Bonum
677 4719 803 4772 mihi
829 4730 923 4786 est,
958 4720 1094 4789 quod
1123 4719 1410 4773 ltumiliasti
1438 4736 1536 4783 tne,
1567 4729 1620 4772 ut
1647 4721 1731 4772 tli-

179 4825 334 4864 iterem
380 4814 630 4867 uitandam
673 4824 764 4867 tua
812 4813 1005 4883 (Ps-al.
1049 4828 1242 4879 cxvut,
1291 4814 1354 4867 7|
1390 4813 1430 4882 ).
1479 4814 1734 4878 Adjiccre

182 4913 310 4958 eum
353 4909 496 4975 quod
545 4909 732 4962 statim
785 4908 1030 4977 sequitur
1070 4922 1204 4961 vere
1241 4909 1442 4976 poteris
1478 4926 1489 4960 :
1531 4906 1734 4960 Bonum

185 4996 280 5047 mihi
321 5009 389 5051 est
439 5001 521 5052 lea:
569 5001 671 5052 oris
722 5000 798 5052 tui
857 5015 1015 5066 super
1059 4997 1226 5052 millia
1280 4999 1393 5050 auri
1443 5007 1489 5052 et
1535 5001 1734 5067 argenti

187 5084 325 5151 ll’sal.
355 5105 538 5154 cxvnt,
570 5091 684 5156 72).
729 5091 952 5158 Elegisti
994 5092 1136 5144 enim
1178 5089 1464 5145 thesauros
1493 5099 1613 5143 tuos
1642 5106 1739 5159 po-

189 5192 288 5233 tiere
314 5183 362 5236 iu
391 5185 677 5254 prasceptis
705 5185 988 5238 Altissitni.
1021 5183 1262 5237 Dicimus
1291 5192 1347 5237 et
1374 5199 1476 5237 nos
1503 5199 1736 5251 congra-

189 5273 382 5329 tuiantes
414 5279 511 5330 tibi
543 5279 591 5331 in
625 5278 806 5332 verbis
834 5278 1123 5346 Propheta:
1152 5295 1163 5329 :
1193 5276 1394 5339 Gaude,
1424 5277 1538 5344 ﬁlia
1568 5277 1738 5340 Sion;

191 5365 348 5428 ιιεέιιιε,
368 5369 479 5433 ﬁlia
500 5369 786 5424 Jerusalem
801 5367 834 5439 κ(
848 5368 1007 5422 Zach.
1041 5385 1108 5433 ιι,
1144 5369 1233 5433 10,
1265 5372 1415 5438 fua'ta
1439 5367 1589 5420 LXX
1610 5375 1648 5437 ),
1686 5376 1741 5422 et

191 5455 474 5514 obliviscere
503 5464 788 5526 malorum,
816 5477 936 5530 qua:
969 5462 1066 5516 tibi
1089 5462 1158 5515 de
1181 5462 1338 5530 hujus
1364 5462 1550 5515 stnculi
1581 5460 1735 5514 bonis

193 5557 280 5600 orta
304 5565 450 5606 sunt:
481 5571 600 5621 quite
627 5556 837 5625 clegisti
869 5555 961 5609 tibi
992 5557 1187 5611 bonam
1222 5566 1450 5624 partem,
1479 5571 1598 5625 qua:
1627 5570 1735 5609 non

196 5639 428 5698 auferetur
455 5645 550 5699 tibi
607 5647 768 5710 (Luc.
803 5665 855 5712 Χ,
886 5648 956 5701 42
981 5651 1022 5710 ).
1056 5648 1227 5704 Nemo
1257 5650 1400 5703 enim
1434 5657 1614 5716 potest
1643 5665 1736 5702 au-

197 5727 308 5788 ter:
349 5738 626 5794 thesauros
672 5743 938 5811 repositos
981 5742 1036 5796 in
1085 5743 1206 5796 sinu
1252 5743 1485 5809 Christi,
1566 5757 1739 5812 neque

199 5840 400 5888 stertere
451 5834 668 5892 domum
704 5837 758 5892 in
796 5836 914 5906 ipso
944 5837 1185 5907 angulari
1222 5838 1400 5908 lapide
1439 5838 1736 5894 fundatam.

1839 4720 2033 4774 divites
2060 4719 2378 4783 attinemur,
2405 4718 2640 4771 sedentes
2664 4720 2716 4770 in
2739 4717 2960 4771 tenebris
2985 4727 3031 4771 et
3058 4718 3238 4772 umbra
3259 4721 3441 4773 mortis

1846 4813 2034 4884 (Psal.
2067 4827 2318 4872 Lxxxvtt,
2351 4811 2415 4881 7)
2445 4829 2458 4864 :
2503 4820 2556 4863 tu
2584 4811 2695 4880 jam
2726 4810 2954 4864 liberata
2979 4821 3034 4864 et
3061 4811 3312 4879 expedita
3342 4827 3437 4865 co-

1844 4907 2056 4960 miteris
2089 4903 2372 4957 Dominum
2406 4902 2710 4972 majestatis
2747 4905 3090 4966 crucifixum,
3117 4904 3270 4974 cujus
3300 4906 3435 4958 ima-

1842 5002 2022 5070 ginem
2059 5014 2165 5053 non
2204 5005 2386 5068 potest
2429 5008 2669 5068 portare,
2718 4999 2819 5052 nisi
2851 5000 2944 5069 qui
2993 5002 3045 5053 in
3079 4999 3182 5052 hoc
3228 5001 3434 5056 smculo

1843 5094 2046 5149 nudum
2087 5108 2146 5148 se
2186 5093 2366 5147 reddit
2403 5103 2459 5148 et
2491 5103 2807 5146 mortuum:
2845 5102 2902 5146 ut
2927 5093 3224 5146 secundum
3254 5093 3434 5162 ipsum

1842 5188 2128 5242 Dominum
2171 5187 2316 5241 dicat
2354 5203 2367 5240 :
2410 5187 2560 5239 Venit
2610 5187 2747 5237 enim
2778 5186 3016 5256 princeps
3046 5185 3222 5236 mundi
3252 5184 3434 5256 hujus,

1844 5291 1886 5335 et
1916 5283 1971 5334 in
1999 5297 2078 5334 me
2106 5281 2236 5334 nihil
2267 5280 2457 5332 inrcnit
2492 5279 2671 5349 (toan.
2701 5293 2814 5345 xiv,
2849 5277 2960 5346 δυ).
2996 5276 3093 5330 *νίξὶ
3130 5278 3430 5331 secundum

1847 5375 2164 5445 prophetam
2202 5373 2366 5426 David
2412 5389 2430 5427 :
2475 5371 2669 5442 It‘artns
2695 5389 2811 5425 sum
2859 5372 2993 5426 inter
3024 5372 3244 5426 viventes
3288 5369 3438 5436 quasi

1846 5474 2076 5518 mortuus
2128 5464 2318 5535 (Psal.
2372 5480 2608 5529 LXXXVII,
2640 5463 2712 5534 6)
2758 5480 2772 5520 :
2823 5473 2883 5519 ut
2910 5465 2987 5519 sic
3018 5467 3160 5519 inter
3191 5472 3436 5518 mortuos

1846 5560 2044 5621 libera.
2081 5560 2257 5629 possis
2289 5559 2440 5628 juxta
2473 5559 2794 5628 Apostolum
2837 5558 3059 5615 dicere:
3096 5558 3222 5612 Vivo
3263 5567 3440 5610 autem

1835 5655 1952 5723 jam
1979 5670 2080 5706 non
2109 5669 2226 5722 ego,
2261 5654 2380 5705 ririt
2407 5661 2581 5705 autem.
2609 5653 2664 5706 in
2691 5669 2767 5706 me
2797 5650 3029 5707 Christus
3052 5649 3199 5719 (Gal.
3225 5666 3284 5715 tl,
3313 5648 3436 5721 20).

1847 5745 2033 5803 Gaude
2078 5748 2201 5818 quia
2252 5746 2389 5801 facta
2441 5760 2498 5800 es
2543 5747 2683 5802 sicut
2731 5746 2966 5816 gloriosa
3012 5741 3196 5797 Judith
3225 5784 3240 5806 ,
3292 5743 3439 5800 inter

1851 5841 2080 5898 virtutes
2119 5839 2390 5912 pudicitiae
2421 5841 2631 5899 meritis
2663 5835 2940 5898 viduitatis
2981 5836 3306 5911 incorruptae
3334 5851 3435 5910 pm
