3916 6288
453 231 531 290 55
1482 226 1542 284 S.
1590 221 1983 284 HIERONYMI
2019 221 2311 285 OPERUM
2348 224 2743 288 MANTISSAJ
3654 235 3719 292 55

452 361 581 408 tens
605 366 619 407 :
645 344 871 407 sicut'et
896 348 1052 408 Anna
1078 344 1409 405 venerabilis
1439 346 1493 402 in
1522 345 1859 417 jejuniorum
1890 342 2133 406 casti-1
2159 345 2369 413 tiducia,
2402 346 2455 402 in
2487 362 2699 403 summa
2723 361 2857 419 pace
2880 360 2980 404 nos
3004 361 3123 405 esse
3148 348 3459 406 credamus:
3482 356 3723 421 tantaque

455 446 636 502 monia
664 444 927 501 orationis
956 445 1166 500 instans
1191 450 1352 498 nocte
1382 455 1451 497 ac
1478 441 1587 495 die.

575 560 893 617 MONITUM
931 559 999 616 IN
1037 556 1427 615 EPISTOLAM
1466 555 1918 625 SEQUENTEM.

531 676 752 732 Videtur
777 676 918 731 istud
943 691 1007 730 ea:
1032 673 1317 742 prolixiora
1348 672 1586 744 epistola,
1616 688 1706 725 seu
1736 669 1908 724 libello
1936 670 2045 744 fra-

451 760 731 821 gmentum.
764 750 987 821 maxime
1014 763 1131 821 cum
1154 748 1331 821 [inest
1359 742 1527 821 debita
1557 744 1808 821 sermonis
1834 742 2045 821 conclu-

448 812 595 878 sione
636 830 828 874 careat.
867 817 974 873 Cur
1022 819 1088 872 ad
1138 812 1399 886 virginem
1451 817 1505 870 in
1536 814 1786 869 exsilium
1818 812 2042 867 missam

448 892 775 954 inscribatur,
804 906 869 944 ea:
898 890 1041 942 nullo
1072 889 1272 958 penitus
1304 888 1418 941 loco
1451 886 1741 957 intelligere
1770 894 1846 938 est
1871 900 2043 958 :‘nam

447 981 607 1035 neque
650 966 1036 1035 ejuspersonre
1073 955 1201 1035 uola
1220 975 1435 1035 usquam
1481 965 1553 1012 est
1599 955 1688 1035 aut
1733 955 2043 1035 vestigium;

447 1027 607 1104 neque
638 1027 816 1087 et'rsilii'
857 1034 1067 1097 mentio,
1099 1031 1201 1085 nisi
1245 1030 1339 1084 illo
1390 1033 1612 1100 fortasse
1660 1027 1796 1104 loco,
1844 1027 1929 1104 ubi
1980 1027 2043 1080 de

447 1098 567 1161 Noe
605 1106 823 1169 dicitur,
863 1105 1005 1160 Ecce
1034 1114 1089 1162 et
1127 1104 1220 1159 ille
1246 1117 1360 1156 rem
1391 1098 1582 1170 passus
1609 1099 1814 1154 exsilii.
1849 1098 2043 1170 Aucto-

443 1196 553 1233 rem
597 1179 735 1247 quod
784 1168 979 1247 spectat
1026 1168 1833 1247 (quandoquidem_Ilieronymi
1883 1168 2040 1235 liquet

447 1267 550 1307 non
580 1242 709 1318 esse)
738 1242 903 1318 stglus
939 1242 1111 1301 autem
1149 1242 1621 1318 cuntiantecredenti
1649 1242 1891 1318 proxime
1917 1256 2042 1293 con-

443 1330 615 1385 sonat,
650 1313 927 1373 uitde'htec
963 1320 1119 1373 etiam
1152 1317 1369 1371 Paulini
1406 1316 1567 1369 videri
1600 1315 1764 1368 doctis
1792 1313 1917 1365 uiris
1945 1327 2042 1382 po-

445 1394 543 1447 tuit
567 1408 584 1444 :
606 1392 784 1446 eodem
811 1398 1113 1461 argumento
1152 1406 1254 1457 quo
1284 1386 1433 1441 illam
1462 1386 1716 1454 Philippo
1743 1385 2039 1461 presbytero

444 1464 683 1530 attribui,
715 1464 848 1516 hanc
872 1456 1079 1533 quoque
1106 1456 1273 1515 eidem
1300 1476 1449 1528 posse
1476 1473 1593 1513 reor
1623 1456 1832 1511 ascribi.

1005 1550 1479 1623 EPISTOLAXIV,

478 1668 577 1709 SBU
615 1664 943 1708 CONSOLATIO
981 1664 1050 1703 Alt
1090 1661 1347 1702 VIRGINEM
1385 1661 1436 1701 IN
1476 1659 1733 1699 EXSILIUM
1784 1658 1997 1698 Μίδεω.

2150 438 2224 494 sit
2250 441 2301 494 in
2334 440 2493 497 nobis
2521 456 2648 511 spes
2681 440 3008 509 futurorum,
3042 452 3101 497 ut
3129 442 3348 497 omnino
3386 458 3491 497 non
3533 443 3722 499 sentia-

2148 548 2270 589 mus
2302 549 2400 589 nos
2440 534 2705 590 sustinere
2738 535 2831 588 illa
2877 550 2996 603 quae
3038 534 3298 605 patimur,
3336 537 3431 591 sed
3464 552 3525 590 ea
3556 538 3723 604 potius

2148 627 2477 682 arbitremur
2514 627 2625 698 jam
2667 628 2919 689 obtinere
2947 644 3068 699 quae
3111 629 3408 685 credimus.
3453 630 3723 699 Siquidem

2148 722 2351 776 dictum
2378 730 2482 787 est,
2511 722 2652 777 unde
2682 731 2856 778 totum
2886 737 2986 776 nos
3013 724 3067 777 in
3096 724 3278 778 futuro
3305 723 3507 778 habere
3531 739 3722 793 cogno-

2147 814 2349 871 scimus
2373 834 2387 870 :
2413 814 2519 886 Spe
2548 816 2675 870 salvi
2701 818 2825 887 facti
2846 832 3046 872 sumus.
3089 816 3225 888 Spes
3254 827 3425 871 autent
3450 834 3564 890 qua:
3588 820 3722 873 uide-

2148 920 2251 973 tur,
2281 926 2383 963 non
2421 918 2495 963 est
2523 926 2640 981 spes
2678 910 2858 981 (Rom.
2891 925 3011 976 vni,
3040 910 3159 979 24).
3199 912 3281 966 Ad
3322 913 3425 966 hoc
3454 928 3583 984 ergo
3613 923 3724 968 tau—

2146 1012 2256 1057 tam
2290 1002 2343 1057 in
2378 1003 2532 1058 nobis
2562 1003 2688 1059 ﬁdei
2738 1003 3097 1060 stabilitatem
3129 1003 3394 1060 Dominus
3421 1020 3543 1061 esse
3585 1006 3723 1061 desi-

2146 1096 2303 1150 derat
2343 1114 2357 1151 :
2404 1104 2463 1151 ut
2508 1097 2715 1151 certius
2744 1111 2868 1153 esse
2897 1096 3042 1168 quod
3068 1096 3365 1164 credimus,
3398 1113 3557 1167 quam
3585 1100 3723 1168 quod

2147 1191 2405 1260 patimur,
2447 1191 2757 1261 judicemus
2792 1210 2806 1247 :
2850 1200 2906 1246 et
2934 1191 3116 1247 verius
3146 1192 3441 1249 habeamus
3467 1194 3724 1261 speranda

2144 1300 2305 1354 quam
2337 1285 2621 1339 seusibilia
2652 1295 2745 1339 :et
2791 1293 3092 1354 pratsentes
3120 1285 3403 1355 angustias
3451 1301 3558 1339 non
3610 1302 3725 1340 seu-

2146 1379 2361 1445 tiamus,
2394 1378 2525 1432 dum
2556 1378 2608 1433 in
2638 1377 2870 1433 futuram
2905 1393 3058 1447 spem
3090 1387 3201 1433 tota
3230 1377 3396 1432 animi
3430 1377 3724 1433 intentione

2145 1469 2541 1538 protendimur.
2566 1469 2647 1525 Ac
2673 1470 2718 1524 si
2744 1468 2975 1524 bellator
2997 1468 3194 1537 aliquis
3218 1468 3471 1523 dolorem
3497 1468 3726 1523 vulneris

2146 1568 2241 1614 aut
2268 1568 2602 1623 contemnat,
2633 1570 2725 1614 aut
2747 1559 2979 1623 nesciat,
3002 1559 3129 1614 dum
3157 1560 3413 1615 omnibus
3437 1558 3728 1614 vivacitatis

2146 1653 2402 1707 sensibus
2441 1652 2615 1706 solam
2656 1651 2872 1708 videtur
2909 1652 3149 1722 cogitare
3186 1652 3491 1707 victoriam.
3520 1649 3650 1705 Nam
3677 1660 3729 1706 et

516 1748 559 1801 ι.
600 1746 658 1801 Si
688 1746 828 1801 Deus
859 1758 922 1798 ac
961 1741 1223 1797 Dominus
1263 1747 1450 1794 noster
1475 1736 1725 1793 Christus
1757 1736 1916 1791 Jesus
1945 1750 2037 1789 se-
2068 1774 2117 1836 Β
2145 1744 2235 1813 qui
2268 1754 2509 1812 tempore
2539 1743 2750 1815 hyemis
2775 1741 2926 1798 vadit
2962 1742 3031 1798 ad
3061 1744 3306 1809 balneas,
3347 1744 3499 1813 prius
3521 1743 3722 1812 προτί-

449 1841 777 1905 curitatem,
828 1852 1041 1909 pacem,
1088 1834 1555 1905 tranquillitatem,
1606 1831 1864 1901 quietem,
1915 1844 2041 1899 pro-

452 1938 798 2007 speritatem,
852 1931 1119 1999 lattitiam,
1168 1938 1222 1985 et
1265 1942 1628 2000 quaecumque
1671 1926 1775 1980 alia
1805 1925 2044 1991 esseju-

451 2032 791 2087 ciiiiditatum
840 2044 1042 2100 genera
1093 2034 1345 2098 possunt,
1404 2024 1578 2080 servis
1633 2032 1687 2079 et
1738 2019 2043 2076 cultoribus

444 2125 557 2180 suis
587 2133 693 2177 tam
733 2123 787 2176 in
823 2120 1100 2191 przesenti,
1136 2134 1295 2188 quam
1344 2118 1399 2172 in
1449 2116 1632 2171 futuro
1676 2114 2039 2184 promitteret,

443 2223 594 2272 esset
621 2213 780 2270 nobis
806 2228 913 2267 non
956 2210 1232 2267 immerito
1259 2209 1550 2264 dolendum
1576 2216 1740 2277 atque
1778 2204 2039 2268 ﬂendum,

444 2308 491 2363 si
540 2321 647 2377 qua
696 2306 748 2359 in
796 2303 1052 2377 praesenti
1099 2303 1208 2357 vita
1257 2300 1525 2357 contraria
1583 2309 1912 2367 pateremur,
1973 2310 2042 2351 eo

450 2404 599 2475 quod
639 2410 838 2473 praeter
877 2399 1198 2470 inspiratam
1228 2397 1505 2462 dolorem,
1547 2394 1703 2465 cujus
1732 2408 1798 2449 eo
1824 2406 2044 2459 semper

448 2494 698 2549 acerbior
724 2491 802 2547 vis
852 2500 956 2559 est,
1015 2506 1122 2561 quo
1163 2489 1332 2559 magis
1381 2487 1698 2558 repentinus
1755 2485 2037 2551 acciderit,

447 2588 628 2641 futura
674 2600 891 2655 quoque
936 2580 1223 2653 promissio
1269 2590 1417 2636 esset
1461 2578 1734 2647 ambigua,
1787 2578 2042 2648 pratscnti

448 2681 566 2750 spei
600 2677 988 2733 sollicitatione
1014 2675 1293 2730 frustrata.
1322 2674 1394 2729 At
1419 2688 1551 2729 vero
1569 2687 1691 2727 cum
1715 2686 1745 2726 e
1767 2668 2043 2724 contrario

448 2769 873 2834 sollicitudines,
929 2767 1107 2833 bella,
1156 2776 1531 2837 tempestates,
1607 2761 2038 2833 inquietudines,

447 2864 718 2929 miserias,
754 2862 1024 2929 tristitias,
1054 2860 1200 2928 odia,
1229 2873 1291 2913 ac
1318 2858 1422 2913 alia
1451 2871 1804 2929 quaecumque
1833 2856 2041 2910 incom-

446 2959 737 3015 modorum
766 2967 928 3027 atque
958 2970 1323 3011 :erumnarum
1353 2968 1553 3023 genera
1578 2966 1700 3007 esse
1720 2950 2039 3017 creduntur,

446 3053 501 3107 in
544 3051 798 3121 prtescnti
848 3063 950 3104 nos
996 3061 1255 3119 passuros
1294 3062 1415 3103 esse
1458 3044 1810 3115 praedixerit,
1852 3052 2041 3097 contra

448 3144 723 3213 praedictae
759 3141 1199 3197 commutationis
1239 3141 1484 3203 taedium,
1523 3138 1591 3193 de
1621 3137 1889 3207 promissa
1930 3151 2037 3189 non

2148 1845 2316 1891 tatem
2371 1836 2588 1907 frigoris
2636 1835 2809 1891 nudus
2860 1835 3131 1907 patienter
3175 1835 3401 1905 excipit,
3458 1835 3582 1905 quia
3613 1849 3727 1889 eum

2148 1937 2404 1982 secutura
2445 1927 2735 1982 calcfactio
2774 1928 3112 1983 consolatur.
3152 1928 3233 1983 Ita
3271 1936 3423 1983 certa
3460 1940 3585 1997 spes
3621 1942 3727 1981 rem

2146 2021 2315 2075 vincit
2343 2020 2664 2086 instantem,
2709 2029 2769 2074 ut
2818 2020 2954 2076 illud
2985 2019 3389 2090 quodammodo
3434 2036 3557 2077 esse
3602 2018 3729 2074 inci—

2146 2116 2261 2187 piat
2285 2116 2435 2183 quod
2464 2115 2705 2171 futurum
2732 2124 2837 2182 est,
2862 2126 2916 2172 et
2940 2115 3158 2171 desinat
3177 2132 3299 2172 esse
3324 2115 3478 2186 quod
3504 2131 3731 2186 praesens

2147 2220 2250 2265 est.
2284 2209 2351 2266 In
2380 2228 2477 2277 me,
2514 2211 2687 2280 inquit
2719 2211 3001 2275 Dominus,
3029 2227 3207 2283 pacem
3238 2210 3495 2273 habeatis,
3528 2209 3631 2264 hoc
3655 2217 3732 2263 est

2147 2305 2363 2360 dicere:
2390 2304 2627 2360 Firmius
2664 2304 2823 2359 vobis
2856 2304 2930 2359 sit
2956 2303 3101 2374 quod
3134 2304 3191 2358 in
3218 2318 3307 2358 me
3340 2314 3448 2369 est,
3478 2302 3568 2373 qui
3593 2317 3730 2357 sem-

2148 2410 2245 2465 per
2272 2410 2393 2450 sum
2411 2438 2425 2463 ,
2478 2411 2636 2465 quam
2664 2395 2813 2464 quod
2863 2395 2918 2450 in
2964 2396 3250 2465 temporali
3278 2395 3492 2466 geritur
3517 2393 3729 2449 mundo.

2147 2490 2284 2557 Quia
2330 2491 2565 2546 mundus
2598 2491 2874 2559 transibit,
2907 2500 2964 2547 et
3009 2490 3213 2546 malitia
3244 2505 3602 2562 qumcumquc
3629 2491 3731 2559 agi-

2149 2594 2236 2639 tur
2278 2582 2331 2637 iu
2364 2584 2503 2651 ipso,
2554 2584 2793 2639 ﬁnietur.
2834 2585 2944 2640 Pax
2976 2600 3106 2640 vero
3139 2600 3257 2640 mea
3304 2585 3455 2640 nulla
3490 2598 3728 2653 mnquam

2147 2677 2452 2734 delectione
2492 2679 2751 2747 temporis
2786 2678 3045 2734 solvetur.
3076 2680 3150 2734 Et
3176 2680 3309 2735 alibi
3345 2679 3512 2734 dicit:
3544 2677 3730 2731 Mulier

2148 2786 2261 2823 cum
2289 2771 2448 2841 parit,
2482 2771 2750 2824 tristitiam
2786 2770 2972 2840 habet,
3024 2771 3270 2840 quoniam
3299 2772 3437 2824 venit
3466 2770 3572 2823 dies
3600 2772 3726 2840 ejus.

2146 2860 2277 2917 Cum
2301 2872 2475 2916 autem
2510 2864 2765 2935 pepererit
2791 2880 3031 2933 puerum,
3068 2879 3170 2917 non
3194 2864 3431 2917 meminit
3450 2865 3564 2934 jam
3593 2876 3728 2931 pres-

2145 2970 2299 3019 δια-ω,
2335 2965 2545 3024 propter
2581 2955 2855 3025 gaudium,
2894 2957 3018 3026 quia
3046 2966 3199 3010 natus
3225 2965 3297 3009 est
3318 2955 3481 3009 homo
3510 2954 3561 3006 in
3590 2967 3731 3004 mun-

2146 3048 2293 3103 dum.
2326 3047 2395 3102 Et
2435 3066 2523 3103 vos
2555 3067 2693 3104 nunc
2719 3051 2924 3120 quidem
2950 3052 3220 3105 tristitiam
3261 3050 3490 3111 habetis.
3519 3047 3603 3103 sed
3644 3046 3728 3097 tri-

2146 3144 2285 3197 stitia
2312 3154 2479 3197 vestra
2506 3153 2728 3197 vertetur
2754 3145 2808 3198 in
2834 3144 3103 3215 gaudium.
3134 3142 3164 3197 Ι
3169 3152 3334 3199 terum
3360 3152 3528 3196 autem
3558 3136 3726 3191 videbo

448 3236 555 3294 erit
581 3238 700 3307 quis
739 3236 1103 3307 prosperitate
1145 3248 1391 3289 securus.
1416 3232 1474 3290 Si
1501 3247 1633 3288 vero
1674 3230 2039 3285 commonitus
2067 3220 2113 3285 C
2146 3248 2263 3298 vos,
2313 3243 2361 3287 et
2405 3234 2650 3305 gaudebit
2695 3251 2783 3287 cor
2820 3245 3065 3301 vestrum,
3114 3246 3161 3288 et
3211 3236 3469 3306 gaudium
3516 3240 3723 3285 vestrum

446 3335 641 3399 fueris,
672 3333 725 3387 in
774 3332 888 3400 ipsa
919 3328 1343 3385 commonitione
1387 3326 1616 3382 habebis
1662 3323 1935 3379 solatium.
1969 3324 2041 3378 Et.

448 3427 695 3501 quamvis
718 3441 783 3482 ex
812 3424 1070 3496 praedicto
1097 3423 1239 3477 malo
1270 3421 1514 3477 adversa;
1536 3418 1863 3474 valetudinis
1892 3418 2039 3488 quis-

450 3523 594 3594 piam
623 3517 974 3575 acerbissime
1004 3515 1347 3587 perturbetur
1390 3529 1405 3566 :
1457 3511 1921 3583 perturbationem
1953 3520 2035 3565 ta-

448 3629 575 3669 men
607 3626 714 3665 non
742 3609 945 3679 absque
972 3606 1346 3662 consolatione
1392 3603 1686 3673 suscipiet,
1734 3602 1825 3671 qui
1874 3602 1930 3656 in
1974 3617 2036 3656 ea

451 3707 731 3777 promissa:
753 3701 997 3757 sanitatis
1022 3700 1174 3769 signa
1197 3712 1320 3753 esse
1343 3697 1645 3768 cognoscit.
1674 3695 1793 3748 Pari
1828 3694 2036 3749 ratione

445 3814 549 3855 nos
590 3812 808 3867 quoque
848 3792 1119 3864 jucundos
1148 3805 1270 3845 esse
1299 3805 1363 3844 ac
1394 3790 1547 3843 Izetos
1568 3831 1583 3855 ,
1636 3786 1765 3840 dum
1792 3786 1905 3855 spei
1938 3800 2036 3839 no-

445 3900 575 3945 stra:
602 3889 756 3959 signa
799 3886 1189 3953 conspicimus,
1238 3879 1746 3951 comprobatiouem
1794 3878 1912 3946 ejus
1945 3892 2035 3930 su-

442 3984 663 4048 mimus,
692 3996 814 4036 cum
846 3995 941 4049 per
971 3978 1109 4032 mala
1138 3975 1449 4045 praesentia,
1486 3972 1669 4026 futura
1699 3971 1837 4025 bona
1873 3969 2034 4024 indu-

442 4076 627 4130 hitata:
674 4073 797 4127 ﬁdei
859 4071 1105 4125 manibus
1140 4069 1251 4138 jam
1303 4079 1569 4122 tenemus.
1622 4062 1928 4134 Siquidem,
1978 4072 2034 4117 ut

442 4170 643 4223 dictum
701 4173 816 4230 est,
870 4164 1013 4215 salus
1063 4172 1238 4214 nostra
1299 4162 1351 4213 in
1402 4169 1625 4228 tempore
1680 4155 2031 4209 tribulationis

442 4260 634 4330 (Psal.
666 4272 907 4321 cxxxvu,
940 4254 1072 4323 59).
1120 4253 1330 4307 Nullam
1379 4266 1509 4322 ergo
1558 4250 1721 4305 debet
1764 4262 2028 4318 generare

437 4354 716 4408 tristitiam
767 4350 1160 4420 qualecumque
1213 4345 1343 4401 illud
1373 4354 1491 4411 est,
1544 4343 1687 4413 quod
1735 4342 2025 4395 maximam

438 4452 652 4504 videtur
692 4446 998 4517 signiﬁcare
1029 4442 1291 4497 laetitiam.
1328 4440 1426 4495 Est
1456 4438 1601 4493 enim
1643 4436 1733 4489 ille
1762 4433 2027 4503 superbus

437 4561 503 4600 ac
533 4543 768 4609 invidus,
802 4549 894 4594 aut
922 4538 1003 4593 sui
1030 4536 1342 4591 fastidiosus
1372 4535 1519 4599 boui,
1549 4548 1710 4603 quem
1743 4530 1863 4600 ejus
1895 4543 2023 4599 pro-

2146 3341 2298 3379 ncmo
2328 3324 2473 3379 tollet
2502 3343 2533 3378 a
2560 3326 2703 3379 vobis
2733 3326 2916 3397 (Joan.
2949 3342 3046 3392 xu,
3072 3327 3190 3397 21).

2216 3416 2279 3471 ll.
2307 3417 2663 3486 Aptissimum
2690 3434 2925 3489 namque
2964 3420 3032 3474 ad
3057 3421 3529 3489 comparationem
3560 3414 3723 3470 tribu-

2144 3510 2409 3565 lationum
2435 3513 2787 3580 prmseutium
2821 3522 2878 3567 et
2904 3512 3204 3568 futurorum
3228 3514 3577 3584 gaudiorum,
3597 3523 3725 3577 pra:-

2142 3606 2357 3676 guantis
2403 3605 2653 3660 mulieris
2682 3605 2897 3662 induxit
2936 3609 3243 3677 exemplum
3280 3627 3291 3660 :
3326 3624 3450 3679 qutc
3486 3598 3723 3675 quamvis

2141 3713 2360 3753 causam
2379 3707 2561 3768 partus
2584 3714 2692 3753 non
2706 3700 2914 3769 absque
2941 3700 3144 3770 ingenti
3170 3701 3306 3755 sciat
3331 3700 3523 3756 dolore
3552 3704 3723 3748 trans-

2139 3790 2220 3846 ire
2253 3810 2263 3844 :
2306 3792 2429 3861 quia
2456 3791 2717 3847 aviditate
2744 3794 2911 3847 nimia
2943 3793 3150 3848 liberos
3178 3795 3350 3859 cupit,
3375 3788 3583 3846 doloris
3616 3796 3711 3838 tor-

2139 3894 2380 3939 mentum
2429 3886 2667 3955 spernit,
2710 3886 2837 3940 dum
2879 3887 3023 3956 quod
3052 3887 3184 3942 satis
3214 3887 3432 3958 diligit,
3466 3878 3719 3947 concupi'

2138 3980 2261 4043 scit,
2294 3990 2349 4035 et
2382 3989 2511 4036 ante
2536 3982 2736 4050 gaudet
2762 3997 2827 4037 ex
2859 3983 3051 4051 prole,
3079 3998 3240 4051 quam
3281 3983 3635 4037 contristetur
3659 3986 3717 4025 cx

2136 4083 2298 4142 partu
2332 4093 2343 4127 :
2377 4089 2477 4130 nec
2514 4084 2737 4130 recusat
2772 4076 3143 4131 lmcunditatis
3180 4075 3407 4130 exordia
3437 4114 3453 4139 ,
3482 4063 3718 4140 quamvis

2135 4180 2283 4224 certa
2308 4169 2382 4224 sit
2408 4185 2471 4225 ea
2501 4187 2608 4224 nou
2634 4171 2841 4240 absque
2872 4171 3084 4240 magnis
3103 4170 3404 4239 angoribus
3425 4174 3674 4221 eventura
3702 4175 3711 4207 ε

2137 4261 2396 4328 quoniam
2428 4260 2555 4315 dum
2587 4262 2764 4329 majus
2784 4262 3046 4332 gaudium
3078 4263 3297 4329 cogitat,
3331 4256 3568 4314 tristitiae
3592 4264 3712 4305 cau—

2134 4366 2224 4405 sas
2254 4354 2621 4423 amplectitur.
2653 4353 2745 4409 Sic
2782 4364 2837 4408 et
2867 4354 2920 4408 in
2954 4353 3207 4407 omnibus
3246 4368 3389 4423 pene
3432 4350 3592 4403 rebus
3623 4342 3716 4395 hu-

2134 4445 2309 4499 manis
2337 4445 2559 4501 dillicile
2590 4456 2771 4517 potest
2800 4461 2922 4501 esse
2968 4446 3177 4511 lzetitia,
3210 4446 3313 4500 nisi
3350 4441 3565 4499 tristitia
3592 4443 3712 4488 ante

2131 4540 2514 4607 prtecesserit,
2551 4549 2603 4594 et
2652 4540 2958 4594 amaritudo
2997 4540 3291 4609 prteeuntis
3323 4536 3529 4601 doloris
3572 4541 3714 4583 com—

434 4639 586 4695 liatio
643 4635 819 4691 reddit
878 4630 1196 4687 triSIiorem.
1242 4629 1382 4682 Dicit
1426 4628 1569 4683 enim
1618 4626 1672 4681 in
1724 4626 2022 4695 Evangelio
2054 4644 2106 4705 ι)
2133 4632 2358 4688 mendat
2397 4636 2634 4704 amplius
2664 4635 2857 4705 gaudia
2900 4644 3175 4690 secutura.
3210 4634 3301 4690 Sic
3348 4632 3565 4703 quidem
3598 4634 3712 4692 pre-

436 4729 699 4785 Dominus
736 4744 749 4780 :
792 4725 895 4778 Vos
926 4723 1200 4795 lugebitis,
1247 4731 1292 4775 et
1320 4720 1543 4791 ﬂebitis,
1593 4720 1811 4772 mundus
1853 4728 2025 4772 autem

437 4820 681 4893 gaudebit
713 4834 733 4873 :
768 4836 851 4871 vos
880 4814 1328 4878 contristabimini,
1358 4812 1446 4866 sed
1477 4813 1686 4866 tristitia
1715 4822 1881 4866 t'estra
1909 4828 2025 4866 ver-

435 4924 569 4969 tetur
596 4915 649 4967 in
680 4911 935 4983 gaudium
968 4908 1169 4980 (Joan.
1204 4923 1315 4971 xvr,
1346 4907 1416 4961 ΞΟ
1441 4905 1480 4975 ).
1515 4906 1911 4975 Amplectendo
1939 4914 2022 4960 est

433 5025 566 5079 ergo
592 5005 807 5062 tristitia
832 5022 952 5076 qua:
983 5003 1236 5072 gaudium
1270 5002 1408 5069 parit
1435 5018 1445 5053 :
1476 5009 1529 5055 et
1557 5016 1663 5054 nou
1695 5000 1817 5068 ejus
1850 5011 2024 5055 mate-

432 5103 644 5158 ria‘est
692 5096 1103 5154 consideranda.
1160 5094 1298 5162 Quia
1345 5108 1489 5163 saepe
1536 5108 1631 5162 per
1675 5093 2016 5149 dulcedinem

427 5196 637 5249 fructus
669 5192 876 5262 placet,
922 5189 1066 5260 quod
1110 5204 1353 5242 amarum
1391 5188 1601 5240 horruit
1632 5187 1683 5241 in
1717 5187 1919 5241 radice.
1952 5187 2021 5242 Et

428 5292 626 5343 iterum
667 5286 742 5339 ait
791 5284 1043 5338 Dominus
1080 5300 1093 5334 :
1136 5280 1265 5334 Η(ιό
1296 5281 1493 5334 locutus
1521 5296 1634 5331 sum
1666 5278 1833 5345 rubis,
1884 5290 1936 5331 ut
1965 5281 2019 5333 iu

430 5397 511 5434 me
529 5396 708 5452 pacem
736 5378 991 5443 habeatis;
1010 5379 1061 5429 in
1088 5375 1184 5429 hoc
1213 5383 1381 5428 autent
1404 5374 1591 5427 mundo
1616 5372 2017 5443 pressuramha-

430 5474 608 5527 bebitis
635 5472 825 5545 (lbid.,
858 5471 974 5541 55).
1005 5469 1145 5536 Quid
1174 5468 1277 5522 huc
1299 5479 1381 5524 est
1408 5469 1551 5539 quod
1585 5468 1738 5533 dicit,
1774 5476 1829 5521 ut
1856 5468 1907 5521 in
1938 5484 2017 5521 me

428 5584 606 5636 pacem
643 5566 894 5630 habeatis,
938 5566 990 5617 in
1031 5563 1127 5616 hoc
1170 5564 1359 5617 mundo
1401 5579 1693 5635 pressurant
1724 5561 2016 5615 habebitis?

426 5659 533 5713 nisi
564 5668 622 5713 ut
653 5668 798 5712 tanta
845 5658 898 5711 iu
947 5656 1104 5710 nobis
1154 5654 1222 5709 sit
1269 5656 1386 5723 ejus
1415 5654 1710 5709 credulitas
1746 5652 2013 5723 pollicita-

428 5752 624 5817 tionis,
676 5760 735 5815 ut
778 5766 900 5807 cum
946 5747 1134 5812 mundi
1182 5748 1321 5806 mala
1374 5748 1626 5819 patimur,
1673 5748 1865 5805 luturte
1896 5747 2011 5818 spei

2132 4727 2323 4783 tiosior
2361 4728 2655 4782 salubritas
2685 4737 2788 4794 est,
2818 4744 2938 4797 qua:
2968 4736 3090 4798 post
3124 4727 3402 4797 languoris
3432 4726 3711 4786 recupera—

2133 4831 2219 4875 tur
2250 4822 2658 4876 iucommodum
2695 4840 2705 4874 :
2736 4832 2791 4876 et
2818 4837 2847 4874 a
2892 4822 3134 4891 qualibet
3177 4832 3367 4890 parte,
3411 4832 3479 4870 ex
3513 4806 3709 4874 tua].ore

2127 4931 2273 4985 smpe
2304 4916 2503 4971 laboris
2527 4917 2875 4982 necessitate,
2908 4916 2975 4971 ad
3005 4917 3326 4987 ampliorem
3368 4912 3511 4968 solet
3540 4898 3705 4959 fclici-

2126 5018 2289 5063 tatem
2317 5010 2514 5064 veniri.
2544 5009 2633 5064 Sic
2658 5010 2749 5079 qui
2776 5010 2974 5065 littera:
3001 5010 3286 5065 scientiam
3314 5004 3590 5064 desiderat
3616 4994 3705 5044 ha-

2128 5099 2280 5165 bere,
2312 5101 2355 5154 si
2380 5100 2629 5155 discendi
2673 5116 2779 5155 non
2810 5101 3116 5171 susceperit
3145 5100 3323 5167 tardia,
3352 5092 3556 5170 peritia:
3577 5096 3702 5156 ἔπ’

2125 5192 2211 5247 dia
2242 5193 2470 5261 adipisci
2510 5208 2618 5246 non
2648 5193 2866 5261 poterit.
2899 5194 3011 5249 Nec
3057 5192 3345 5263 cujuslibet
3386 5173 3699 5244 eruditionis

2125 5288 2406 5356 quisquam
2442 5284 2643 5340 habere
2676 5287 2876 5356 poterit
2903 5286 3133 5356 gloriam
3157 5325 3173 5351 ,
3206 5286 3306 5341 nisi
3331 5277 3496 5337 animi
3543 5279 3700 5326 a-stus

2123 5388 2248 5433 ante
2279 5376 2439 5432 fuerit
2464 5393 2779 5447 perpessus.
2817 5379 3063 5446 Agricola
3094 5392 3309 5448 quoque
3352 5374 3422 5429 de
3463 5366 3698 5422 ubertate

2122 5472 2336 5541 lrugum
2378 5471 2547 5525 lactari
2576 5488 2680 5526 non
2719 5474 2943 5540 poterit,
2979 5472 3082 5525 nisi
3110 5472 3263 5542 prius
3295 5480 3491 5525 terram
3534 5449 3697 5511 muli0

2122 5565 2309 5619 labore
2333 5566 2648 5620 coniecerit.
2680 5565 2747 5618 Et
2778 5572 2928 5618 tanto
2958 5565 3131 5635 magis
3161 5553 3531 5634 prosperitatis
3551 5553 3693 5614 spe'“

2119 5660 2386 5728 congerit,
2420 5670 2621 5729 quanto
2667 5674 2725 5712 se
2760 5660 2993 5728 amplius
3023 5660 3316 5715 desudasse
3343 5635 3650 5720 cognoverit
3679 5650 3691 5682 ;

2118 5754 2273 5809 etde
2300 5754 2493 5835 labore
2536 5755 2782 5825 impenso
2809 5762 2992 5823 sperat
3027 5753 3289 5817 ubertatis
3333 5740 3687 5814 augmcnlvmv
