3916 6288
189 356 233 413 ς]
606 335 940 398 EPISTOLA
980 335 1071 396 IV.
1110 335 1204 394 AD
1239 331 1576 395 VIRGINEM
1612 330 1680 392 IN
1717 331 2047 394 EXSILIUM
2085 333 2342 395 Μίδεω
2377 328 2829 393 CONSOLATIO.
2884 328 2902 383 -ἶ
3273 328 3344 389 58

182 466 269 538 Quid
289 459 399 535 quod
425 456 473 513 in
501 455 754 512 creaturis
778 468 922 527 pene
950 453 1206 511 omnibus
1245 454 1318 509 ita
1358 468 1480 509 esse
1520 467 1650 522 eog-
1675 454 1733 515 Α
1760 452 2029 528 Siquidem
2051 455 2277 525 pretiosa
2295 454 2348 508 in
2366 458 2643 527 conspectu
2658 448 2872 507 Domini
2893 462 3029 505 mors
3047 452 3343 504 sanctorum

184 560 404 618 noscimus:
436 551 534 606 illic
553 549 814 620 majorem
842 548 1073 603 fructum
1099 547 1265 618 gigni,
1290 546 1378 603 ubi
1400 562 1648 603 onerosa:

186 647 395 708 acerbitatis
420 658 565 699 causa
597 641 975 713 praecesserit?
1004 640 1137 695 Nam
1163 652 1218 696 et
1248 640 1453 696 aestatis
1474 649 1527 695 et
1553 656 1649 694 au-

192 736 623 807 tumnitemporibus,
656 749 777 805 qua:
817 743 1067 805 tempora
1111 732 1357 787 ministra
1389 742 1510 788 sunt
1540 732 1649 787 frn-

192 856 276 910 gum,
290 833 577 889 sterilitatem
604 828 827 883 nimiam
852 843 1254 896 nonnumquam
1274 827 1485 899 hyemis
1513 826 1648 881 leni-

189 944 234 983 ns
261 926 427 991 intulit,
469 938 587 978 cum
633 921 1044 979 ftecunditatem
1099 920 1388 975 maximam
1428 919 1648 991 frigoris

183 1037 269 1092 πρε
295 1015 563 1088 prmstiterit
590 1013 906 1069 austeritas.
953 1013 1022 1066 Et
1048 1011 1309 1082 quidquid
1355 1009 1646 1067 clementia

180 1108 477 1171 rerisresolvit,
524 1123 674 1179 spem
704 1105 978 1162 ubertatis
1005 1106 1207 1160 amisit.
1251 1106 1489 1159 Arbores
1518 1118 1648 1158 vero

175 1212 254 1277 ipsa
283 1214 398 1260 tanto
439 1202 813 1258 numerosiore
863 1208 1159 1271 gravantur
1188 1198 1397 1266 fructu,
1444 1206 1648 1268 quanto

174 1300 370 1355 :cerlrioris
392 1298 601 1369 frigoris
626 1294 886 1351 violentia
930 1294 1322 1363 reprimuntur.
1349 1292 1482 1346 Cum
1511 1305 1649 1360 prte-

170 1408 269 1451 coccs
287 1392 410 1445 flores
432 1396 732 1460 opportuna
758 1387 1049 1457 castigatio
1077 1385 1407 1441 refrenando
1449 1383 1514 1438 ad
1549 1399 1648 1453 pe-

178 1485 319 1538 riculum
341 1480 577 1536 festinare
608 1495 716 1535 non
748 1480 950 1549 patitur
976 1519 990 1542 .
1033 1476 1647 1547 utile'impedimcntnm

175 1577 327 1644 pruina
348 1584 393 1628 et
416 1574 552 1645 quod
576 1572 850 1643 reprimit,
883 1588 988 1625 non
1019 1570 1255 1636 obfocat,
1285 1569 1378 1624 sed
1399 1567 1645 1623 includit.

169 1673 211 1722 At
234 1683 320 1721 vero
336 1669 371 1721 si
398 1666 552 1736 paulo
578 1665 903 1721 clementior
952 1664 1035 1719 vis
1061 1662 1335 1718 exstiterit
1367 1661 1645 1725 imbrium,

166 1772 297 1831 quanto
316 1762 564 1816 luxuriant
611 1760 764 1831 prius
805 1757 1221 1829 indisciplinata
1254 1756 1604 1812 festinatione
1630 1799 1643 1821 ,

1752 550 1863 621 ejus
1884 546 2070 618 (Psal.
2094 545 2381 617 cxv,16).

1823 643 1913 699 lll.
1944 643 2051 700 Sed
2075 657 2176 712 ego
2206 651 2259 698 te
2281 658 2378 698 cur
2398 641 2464 697 ad
2489 639 2854 696 tribulationis
2882 637 3220 708 patientiam,
3245 636 3344 692 bu-

1753 740 1925 795 manis
1938 736 2338 808 autprmsentis
2370 735 2496 791 vita:
2522 749 2825 805 provocare
2846 747 3018 787 conor
3045 732 3343 801 exemplis:

1751 849 1871 890 cum
1922 833 2126 888 nullum
2178 846 2320 902 pene
2365 830 2601 885 sciamus
2646 827 2812 883 fuisse
2850 836 3197 894 sanctorum,
3254 825 3344 894 qui

1751 929 2116 1000 procellosum
2149 926 2311 995 hujus
2344 926 2609 995 temporis
2634 937 2866 994 agonem
2898 922 3101 992 absque
3126 919 3350 974 tribula-

1754 1024 1920 1078 tionis
1953 1030 2274 1092 tempesmte
2324 1017 2606 1073 transierit
2640 1033 2655 1070 :
2684 1023 2740 1071 et
2768 1024 3037 1069 tantorum
3089 1012 3209 1067 odia
3263 1014 3346 1066 in-

1752 1113 2207 1185 fectationemque
2241 1110 2543 1181 pertulerit,
2575 1117 2808 1179 quantos
2834 1106 2961 1161 vitae
2982 1122 3094 1160 sua:
3117 1104 3345 1160 dissimi-

1754 1210 1979 1266 litudine
2020 1206 2337 1275 castigarit?
2361 1203 2641 1273 Castigare
2694 1201 2839 1257 enim
2876 1200 3037 1254 alium
3090 1198 3303 1261 videtur
3328 1239 3344 1263 ,

1751 1305 1843 1373 qui
1895 1303 1963 1356 ab
1992 1301 2111 1372 ejus
2138 1299 2552 1353 conVersatione
2599 1295 2873 1350 dissentit.
2905 1292 3092 1348 Nonne
3120 1303 3341 1346 sanctus

1752 1395 1914 1461 Abel,
1940 1394 2034 1465 qui
2067 1394 2117 1448 in
2144 1391 2246 1448 hoc
2270 1390 2473 1446 mundo
2496 1390 2707 1461 primtrs
2733 1385 3099 1443 innocentiam
3123 1400 3343 1441 conser-

1751 1502 1911 1542 vasse
1964 1487 2232 1555 reperitur
2276 1493 2440 1553 atque
2490 1481 2780 1550 justitiam,
2821 1494 2944 1532 cum
2995 1476 3199 1532 illibata
3233 1476 3344 1530 Deo

1752 1580 2039 1634 obtulisset
2063 1590 2289 1631 munera
2316 1620 2329 1642 ,
2376 1588 2499 1628 mox
2533 1582 2590 1626 ut
2618 1586 2902 1626 munerum
2951 1578 3203 1639 respectu
3233 1568 3347 1623 Deo

1755 1671 1976 1741 placuit,
2010 1684 2182 1740 usque
2212 1668 2276 1722 ad
2310 1666 2500 1721 mortis
2532 1665 2834 1719 illationem
2866 1705 2879 1726 ,
2906 1662 3226 1723 humanum,
3263 1658 3346 1713 vel

1753 1765 1896 1836 quod
1940 1764 2259 1819 sceleratius
2307 1773 2432 1825 est,
2484 1760 2780 1814 fraternum
2833 1757 3013 1810 statim
3071 1754 3345 1809 invenitur

166 1864 258 1907 uno
279 1864 367 1923 post
391 1854 655 1908 fructibus
696 1853 1027 1908 deseruntur
1048 1891 1065 1917 ,
1113 1865 1239 1905 cum
1280 1849 1476 1903 futura:
1502 1848 1646 1902 vires

1754 1858 1934 1912 odium
1963 1856 2336 1925 invidiamque
2360 1852 2598 1909 sensisse
2629 1869 2640 1903 :
2673 1858 2726 1903 et
2756 1849 2943 1903 fratris
2971 1846 3123 1914 ejus.
3147 1847 3238 1916 qui
3268 1844 3345 1899 illi

165 1948 375 2013 importuno
415 1956 664 2015 tempore
705 1954 1122 2000 consumuntur.
1170 1941 1389 1998 Semina
1428 1954 1647 2010 quoque

161 2040 234 2107 ipsa
248 2039 509 2107 terrcjacta
544 2048 713 2105 atque
745 2036 1060 2103 commissa,
1088 2042 1292 2105 quanto
1313 2031 1525 2103 glaciali
1549 2029 1645 2085 fri-

164 2146 251 2198 gere
266 2140 431 2187 arcente
458 2130 668 2185 tardius
695 2139 919 2199 surgunt
942 2128 994 2182 in
1025 2126 1272 2197 frugem,
1306 2123 1423 2178 utili
1455 2120 1645 2177 radice

166 2224 367 2290 poriciam,
392 2238 451 2278 ac
483 2231 639 2278 tanto
668 2219 1019 2293 postmodum
1052 2214 1411 2288 amplioribus
1451 2213 1645 2270 fructi-

160 2316 222 2367 bus
257 2328 542 2387 prmgravata
596 2326 913 2371 curvantur.
973 2312 1373 2385 Navigantibus
1424 2324 1645 2380 quoque

152 2410 234 2477 ipsis
256 2410 378 2480 longe
403 2412 719 2467 serenitatis
755 2425 909 2479 spem
942 2408 1237 2481 pollicetur
1263 2405 1426 2462 nimis
1464 2403 1645 2459 valida

146 2503 384 2558 ctrliulurua
412 2512 737 2574 tempestas.
763 2503 858 2559 Sic
889 2511 946 2558 et
988 2501 1233 2556 omnium
1281 2499 1395 2555 fere
1435 2507 1651 2553 creatu-

143 2609 263 2649 rarum
282 2612 406 2665 spem
436 2597 665 2653 difficile
695 2596 994 2652 exsultatio
1018 2595 1225 2666 aliqua,
1258 2592 1363 2649 nisi
1408 2606 1645 2647 mcerore

148 2701 355 2756 ineunte,
376 2693 640 2748 succedit.
672 2695 806 2759 Qua:
833 2706 954 2746 cum
978 2693 1051 2746 ita
1082 2689 1216 2757 sint,
1266 2687 1648 2759 :cquanimiter

148 2795 232 2834 me
250 2785 468 2838 convenit
497 2804 511 2838 :
541 2786 710 2840 etiam
743 2784 791 2839 si
819 2798 920 2839 nos
950 2781 1365 2837 tribulationum
1405 2795 1468 2835 ac
1490 2779 1644 2834 dolo-

148 2884 214 2923 nm
236 2876 490 2942 asperioris
549 2876 768 2947 lryemis
816 2875 1051 2946 procella
1081 2874 1450 2939 conettsserit,
1495 2881 1650 2927 tanto

140 2968 373 3034 aupliorem
418 2972 629 3026 :cstalis
674 2971 909 3025 fructum
950 2969 1182 3025 delaturi
1209 3009 1225 3035 ,
1275 2977 1480 3037 quanto
1509 2981 1649 3037 pra:-

142 3060 224 3111 ςσηὶ
253 3063 424 3130 frigore
462 3066 632 3118 vitam
669 3064 870 3119 habere
898 3062 1192 3132 contigerit
1223 3060 1516 3116 acriorem.
1559 3059 1650 3115 Di-

138 3152 219 3215 gtrit
250 3156 373 3209 cnim
402 3157 784 3211 austeritatem
815 3201 828 3223 ,
865 3171 1026 3226 quam
1078 3164 1291 3225 poterat
1328 3168 1644 3216 reservare,

1751 1960 1806 2007 et
1836 1968 1933 2022 pro
1978 1950 2361 2023 germanitatis
2410 1945 2855 2010 necessitudine,
2908 1954 2959 1999 et
3012 1957 3111 2013 pro
3160 1939 3340 1996 solatii

1750 2061 1910 2100 causa
1946 2046 2106 2115 (quia
2144 2044 2247 2097 soli
2271 2042 2447 2096 adhuc
2477 2050 2677 2112 praeter
2701 2039 2917 2092 humani
2946 2036 3162 2107 generis
3194 2035 3345 2105 prin-

1749 2139 1902 2210 cipes
1941 2137 1993 2191 in
2047 2137 2304 2190 universo
2353 2135 2557 2189 mundo
2587 2133 2779 2200 erant)
2812 2131 3072 2199 majorem
3113 2120 3347 2183 debebat

1750 2230 2034 2287 cbaritatis
2082 2228 2379 2285 allectum?
2434 2226 2542 2283 Sed
2600 2226 2917 2296 injustitiam
2951 2222 3140 2276 maluit
3196 2221 3343 2274 omni

1749 2323 2121 2382 Consolatione
2147 2321 2393 2384 destitui,
2428 2335 2585 2390 quam
2608 2318 2736 2385 justi
2754 2316 3055 2385 cnjuspiam
3076 2316 3342 2369 Societate

1748 2417 1971 2473 dissona
2002 2414 2278 2471 confovcri
2312 2431 2325 2468 :
2360 2414 2403 2468 si
2436 2424 2619 2467 tamen
2652 2409 2955 2465 consolatio
2988 2406 3338 2462 rectediecn—

1751 2510 1817 2567 da
1849 2518 1954 2578 est,
1989 2508 2080 2564 ubi
2113 2517 2320 2563 tantum
2348 2504 2577 2560 dissidet
2621 2504 2836 2555 animus
2861 2543 2875 2565 ,
2931 2507 3189 2569 quantum
3235 2499 3340 2550 vita

1753 2604 2049 2661 discordat.
2081 2602 2125 2658 Ο
2153 2601 2285 2657 Cain
2316 2598 2658 2654 miserande!
2690 2577 2816 2667 quid
2846 2594 3003 2665 agis?
3024 2606 3121 2648 ettr
3155 2592 3205 2646 in
3239 2591 3345 2645 fra-

1752 2696 1890 2753 terni
1938 2704 1995 2750 ct
2035 2694 2244 2749 innoxii
2293 2690 2573 2761 sanguinis
2601 2688 2920 2742 effusionem
2970 2683 3178 2740 crudeli
3208 2683 3344 2737 satis

1750 2790 1880 2847 odio
1936 2787 2248 2857 furioseque
2302 2780 2656 2852 prorumpis?
2711 2778 2848 2849 Quid
2896 2778 2990 2837 tibi
3064 2775 3345 2830 solitarius

1750 2879 2081 2938 commeruit
2103 2876 2309 2932 frater?
2338 2890 2500 2943 quam
2526 2874 2636 2928 vim
2671 2872 2876 2936 intulit,
2903 2885 3062 2941 quam
3106 2868 3232 2923 fecit
3263 2868 3345 2921 in—

1747 2974 1981 3046 juriatn‘t
2006 2971 2112 3029 Sed
2143 2985 2261 3042 quae
2292 2968 2468 3038 major
2500 2966 2701 3036 iniusto
2734 2964 2931 3032 injuria
2967 2977 3090 3017 esse
3127 2968 3341 3030 potest,

1752 3083 1912 3139 quam
1965 3067 2075 3121 vita
2116 3064 2339 3134 iustitia:
2393 3060 2490 3134 [Γ.
2524 3062 2647 3114 vita:
2690 3057 2967 3130 iustitia}?
3008 3057 3061 3111 lu
3096 3055 3198 3111 hoc
3229 3066 3344 3107 tan-

1754 3171 1866 3216 tum
1920 3158 2013 3215 tibi
2066 3157 2345 3225 displicuit
2393 3155 2667 3210 solitarius
2746 3155 2941 3213 frater.
3007 3149 3149 3220 quod
3224 3149 3338 3203 Deo

137 3246 318 3313 qudquid
364 3250 534 3318 primo
576 3253 782 3320 impetu
830 3250 994 3319 eripit
1039 3250 1092 3303 in
1124 3249 1354 3305 exitum.
1390 3247 1501 3302 Nec
1536 3247 1643 3301 ulla
1674 3242 1722 3308 C
1753 3255 1966 3326 placere
2031 3252 2291 3324 gestivit?
2366 3250 2589 3305 Fuisses
2666 3257 2719 3303 et
2776 3257 2831 3301 tu
2903 3246 3013 3300 Deo
3069 3245 3289 3315 placens
3327 3261 3338 3295 ε

135 3340 511 3411 nmiusnrgentis
534 3344 713 3414 pelagi
743 3343 905 3398 debet
929 3353 1146 3398 terrere
1167 3351 1491 3411 tempestas,
1520 3356 1644 3396 cum

135 3443 287 3487 rcuura
324 3448 501 3492 nostra
546 3438 623 3490 sit
664 3437 827 3491 etiam
878 3450 1171 3506 numquam
1216 3434 1453 3509 finiettda
1498 3445 1649 3489 tran-

132 3522 312 3586 llllrlitas.
345 3528 559 3584 Domini
594 3536 680 3583 est
727 3530 872 3583 enim
900 3545 1002 3583 vox
1035 3528 1126 3582 illa
1153 3573 1166 3596 ,
1196 3527 1464 3583 dicentis:
1498 3527 1648 3581 Beati

138 3618 222 3669 estis
242 3639 343 3675 cum
384 3642 472 3677 ros
502 3625 872 3679 maledixm’nt
906 3621 1168 3689 homines,
1201 3634 1249 3676 et
1287 3622 1538 3695 perseeuti
1559 3638 1647 3675 vos

135 3709 276 3775 ἴασίν,
303 3724 349 3768 et
374 3716 549 3772 dicent
569 3734 719 3771 omne
752 3715 948 3770 malum
972 3716 1246 3771 adversum
1271 3732 1357 3770 τοι
1386 3732 1403 3768 ;
1433 3717 1650 3788 gaudete

134 3814 164 3852 τι
185 3808 380 3863 unitate
400 3852 413 3873 ,
469 3812 599 3880 quia
651 3827 843 3863 merces
870 3818 1037 3863 vestra
1078 3808 1286 3881 capiosa
1323 3816 1399 3863 est
1429 3808 1481 3861 in
1511 3807 1650 3862 aclis

131 3894 275 3959 illaut
306 3919 351 3956 ν.
390 3906 446 3960 Η
469 3949 483 3968 ,
516 3903 643 3975 12).
674 3905 931 3974 Quisquis
957 3903 1098 3958 enim
1132 3903 1397 3959 mercedis
1427 3912 1482 3956 et
1515 3903 1648 3957 bea-

134 3988 293 4044 tiitulini
317 4012 426 4050 sua:
456 4010 656 4049 causas
687 4011 793 4048 non
816 4010 937 4050 cum
957 3995 1156 4064 ingenti
1181 3995 1376 4065 gaudio
1398 3993 1644 4062 suscipit,

132 4089 283 4135 certum
297 4098 370 4156 et,
393 4106 522 4144 eum
540 4098 633 4143 aut
648 4088 962 4144 inﬁdelitate
986 4102 1073 4142 aut
1091 4089 1357 4159 imperitia
1377 4089 1641 4143 laborare.

131 4172 355 4241 "Plautini
383 4191 467 4236 est
499 4183 666 4235 etiam
698 4182 945 4252 quamvis
977 4182 1047 4237 sit
1075 4196 1343 4245 amarum,
1375 4180 1517 4252 quod
1562 4181 1646 4235 Iu-

131 4278 242 4318 σπη’
281 4276 430 4335 trait:
488 4283 547 4329 et
596 4288 721 4328 cum
774 4274 959 4331 lrrtitia
1022 4274 1229 4344 majore
1282 4272 1685 4341 sumendum,‘

138 4360 335 4431 Ψιίάηυὶιὶ
369 4369 666 4439 mpliorcnr
698 4379 921 4438 generat
950 4368 1277 4423 mercedem.
1308 4368 1419 4423 Nec
1444 4382 1646 4439 conge-

136 4452 211 4503 stic
228 4456 377 4510 labori
414 4461 636 4516 vitanda
660 4472 737 4516 est
764 4502 781 4528 ,
828 4477 948 4532 ane
986 4472 1069 4515 est
1098 4461 1467 4529 angmentatio
1497 4475 1647 4515 com-

134 4546 495 4610 MMUMSic
542 4568 775 4623 namque
816 4553 1216 4623 negotiatorum
1268 4553 1498 4607 aviditas
1529 4567 1643 4607 am-

1756 3345 2015 3416 mtmqttid
2071 3353 2127 3399 et
2194 3352 2247 3400 lc
2294 3342 2387 3398 ille
2440 3340 2794 3396 excluserat?
2851 3339 2933 3393 An
2988 3345 3095 3391 tam
3147 3351 3345 3405 panpe-

1751 3458 1864 3498 rem
1901 3441 1992 3495 Dei
2024 3440 2346 3494 cbaritatem
2398 3450 2520 3491 esse
2549 3447 2905 3504 cognoveras,
2942 3440 2998 3485 ut
3046 3445 3141 3483 vos
3181 3428 3341 3483 sitnnl

1752 3549 1935 3591 amare
1987 3550 2094 3588 non
2130 3532 2356 3602 posset?
2409 3530 2516 3585 Sed
2563 3528 2780 3597 quando
2808 3527 2911 3581 hoc
2956 3540 3145 3581 aniens
3176 3525 3342 3578 sentit

1752 3627 1971 3693 invidia,
2001 3640 2119 3696 qttre
2144 3633 2331 3680 contra
2374 3623 2573 3678 bonum
2614 3636 2829 3690 semper
2863 3620 3110 3681 laborat,
3141 3626 3193 3670 et
3234 3632 3340 3670 non

1752 3721 1944 3776 videt?
1976 3719 2217 3786 Denique
2246 3714 2391 3787 quod
2421 3715 2627 3785 justum
2661 3724 2745 3766 est
2788 3712 3020 3765 videndo
3050 3726 3154 3764 non
3186 3724 3339 3779 passa

1752 3825 1873 3871 cst:
1906 3811 2209 3875 moriendo,
2243 3809 2414 3873 magis
2445 3816 2661 3875 accepta
2692 3805 2948 3859 vili-facit.
2983 3803 3274 3867 Erubesce,
3310 3819 3343 3851 o

1754 3908 1914 3963 nimis
1950 3905 2292 3969 miserande,
2326 3904 2496 3958 livore
2531 3902 2746 3957 testaris
2780 3899 3059 3954 meliorem
3094 3908 3145 3951 te
3173 3911 3292 3950 esse
3320 3939 3334 3959 ,

1752 4000 1838 4054 cui
1896 4008 1947 4054 te
1998 3997 2224 4052 exhibes
2258 3997 2588 4050 nociturum.
2635 3994 2764 4059 Qum
2798 3992 2958 4061 igitur
3005 3990 3120 4042 lta'c
3170 3998 3332 4040 tanta:

1751 4089 2089 4147 crudelitatis
2116 4088 2311 4142 duritia
2348 4086 2464 4152 fttit,
2496 4096 2551 4138 ut
2580 4100 2685 4139 non
2710 4083 2789 4137 vel
2811 4082 3162 4137 solitudinem
3192 4090 3337 4132 tuam

1752 4181 2126 4253 recogitares?
2171 4182 2288 4248 Quo
2318 4180 2504 4233 animo
2535 4176 2878 4248 postmodum
2912 4174 3224 4246 parricidali
3265 4173 3341 4228 illi

1751 4292 1943 4346 campo
1987 4290 2244 4331 reversus
2295 4290 2353 4329 es
2380 4316 2396 4339 ,
2454 4272 2689 4343 qualiter
2734 4282 2918 4340 postea
2950 4270 3152 4338 absque
3182 4268 3342 4323 unico

1751 4372 1916 4425 fratre
1945 4369 2096 4426 solus
2122 4369 2176 4424 in
2207 4378 2323 4424 toto
2352 4367 2555 4422 mundo
2580 4365 2755 4420 vixisti
2782 4366 2805 4419 ?
2835 4381 2940 4418 non
2969 4376 3076 4418 tam
3096 4362 3148 4418 in
3177 4362 3342 4418 fratre

1751 4466 1968 4521 lucrans
2009 4463 2405 4527 hazreditatem,
2439 4476 2598 4531 quam
2651 4458 2791 4530 quod
2820 4459 2927 4511 duo
2954 4459 3143 4525 eratis,
3188 4456 3341 4510 auxi-

1750 4561 1876 4616 lium
1905 4558 2287 4614 sollicitudinis
2330 4556 2586 4627 perdcns.
2619 4554 2757 4623 Quid
2788 4551 2932 4607 enim
2965 4538 3104 4605 intra
3138 4553 3341 4619 Cogita-

136 4638 268 4700 l‘lioris
291 4658 503 4712 qureaus
530 4663 694 4702 causa
722 4689 738 4713 ,
783 4664 883 4703 nec
914 4647 1079 4701 maria
1127 4648 1500 4717 pertimescit,
1546 4662 1645 4702 nec
1671 4644 1726 4706 D
1752 4651 1914 4707 tionis
1946 4660 2051 4705 tute
2080 4660 2288 4706 secreta
2317 4648 2609 4713 volvebas,
2654 4645 2871 4716 quando
2921 4654 3096 4699 tecum
3148 4644 3296 4697 illtun
3322 4685 3339 4709 ,

136 4736 291 4786 terrena
308 4735 622 4804 disctmina,
645 4756 764 4809 qua:
789 4738 1061 4794 interdum
1086 4741 1245 4794 etiam
1270 4754 1448 4794 causa:
1467 4741 1647 4795 solent

138 4836 215 4876 csse
236 4825 517 4886 damnonn
550 4850 563 4886 :
590 4842 647 4888 et
675 4843 897 4902 propter
934 4831 1160 4898 majoris
1188 4832 1325 4886 lucri
1355 4847 1525 4903 spem,
1560 4848 1647 4884 na-

142 4918 360 4981 ‘gationis
406 4928 464 4973 et
508 4923 964 4992 peregrinationis
1019 4924 1359 4978 incommoda
1411 4924 1646 4978 libenter

141 5010 308 5062 assumit
333 5028 345 5061 :
372 5012 768 5087 quiaqiramvis
809 5031 1056 5085 magnus,
1090 5015 1249 5072 facile
1275 5016 1645 5071 contemnitur

140 5098 263 5165 labor,
286 5105 369 5158 ubi
394 5122 504 5159 non
533 5127 618 5164 ant
650 5110 853 5165 laboris
883 5111 1177 5181 quantitas,
1197 5126 1357 5181 quam
1388 5112 1506 5181 ejus
1536 5114 1639 5166 nti-

140 5188 230 5289 lms
251 5199 615 5266 cogitatumtit
656 5206 699 5258 si
734 5204 783 5258 id
819 5204 936 5260 fieri
966 5214 1191 5274 propter
1220 5206 1555 5276 temporalia,
1589 5214 1644 5261 et

141 5298 293 5341 Im
322 5290 463 5345 lucra
494 5297 833 5367 COSpicimtts
861 5315 872 5351 :
902 5298 1028 5368 quid
1054 5298 1211 5353 nobis
1230 5311 1451 5368 propter
1479 5308 1641 5352 a-ter-

146 5390 186 5423 ³³³
206 5418 218 5435 ο
248 5391 294 5433 ει
318 5384 433 5438 sine
463 5384 573 5437 ulla
607 5390 926 5460 mbiguitate
960 5401 1182 5446 ventura
1202 5432 1216 5454 ,
1261 5392 1331 5445 sit
1376 5392 1640 5461 agendum

144 5473 399 5538 cogitemus.
427 5477 565 5531 Nam
594 5492 686 5537 om
718 5484 928 5538 illorum
962 5484 1135 5546 lucra,
1169 5484 1402 5549 insidim,
1434 5486 1518 5538 vel
1554 5501 1645 5554 pe-

149 5567 267 5663 ‘f‘h
289 5571 594 5637 βηθεάεηι
615 5579 881 5634 ἒςὶτηίιάιοι·
912 5588 1092 5633 nostra
1123 5580 1404 5634 Commoda
1426 5578 1647 5649 dispen-

148 5654 218 5709 diis
233 5664 580 5727 cumulantur,
608 5671 748 5725 etub
773 5672 1011 5741 periculo
1038 5671 1280 5727 feliciora
1308 5672 1644 5742 contingunt.

152 5748 242 5805 9'18
280 5753 608 5810 incommoda
663 5757 896 5819 itantum
940 5764 1342 5819 tribulationem
1386 5778 1493 5817 non
1526 5779 1643 5819 tne-

152 5854 281 5915 tmt,
309 5861 550 5915 utetiam
595 5867 712 5912 tuor
739 5861 911 5933 possit
952 5870 1173 5934 propter
1212 5861 1301 5917 illa
1347 5862 1639 5925 contemni,

1750 4760 1912 4814 quem
1945 4744 2117 4797 solum
2145 4742 2492 4803 familiarem,
2524 4755 2687 4811 quem
2710 4738 2887 4792 solum
2917 4737 3148 4800 socium,
3178 4751 3337 4807 quem

1749 4838 1923 4892 solum
1956 4836 2217 4905 collegam
2273 4834 2474 4887 habere
2506 4846 2901 4896 consueveras,
2934 4846 3043 4884 non
3078 4827 3341 4882 videbas?

1751 4930 1884 4985 Num
1916 4929 2099 4983 sanius
2122 4930 2318 4992 fuerat,
2365 4926 2409 4981 si
2440 4926 2509 4980 ita
2542 4934 2593 4979 te
2627 4923 2774 4978 furor
2806 4924 3020 4978 invidia!
3044 4924 3339 4990 compulis-

1750 5033 1853 5085 set,
1881 5030 1937 5072 nt
1968 5020 2081 5089 ipse
2113 5020 2164 5072 in
2200 5026 2253 5072 te
2283 5018 2578 5071 sceleratas
2597 5026 2838 5070 verteres
2864 5029 3077 5076 manus,
3102 5024 3153 5065 et
3186 5028 3337 5066 arma

1751 5111 2112 5183 parricitlalia,
2146 5122 2232 5163 ttra
2265 5124 2423 5179 quam
2458 5106 2645 5163 fratris
2673 5105 2781 5161 vita
2815 5103 3119 5160 sensisset?
3148 5102 3339 5158 Nullus

1753 5217 1859 5259 tam
1886 5203 2119 5259 crudelis
2147 5201 2418 5256 homicida
2447 5210 2527 5254 est
2553 5244 2566 5266 ,
2625 5214 2785 5268 quam
2814 5198 2901 5268 qni
2934 5198 3003 5252 ita
3031 5213 3154 5267 erga
3205 5198 3341 5251 alte—

1751 5317 1870 5356 rum
1904 5299 2091 5365 saevit,
2142 5308 2193 5350 ut
2226 5312 2333 5351 non
2365 5306 2549 5364 pareat
2580 5294 2703 5348 sibi.
2751 5292 2885 5358 Quid
2937 5293 3101 5347 miser
3133 5293 3340 5346 laciniis

1753 5406 1900 5451 tuttm
1928 5392 2279 5461 interroganti
2306 5393 2416 5445 Deo
2447 5405 2612 5457 negas
2639 5407 2650 5440 :
2681 5399 2735 5442 ct
2761 5388 2885 5441 dum
2918 5402 3179 5442 excusare
3215 5400 3334 5439 cre-

1752 5488 1855 5548 dis.
1882 5502 2107 5541 accusas
2136 5503 2147 5537 :
2180 5494 2237 5537 nt
2264 5483 2413 5537 nulla
2438 5482 2533 5535 tibi
2563 5497 2662 5535 nec
2686 5480 3046 5535 confessionis
3066 5492 3161 5533 nec
3187 5493 3334 5530 men-

1749 5583 1887 5638 dacii
1922 5581 2096 5650 possit
2122 5578 2265 5634 ratio
2290 5576 2625 5632 subvenire?
2657 5574 2789 5629 Nam
2824 5573 2925 5628 nisi
2949 5573 3203 5627 scivisses
3226 5585 3338 5623 ma-

1750 5677 1859 5732 lum
1882 5690 2005 5730 esse
2020 5672 2390 5744 parricidium,
2420 5686 2524 5725 non
2555 5684 2832 5739 negasses.
2852 5666 2957 5723 Sed
2984 5664 3097 5718 lucc
3111 5676 3341 5718 consuc-

1752 5769 1882 5825 tudo
1912 5768 2183 5839 peccantis
2213 5778 2321 5833 est,
2352 5777 2413 5820 ut
2443 5763 2644 5819 malum
2682 5777 2899 5831 semper
2937 5758 3065 5812 velit
3094 5758 3341 5826 negando

1748 5864 2048 5937 geminare,
2081 5873 2134 5919 ct
2163 5861 2346 5918 dicere
2378 5878 2467 5928 se,
2518 5868 2607 5913 aut
2641 5874 2746 5913 non
2775 5853 2965 5913 fecisse
2995 5853 3135 5932 quod
3168 5851 3295 5921 fecit
3321 5897 3335 5926 ,
