3916 6288
519 284 593 345 59

1542 280 1598 339 S.
1642 278 2027 339 HIERONYMI
2064 275 2351 339 OPERUM
2388 277 2741 341 MANTISSA.
3712 293 3775 353 60

526 412 621 462 aut
664 402 808 462 bono
838 409 1121 475 operatum
1169 413 1291 459 esse
1335 401 1475 471 zelo,
1527 398 1672 472 quod
1724 414 1848 455 eum
1904 398 2197 460 constatA
2222 394 2316 452 Dei
2347 413 2455 454 non
2493 408 2577 455 est
2610 398 3001 472 passajustitia
3035 416 3050 457 :
3096 399 3224 457 dum
3257 401 3472 473 corpori
3495 403 3677 462 vulnus
3700 408 3777 475 ju-

530 499 674 553 malo
703 498 941 569 gessisse
966 496 1153 551 livore.
1182 496 1249 549 Et
1278 506 1457 564 putas,
1491 492 1675 557 miser,
1697 490 1842 563 quod
1867 491 2015 547 illum
2044 490 2119 544 fa-

528 592 684 647 cinus
719 589 933 645 latuerit
957 599 1130 652 tuum,
1159 603 1317 659 quem
1341 586 1548 658 indigni
1578 588 1820 642 muneris
1852 585 1926 638 tui
1957 598 2116 638 causa

532 701 638 740 non
665 684 841 740 latuit.
871 683 989 738 Non
1019 697 1147 753 ergo
1172 681 1295 752 quia
1324 680 1477 735 illum
1513 680 1799 750 quicquam
1832 679 2014 742 lateat,
2039 678 2120 731 iu-

533 787 794 848 terrogat,
825 776 921 833 sed
945 792 1015 832 ne
1040 776 1134 831 tibi
1170 776 1486 845 ignorantia:
1512 774 1921 829 excusationem
1958 772 2120 827 relin-

529 879 678 942 quat.
713 869 843 924 Nam
871 885 993 925 cum
1028 867 1249 923 fratrem
1282 882 1452 938 negas
1479 876 1531 922 te
1559 868 1699 923 scire
1721 908 1735 931 ,
1778 866 1904 937 quid
1932 880 2117 936 gesse-

532 969 604 1020 rit
625 964 920 1026 confiteris,
945 972 999 1020 et
1026 962 1378 1029 aSperitatem
1406 960 1648 1016 criminis
1671 974 1960 1031 suppressa
1984 974 2117 1014 con-

534 1057 771 1113 fessione
793 1056 1109 1117 confirmas.

603 1149 693 1205 ιν.
724 1150 850 1204 Haec
876 1149 997 1204 ideo
1021 1147 1184 1219 paulo
1219 1149 1379 1203 latius
1410 1150 1621 1203 executi
1655 1164 1841 1203 sumus
1862 1191 1875 1213 ,
1924 1157 1974 1203 ut
2008 1158 2119 1203 tam

529 1240 744 1297 invidia:
769 1243 991 1307 malum,
1019 1242 1174 1312 cujus
1204 1243 1452 1298 extimari
1474 1244 1766 1299 crudelitas
1795 1261 1898 1297 non
1920 1254 2115 1312 potest,

531 1352 693 1405 quam
725 1334 776 1388 in
807 1336 1063 1407 praesenti
1097 1335 1206 1390 vita
1231 1337 1832 1406 conditionemjustitia:
1854 1337 2119 1406 pandere~

531 1446 673 1493 mus,
699 1445 818 1497 qua:
846 1430 1032 1483 statim
1076 1444 1196 1483 cum
1228 1429 1353 1485 odio
1385 1430 1469 1484 sui
1516 1431 1703 1499 empit.
1736 1430 1865 1496 Quae
1898 1446 1964 1483 ne
1992 1440 2120 1484 tunc

529 1525 744 1596 quidem
775 1526 982 1592 absque
1014 1525 1179 1580 multa
1208 1526 1586 1595 persecutione
1616 1542 1738 1583 esse
1770 1529 1965 1595 potuit,
1996 1542 2118 1581 cum

534 1632 698 1670 unum
732 1626 940 1673 tantum
983 1616 1209 1672 haberet
1247 1618 1545 1673 inimicum.
1583 1619 1651 1672 Et
1689 1619 1733 1672 si
1777 1629 1886 1673 tam
1913 1620 2121 1688 grande

528 1710 711 1763 odium
738 1711 804 1764 ab
832 1726 940 1764 uno
978 1709 1135 1765 hoste
1174 1725 1429 1780 perpessa
1453 1721 1558 1775 est,
1594 1718 1650 1763 ut
1683 1727 1855 1780 usque
1897 1710 1964 1764 ad
1996 1711 2117 1764 vita:

2220 488 2380 545 betur
2397 490 2863 549 circumcisionem
2890 493 3124 550 inferre:
3149 494 3276 548 dum
3299 494 3466 551 lilium
3490 511 3601 551 cum
3624 511 3775 556 matre

2220 583 2368 655 ejicit
2398 601 2414 645 ;
2446 587 2575 641 dum
2606 591 2655 642 in
2679 587 2830 644 Isaac
2850 588 3047 644 dilecto
3071 598 3311 644 tentatur
3334 608 3349 645 :
3373 590 3494 644 dum
3518 573 3774 660 religiosus

2220 678 2491 746 parricida
2525 695 2646 736 esse
2674 681 2986 751 praecipitur
3018 700 3028 736 :
3068 682 3174 737 Sed
3208 681 3365 737 facile
3388 682 3450 737 ad
3475 699 3674 738 omnem
3700 685 3773 755 ja-

2220 782 2427 825 cturam
2460 777 2731 830 consentit
2762 776 2962 842 fidelis,
2993 777 3079 830 cui
3109 774 3277 847 magis
3304 792 3363 829 ac
3394 778 3558 845 magis
3586 793 3645 831 ac
3673 796 3772 831 ma.

2221 866 2365 919 xima
2402 879 2754 923 succrescunt
2781 888 2795 922 :
2826 869 3264 941 quandoquidem
3306 870 3465 923 etiam
3495 872 3775 941 centuplum

2224 969 2510 1026 receptura
2540 962 2892 1030 promittitur.
2929 964 3047 1031 Ipse
3074 979 3205 1019 vero
3234 964 3383 1018 Isaac
3411 963 3599 1033 quibus
3628 975 3780 1019 tenta-

2226 1053 2432 1106 tionum
2468 1054 2761 1123 generibus
2797 1054 3037 1125 quatitur
3060 1096 3075 1122 ,
3109 1055 3235 1109 dum
3267 1070 3404 1110 esca:
3434 1038 3618 1127 [Mart.
3643 1057 3777 1127 esse]

2224 1144 2462 1214 inopiam
2499 1147 2735 1214 patitur:
2770 1148 2894 1202 dum
2938 1147 3391 1218 peregrinationis
3426 1150 3689 1219 experitur
3716 1150 3781 1204 la-

2223 1238 2387 1295 bores
2432 1257 2444 1293 :
2492 1240 2619 1295 dum
2660 1251 2878 1311 propter
2918 1244 3101 1297 uxoris
3142 1243 3381 1313 speciem
3426 1242 3638 1297 nimiam
3680 1245 3780 1312 ipse

2223 1331 2447 1397 metuit,
2480 1332 2570 1402 qui
2608 1334 2881 1389 anxietate
2910 1336 3229 1398 conficitur,
3264 1346 3315 1388 et
3343 1351 3407 1389 eo
3434 1335 3545 1403 ipso
3575 1350 3672 1405 quo
3699 1336 3781 1389 ob-

2223 1422 2544 1491 lectabatur,
2575 1425 2829 1496 alﬂigitur
2856 1442 2979 1481 cum.
3010 1428 3087 1480 illi
3117 1426 3284 1480 forma
3313 1425 3573 1496 conjugis,
3604 1442 3714 1495 qme
3738 1428 3783 1482 in

2223 1518 2512 1573 securitate
2545 1519 2852 1587 placuerat,
2888 1520 2939 1575 in
2979 1520 3268 1574 formidine
3294 1519 3645 1586 displicebat,
3672 1520 3783 1575 dum

2224 1611 2367 1679 regis
2394 1612 2794 1667 mmulationem
2828 1612 3033 1681 patitur
3064 1629 3077 1666 :
3111 1612 3239 1665 dum
3268 1626 3388 1665 eam
3415 1610 3625 1681 quidem
3670 1629 3782 1681 pos-

2224 1704 2405 1758 sidere
2434 1704 2511 1758 illi
2540 1705 2745 1774 absque
2773 1704 2967 1759 invidia
3002 1721 3107 1761 non
3140 1706 3285 1759 licet.
3336 1704 3564 1760 Sanctus
3591 1722 3780 1773 quoque

531 1803 1002 1874 interemptionem
1028 1804 1269 1868 veniret,
1308 1820 1411 1857 non
1444 1802 1605 1857 homo
1631 1803 1982 1873 quicumque,
2012 1803 2106 1857 sed
2146 1791 2197 1852 Β
2229 1796 2397 1850 .lacob
2428 1811 2588 1866 quam
2621 1797 2783 1851 tnulta
2820 1799 3039 1865 patitur.
3085 1797 3323 1853 Primum
3354 1813 3474 1853 cum
3519 1796 3687 1853 fratris
3714 1802 3784 1853 sui

532 1896 721 1961 frater,
750 1897 876 1966 quid
904 1912 974 1952 ex
1005 1912 1067 1951 ea
1100 1908 1226 1951 tunc
1257 1898 1529 1951 sustinere
1581 1911 1741 1964 posse
1780 1896 2117 1951 credendum

528 2002 611 2045 est
641 2006 786 2054 eum,
817 1990 908 2060 qui
939 1992 1125 2044 hostes
1150 1997 1228 2043 tot
1254 1997 1546 2043 extrmieos
1578 1988 1741 2043 habet
1768 2006 1779 2039 :
1814 1996 1867 2042 et
1897 1988 1999 2043 nisi
2022 2004 2121 2059 per

530 2084 727 2138 molem
759 2092 934 2138 aucta:
966 2085 1249 2152 pravitatis
1300 2099 1329 2134 a
1360 2083 1545 2137 multis
1593 2094 1769 2152 potest
1798 2082 1984 2137 audire
2034 2097 2121 2136 so-

528 2177 735 2232 ciorum
765 2178 995 2246 quisque
1018 2177 1251 2247 justitia:
1280 2177 1549 2232 cultorum
1588 2194 1603 2244 ;
1644 2178 1848 2243 Venite,
1899 2179 2120 2233 circum-

529 2270 790 2324 veniamus
829 2273 1055 2341 justum,
1084 2270 1329 2339 quoniam
1384 2269 1586 2324 inutilis
1614 2280 1660 2322 et
1706 2271 1991 2324 contrarius
2045 2278 2119 2323 est

529 2362 769 2432 operibus
821 2362 1009 2417 nostris
1057 2362 1231 2429 (Sap.
1263 2379 1300 2425 ι,
1349 2362 1488 2433 12)?
1535 2363 1644 2417 Sed
1683 2364 1824 2417 dicet
1873 2362 2116 2433 aliquis:

527 2455 781 2525 Quisquis
837 2457 1005 2509 vitare
1057 2453 1310 2508 invidiam
1377 2456 1550 2525 cupit,
1612 2456 1799 2511 timeat
1874 2458 2120 2524 pluribus

537 2552 912 2613 innotescere,
948 2549 1033 2603 vel
1082 2549 1319 2618 placere.
1367 2549 1509 2605 Ecce
1549 2550 1727 2619 justus
1766 2550 1899 2606 Abel
1939 2552 2120 2606 nullos

531 2642 721 2697 habuit
741 2683 755 2706 ,
786 2643 988 2710 quibus
1020 2642 1421 2707 innotesceret,
1443 2642 1527 2697 vel
1558 2642 1833 2711 placeret:
1862 2652 1917 2696 et
1939 2652 2116 2698 tamen

535 2734 751 2789 invidia:
795 2735 978 2789 odium
1009 2733 1182 2789 vitare
1226 2749 1331 2788 non
1376 2735 1573 2805 potuit.
1609 2737 1767 2788 Errat
1808 2736 1950 2790 enim
2000 2735 2120 2805 qui-

531 2842 763 2897 cumque
819 2827 1021 2897 absque
1076 2826 1353 2882 hominum
1406 2827 1662 2882 amieitiis
1717 2828 1963 2885 contrahi
2010 2845 2116 2882 non

529 2934 693 2990 posse
718 2920 970 2990 Opinatur
992 2919 1247 2974 invidiam
1277 2939 1287 2972 :
1320 2936 1442 2975 eum
1474 2922 1567 2976 illa
1590 2936 1699 2975 non
1725 2930 1828 2975 tam
1860 2922 2120 2979 hutnanas

533 3013 821 3073 amicitias,
855 3028 1015 3082 quam
1062 3012 1235 3067 solam
1285 3013 1379 3068 Dei
1408 3013 1697 3067 amicitiam
1740 3025 2115 3085 persequatur.

536 3104 687 3160 Unde
718 3120 785 3160 ne
811 3106 901 3159 ille
920 3105 1136 3175 quidem
1166 3105 1370 3175 absque
1393 3106 1607 3161 invidia:
1637 3107 1977 3162 iufestatione
1999 3124 2119 3165 esse

2225 1889 2368 1944 Esau
2397 1932 2411 1957 ,
2448 1899 2667 1960 propter
2693 1891 2944 1946 collatam
2972 1892 3072 1947 sibi
3103 1892 3537 1948 benedictionem
3566 1934 3579 1958 ,
3621 1895 3785 1948 morti-

2225 1982 2393 2035 feram
2424 1983 2526 2037 sibi
2560 1984 2810 2039 invidiam
2842 1986 3153 2040 contrahit:
3187 2003 3309 2041 cum
3341 1988 3458 2056 ejus
3485 1988 3681 2053 odium,
3711 1989 3782 2043 in.

2224 2075 2699 2147 dignationemque
2734 2077 3016 2134 declinans
3040 2122 3053 2146 ,
3097 2078 3163 2133 ad
3190 2079 3375 2135 Laban
3413 2081 3563 2135 solus
3593 2082 3782 2150 pergit;

2226 2185 2347 2224 cum
2382 2180 2606 2241 propter
2636 2188 2859 2227 uxorem
2894 2175 3061 2228 servit
3108 2192 3120 2226 :
3166 2190 3287 2229 cum
3338 2175 3547 2229 dilecta:
3591 2190 3786 2245 sponsa:

2223 2277 2380 2317 soror
2417 2278 2522 2318 non
2562 2276 2736 2317 amata
2776 2266 3100 2335 supponitur
3149 2285 3160 2319 :
3209 2281 3331 2321 cum
3380 2266 3572 2334 prioris
3609 2267 3784 2320 amotis

2223 2353 2450 2417 tlillllllo,
2480 2356 2821 2411 matrimonia
2854 2359 2927 2412 illi
2962 2358 3145 2413 fraude
3170 2358 3554 2429 geminantur,
3595 2370 3647 2412 et
3684 2375 3785 2411 rur-

2223 2459 2342 2497 sum
2396 2462 2494 2514 pro
2545 2462 2651 2500 non
2701 2457 2883 2516 Optato
2932 2450 3241 2516 connubio,
3294 2451 3542 2519 seplenni
3586 2450 3785 2503 sct‘t'iliu

2223 2540 2540 2611 subiugatur
2568 2561 2578 2594 :
2612 2557 2735 2596 cum
2768 2544 3013 2598 fraudem
3046 2545 3246 2613 patitur
3272 2545 3343 2598 de
3377 2544 3622 2599 mercede
3646 2561 3658 2598 :
3683 2559 3786 2598 cum

2224 2643 2349 2701 post
2376 2635 2563 2705 viginti
2595 2652 2859 2691 annorum
2894 2640 3287 2695 mercenariam
3320 2640 3670 2703 servitutem,
3707 2654 3784 2690 0c-

2223 2728 2366 2782 cnlta
2398 2731 2570 2800 magis
2601 2730 2721 2801 fuga
2745 2772 2760 2797 ,
2793 2748 2956 2801 quam
2992 2732 3159 2786 libera
3189 2732 3565 2802 proficiscendi
3592 2731 3787 2799 expedi-

2225 2823 2373 2887 tione
2410 2823 2636 2879 discedit
2683 2842 2696 2878 :
2748 2842 2868 2879 cum
2899 2825 3081 2880 Laban
3127 2828 3563 2895 persecutionem
3608 2826 3780 2879 timet:

2222 2930 2344 2969 eum
2374 2915 2556 2971 fratris
2588 2916 2671 2972 sui
2705 2916 2959 2972 formidat
3003 2934 3289 2974 occursum
3341 2937 3353 2971 :
3399 2937 3521 2975 cum
3567 2917 3771 2973 delusan

2225 3010 2388 3065 filiam
2426 3027 2578 3066 suam
2622 3013 2808 3066 Dinam
2840 3015 3210 3080 perhorrescit
3244 3056 3255 3065 .
3288 3031 3417 3069 cum
3449 3013 3781 3069 dilectissime

2226 3103 2411 3157 uxoris
2432 3102 2637 3159 Rachel
2661 3104 2823 3159 funus
2844 3104 3043 3159 deﬂet:
3069 3122 3189 3160 cum
3212 3105 3618 3162 dilectissimum
3644 3107 3778 3158 lillllll

533 3197 736 3266 potuit,
785 3198 875 3269 qui
919 3198 1005 3252 vel
1045 3199 1146 3254 soli
1191 3201 1297 3253 lleo
1337 3200 1551 3269 placere
1594 3202 1856 3269 gestierit.
1905 3203 2119 3258 Sufﬁcit
2148 3187 2195 3249 C
2226 3192 2342 3264 Idl.
2370 3205 2470 3246 tae.
2497 3194 2706 3267 filium]
2739 3196 2941 3265 .loseph
2970 3198 3168 3252 acerbo
3203 3199 3397 3253 funere
3437 3208 3777 3267 consumpturi

532 3292 676 3345 enim
701 3290 766 3344 ad
799 3290 1015 3346 invidia:
1045 3293 1296 3347 stimulos
1328 3293 1651 3359 incitandos,
1697 3296 1743 3349 si
1786 3304 1837 3350 te
1878 3294 1953 3351 illi
2006 3298 2119 3365 pla-

532 3397 657 3437 cere
678 3387 1019 3453 cognoverit,
1054 3387 1195 3441 ultra
1233 3402 1394 3457 quem
1426 3388 1564 3442 alius
1602 3404 1726 3443 esse
1773 3403 1877 3442 non
1921 3398 2117 3458 potest.

539 3476 646 3532 Sed
680 3492 779 3532 nec
810 3488 1057 3532 sanctum
1090 3479 1203 3535 Noe
1246 3484 1297 3534 in
1336 3482 1585 3551 praesenti
1626 3481 1732 3536 vita
1784 3482 2120 3539 inconcussa:

531 3569 840 3623 securitatis
868 3573 1103 3640 quietem
1137 3572 1390 3629 habuisse
1421 3576 1811 3643 Cognovimus,
1848 3575 1975 3631 dum
2010 3578 2117 3631 ini-

533 3664 655 3731 quis
685 3664 1042 3719 existentibus
1072 3666 1304 3731 eunctis,
1336 3667 1490 3721 solus
1518 3668 1569 3723 in
1598 3669 1849 3724 universo
1878 3670 2011 3724 orbe
2035 3670 2119 3724 ni-

535 3755 662 3809 titur
690 3757 969 3812 custodire
996 3758 1263 3825 justitiam
1300 3778 1312 3814 :
1344 3758 1471 3814 dum
1515 3776 1695 3815 arcam
1729 3762 1990 3826 fabricat,
2037 3779 2126 3817 re-

536 3849 755 3914 parandi
783 3850 930 3906 orbis
972 3853 1177 3906 semina
1219 3853 1589 3908 continentem
1626 3873 1639 3908 :
1671 3854 1800 3909 dum
1845 3870 1904 3909 se
1938 3855 2120 3910 futuro

533 3941 733 3996 diluvio
765 3954 1050 4014 pra-parat,
1081 3957 1137 4000 et
1169 3946 1328 4000 fidem
1356 3958 1592 4000 ventura:
1616 3945 1998 4012 inundationis,
2035 3963 2121 4002 se-

532 4034 655 4088 dula
677 4050 801 4091 cura
825 4036 1105 4091 denuntiat
1131 4054 1143 4088 :
1169 4036 1293 4091 dum
1325 4047 1428 4091 tam
1454 4038 1555 4091 sibi
1578 4055 1736 4109 quam
1767 4040 1898 4103 suis,
1934 4055 2123 4110 quam-

532 4142 637 4196 que
663 4130 869 4183 cuuctis
900 4130 1263 4184 animantibus
1288 4130 1540 4184 alimenta
1566 4132 1828 4195 conquirit
1853 4174 1866 4196 ,
1896 4134 2119 4202 iustitiae

533 4223 749 4287 merito,
770 4222 937 4276 vitam
958 4225 1145 4277 mortis
1168 4231 1410 4293 tempore
1435 4235 1803 4280 reservaturus
1823 4244 1833 4279 :
1854 4228 1979 4281 dum
2003 4235 2122 4294 pOst

535 4325 734 4368 tantam
768 4315 1044 4369 hominum
1079 4318 1549 4383 numerositatem,
1577 4320 1747 4371 solum
1777 4334 1837 4374 se
1862 4336 1981 4372 cum
2008 4320 2118 4373 suis

530 4410 858 4465 remansisse
876 4410 1220 4480 superstitem
1242 4409 1411 4464 dolet.
1426 4410 1528 4466 Sed
1550 4412 1798 4465 solatium
1820 4428 1926 4466 non
1945 4413 2118 4482 perdit

529 4501 769 4555 desolata
821 4499 1028 4570 justitia
1065 4542 1080 4566 ,
1139 4501 1222 4556 cui
1254 4503 1586 4561 consortium
1614 4503 1755 4559 Deus
1797 4512 1880 4559 est
1906 4546 1921 4573 ,
1970 4507 2114 4559 omni

2224 3304 2252 3341 a
2276 3288 2463 3344 bestiis
2480 3290 2646 3357 dolet,
2666 3293 2779 3344 sine
2801 3293 3000 3347 solatio
3018 3294 3310 3361 sepultura:
3333 3311 3486 3349 :cum
3510 3293 3774 3363 ltenjatnin,

2221 3399 2382 3451 quem
2415 3385 2579 3439 etiam
2602 3394 2978 3455 consumptum
3007 3386 3193 3439 odiose
3225 3389 3485 3455 putabat,
3515 3386 3781 3441 comultrat

2228 3475 2335 3546 [AL
2365 3477 2415 3530 in
2440 3493 2601 3545 quem
2623 3477 2949 3549 contulerat]
2977 3479 3295 3535 charitatem
3325 3498 3337 3532 :
3369 3490 3423 3535 et
3446 3496 3599 3549 quem
3624 3495 3677 3533 se
3706 3491 3777 3528 mtt

2224 3568 2456 3637 amplius
2481 3586 2601 3624 esse
2629 3570 2867 3624 visurum
2914 3571 3213 3625 metuebat.
3261 3572 3525 3627 Defessus
3557 3574 3661 3640 jam
3688 3580 3776 3620 taut

2221 3662 2379 3715 annis
2410 3677 2567 3730 quam
2613 3662 2894 3717 laboribus
2937 3679 3107 3720 senex
3135 3705 3151 3727 ,
3202 3673 3257 3719 et
3292 3676 3450 3732 pater
3482 3665 3778 3735 justisstnus

2226 3754 2549 3824 ingemiscit.
2600 3756 2993 3811 Smctissimus
3036 3758 3198 3811 etiam
3230 3757 3437 3828 Josepb
3467 3760 3535 3814 de
3565 3754 3779 3812 teiwtio-

2224 3864 2350 3902 nnm
2383 3849 2677 3917 generibus
2707 3850 3045 3906 conflictatur
3086 3863 3140 3905 et
3186 3853 3471 3921 quatitur,
3523 3856 3607 3907 cui
3638 3865 3695 3904 ac
3738 3847 3780 3903 si

2225 3945 2632 4001 tribulationum
2651 3949 2859 4001 semina
2879 3948 3090 4016 species
3112 3950 3369 4003 videntur
3389 3947 3775 4019 fuisscjtslitite.

2224 4042 2353 4096 Nam
2386 4044 2600 4111 quoties
2630 4042 2831 4112 aliquid
2862 4051 3064 4095 sancta:
3095 4044 3175 4096 vel
3206 4044 3292 4110 pie
3320 4046 3513 4111 gessit,
3549 4042 3682 4097 tnics
3708 4040 3778 4092 iu-

2223 4136 2590 4190 tolerabilium
2648 4137 3004 4188 tentatit‘iuum
3052 4135 3371 4189 discrimina
3421 4138 3589 4191 subir:
3639 4148 3776 4186 eom-

2224 4227 2410 4293 pulsus
2440 4236 2543 4289 est,
2570 4225 2795 4295 λιιμιίιὶιιε
2830 4227 3178 4281 Consentieus
3202 4268 3216 4292 ,
3261 4237 3315 4280 et
3343 4242 3441 4295 spe
3472 4223 3779 4281 corlOrtaute

2225 4318 2521 4385 perdurans
2568 4336 2580 4371 :
2626 4326 2684 4370 ιιι
2731 4318 3083 4372 laborandum
3132 4318 3292 4372 nobis
3336 4321 3448 4384 sit,
3507 4317 3613 4386 (μω
3646 4318 3693 4370 in
3722 4331 3779 4368 eo

2225 4409 2495 4462 laudando
2522 4409 2753 4477 primum
2779 4408 3074 4463 debeamus
3096 4424 3385 4465 assumere
3403 4408 3605 4479 justtim
3628 4424 3638 4458 :
3662 4422 3777 4461 san-

2221 4502 2496 4557 ctitatian
2525 4502 2721 4574 [Mai-t.
2748 4502 3197 4573 sanctitatisquc]
3230 4501 3687 4572 perseverantiam,
3715 4515 3775 4552 an

528 4594 840 4649 celebritate
868 4593 1125 4650 festiv-lor.
1159 4594 1299 4649 Erce
1327 4607 1379 4650 et
1410 4595 1504 4651 ille
1530 4613 1644 4650 rem
1688 4613 1879 4667 passus
1910 4598 2110 4669 ersilii,
2147 4567 2195 4628 D
2222 4597 2495 4665 patientiae
2525 4595 3046 4665 mquanimitatisque
3075 4596 3359 4649 virtutem.
3396 4598 3504 4651 Nan
3531 4609 3648 4646 cum
3680 4590 3776 4645 fra-

526 4696 803 4760 peremPta
830 4686 1103 4743 hominum
1128 4687 1455 4760 frequentia,
1489 4700 1545 4745 et
1570 4691 1615 4745 si
1646 4706 1753 4745 non
1787 4692 1932 4745 omni
1965 4692 2109 4746 sola-

530 4782 603 4835 tio
625 4781 912 4835 destitutus
934 4781 1124 4852 partis,
1149 4791 1326 4836 tamen
1352 4798 1485 4852 pene
1507 4784 1654 4837 solus
1679 4784 1920 4849 relictus,
1947 4800 2112 4855 agno-

526 4874 602 4928 vit
640 4889 699 4928 se
736 4874 965 4929 Domino
987 4873 1141 4928 valde
1171 4876 1395 4930 servire.
1432 4875 1585 4931 Unde
1630 4894 1734 4933 non
1780 4894 2111 4949 magtmpere

529 4965 847 5034 quuirebat
868 4981 1058 5019 vanam
1090 4964 1365 5020 hominum
1397 4968 1709 5022 consolandi
1736 4972 1984 5039 gratiam,
2020 4970 2111 5039 qui

524 5060 902 5127 jucundiorem
952 5076 1013 5113 ac
1045 5060 1340 5129 pleniorem
1365 5060 1596 5116 habebat
1627 5064 1676 5114 in
1704 5062 1813 5117 Deo
1844 5064 2113 5119 fiduciam.

532 5155 758 5207 Sanctus
799 5169 1015 5222 quoque
1044 5155 1310 5209 Abraham
1342 5197 1355 5221 ,
1398 5170 1516 5221 quae
1550 5154 1631 5208 vel
1664 5164 1857 5224 quanta
1895 5173 2119 5227 perpes-

529 5264 619 5301 sus
650 5258 752 5310 cst,
797 5248 920 5301 dum
955 5248 1109 5301 fidem
1143 5249 1287 5302 solus
1321 5249 1459 5301 inter
1490 5258 1711 5303 CINCIUS
1734 5262 1913 5305 servat
1940 5252 2116 5306 incre-

526 5344 680 5395 dulos
729 5360 740 5393 :
791 5341 913 5394 (lum
960 5343 1183 5410 patriam
1230 5354 1283 5395 et
1324 5341 1655 5411 propinquos
1698 5343 1941 5398 deserit:
1986 5346 2115 5400 dum

524 5438 709 5491 uxoris
731 5437 1078 5491 sterilitatem
1102 5437 1245 5490 dolet
1266 5455 1277 5489 :
1299 5435 1427 5489 dum
1453 5448 1670 5506 pl‘Optet‘
1692 5454 1768 5492 cs;
1786 5456 1830 5491 tt:
1856 5442 2112 5507 ii:0pi;tm,

526 5533 691 5587 modo
721 5532 772 5586 in
807 5530 1042 5601 .‘Egyplu
1068 5570 1083 5596 ,
1117 5530 1275 5584 modo
1307 5531 1361 5583 in
1392 5540 1534 5585 terra
1562 5531 1779 5586 Geraris
1814 5536 2120 5602 peregrina-

534 5629 693 5681 tionis
726 5628 896 5681 scntit
924 5624 1151 5694 injurias
1179 5643 1189 5679 :
1217 5625 1343 5680 dum
1377 5626 1512 5678 mori
1541 5636 1761 5695 propter
1790 5629 1971 5682 uxoris
2005 5629 2123 5697 pul-

532 5721 892 5776 chritudinem
928 5718 1080 5774 timet
1109 5736 1123 5771 :
1150 5718 1280 5772 dum
1318 5719 1419 5773 sibi
1453 5733 1699 5789 ereptam
1730 5733 1926 5777 nimrct
1958 5742 1966 5773 :
1997 5723 2123 5779 dum

537 5812 779 5882 proferre
821 5827 940 5870 eam
987 5830 1096 5872 non
1134 5812 1375 5881 meruit,
1421 5812 1563 5883 quod
1596 5814 1886 5885 :cquissimi
1933 5815 2131 5887 judicis

2224 4700 2373 4743 terna
2415 4688 2705 4743 dilectione
2743 4689 3056 4751 somnium,
3100 4698 3156 4741 ιιι
3192 4687 3361 4743 frater
3391 4685 3623 4743 fratribus
3650 4684 3775 4738 indi-

2220 4790 2391 4844 caret,
2417 4780 2676 4835 invidiam
2698 4795 2883 4835 eorum
2915 4780 3207 4851 odiumque
3237 4779 3671 4855 contraitzquasi
3690 4785 3773 4831 aut

2220 4876 2338 4939 ipse
2361 4890 2419 4927 se
2444 4872 2547 4943 [AL
2575 4872 2957 4944 si]somniassc
2980 4872 3349 4938 liuxisset,aut
3376 4869 3621 4927 vsionem
3636 4870 3771 4924 illam

2217 4967 2282 5019 ad
2298 4965 2824 5036 Sttbjugaudormnae
2838 4964 3208 5021 terrendorum
3224 4966 3449 5020 indician
3466 4964 3772 5016 nuntiasset.

2221 5060 2348 5116 Inde
2376 5076 2497 5114 cum
2530 5061 2595 5114 ad
2626 5062 2770 5130 ipsos
2800 5060 3190 5129 cognoscenda:
3212 5062 3376 5114 saluti
3408 5072 3593 5110 eorum
3621 5068 3771 5109 causa

2221 5156 2411 5211 fuisset
2440 5172 2470 5208 a
2499 5165 2651 5225 patre
2679 5155 2942 5219 directus,
2974 5154 3269 5223 injunctum
3296 5152 3369 5207 si‘i
3408 5151 3511 5203 iter
3546 5151 3771 5205 festinus

2219 5264 2504 5319 aggressus
2523 5258 2599 5302 est
2613 5290 2628 5315 ,
2644 5264 2747 5317 quo
2769 5248 2998 5302 celerius
3011 5263 3194 5300 eorum
3214 5251 3367 5315 posst
3380 5242 3502 5295 (tilia
3518 5252 3767 5296 saturare.

2349 5361 2655 5416 MONITUM
2696 5360 2761 5415 IN
2805 5360 3192 5415 EPISTULA)!
3234 5355 3650 5420 SlQUlitVTEM.

2298 5457 2423 5513 Visa
2448 5458 2554 5509 licet:
2591 5464 2667 5507 est
2709 5456 2830 5508 olim
2869 5454 3090 5507 Erosmo
3130 5472 3234 5506 non
3271 5448 3521 5503 bliorrere
3562 5466 3592 5500 (ι
3640 5448 3766 5517 style

2227 5526 2557 5593 Tertulliani,
2588 5528 3074 5599 qzmntum,_inquit,
3103 5543 3166 5580 ea:
3190 5525 3304 5599 illis
3333 5520 3765 5599 fragmentislicel

2227 5600 2476 5664 osioxmi;
2521 5592 2755 5651 ral'cnim
2790 5596 3083 5662 tif/“uelutior
3123 5612 3166 5649 et
3210 5592 3505 5650 (irin-Vultis
3529 5635 3541 5648 .
3577 5592 3763 5643 Μαίη-ἱ

2229 5670 2463 5741 gruvilms
2487 5671 2766 5721 sententiis.
2798 5668 3108 5719 Existimant
3132 5668 3224 5721 alii
3244 5664 3458 5741 fortasse
3481 5665 3627 5741 etiam
3649 5679 3763 5741 (“Ull-

2231 5734 2469 5810 pruenter
2498 5743 2666 5809 magis
2687 5784 2699 5805 ,
2735 5741 2801 5792 ad
2832 5740 3182 5809 subsequentis
3200 5734 3754 5810 jtcliottettgnlﬁpialolm,

2232 5804 2346 5883 qua:
2368 5857 2385 5883 ,
2427 5804 2623 5869 neruine
2654 5804 2771 5884 jam
2806 5804 3050 5882 di/ﬁtciite
3074 5854 3089 5882 ,
3124 5805 3405 5870 Sana-rimi
3441 5804 3758 5860 Taurincnsis
