3916 6288
199 293 244 356 σι
1072 289 1405 348 ΕΡῙΞΤΟΙΑ
1446 290 1513 349 γ.
1553 290 1645 347 ΑΙ)

1752 288 1955 349 ιιιεῠιι
1992 287 2377 349 ΑΞΟΒΟΤΗΜ.

196 425 274 478 αι.
302 427 393 467 tam
416 409 484 462 ita
506 408 736 485 accedere
758 452 772 475 ,
804 418 860 485 ut
888 418 1087 464 tantum
1114 427 1217 465 non
1242 420 1381 465 certo
1405 412 1681 468 ascribunt.-
1710 413 1763 477 Α
1794 420 2090 485 tempestas
2129 414 2271 470 inter
2312 414 2505 470 ﬂuctus
2550 413 2779 471 invenit.
2824 413 2895 471 Et
2923 414 3175 484 quamvis
3218 420 3382 472 neruo

196 486 289 558 Ego,
310 494 350 539 tit
372 483 681 558 pronuntiare
711 483 944 558 nondum
974 489 1071 558 hac
1091 486 1155 535 de
1185 501 1240 536 re
1265 486 1431 537 ausim
1456 527 1472 551 ,
1514 488 1680 558 sentio

200 552 341 617 tanien,
374 552 565 623 propius
594 552 658 605 ad
703 552 888 627 horum
937 556 1266 627 opinionem,
1320 573 1431 609 eum
1455 557 1543 627 qui
1570 554 1681 609 lucc

202 629 364 694 scriptu,
402 640 657 697 personam
697 626 945 677 sustinere
992 626 1220 695 episcopi
1244 666 1259 690 ,
1308 630 1395 697 qui
1425 626 1478 680 se
1507 637 1680 679 statim

206 701 404 757 ίιιὲιιοιιι,
432 695 819 749 [inmittit-arum
852 712 1032 751 rerum
1066 695 1679 768 religiosa'necessitale

206 777 445 839 occupatum,
479 780 572 822 etc.

662 860 1004 917 EPISTULA
1043 862 1106 916 V.

565 968 633 1007 AD
672 969 875 1007 Αιιιευιι
913 968 1204 1009 εοειοτυιι.

237 1051 263 1106 l.
300 1049 593 1116 Quamquam
624 1048 930 1101 certissime
958 1052 1239 1113 noverim,
1278 1046 1673 1116 experientiam

191 1150 282 1195 luant
309 1140 439 1193 alieni
478 1138 867 1194 consolaminis
913 1138 1275 1193 lcvatninibus
1315 1146 1480 1208 atque
1517 1137 1676 1193 remi-

185 1236 250 1303 giis
267 1248 343 1288 l0ll
370 1233 597 1301 indigere
628 1249 643 1287 :
681 1248 803 1288 cum
837 1234 1123 1304 languores
1153 1248 1530 1301 airutnnasque
1560 1234 1674 1286 lati-

184 1327 279 1396 κυιήί
294 1329 524 1395 corporis,
555 1336 947 1397 stuporcmque
969 1330 1335 1383 membrorum
1361 1331 1669 1397 rigentium,

188 1421 337 1489 vigentis
365 1419 691 1489 calentisque
730 1421 898 1476 animi
930 1420 1192 1476 felicitate
1220 1423 1333 1490 ipse
1358 1424 1666 1487 contbveas,

188 1512 387 1568 acnedica
427 1516 636 1569 ratione
670 1532 833 1571 cures
865 1525 1026 1585 atque
1074 1531 1373 1585 componas
1421 1533 1434 1570 :
1487 1526 1667 1574 tamen

180 1610 270 1663 lnler
292 1610 476 1663 adversa
512 1610 828 1679 praesidium
848 1650 863 1675 ,
900 1612 1040 1666 inter
1073 1613 1293 1667 morbos
1331 1613 1629 1666 remedium
1650 1652 1663 1675 ,

178 1700 269 1754 inter
300 1717 426 1757 curas
469 1703 777 1769 solatium,
833 1705 884 1757 in
935 1703 1190 1760 ﬂuctibus
1238 1704 1431 1758 aliena:
1475 1719 1666 1758 manus

1785 506 1965 563 libens
1998 509 2295 577 perieulum
2328 509 2562 579 patiatur
2593 519 2685 562 aut
2717 508 2876 572 ferat,
2909 518 3092 563 tamen
3112 507 3215 561 sub
3238 514 3376 577 poni-

1784 600 1912 657 dere
1942 603 2192 673 periculi,
2224 614 2453 673 cogente
2481 603 2830 667 necessitate,
2859 601 3371 658 duratum—Inviti.

1783 695 1891 749 Sed
1917 694 2023 749 alia
2052 696 2181 748 milii
2209 697 2455 750 anxietas
2483 694 2689 750 accedit
2712 736 2729 754 .
2768 708 2890 763 qua:
2915 694 3237 750 maeroribus
3266 695 3366 748 du«

1785 788 2018 857 plicatis,
2055 804 2205 843 meos
2230 802 2419 843 sensus
2452 788 2707 847 involvat.
2742 797 2795 840 et
2823 786 3168 842 mordacibus
3196 789 3364 851 curis,

1782 880 2195 951 inexplicabiles
2223 896 2382 936 curas
2412 883 2671 949 imponat.
2703 880 2878 934 Movet
2907 881 3050 933 enim
3084 895 3193 945 me,
3222 879 3368 945 quod

1780 986 1901 1024 cum
1931 971 2126 1026 talibus
2148 973 2521 1033 tentamentis,
2542 979 2753 1027 etcum
2780 980 2886 1024 tam
2910 969 3169 1025 obstinati
3191 970 3370 1027 morbi

1776 1065 2074 1119 certamine
2100 1064 2231 1119 milii
2258 1065 2358 1119 soli
2396 1063 2692 1133 contigerit
2730 1063 3029 1117 dimicare?
3069 1078 3191 1116 cum
3219 1061 3361 1116 alios

1776 1156 2017 1208 noverim
2049 1164 2104 1208 et
2133 1154 2441 1209 mitioribus
2469 1154 2638 1223 plagis
2669 1168 2793 1208 esse
2815 1163 3111 1219 correctos,
3146 1164 3198 1206 et
3217 1168 3366 1207 com.

1778 1247 2038 1317 peudioso
2065 1248 2361 1302 luctamine
2384 1248 2663 1302 exstitisse
2693 1246 2950 1300 victores.
2975 1246 3082 1300 Cur
3104 1246 3237 1300 milii
3263 1246 3370 1300 Do-

1775 1344 1953 1395 minus
1986 1358 2094 1395 non
2127 1357 2251 1395 cum
2283 1342 2501 1397 caeteris
2532 1350 2809 1395 certamen
2843 1338 3084 1393 indixit?
3122 1336 3231 1393 Cur
3281 1353 3372 1396 me

1774 1451 1880 1489 non
1911 1435 2059 1499 sicut
2081 1448 2311 1490 cmteros
2339 1434 2623 1505 castigavit
2643 1434 2667 1487 2
2691 1462 2765 1475 —-
2790 1432 2950 1488 Ιῐιειι.
2992 1432 3176 1487 Primo
3217 1433 3362 1488 enim

1773 1545 1878 1583 non
1911 1529 2078 1583 debes
2115 1530 2168 1583 in
2214 1540 2319 1583 tam
2365 1528 2540 1582 arduo
2584 1527 2886 1581 certamine
2931 1525 3264 1579 constitutus
3294 1526 3365 1581 do

1773 1620 2068 1674 humilibus
2095 1621 2357 1688 cogitare.
2410 1619 2670 1675 Interiora
2699 1629 2825 1673 sunt
2851 1620 2998 1673 enim
3031 1618 3254 1685 praemia
3278 1617 3366 1672 in-

1770 1714 2063 1768 ferioribus
2092 1717 2304 1783 pugnis.
2336 1713 2433 1769 Ubi
2474 1714 2708 1782 denique
2738 1712 2896 1768 fortia
2926 1712 3157 1768 fortibus
3185 1710 3358 1782 impe-

178 1793 367 1861 rcmigiutn
390 1808 601 1865 Semper
623 1795 887 1865 quurl'illtl‘
913 1806 968 1850 et
988 1805 1227 1863 optatur.
1253 1796 1385 1850 Pars
1412 1804 1499 1850 est
1518 1795 1663 1851 enim
1697 1810 1740 1871 Β
1769 1814 1960 1860 mnuu-
1981 1846 1995 1869 ,
2029 1806 2314 1861 fortiorem
2346 1805 2542 1861 fortior
2577 1807 2821 1860 muneris
2850 1805 3095 1875 sequitur
3123 1820 3322 1861 census
3346 1820 3362 1860 ι

177 1888 451 1956 proculdubio
479 1888 843 1945 titaximarnm
889 1890 1223 1945 medelarum
1264 1890 1487 1946 fraterni
1526 1905 1660 1944 con—

174 1982 360 2035 solationis
385 1983 584 2037 fructus
618 1994 632 2035 :
667 1994 722 2038 et
764 1985 936 2039 fomes
963 1986 1235 2039 dictorum
1263 2025 1281 2049 ,
1316 1994 1341 2020 ἰ
1372 1983 1659 2041 dulcedine

178 2075 466 2130 consolantium
493 2120 508 2143 ,
544 2077 799 2137 levamen
829 2076 993 2132 fessis
1022 2076 1218 2132 animis
1246 2077 1557 2133 introducit.
1592 2080 1658 2132 lit

178 2168 544 2241 simcorporeis
566 2172 625 2227 in
649 2174 927 2239 membris,
954 2173 1261 2231 recessibus
1285 2174 1451 2229 animi
1476 2182 1655 2231 tamen

171 2265 354 2320 aibtlilis
374 2308 388 2333 ,
418 2268 689 2337 spirituali
720 2270 901 2323 studio
938 2270 1219 2339 componit
1249 2269 1522 2324 hominem
1548 2308 1565 2331 .
1597 2278 1654 2324 et

164 2356 607 2414 inserituttnedicus
654 2362 1008 2430 sospitatom,
1053 2360 1317 2429 juvatque
1360 2359 1652 2415 conamina

157 2450 443 2509 exhaustorum
471 2455 691 2523 virium,
746 2454 850 2509 sub
877 2454 1160 2524 longarum
1191 2453 1403 2509 sarcina
1434 2468 1655 2524 pressu-

156 2559 277 2597 nrum
301 2562 313 2600 :
339 2550 559 2604 maxime
588 2566 717 2603 cum
756 2550 1022 2619 scriptum
1069 2551 1145 2605 sit
1173 2566 1185 2604 :
1219 2546 1410 2603 Frater
1439 2551 1651 2615 fratrem

158 2638 332 2707 (φηςι
352 2642 657 2696 excitabitur
688 2644 707 2712 (
735 2639 881 2694 Psal.
914 2655 1005 2695 vlli
1032 2681 1046 2704 ,
1079 2642 1146 2696 10
1170 2640 1211 2711 ).
1240 2640 1320 2696 Ob
1353 2643 1457 2696 ltoc
1487 2641 1652 2710 igitur

158 2729 329 2795 tuouiam
354 2732 743 2787 dominicarum
772 2749 953 2788 rerum
984 2732 1230 2801 religiosa
1255 2733 1555 2787 necessitas
1578 2734 1651 2787 ita

157 2834 207 2873 nc
229 2832 343 2879 tenet
366 2838 680 2895 occupatum
708 2865 725 2892 ,
772 2837 830 2879 ut
863 2825 1205 2894 frequentata
1234 2825 1535 2893 corporalis
1561 2839 1652 2880 ac-

152 2928 291 2979 essus.
316 2934 567 2973 aerumnas
603 2930 726 2972 tuas
753 2919 1021 2973 illustrare
1052 2933 1157 2972 non
1188 2917 1348 2973 detur
1376 2918 1647 2974 facultas:

153 3004 283 3070 placuit
304 3009 431 3064 sicut
458 3012 641 3081 petisti
665 3053 680 3074 ,
729 3022 787 3064 ut
811 3012 1191 3081 qualicumque
1220 3011 1412 3066 solatio
1442 3012 1649 3066 littera-

152 3112 219 3153 rttn
250 3102 444 3159 lenirem
488 3118 595 3160 tam
644 3107 804 3176 longa
849 3112 1185 3161 tentatnenta
1235 3105 1485 3167 virtutis,
1536 3104 1647 3159 imo

1766 1910 1820 1955 et
1851 1899 1972 1956 ideo
2000 1902 2351 1969 ignominiam
2372 1901 2578 1968 judiczit
2604 1900 2754 1955 fortis
2775 1915 2895 1955 etnn
2927 1899 3185 1954 inferiore
3208 1914 3361 1953 com-

1765 1993 1913 2059 poni.
1952 1993 2173 2061 Magnus
2194 2001 2276 2046 est
2299 1992 2444 2046 enim
2465 1992 2554 2060 qui
2583 1991 2776 2045 vicerit
2800 2005 3026 2059 magna:
3047 1989 3359 2048 devotionis

1759 2094 1843 2140 est
1873 2086 2122 2140 maxima:
2154 2086 2385 2139 tnaxima
2416 2086 2685 2139 sustinere
2710 2102 2723 2137 :
2752 2084 2989 2153 ingentis
3009 2083 3224 2139 virtutis
3245 2093 3355 2152 est,

1759 2178 1995 2247 ingentia
2033 2193 2314 2247 superare.
2361 2177 2601 2246 Namque
2640 2176 2844 2232 met-itis
2893 2175 3353 2232 eminentioribus

1759 2271 1979 2327 excellit
2007 2282 2235 2327 creterris
2254 2269 2396 2339 apud
2419 2285 2624 2339 regem,
2655 2284 2813 2339 quem
2844 2268 3135 2337 plurimum
3166 2269 3354 2323 turba-

1757 2366 1899 2421 verit
1928 2379 2117 2419 cauma
2141 2363 2431 2425 bellorum,
2464 2372 2518 2415 et
2542 2361 2879 2416 reddiderint
2902 2369 3153 2429 superata
3179 2363 3349 2417 victo-

1762 2472 1898 2513 rem.
1951 2456 2121 2514 Adest
2148 2458 2382 2526 denique
2413 2455 2590 2526 praeda
2616 2495 2632 2520 ,
2688 2456 2741 2510 in
2775 2455 2893 2525 ipso
2920 2454 3175 2511 conllictu
3214 2470 3351 2511 con-

1755 2562 1956 2620 gruens
1969 2549 2249 2620 qualitatis
2264 2548 2603 2615 certaminis,
2620 2547 2814 2603 merito
2826 2547 3094 2603 destinata
3106 2549 3351 2608 victoris.

1754 2640 1990 2697 Numero
2035 2640 2302 2697 castrensi
2344 2640 2581 2708 pondera
2624 2656 2722 2709 pro
2749 2641 2957 2695 viribus
2986 2654 3140 2709 reges
3172 2641 3347 2709 impo-

1754 2745 1890 2789 nunt
1932 2752 1947 2788 :
1999 2733 2197 2789 medici
2234 2749 2329 2804 pro
2372 2734 2551 2789 causis
2582 2732 2825 2787 medelas
2871 2731 3212 2800 impendunt.
3246 2732 3351 2798 Qui

1753 2828 2029 2884 curandus
2050 2837 2154 2893 est,
2181 2844 2291 2883 non
2318 2827 2450 2882 dicit
2468 2825 2683 2882 medico
2701 2842 2804 2897 qua
2832 2825 2951 2895 lege
2975 2835 3216 2881 curetur.
3239 2825 3352 2882 Nec

1752 2920 1912 2976 miles
1947 2920 2099 2990 eligit
2134 2934 2242 2989 quo
2276 2920 2522 2975 mittatur
2558 2936 2569 2971 :
2620 2935 2719 2973 nec
2763 2932 2955 2972 servus
2982 2933 3089 2987 quo
3118 2919 3348 2974 verbero

1753 3016 2070 3083 castigatur.
2118 3013 2273 3081 Quod
2301 3014 2446 3068 enim
2478 3028 2542 3067 ex
2576 3013 2802 3080 majoris
2830 3012 3032 3082 pendet
3073 3011 3298 3068 arbitrio
3324 3051 3342 3079 ,

1753 3123 1858 3162 non
1886 3117 1966 3161 est
1995 3107 2046 3160 in
2077 3116 2342 3175 potestate
2380 3104 2631 3174 subjecti.
2677 3104 2818 3174 Ergo
2855 3105 2946 3174 qui
2978 3119 3213 3172 superna
3248 3120 3338 3159 ro-

149 3202 265 3255 putus
300 3197 471 3251 salutis
517 3198 867 3253 commodum
918 3198 1243 3262 visitarem;
1296 3207 1353 3251 et
1404 3197 1643 3252 animum
1674 3204 1719 3268 ί]
1752 3198 1931 3267 gimur
1955 3208 2244 3267 potestate.
2265 3209 2319 3252 et
2341 3198 2483 3252 inter
2503 3197 2687 3250 tnundi
2713 3197 2961 3251 miserias
2984 3196 3344 3253 multiformes

146 3280 363 3341 Christiana
393 3291 586 3345 virtute
621 3291 898 3345 fundatum
924 3291 976 3345 in
1003 3290 1166 3346 robur
1189 3292 1485 3345 maximum
1518 3306 1646 3360 pro-

146 3388 356 3433 mota-em.
373 3380 464 3449 Qui
488 3396 783 3452 regnorum
809 3382 1115 3438 cmicstinm
1138 3384 1372 3451 pratdam
1392 3398 1644 3437 censum-

142 3480 213 3534 que
228 3476 419 3527 ueneris
442 3476 761 3542 sempiterni
787 3474 1167 3528 contendimus
1190 3489 1486 3544 occupare,
1519 3490 1643 3529 esse

144 3573 215 3612 non
251 3577 494 3630 [assumus
543 3569 668 3621 sine
718 3567 896 3637 aliqua
940 3570 1331 3637 congressione
1376 3566 1638 3623 victores.

143 3648 358 3721 bamquitn
386 3661 523 3713 enim
550 3660 779 3713 delicata
808 3675 871 3713 ac
899 3662 1081 3729 ignara
1103 3660 1416 3715 certaminis
1443 3662 1637 3726 Virtus,

142 3746 659 3818 victoriatnlmiferum
688 3753 901 3808 culmen
931 3753 1177 3808 ascendit
1201 3771 1214 3805 :
1239 3762 1332 3807 aut
1360 3754 1636 3823 prtentium

142 3835 381 3900 desubacis
407 3848 651 3903 adversis
675 3848 907 3918 accipit,
939 3850 1031 3918 qui
1068 3848 1295 3903 victoria
1327 3848 1635 3903 cltariurem

144 3930 361 3991 vilissime
403 3940 616 4007 judieat
664 3942 747 3995 sui
795 3943 1039 4009 corporis
1078 3941 1265 3995 vitam.
1314 3940 1422 3994 Nec
1447 3939 1637 3995 mortis

144 4033 243 4074 emta
272 4032 541 4087 concutitur
580 4044 727 4087 metu
756 4074 770 4097 ,
812 4034 896 4088 cui
925 4035 994 4088 de
1033 4043 1206 4088 morte
1236 4033 1344 4087 vita
1375 4034 1634 4089 nascitur.

146 4112 370 4174 Pretiosqu
393 4136 475 4180 est
516 4128 593 4180 illi
626 4137 679 4180 et
709 4126 1026 4197 Sanguinem
1058 4125 1288 4181 fundere
1316 4142 1332 4181 :
1364 4126 1635 4181 felicitatis

144 4215 303 4265 estcutn
329 4214 620 4273 ittftlicitale
648 4234 889 4288 pugnare
920 4236 933 4273 :
978 4220 1220 4274 Summa}
1263 4218 1510 4274 sanitatis
1552 4228 1636 4276 est

144 4304 273 4357 11::er
300 4308 487 4365 vultum
535 4315 806 4368 sustinere
855 4331 866 4363 :
912 4314 1181 4381 jaclttrant
1222 4330 1440 4384 quoque
1486 4314 1633 4369 ferro

144 4400 424 4454 ιιειιιὺιοι-ιιιιι
448 4444 462 4468 ,
496 4410 751 4475 opinatur
788 4408 1083 4460 maximum
1124 4407 1347 4462 lucrum.
1390 4408 1453 4461 Et
1481 4408 1627 4477 quod

143 4494 193 4536 est
214 4489 417 4547 ultimum
445 4496 607 4552 dcam
631 4538 650 4564 ,
696 4502 1012 4567 praeclarum
1051 4513 1134 4556 ρει
1166 4501 1240 4555 illi
1272 4500 1323 4559 in
1354 4500 1473 4570 ipso
1502 4518 1629 4555 cer-

1746 3290 2089 3361 corrigendi,
2122 3307 2432 3355 versamur,
2463 3305 2562 3345 nec
2592 3298 2831 3346 nostrum
2864 3301 2946 3344 est
2971 3288 3043 3343 de
3070 3298 3341 3359 potestate

1745 3381 1981 3447 Domini,
2011 3393 2104 3435 aut
2132 3382 2315 3453 plagas
2348 3384 2553 3451 eligere
2578 3422 2595 3447 ,
2636 3392 2726 3436 aut
2756 3382 2860 3435 alia
2889 3381 3185 3437 certamina
3216 3397 3339 3449 qua:

1743 3473 1971 3528 ferendo
2000 3475 2279 3529 vincamus
2305 3492 2317 3527 2
2340 3475 2482 3530 sicut
2510 3489 2613 3529 nec
2642 3489 2923 3529 servorum
2947 3482 3032 3529 est
3051 3474 3251 3542 eligere
3272 3475 3342 3530 de

1742 3566 1978 3621 dominis
2006 3582 2203 3637 genera
2236 3567 2596 3636 flagellorum.
2639 3566 2944 3635 Numquam
2974 3567 3119 3622 enim
3148 3582 3216 3621 ex
3244 3582 3336 3621 ar-

1743 3660 1905 3715 bitrio
1945 3661 2231 3729 pendentis
2257 3662 2457 3729 pendet
2498 3661 2711 3717 licentia
2740 3662 3100 3717 verberantis.
3139 3662 3333 3716 Potes-

1743 3752 1870 3805 latis
1899 3761 1983 3806 est
2012 3753 2328 3820 emendare,
2366 3753 2698 3807 conditionis
2722 3761 2807 3807 cSt
2828 3752 3134 3819 subjacere.
3170 3751 3336 3817 [legis

1741 3856 1825 3901 est
1855 3860 1998 3900 onus
2031 3846 2310 3913 imponere
2333 3886 2348 3909 .
2393 3858 2446 3902 et
2480 3845 2667 3901 militis
2691 3855 2780 3901 est
2807 3846 3096 3900 sustinere.
3126 3844 3336 3913 Quippe

1741 3955 1864 3993 cum
1894 3939 1966 3993 ab
1996 3937 2103 4010 [ιιι.
2131 3951 2185 3993 et
2211 3939 2299 4011 ab]
2334 3941 2449 4009 ipso
2479 3955 2605 4008 rege
2637 3938 2768 3992 nillil
2799 3946 3020 4007 geratur
3048 3937 3330 4007 injustam,

1738 4031 1829 4099 qui
1858 4029 1972 4083 suis
2002 4030 2309 4099 legionibus
2340 4046 2435 4098 pro
2462 4031 2658 4085 virium
2689 4030 2953 4096 qualitate
2979 4030 3207 4083 bellicos
3235 4045 3332 4082 su-

1738 4122 1897 4176 dores
1929 4121 2239 4191 imponens,
2274 4122 2444 4178 fortes
2470 4124 2641 4177 mittit
2666 4123 2732 4176 ad
2762 4123 2952 4179 fortia:
2986 4121 3335 4180 inferioribus

1738 4214 2103 4281 competentia
2131 4213 2323 4283 jubet,
2371 4224 2426 4268 tit
2465 4229 2565 4269 nec
2609 4214 2833 4269 inferior
2860 4224 3047 4269 contra
3078 4215 3325 4285 proprias

1740 4304 1887 4360 vires
1914 4307 2214 4360 certamine
2248 4307 2568 4374 potentioris
2596 4317 2877 4372 arceatur,
2924 4322 3024 4361 nec
3054 4309 3329 4375 potentior

1738 4396 2013 4452 inferioris
2039 4399 2361 4466 certamine,
2393 4399 2705 4471 degradatis
2732 4399 2964 4465 meritis,
2994 4398 3329 4459 bttmiliclnr.

1739 4489 1805 4543 Et
1839 4489 1971 4543 dum
2010 4491 2115 4546 ltoc
2137 4492 2315 4560 agitur
2337 4532 2352 4558 ,
2397 4502 2452 4545 ut
2486 4491 2665 4546 nullus
2695 4492 2749 4545 in
2778 4492 2958 4547 alieno
2984 4491 3287 4545 minaretur
3310 4532 3328 4557 ,

146 4585 284 4639 tamine
306 4586 615 4655 palntife'am
657 4593 915 4649 creditori
944 4595 1178 4649 animam
1209 4611 1487 4651 remeare.
1518 4597 1626 4652 Me-

1752 4594 1827 4638 mt
1856 4594 2005 4639 certe
2033 4586 2370 4649 succumbat,
2402 4601 2593 4641 tiinnes
2614 4585 2763 4654 copit
2787 4598 2912 4640 esse
2932 4583 3192 4638 victores.
3217 4582 3329 4640 Nec

144 4674 208 4731 litis
226 4683 341 4739 enim
365 4696 459 4751 est,
489 4701 614 4746 scut
644 4691 782 4746 ratio
802 4693 1148 4757 determinat,
1182 4694 1227 4745 si
1253 4694 1395 4761 quod
1421 4704 1627 4750 naturae

144 4772 493 4842 debeturnirtutt
516 4781 682 4852 Hart.
701 4784 913 4857 virtute,l
936 4786 1195 4841 solvatur.
1213 4786 1462 4842 Ferenda
1478 4796 1621 4855 sunt,

146 4862 279 4934 ῐηιετ,
306 4872 509 4928 ferenda
549 4888 662 4931 sint
692 4882 853 4947 igitur
881 4869 1071 4933 cunclt't
1099 4924 1113 4947 ,
1162 4895 1256 4948 per
1281 4896 1401 4950 quae
1433 4890 1484 4936 le
1516 4882 1623 4936 Do-

150 4961 263 5015 mitius
295 4966 369 5020 am
390 4970 567 5023 ctione
593 4972 905 5043 longissima
945 4974 1116 5028 voluit
1152 4977 1387 5043 experiri
1416 5014 1431 5039 ,
1481 4982 1536 5030 ct
1568 4976 1622 5031 in

150 5064 273 5119 mgna
298 5062 499 5125 prtemia
529 5060 787 5119 desintne
817 5082 831 5117 :

192 5140 236 5196 ll.
266 5145 401 5204 hirta.
432 5152 563 5219 Quis
592 5159 811 5222 alimus,
842 5172 947 5211 non
971 5156 1081 5226 jam
1106 5156 1391 5213 submissis
1413 5156 1619 5215 viribus

148 5231 239 5292 luat
259 5242 372 5299 istos
397 5247 718 5306 iuevitabies
759 5268 921 5307 casus
960 5263 1016 5309 ct
1049 5257 1368 5322 perniciosa:
1396 5254 1618 5310 calami-

152 5332 229 5384 tatis
258 5336 511 5409 incursus,
565 5352 705 5412 alqte
749 5347 971 5403 morbos
1016 5348 1247 5403 infestos
1288 5368 1299 5402 :
1352 5359 1616 5418 quantum

153 5420 254 5478 ’ἰδοῦ
266 5428 355 5497 jam
372 5447 486 5487 cum
510 5434 625 5503 ipso
647 5450 861 5509 co-pore
886 5441 1179 5496 morituros
1193 5441 1288 5494 ?—-
1304 5441 1460 5496 lltsn.
1483 5440 1616 5497 Cum

154 5516 325 5577 Mulis
340 5524 438 5593 jam
455 5542 676 5583 necesse
697 5542 759 5587 et
781 5532 1162 5604 congredimur
1178 5543 1232 5589 et
1247 5544 1441 5601 certet,
1460 5549 1619 5605 quem

157 5714 181 5755 ς
200 5656 216 5683 ⁸
243 5654 348 5714 om“
370 5672 498 5729 CF31.
530 5664 795 5728 ηιυίεΰάῖιθ
818 5674 1185 5729 consolationis
1212 5717 1226 5738 ,
1274 5691 1374 5745 qua
1405 5691 1536 5731 voce
1565 5683 1621 5731 et

159 5718 428 5774 ι-(Ῐτυῆπηκ
455 5738 615 5774 uliim-
639 5740 689 5774 in
714 5742 832 5774 ιιηι.
877 5748 1080 5774 ι.“..;-..,.ι
1137 5748 1324 5774 ...εηηη
1354 5748 1416 5774 ..Α
1444 5748 1586 5774 ειη...

159 5731 615 5817 ἰξιργξιῃιιξιυιῇιυι·
714 5742 857 5817 doli,
876 5748 1104 5816 Epistol.
1137 5731 1325 5817 prima!
1353 5748 1418 5802 ad
1444 5748 1619 5802 Dona-

163 5798 257 5862 ειυς
278 5812 321 5858 et
340 5804 395 5860 Δ.
415 5808 610 5867 Gellius
637 5810 731 5867 tio.
767 5798 907 5891 ax;
919 5798 1164 5888 Hei-ei
1176 5798 1617 5880 hesitation};

1734 4673 1988 4730 inimicus
2016 4684 2102 4730 est
2132 4676 2373 4731 medicus
2397 4678 2485 4748 qui
2521 4677 2677 4741 ferit,
2707 4685 2764 4731 ut
2795 4672 3092 4745 periculum
3128 4674 3321 4744 tollat,

1732 4773 1787 4817 et
1810 4764 2034 4821 vulnere
2059 4765 2255 4820 vulnus
2277 4765 2554 4821 excludat.
2596 4766 2710 4822 Nec
2731 4765 3049 4820 adversatur
3072 4774 3328 4833 paternus

1731 4852 1958 4908 affectus
1982 4894 1999 4920 ,
2047 4854 2093 4909 si
2126 4853 2327 4908 liberos
2359 4855 2556 4909 doceat
2595 4853 2935 4923 amplexibus
2967 4853 3325 4923 ﬂagellorum.

1734 4939 1962 4996 Paterna
1986 4943 2129 4997 enim
2155 4942 2364 5011 flagella
2389 4943 2647 4997 exercitia
2672 4953 2799 4996 sunt
2823 4942 3054 4997 innoxia:
3087 4942 3321 5012 pietatis.

1730 5035 1872 5106 Ergo
1890 5036 2143 5106 quoniam
2159 5036 2437 5106 castigatio
2452 5035 2793 5105 corrigentis,
2814 5034 3011 5087 amoris
3030 5047 3109 5087 est
3135 5049 3321 5101 causa,

1726 5139 1845 5178 cum
1876 5125 1944 5180 de
1978 5124 2175 5194 pietate
2205 5106 2535 5179 descendat:
2567 5140 2685 5177 ama
2718 5123 2983 5176 medicum
3022 5138 3314 5189 percusso-

1725 5226 1839 5265 rem
1873 5252 1886 5276 ,
1936 5212 2089 5279 cujus
2122 5211 2270 5281 plaga
2300 5223 2473 5265 mater
2512 5220 2596 5265 est
2627 5209 2929 5263 medicina).
2986 5209 3127 5265 Nihil
3168 5210 3313 5265 enim

1724 5297 1944 5369 impium
1971 5300 2143 5369 pietas
2166 5302 2304 5368 parit
2331 5316 2343 5351 :
2372 5308 2427 5353 ut
2454 5297 2742 5353 virtutibus
2767 5297 3055 5367 amplexis,
3088 5298 3317 5353 fructum

1726 5390 1942 5460 pietatis
1970 5388 2326 5459 spiritualiter
2356 5400 2580 5443 curatus
2608 5386 2845 5442 includat
2872 5404 2887 5454 ;
2922 5385 3068 5460 Ego,
3104 5388 3274 5457 inquit
3301 5428 3316 5451 ,

1726 5475 2002 5545 Dominus,
2039 5477 2255 5544 necabo,
2287 5489 2333 5531 et
2362 5479 2525 5532 virere
2552 5476 2780 5549 faciam:
2810 5476 3115 5547 percutiam,
3147 5486 3193 5529 et
3224 5492 3315 5549 ego

1722 5568 1915 5623 sonabo
1940 5567 2119 5641 (Deut.
2144 5582 2315 5637 χχιιι,
2338 5566 2447 5637 59).

1722 5704 1790 5761 de
1819 5704 2228 5761 Consolatione.
2258 5703 2516 5762 Sidonius
2544 5716 2762 5774 quoque
2791 5700 2884 5755 lib.
2925 5715 2975 5766 v,
3009 5696 3173 5774 epist.
3206 5698 3271 5755 l7
3291 5744 3308 5774 ,

1721 5776 1946 5852 aliique.
1972 5776 2089 5836 Nec
2119 5792 2249 5843 sane
2277 5785 2396 5833 erat
2426 5774 2517 5832 illa
2544 5768 2709 5832 lectio
2736 5768 3091 5830 immolanda.
