3916 6288
518 280 594 345 63

1541 281 1599 340 s.
1639 281 2021 341 HIERONYMI
2058 279 2345 340 orsnuu
2385 281 2813 343 nanrtssaxc
2875 354 2926 361 ,η
3110 356 3111 359 γ
3692 289 3775 351 'rt

520 406 551 447 τέ
596 398 683 457 Ill.
713 398 881 458 lurta.
910 399 1017 460 Sed
1045 399 1170 457 aisti
1202 417 1215 454 :
1246 399 1388 471 Ergo
1441 399 1567 456 ferit
1607 400 1821 473 pietas?
1850 428 1922 442 —-
1945 401 2103 456 lima.
2133 402 2188 464 Α
2213 401 2351 457 mala
2381 417 2545 474 opera
2570 404 2707 469 odit,
2730 403 2993 461 malorum
3026 419 3251 477 aperum
3281 421 3387 464 non
3411 415 3587 480 potest
3603 425 3775 469 amare

533 494 690 549 Fecit
718 494 922 565 utique,
968 511 1036 551 ne
1064 493 1315 564 impietas
1352 494 1643 565 iudicetur,
1673 497 1720 551 si
1742 510 1850 552 non
1877 497 2116 567 corrigat

527 588 955 658 delinquentem.
974 589 1107 645 Cum
1133 590 1278 645 enim
1303 607 1409 646 non
1439 589 1580 647 desit
1609 592 1662 647 in
1695 592 1936 659 homine,
1968 592 2114 663 quod

526 694 791 746 curetur,
842 682 965 738 ferit
1014 691 1075 737 ut
1120 693 1273 740 curet
1326 700 1341 743 :
1387 696 1446 740 ut
1495 694 1621 741 sunt
1675 701 1866 741 manus
1892 687 2111 757 medici,

533 781 652 845 quae
681 775 854 830 multa
893 774 1136 830 laedendo
1182 775 1469 832 conferunt
1503 777 1817 845 sanitatem,
1860 796 1967 836 non
1997 780 2115 836 sine

531 883 809 923 murmure
848 867 1120 938 patientis.
1154 868 1267 924 lloc
1290 870 1451 926 modo
1484 881 1541 927 et
1572 887 1671 927 nos
1698 873 1799 927 sub
1825 888 1953 927 cura
1978 873 2115 928 ictus

529 962 819 1028 medentis,
846 962 986 1017 inter
1017 962 1161 1033 ipsas
1202 965 1453 1020 maeroris
1483 966 1784 1034 angustias,
1817 966 1896 1022 sic
1933 967 1983 1021 in
2011 968 2115 1023 Do-

528 1054 730 1108 minum
764 1069 1184 1121 murmuramus,
1216 1066 1274 1110 ut
1318 1059 1367 1110 iit
1394 1057 1662 1113 medicum
1696 1059 1989 1126 vulnerati,
2023 1060 2114 1129 qui

528 1157 789 1201 curantur
816 1155 871 1201 et
894 1146 1103 1205 dolent.
1140 1150 1446 1220 Aggredere
1493 1151 1675 1221 igitur,
1702 1151 1889 1219 frater,
1926 1169 2117 1221 aggre-

525 1237 661 1294 dere
714 1240 1057 1296 sustinentire
1106 1244 1430 1309 remedium,
1479 1260 1589 1313 quo
1628 1245 1807 1299 valeas
1838 1245 2113 1315 gravidam

525 1332 923 1389 tentationibus
951 1334 1216 1390 sarcinam
1241 1334 1498 1405 levigare,
1520 1346 1576 1392 et
1602 1338 1840 1408 pericula
1872 1338 1998 1392 dum
2024 1354 2118 1404 pa-

527 1425 663 1480 teris
686 1442 967 1496 superare.
997 1428 1239 1484 .lacentia
1267 1430 1505 1484 membra
1534 1433 1744 1485 animus
1767 1432 1971 1501 rigidus
1987 1446 2119 1487 con-

528 1517 735 1572 soletur
762 1529 817 1573 et
836 1529 1012 1575 curet.
1046 1521 1286 1591 Regnum
1320 1532 1504 1580 teneat
1543 1524 1714 1580 virtus
1744 1526 1886 1580 intra
1913 1539 2114 1594 corpus

528 1612 896 1667 anxietatibus
919 1613 1333 1684 captivitatum;
1367 1626 1421 1670 ttt
1450 1617 1631 1670 anima
1665 1617 1870 1671 inclusa
1900 1619 2114 1687 pericu-

532 1701 601 1757 lis
622 1704 799 1773 vigeat
839 1705 1007 1775 ipsius
1037 1707 1288 1762 libertate
1334 1709 1569 1773 virtutis,
1617 1724 1737 1778 qua:
1767 1710 1819 1764 itt
1862 1711 2116 1766 conﬂictu

2216 494 2534 551 factorem:
2600 495 2741 552 sicut
2796 497 3051 553 Salomon
3111 498 3484 556 sanctissimus
3539 506 3777 571 protulit:

2219 588 2355 643 Odia
2383 597 2526 655 sunt,
2556 588 2749 661 inquit,
2802 589 2913 646 Deo
2942 592 3134 663 impius
3164 601 3210 647 et
3240 594 3474 665 impietas
3500 598 3607 666 ejus
3638 600 3779 671 (Sap.

2213 695 2328 746 Itv,
2353 680 2433 752 2).
2464 681 2605 753 Ergo
2627 682 2818 738 melius
2835 692 2919 739 est
2948 684 3003 740 in
3034 684 3140 740 boc
3163 687 3362 741 mundo
3391 688 3549 742 annis
3575 704 3779 775 vergen-

2217 774 2362 829 tibus
2390 774 2652 845 perituro,
2710 776 2865 846 cujus
2913 788 3250 834 senectutem
3283 779 3477 848 premit
3505 794 3567 835 ac
3615 783 3784 837 sorbet

2215 880 2440 921 occasus
2474 907 2490 931 ,
2543 882 2610 923 ex
2640 882 2827 923 amore
2870 862 3079 924 Domini
3139 870 3483 925 inedicinalia
3537 870 3786 929 sustinere

2217 960 2470 1025 verbera,
2493 975 2655 1029 quam
2685 976 2751 1015 ex
2796 961 2923 1015 odio
2949 971 3277 1030 exspectare
3310 963 3658 1020 insanabilem
3686 969 3785 1036 pla-

2217 1068 2339 1123 gam
2368 1061 2422 1108 et
2450 1053 2551 1109 sub
2584 1053 2811 1109 fulmine
2862 1054 3154 1111 sententia:
3196 1057 3397 1111 ducere
3445 1057 3785 1114 damnabilem

2216 1148 2405 1202 vitam.
2436 1147 2624 1203 Melius
2665 1158 2749 1204 est
2794 1149 2935 1203 inter
2980 1164 3172 1203 manus
3214 1150 3407 1204 medici
3450 1152 3781 1207 transiturum

2217 1253 2280 1293 ac
2322 1240 2592 1295 modicum
2623 1240 2892 1296 sustinere
2938 1249 3286 1309 tormentum,
3312 1258 3471 1312 quam
3503 1248 3792 1301 renuntiare

2219 1333 2451 1402 medico,
2474 1344 2528 1390 et
2553 1334 2836 1391 incurrere
2881 1335 3200 1404 supplicium
3248 1337 3467 1392 mternis
3516 1339 3792 1393 tortoribus

2219 1428 2691 1484 vexaturttm.Aut
2741 1430 2788 1484 si
2840 1429 3018 1485 adhuc
3077 1431 3287 1485 miraris
3337 1433 3599 1487 amatoris
3631 1435 3787 1489 nostri

2220 1521 2570 1588 medicinam,
2602 1537 2700 1592 per
2745 1522 2959 1593 ﬂagella
3001 1537 3276 1588 constare,
3310 1525 3442 1580 illud
3473 1542 3679 1597 quoque
3712 1528 3794 1583 dc-

2219 1614 2317 1669 bes
2349 1614 2563 1680 mirari,
2591 1615 2735 1686 quod
2788 1624 3084 1686 torqueant
3115 1616 3355 1671 remedia
3387 1632 3523 1688 quos
3573 1618 3793 1673 medietis

2220 1717 2386 1776 amat,
2410 1709 2502 1779 qui
2537 1707 2785 1763 nocendo
2826 1708 2970 1779 quod
3004 1718 3161 1763 nocet
3210 1708 3477 1763 excludit.
3503 1708 3691 1778 Utique
3716 1712 3793 1779 qui

530 1798 868 1865 tentationis,
890 1800 1039 1853 varie
1070 1801 1332 1870 legalibus
1360 1802 1500 1857 tubis
1513 1802 1830 1872 jamdudum
1856 1803 2006 1873 jussa
2030 1813 2119 1858 est
2148 1798 2195 1859 B
2223 1800 2471 1855 nocentia
2498 1800 2695 1870 quaerit
2734 1802 3048 1866 excludere,
3086 1818 3192 1856 non
3219 1810 3399 1870 potest
3430 1818 3535 1857 non
3576 1819 3789 1858 nocere:

529 1891 818 1961 prmparari
846 1933 860 1957 ,
903 1902 957 1947 et
990 1892 1042 1947 in
1079 1893 1196 1963 ipso
1214 1895 1478 1949 vestibulo
1505 1896 1790 1952 dominica:
1813 1897 2115 1966 servitutis,

529 1994 716 2040 contra
748 1985 970 2042 infestas
1002 1987 1334 2043 calamitates
1361 1992 1585 2045 armari.
1630 1989 1759 2055 Fili,
1788 1991 1985 2062 ittquit,
2018 2008 2113 2045 ac-

528 2079 713 2133 cedens
735 2078 804 2131 ad
838 2079 1127 2132 servitutem
1179 2078 1298 2146 Dei,
1326 2089 1407 2135 stu
1437 2084 1490 2135 in
1526 2083 1736 2155 justitia
1762 2091 1808 2136 et
1840 2086 2044 2150 timore,
2074 2094 2123 2138 et

532 2194 768 2249 pra’para
797 2177 1025 2231 animum
1067 2186 1205 2232 (nam
1252 2179 1320 2231 ad
1348 2180 1680 2234 tcntationem
1735 2179 1905 2253 (Eccl.
1938 2196 1997 2249 tt,
2028 2181 2118 2251 l):

539 2272 677 2342 Ergo
732 2286 853 2327 cum
902 2273 1126 2326 tentatio
1176 2273 1373 2327 nostris
1425 2272 1745 2329 utilitatibus
1776 2283 2121 2344 prorogetur,

532 2377 642 2417 non
671 2373 756 2417 est
807 2361 1132 2422 mirandum.
1170 2362 1213 2416 si
1249 2363 1404 2417 nobis
1434 2364 1552 2431 ejus
1582 2364 1748 2418 ardor
1772 2363 1982 2419 accidat
2009 2381 2023 2417 :
2053 2365 2127 2419 si-

532 2461 626 2509 cut
670 2453 1017 2508 beatissimus
1054 2452 1252 2509 Petrus
1303 2455 1355 2508 in
1412 2454 1649 2525 Epistula
1700 2470 1795 2510 sua
1828 2465 2031 2522 monet,
2064 2471 2128 2512 ac

534 2545 665 2600 dicit
699 2563 711 2598 :
744 2544 924 2600 Nolite
963 2546 1146 2600 mirari
1193 2547 1433 2600 ardorem
1476 2548 1791 2602 occidentem
1821 2548 1963 2603 vobis
1994 2565 2011 2604 :
2039 2550 2128 2619 qui

535 2637 605 2689 ad
653 2638 990 2691 tentationem
1033 2648 1254 2693 vestram
1301 2638 1380 2709 ﬁt,
1407 2657 1469 2694 nc
1491 2640 1745 2694 excidatis
1798 2641 1932 2694 inter
1959 2642 2130 2696 varios

535 2730 716 2784 screnti
745 2731 935 2800 ﬂuctus
960 2729 1003 2800 (Ι
1039 2728 1186 2785 Petr.
1220 2746 1292 2797 tv,
1338 2732 1453 2802 12).
1486 2730 1881 2801 Frequentibus
1909 2732 2129 2802 procel-

538 2820 604 2875 lis
630 2819 936 2876 Christiana
978 2822 1083 2874 vita
1132 2823 1369 2891 quatitur
1395 2831 1556 2893 atque
1588 2832 1846 2888 tentatur,
1893 2835 1947 2878 ct
1976 2837 2129 2892 preso

535 2913 680 2967 suris
733 2913 1031 2967 innumeris
1080 2913 1293 2968 limatur
1322 2924 1375 2967 et
1397 2914 1613 2969 crescit.
1669 2914 1825 2983 Quod
1870 2914 2131 2971 Salomon

538 3006 884 3062 beatissimus
932 3009 1192 3077 propheta
1233 3019 1287 3061 et
1338 3009 1472 3062 satis
1528 3009 1751 3063 illustris
1810 3017 2042 3063 testatur
2075 3018 2132 3064 et

541 3103 753 3173 probat.
797 3102 1160 3175 Conjungcre,
1211 3103 1403 3174 inquit,
1457 3103 1679 3158 Domino
1726 3113 1775 3158 et
1827 3105 2043 3170 sustine,
2076 3113 2133 3159 ut

2222 1902 2277 1950 et
2325 1893 2446 1950 ideo
2475 1895 2720 1950 nocendo
2745 1904 2915 1962 curat,
2952 1905 3011 1950 ut
3035 1894 3253 1950 cbarior
3277 1896 3350 1950 sit
3375 1898 3581 1951 sanitas
3610 1913 3796 1968 pra‘pa-

2223 1997 2337 2043 rata
2388 1989 2731 2046 maeroribus.
2790 1990 2847 2046 Si
2900 1990 3045 2046 enim
3079 1990 3347 2045 medicina
3403 2007 3509 2045 non
3552 1992 3795 2047 lacerat-ct

2223 2080 2548 2147 sanandum,
2577 2082 2829 2137 meritum
2847 2083 3092 2138 sanitatis
3115 2083 3191 2137 ire
3204 2098 3423 2156 semper
3446 2083 3731 2139 delectaret
3753 2085 3796 2136 in

2224 2174 2590 2230 voluntarium
2632 2174 2849 2229 vulnus.
2878 2174 2935 2230 Si
2970 2191 3077 2230 non
3113 2174 3460 2230 mordacibus
3501 2174 3801 2247 adjumentis

2226 2268 2538 2323 nocentium
2589 2268 2921 2324 medelarum
2953 2285 3079 2325 cura
3110 2271 3349 2339 pretiosa
3381 2280 3674 2338 constaret,
3716 2286 3799 2325 cu-

2226 2359 2454 2415 randum
2479 2374 2644 2415 causa
2673 2376 2778 2415 non
2822 2371 3042 2430 cogeret
3071 2362 3125 2416 in
3153 2376 3475 2418 mcerorem.
3502 2362 3565 2417 Et
3594 2360 3707 2417 ideo
3728 2377 3802 2416 re-

2226 2452 2422 2509 mediis
2470 2454 2791 2510 nocentibus
2819 2469 2946 2509 cura
2974 2454 3274 2524 perficitur,
3297 2463 3358 2509 ut
3382 2455 3630 2511 maeroris
3651 2457 3801 2525 pretio

2226 2544 2509 2616 redempta
2557 2544 2783 2611 sanitas,
2819 2546 3038 2601 cbarior
3081 2546 3352 2601 habeatur
3396 2554 3455 2602 et
3481 2556 3649 2617 grata.
3680 2547 3799 2615 Ergo

2228 2638 2611 2707 qttiamandus
2634 2648 2739 2705 est,
2781 2641 3026 2711 quolibet
3052 2643 3303 2699 examine
3354 2659 3462 2699 non
3516 2653 3684 2714 potest
3712 2658 3798 2695 utut

2229 2731 2511 2786 emendari
2546 2749 2557 2784 :
2584 2733 2676 2802 qui
2719 2734 3069 2804 corrigendos
3107 2743 3213 2800 est,
3240 2750 3349 2790 non
3382 2745 3563 2807 potest
3594 2751 3697 2789 non
3720 2736 3796 2787 ﬂa-

2230 2822 2417 2893 gellari
2444 2826 2705 2878 amatoris
2739 2829 2969 2880 verbere
3001 2845 3013 2879 :
3047 2828 3137 2895 qui
3164 2828 3444 2881 curandus
3470 2837 3575 2893 est,
3608 2826 3799 2881 meden-

2232 2919 2302 2970 tis
2332 2916 2691 2973 mordacitatc
2737 2933 2844 2972 non
2895 2930 3074 2989 patest
3112 2936 3217 2976 non
3261 2921 3473 2977 noceri.
3506 2921 3637 2989 Quid
3666 2920 3797 2973 mita-

2233 3007 2357 3062 culo
2377 3018 2561 3078 stupes
2588 3010 2655 3065 de
2710 3010 2970 3080 periculis
3024 3024 3303 3083 exsttectat
3357 3015 3796 3082 auxilium,qttetu

2233 3111 2387 3159 curat
2415 3104 2552 3174 ignis
2575 3114 2631 3158 et
2657 3103 2882 3159 ferrum.
2918 3105 3079 3159 Multa
3102 3115 3227 3160 sunt
3250 3107 3400 3161 enim
3434 3122 3556 3177 qum
3588 3123 3687 3160 non
3711 3105 3796 3157 nisi

541 3206 736 3249 crescat
781 3197 834 3250 in
863 3198 1133 3251 novissimo
1170 3200 1275 3251 vita
1306 3208 1392 3252 tua
1422 3195 1617 3268 (Ecclt'.
1645 3213 1701 3263 tt,
1731 3196 1808 3268 5).
1843 3197 2127 3268 Naviginm
2156 3180 2205 3245 C
2240 3212 2497 3267 percussa
2524 3207 2805 3254 sanantur.
2834 3200 2984 3253 Multi
3019 3209 3141 3254 sunt
3170 3215 3306 3269 quos
3331 3200 3527 3256 medici
3554 3202 3667 3256 sine
3687 3199 3801 3251 it-rro

539 3294 664 3348 vita:
695 3304 893 3348 nostrae
911 3293 1289 3363 agitationibus
1327 3295 1560 3365 gaudet:
1590 3295 1701 3349 sola
1738 3294 2127 3365 tranquillitate

548 3386 818 3440 turbatur.
853 3385 1043 3456 Stupet
1093 3388 1236 3440 enim
1267 3402 1479 3452 cursus,
1511 3386 1850 3442 cessantibus
1902 3386 2078 3441 ventis
2111 3403 2127 3452 ;

546 3478 915 3547 periclitatur,
981 3480 1023 3534 si
1072 3480 1327 3550 periculis
1378 3497 1482 3535 non
1535 3480 1811 3550 probetur.
1864 3479 2131 3536 Incertum

545 3580 627 3627 cst
649 3572 799 3625 enim
848 3583 1023 3627 tttrttm
1058 3572 1123 3626 ad
1151 3573 1441 3626 numinum
1475 3574 1765 3643 pertineat,
1796 3587 1953 3641 quem
1984 3586 2135 3641 prcs-

547 3680 673 3719 sura
706 3674 879 3719 mater
908 3666 1092 3735 glorim
1121 3664 1427 3719 ventilando
1456 3681 1560 3719 non
1595 3673 1804 3734 purgat,
1839 3665 2135 3735 premendo

550 3771 659 3811 non
699 3759 887 3820 nutrit,
917 3758 1233 3826 castigando
1257 3773 1361 3811 non
1390 3760 1599 3825 probat,
1625 3758 1883 3811 credendo
1909 3774 2013 3810 non
2044 3773 2135 3811 ett-

548 3859 652 3905 rat.
688 3850 818 3905 Nam
839 3866 959 3904 cum
991 3850 1216 3905 verbera
1259 3852 1417 3906 nobis
1446 3860 1605 3917 atque
1633 3852 1779 3902 varia
1803 3857 2133 3905 tentatttettta

559 3960 714 3999 amor
746 3944 961 3998 divinus
993 3945 1268 4013 impendat
1292 3985 1305 4006 .
1334 3960 1397 3998 ac
1428 3946 1569 3998 sicut
1615 3944 1855 3998 medicus
1894 3945 2140 4000 conferat

554 4037 853 4092 remedium
902 4038 969 4092 de
1012 4038 1321 4101 contrariis,
1372 4051 1421 4093 et
1457 4038 1759 4108 torquendo
1802 4047 2129 4092 succurrat:

552 4147 660 4186 non
688 4147 745 4185 se
770 4132 963 4200 probat
983 4132 1049 4185 ad
1078 4147 1317 4186 amorem
1349 4133 1620 4201 pertinere
1654 4132 1997 4200 Domini.qni
2026 4133 2138 4199 pla-

554 4224 636 4293 gis
686 4224 1099 4279 medicinalibus
1133 4240 1239 4279 non
1273 4226 1466 4278 meruit
1496 4225 1803 4288 subiacere.
1848 4225 1953 4279 Sed
1985 4224 2143 4278 forsi-

558 4325 647 4370 tan
676 4314 816 4370 dicis
849 4332 863 4369 :
913 4315 971 4372 Si
1003 4331 1154 4371 meus
1182 4325 1265 4370 est
1314 4326 1525 4370 amator
1554 4316 1714 4381 Deus,
1746 4332 1843 4371 cur
1870 4332 1955 4370 me
1982 4318 2144 4387 igitur

556 4409 818 4463 amatoris
846 4409 948 4463 mei
982 4408 1187 4479 ﬂagella
1216 4409 1367 4480 gravi
1400 4409 1730 4464 laceratione
1774 4409 2140 4476 moestiticant,

557 4513 612 4557 et
657 4502 903 4556 l:rdeudo
943 4502 1271 4557 conturbant
1295 4502 1318 4555 ?
1340 4501 1386 4556 si
1419 4518 1505 4557 me
1528 4502 1867 4571 amplexibus
1900 4502 2143 4574 ﬂagello-

2233 3306 2426 3345 curare
2455 3306 2559 3345 non
2601 3302 2847 3360 possunt.
2878 3292 2979 3359 Qui
3017 3292 3301 3347 sanitatem
3330 3293 3547 3349 diversa
3596 3309 3679 3362 per
3707 3301 3798 3344 tor-

2234 3391 2414 3438 menta
2469 3383 2646 3455 rogati
2678 3384 3007 3452 concedunt,
3062 3383 3409 3440 amarissima
3463 3387 3662 3456 pocula.
3704 3382 3799 3435 cxi-

2234 3486 2396 3547 gente
2454 3478 2664 3543 morbo,
2710 3478 2933 3533 remedii
2972 3492 3133 3533 causa
3191 3494 3303 3533 non
3334 3481 3638 3535 sitientibus
3676 3491 3803 3540 stole

2237 3570 2547 3641 propioant,
2564 3586 2682 3640 qua:
2706 3586 2812 3624 non
2844 3571 2963 3625 sine
2986 3570 3184 3625 frontis
3200 3573 3503 3640 rugositate
3525 3578 3797 3626 sortientur.

2237 3662 2370 3718 Nam
2393 3663 2437 3717 si
2465 3663 2672 3717 vultum
2699 3662 2937 3719 bibentis
2966 3662 3235 3731 attendas,
3268 3664 3443 3718 tristis
3458 3673 3515 3719 et
3537 3662 3709 3717 anxius
3731 3660 3803 3713 bi-

2240 3758 2339 3823 bit,
2374 3768 2433 3811 ut
2485 3758 2641 3812 la'tus
2686 3767 2741 3812 et
2799 3756 3088 3811 incolumis
3124 3757 3289 3812 vivat.
3334 3758 3381 3812 0
3414 3754 3737 3813 rationabilis
3759 3761 3804 3803 et

2243 3850 2597 3906 incommodis
2639 3850 2923 3904 commoda
2966 3851 3097 3904 satis
3142 3852 3482 3921 perversitas
3513 3844 3801 3905 medicinae!

2244 3944 2485 4013 Urgetur
2515 3943 2677 3997 homo
2711 3941 2897 3998 bibere
2932 3927 3082 4013 quod
3110 3957 3215 3996 non
3239 3944 3352 3999 sitit
3382 3960 3394 3995 ε
3423 3942 3507 3997 cui
3528 3937 3799 3993 remedium

2244 4051 2323 4093 est
2346 4038 2634 4109 aliquando
2656 4040 2796 4106 quod
2820 4038 2952 4091 sitit.
2984 4038 3116 4092 Nam
3140 4040 3263 4107 quia
3286 4037 3546 4094 interduu
3580 4034 3799 4088 ciborum

2244 4130 2627 4185 abstinentiam
2679 4131 2999 4200 praecipiunt
3038 4148 3051 4183 :
3087 4132 3286 4184 indicta
3315 4131 3597 4202 jejnn‘tate
3623 4140 3799 4191 corpus

2244 4234 2561 4289 exonerant,
2595 4231 2653 4276 ut
2674 4222 2742 4277 de
2770 4223 2882 4291 ipsa
2910 4223 3225 4277 lassitudine
3261 4223 3513 4278 refectum
3533 4229 3689 4291 atque
3710 4221 3802 4270 lor-

2247 4315 2515 4370 tissintum
2570 4314 2823 4370 reddant.
2863 4314 3167 4385 Repentina
3199 4316 3554 4384 vulneraquae
3582 4327 3736 4367 casus
3756 4311 3799 4362 itt

2248 4409 2447 4464 castris
2492 4410 2738 4473 advexit,
2787 4408 2991 4474 fovent,
3052 4410 3244 4479 ligant,
3290 4416 3562 4473 sarount,
3609 4411 3804 4465 curant,

2249 4504 2647 4561 mmstiﬁcando
2683 4505 2991 4570 ltclilicant,
3049 4504 3324 4574 fatigando
3374 4501 3689 4563 tonfortant,
3734 4498 3810 4549 lzr—

560 4612 678 4650 rum
712 4605 929 4668 torquet
956 4597 1047 4665 qui
1078 4606 1242 4661 amat,
1287 4596 1397 4664 iant
1431 4610 1612 4666 partes
1633 4598 1740 4651 odii
1776 4596 1944 4652 falsus
1993 4613 2146 4654 amor
2177 4581 2227 4642 ί)
2253 4601 2430 4654 dendo
2458 4598 2912 4654 medentur.Nam
2932 4598 3059 4652 dum
3102 4594 3497 4667 patulovuneri
3518 4592 3809 4648 continuata

564 4689 965 4759 exercetzjam
1014 4690 1160 4744 malo
1186 4687 1381 4753 oderit,
1433 4706 1499 4744 ne
1526 4699 1793 4758 torqueat.
1850 4689 1962 4743 lino
2019 4705 2150 4746 cave

560 4800 669 4839 non
712 4783 908 4850 oderit,
968 4799 1097 4854 roga
1156 4791 1214 4837 ut
1267 4799 1449 4839 amare.
1506 4784 1777 4855 dignetur.
1809 4784 1976 4839 Amer
2006 4785 2149 4838 enim

561 4879 835 4942 emendat,
863 4879 1045 4934 odium
1069 4893 1199 4933 vero
1227 4879 1548 4948 supplicium
1573 4881 1951 4933 comminatur.
1988 4878 2155 4934 Antor

567 4974 907 5046 disciplinam
959 4974 1237 5029 consuevit
1294 4973 1627 5041 impendere,
1673 4974 1852 5027 odium
1886 4990 2033 5037 vero,
2066 4973 2154 5027 di-

568 5075 749 5122 ctante
780 5066 1070 5131 sententia,
1101 5078 1307 5121 reatum
1356 5068 1604 5122 recitare.
1631 5067 1781 5133 Quod
1812 5066 1990 5120 odium
2019 5066 2155 5119 natio

567 5164 734 5217 vitate
777 5163 993 5219 humani
1019 5162 1233 5233 generis
1263 5179 1327 5217 cx
1359 5163 1468 5216 Deo
1494 5163 1545 5216 itt
1579 5161 1855 5217 hominem
1890 5177 2160 5231 propaga-

568 5269 675 5315 tur.
710 5259 777 5314 Et
814 5257 934 5314 ideo
973 5269 1056 5313 est
1108 5257 1362 5321 hominis,
1415 5257 1557 5327 qttod
1606 5256 1740 5324 odit,
1771 5264 1863 5309 ant
1907 5256 2157 5309 irascitur

571 5353 713 5409 Deus
744 5370 755 5405 :
789 5351 901 5405 odit
924 5352 1053 5406 dum
1087 5351 1396 5416 ollendilur,
1429 5351 1680 5405 irascitur
1710 5349 1837 5404 dtnn
1862 5366 1966 5402 tton
2002 5364 2157 5418 roga-

574 5458 660 5502 tur
684 5445 942 5501 oﬂensus.
979 5445 1033 5498 ltt
1071 5444 1253 5500 odium
1283 5445 1425 5500 enim
1450 5444 1531 5499 sui
1565 5453 1824 5514 provocat
1854 5442 2155 5511 Dominum,

569 5543 661 5615 qui
695 5542 848 5597 factis
872 5541 1165 5596 odibilibus
1181 5557 1239 5594 se
1265 5539 1514 5595 odibilcm
1545 5540 1759 5607 facit,et
1785 5538 2048 5594 oﬂeusum
2076 5552 2163 5592 ro-

571 5651 697 5706 gare
727 5634 1045 5689 contemnit.
1094 5632 1359 5687 Cmtcrum
1408 5643 1553 5686 amat
1590 5631 1732 5685 Deus
1779 5629 2076 5692 hominem,
2104 5638 2166 5685 ut

569 5725 762 5781 artifex
783 5726 1068 5791 Tabricam,
1104 5723 1197 5779 sed
1226 5722 1338 5778 odit
1362 5724 1502 5777 mala
1526 5739 1714 5796 opera,
1745 5725 1938 5795 quibus
1967 5725 2162 5781 fabrica

570 5830 793 5899 urgetur
823 5822 878 5879 in
928 5821 1161 5903 lapsum,
1213 5827 1271 5881 et
1325 5818 1532 5897 cogitur
1562 5818 1617 5876 in
1673 5819 1929 5887 labinam.
1977 5820 2043 5877 Et
2072 5819 2167 5896 qui

2254 4695 2494 4766 partium
2537 4705 2662 4749 cute
2701 4693 3027 4763 quibusdam
3059 4692 3235 4745 fibulis
3284 4688 3508 4744 in'erunt
3544 4686 3809 4741 sanitatem

2257 4790 2418 4843 vitam
2459 4788 2791 4843 consolando
2823 4788 3168 4856 pollicentur,
3199 4799 3343 4857 qttan
3393 4781 3638 4835 curando
3674 4793 3809 4832 con:-

2260 4893 2485 4952 ponunt.
2516 4881 2619 4937 Sed
2670 4866 2868 4936 leviora
2906 4888 3034 4934 sunt
3080 4881 3178 4933 ista
3210 4892 3315 4948 que
3364 4874 3608 4929 diximus
3641 4867 3807 4938 :apnd

2259 4989 2396 5044 quos
2418 4981 2502 5029 est
2528 4973 2824 5027 remedium
2856 4986 2959 5026 non
2990 4972 3107 5025 sine
3131 4967 3371 5039 scabello
3394 4966 3610 5020 demere
3650 4972 3813 5032 putre-

2260 5067 2415 5121 dines
2438 5075 2746 5128 enervatas,
2776 5076 2829 5119 et
2860 5074 3144 5134 amputare
3170 5062 3240 5117 de
3272 5057 3492 5112 ltomine
3532 5057 3651 5110 vivo
3681 5067 3815 5107 utor-

2263 5169 2383 5215 tuas
2413 5169 2621 5229 partes;
2657 5161 2781 5214 licet
2814 5174 2978 5213 unum
3003 5157 3356 5212 membrorum
3394 5166 3497 5205 non
3529 5152 3643 5204 sine
3668 5159 3812 5201 sensu

2266 5255 2430 5310 totius
2454 5254 2701 5322 corporis
2741 5262 3074 5320 amputetur,
3100 5250 3247 5303 bono
3272 5257 3450 5298 tamen
3486 5244 3597 5298 suis
3620 5237 3814 5295 damnis

2267 5349 2615 5404 consentitut
2638 5349 2801 5401 vivat.
2838 5345 2990 5414 Apud
3016 5345 3134 5398 illos
3166 5339 3431 5409 :liquoties
3448 5334 3697 5391 detractis
3724 5346 3812 5386 cu-

2270 5443 2433 5507 tibus,
2466 5450 2517 5496 et
2552 5443 2661 5509 ipsa
2694 5455 2816 5494 ossa
2849 5439 3211 5500 raduntur,.te
3251 5440 3394 5486 totus
3426 5430 3587 5484 homo
3617 5425 3812 5497 periens

2269 5535 2542 5590 eradatur.
2570 5532 2723 5604 Apud
2766 5534 2911 5602 ipsos
2941 5542 3326 5597 nonnunquam
3358 5523 3607 5580 colleCtio
3634 5518 3812 5576 vermi—

2273 5646 2409 5684 nans
2453 5639 2507 5683 et
2555 5640 2791 5683 aestuans
2824 5637 3022 5690 tumor,
3057 5620 3345 5679 nedicinali
3394 5618 3538 5674 ferro
3564 5615 3807 5670 sulcatur.

2273 5721 2431 5791 Apud
2463 5723 2609 5791 ipsos
2663 5721 2801 5790 ignis
2831 5720 2961 5784 urit,
3005 5712 3399 5783 utrefrigcret:
3433 5708 3639 5765 mordet
3661 5714 3713 5760 et
3740 5702 3811 5757 la-

2273 5828 2427 5876 cerat
2456 5817 2655 5890 pulsis,
2683 5823 2744 5872 ut
2766 5823 2943 5879 sanet.
2975 5808 3093 5890 Qud
3123 5809 3275 5882 plura
3302 5808 3324 5863 ἱ)
3350 5806 3462 5864 Sub
3491 5802 3687 5863 medica
3706 5796 3808 5874 pie.
