3916 6288
199 326 241 383 63
1048 306 1381 371 EPISTOLA
1423 307 1487 368 V.
1528 304 1621 368 AD
1658 304 1927 370 AMtCUM
1967 305 2350 370 IEGROTUM.
3282 306 3355 366 σο

196 449 261 495 nte
292 434 415 490 homo
450 429 724 503 plurimum
756 434 1059 498 torquetur,
1092 436 1148 483 ut
1177 428 1467 498 plurimum
1494 427 1663 483 vivat.
1693 418 1740 488 Α
1772 425 1901 482 felix
1930 436 2012 483 est
2055 427 2145 496 qui
2184 424 2427 494 vapulat,
2462 423 2553 481 ubi
2588 423 2790 481 amoris
2820 430 2906 480 est
2940 422 3121 494 plaga.
3159 421 3357 479 Beatus

195 535 281 589 Ecce
302 525 610 583 necessarium
648 522 970 592 periculum,
1003 522 1058 577 in
1086 538 1193 592 quo
1229 522 1549 578 beneficium
1578 528 1664 576 est.

201 622 301 678 tidele
318 626 615 673 tormentum.
660 613 1006 670 Periclitatur
1032 628 1127 685 pro
1173 624 1323 669 certo
1354 629 1512 685 quem
1545 629 1662 669 me-

204 708 537 775 dicuscurat,sed
559 709 764 779 peritet
792 709 1063 777 decipitur
1093 708 1177 763 cui
1209 708 1500 764 renuntiat.
1528 709 1662 764 lluic

206 809 302 869 enim,
320 803 412 858 licet
437 803 529 856 sub
558 810 845 866 tormento,
890 802 996 854 vita
1050 802 1382 871 promittitur
1417 819 1429 853 :
1462 802 1550 856 alii
1585 803 1666 855 vi-

206 899 295 949 tandi
331 910 427 965 spes
461 894 769 964 denegatur.
799 895 942 963 Ergo
985 894 1074 948 ubi
1119 894 1417 949 neceSsitas
1470 895 1659 966 exigit,

200 988 387 1059 iericlitari
416 987 590 1040 melius
627 1000 705 1043 esr
738 1003 897 1057 quam
929 986 1130 1055 perire.
1166 987 1528 1043 Incommodis
1556 1004 1656 1042 n0-

197 1084 548 1137 cctecumfructn
574 1081 915 1135 commodius
966 1092 1115 1150 puto,
1144 1095 1304 1150 quam
1349 1081 1556 1151 negatis
1580 1083 1663 1136 iit-

194 1174 392 1229 commodis
416 1172 625 1227 interire
652 1189 667 1239 ;
722 1172 773 1227 id
805 1181 910 1239 est,
962 1174 1135 1228 satius
1175 1184 1260 1229 est
1286 1174 1530 1230 remedio
1560 1173 1661 1229 sibi

196 1270 321 1331 noceri,
340 1283 470 1337 quam
499 1282 603 1322 non
628 1281 791 1338 posse
820 1268 1020 1322 curari.

233 1361 381 1414 lillluc
405 1360 690 1414 secundum
741 1362 1020 1416 (caelestem
1068 1359 1338 1416 medicum
1369 1360 1580 1432 loquor,
1609 1372 1666 1417 et

197 1458 237 1508 ad
253 1469 372 1508 curam
397 1454 551 1524 magis
573 1458 756 1509 refero
785 1454 1151 1524 spiritualem,
1176 1470 1284 1509 non
1315 1454 1381 1509 ad
1409 1456 1557 1511 illam
1574 1470 1665 1511 so-

200 1548 344 1615 linquar
365 1554 463 1600 arte
489 1546 777 1614 moritura,
796 1547 1120 1602 mortalibus
1143 1557 1392 1602 versatur
1415 1547 1466 1602 in
1501 1563 1666 1603 mem-

192 1642 272 1694 bris.
293 1639 419 1695 h'oliis
453 1649 530 1695 est
575 1655 710 1711 ergo
735 1641 927 1695 melius
953 1656 983 1694 a
1012 1640 1242 1697 Domino
1273 1641 1545 1712 redargui,
1574 1657 1667 1697 ca-

190 1733 317 1801 digiti,
339 1745 379 1787 et
402 1733 494 1788 sub
538 1733 662 1802 ejus
709 1734 865 1803 plaga
894 1734 1100 1801 curari,
1131 1750 1293 1803 quam
1318 1734 1388 1789 ab
1409 1737 1531 1805 ejus
1552 1751 1666 1790 me-

1766 535 1931 592 quem
1980 522 2202 591 superni
2250 519 2493 575 verberis
2544 519 2847 576 remedium
2890 529 3081 582 curat,
3111 518 3355 588 corrigit,

1769 615 2057 681 emendat,
2093 625 2254 685 atque
2283 614 2558 682 componit
2589 631 2601 666 :
2634 628 2756 669 cum
2800 611 2969 668 David
3012 612 3202 667 beatus
3230 626 3358 681 pro-

1771 709 1935 780 pheta
1964 719 2019 765 et
2048 710 2180 764 satis
2208 708 2433 763 illusuis
2468 707 2551 763 sic
2579 708 2957 772 concionetur,
2987 716 3043 762 et
3079 704 3358 770 clamitet,

1764 804 1954 858 dicens
1988 819 2001 856 :
2047 798 2204 857 Felix
2240 817 2392 872 quem
2429 812 2484 855 tu
2510 800 2889 867 emendaveris,
2938 797 3178 865 Domine,
3216 806 3262 852 et
3294 795 3360 852 de

1765 895 1876 967 lege
1924 905 2012 950 tua
2061 895 2297 954 docueris
2349 910 2465 949 eum
2503 893 2680 964 (Psal.
2712 908 2864 961 xcm,
2900 890 3011 964 12).
3053 892 3193 963 Ergo
3224 905 3360 960 quo-

1766 991 1909 1044 niam
1944 1004 2009 1042 ex
2039 988 2226 1043 divino
2253 988 2545 1056 premissu,
2580 986 2814 1041 diversze
2838 983 3209 1039 mordacitatis
3237 984 3357 1038 lan-

1764 1080 2022 1151 guoribus
2050 1079 2418 1147 suhjacemus,
2446 1094 2510 1132 ac
2537 1078 2698 1148 longa
2720 1076 3033 1131 calamitate
3057 1074 3356 1131 curandam

1765 1173 2006 1242 gerimus
2037 1170 2224 1234 vitam,
2250 1170 2302 1224 iu
2322 1184 2548 1225 examen
2577 1178 2782 1224 nostra:
2806 1168 3042 1232 virtutis,
3068 1166 3360 1237 praedictas

1768 1264 1897 1319 olim
1929 1263 2180 1318 miserias
2211 1260 2593 1333 aequanimiter
2615 1261 2977 1332 perferamus.
3014 1258 3265 1315 Infelices
3295 1272 3361 1314 ac

1766 1356 2101 1425 multiplices
2128 1370 2315 1421 casus,
2347 1355 2655 1409 anxietates
2674 1364 2731 1408 et
2760 1353 2921 1408 ﬂetus
2949 1366 3085 1422 quos
3124 1351 3359 1407 incurri-

1766 1464 1888 1505 mus
1912 1450 2047 1515 nati,
2072 1447 2269 1504 mentis
2296 1448 2554 1502 felicitate
2584 1455 2886 1515 portemus.
2911 1443 3023 1501 Nec
3053 1442 3357 1500 mirandum

1766 1552 1850 1600 est
1871 1540 2038 1607 enim,
2060 1540 2204 1609 quod
2226 1539 2492 1595 malorum
2516 1538 2883 1610 frequentium
2904 1536 3175 1609 stragibus
3195 1539 3361 1592 variis

1766 1636 1846 1691 sic
1875 1633 2182 1690 mortalium
2210 1634 2319 1688 vita
2352 1633 2638 1704 populetur
2665 1632 2718 1688 in
2744 1632 2968 1697 mundo,
2990 1631 3045 1687 in
3066 1646 3175 1702 quo
3198 1645 3362 1687 nemo

1769 1729 2011 1785 nascitur
2042 1729 2249 1794 ridens,
2284 1728 2337 1783 in
2383 1744 2492 1800 quo
2522 1744 2684 1784 nemo
2712 1727 2896 1783 lumen
2926 1726 3052 1781 vita:
3098 1724 3203 1781 nisi
3234 1739 3360 1780 cum

190 1826 297 1877 dicina
320 1825 608 1880 incurabiles
639 1827 930 1881 removeri.
976 1829 1139 1881 Arcet
1170 1828 1313 1881 enim
1347 1843 1375 1879 a
1410 1828 1524 1882 suis
1553 1828 1664 1882 vul-
1697 1824 1741 1885 Β
1769 1822 2028 1894 lat-rvinis
2076 1822 2408 1890 auspicatur.
2464 1820 2596 1876 Cum
2657 1834 2758 1875 nos
2806 1818 3043 1889 denique
3096 1828 3359 1874 ntalernm

190 1916 274 1969 titius
289 1916 405 1983 flete,
434 1932 565 1986 quos
595 1916 795 1972 viderit
823 1918 1139 1974 incurabilis
1168 1919 1344 1974 morbi
1384 1918 1667 1990 iniquitate

190 2019 325 2063 vexatos
346 2028 357 2063 :
382 2022 427 2065 et
451 2012 593 2066 sicut
622 2011 904 2081 pulverem
935 2022 1026 2065 attt
1060 2012 1268 2082 paleam
1318 2012 1519 2080 impetu
1550 2022 1664 2068 tur.

191 2102 353 2170 bioisper
371 2104 481 2156 vitia
509 2104 807 2173 dissipatos
829 2114 991 2171 atque
1026 2103 1305 2174 dispersos
1337 2122 1348 2158 :
1383 2104 1520 2159 sicut
1551 2104 1666 2173 ipse

201 2193 232 2245 in
250 2210 307 2246 sua
328 2211 432 2249 tote
461 2196 724 2266 loquitur,
773 2196 962 2250 dicens
997 2212 1011 2248 :
1056 2194 1320 2251 Recedant
1373 2212 1405 2248 α
1440 2212 1519 2249 me
1562 2196 1665 2249 ini-

196 2290 345 2352 qr:‘,riar
375 2289 497 2342 enim
538 2290 753 2343 illorum
788 2290 919 2342 scire
959 2290 1077 2343 nolo
1122 2305 1142 2343 :
1181 2291 1427 2361 quoniam
1459 2291 1666 2344 lucerna

190 2383 522 2434 torrerentincta
547 2392 646 2446 est,
673 2393 718 2434 et
751 2383 995 2453 gemitum
1025 2380 1281 2435 habebunt
1321 2384 1373 2437 in
1410 2384 1511 2436 vita
1550 2399 1665 2436 sua.

186 2465 291 2519 Erunt
311 2471 418 2523 enim
445 2472 595 2525 sicuti
620 2471 805 2542 palca',
838 2488 953 2539 quw
971 2490 1003 2524 ιι
1030 2483 1175 2526 tento
1209 2471 1380 2526 volant
1407 2488 1427 2527 :
1456 2483 1502 2526 et
1536 2473 1668 2526 sicut

180 2561 391 2633 prlrit,qtn'
420 2582 449 2616 a
472 2566 857 2633 tempestatibus
890 2564 1092 2619 tollitur
1125 2562 1267 2636 (Job.
1306 2582 1417 2628 xu,
1455 2566 1541 2630 16,
1578 2566 1665 2634 17,

180 2653 247 2719 l8).
280 2656 439 2710 Eorum
476 2656 593 2709 vias
639 2672 746 2710 nun
789 2658 904 2710 vult
946 2656 1113 2720 scire,
1152 2656 1245 2726 qui
1277 2659 1418 2711 viam
1448 2658 1670 2712 omnino

175 2745 302 2801 nolunt
336 2758 502 2805 tenere
540 2751 931 2821 perdueentem
969 2752 1034 2805 ad
1074 2752 1345 2807 sublimia.
1390 2752 1469 2808 Ad
1503 2769 1667 2807 unum

173 2838 266 2891 cuitu
290 2840 535 2898 Dominum
570 2861 674 2898 uua
713 2846 792 2896 via
827 2844 880 2898 in
910 2844 1129 2898 Chrism
1158 2844 1385 2900 tenenda
1420 2857 1525 2909 est,
1550 2860 1669 2915 que

171 2936 493 3000 angustantibus
523 2938 879 2993 tentatuentis
910 2938 961 2992 in
1000 2940 1176 3007 spatio
1209 2938 1381 3007 longa:
1406 2942 1672 2994 securita-

172 3032 215 3076 tis
236 3026 423 3081 inducat.
452 3030 584 3085 lluic
612 3031 715 3085 soli
744 3030 841 3085 via:
870 3038 1019 3101 patet
1043 3030 1297 3101 palatium
1331 3032 1473 3088 «ωτι.
1504 3032 1672 3087 Czete-

170 3133 216 3171 re
236 3135 333 3175 vero
357 3125 682 3195 voluptatum
718 3124 1049 3179 anfractibus
1091 3133 1351 3178 tortuosa:
1391 3124 1666 3193 regionem

1770 1914 1944 1968 vulvte
1983 1913 2277 1968 tentorium
2326 1912 2645 1968 ostenderet
2684 1911 2906 1978 mundo,
2939 1910 3131 1967 ﬂentes
3173 1909 3364 1965 didici-

1770 2023 1889 2063 mus
1940 2008 2196 2061 mnndum
2259 2024 2271 2058 :
2322 2015 2381 2060 ut
2430 2005 2584 2076 quasi
2636 2004 2904 2059 malorum
2969 2001 3236 2074 primitias
3296 2002 3348 2057 in

1770 2102 1959 2172 primis
1988 2100 2245 2172 lacrymis
2273 2108 2634 2170 gustaremus.
2669 2099 2926 2154 Salomon
2959 2100 3224 2168 propheta
3258 2095 3360 2153 hac

1769 2195 2205 2265 pronuntiatione
2256 2202 2525 2249 testatur:
2570 2192 2713 2261 Ego,
2746 2192 2948 2262 inquit.
2982 2202 3137 2245 natus
3184 2190 3361 2260 accepi

1769 2303 2093 2342 communem
2120 2296 2322 2342 letalem
2347 2328 2361 2351 ,
2403 2297 2452 2341 et
2477 2288 2531 2339 in
2568 2286 2809 2340 similiter
2839 2286 3032 2356 factam
3057 2285 3226 2338 decidi
3252 2294 3359 2339 ter-

1768 2399 1881 2437 rain
1906 2399 1926 2436 :
1955 2384 2179 2453 primam
2225 2396 2397 2435 vocem
2439 2380 2662 2436 similem
2699 2378 2935 2434 omnibus
2958 2380 3101 2434 emisi
3124 2378 3357 2449 plorans.

1773 2475 1837 2530 In
1866 2477 2228 2531 tneolnmentis
2270 2478 2498 2530 nutritus
2528 2492 2641 2529 sunt
2672 2484 2719 2528 et
2749 2475 2886 2529 cirris
2924 2474 3146 2545 magnis.
3190 2473 3361 2527 Nemo

1771 2569 1910 2623 enim
1932 2586 1996 2623 ex
2020 2569 2225 2639 regibus
2250 2570 2396 2622 aliud
2424 2568 2606 2622 habuit
2639 2568 2923 2622 natiuitatis
2946 2568 3175 2621 initium.
3214 2565 3361 2621 Unus

1771 2673 1844 2717 est
1872 2680 1994 2734 ergo
2021 2662 2255 2716 omnibus
2290 2662 2530 2715 introitus
2556 2659 2627 2713 ad
2660 2663 2809 2714 vitam
2831 2702 2847 2725 ,
2879 2670 2927 2713 et
2966 2660 3153 2713 similis
3198 2659 3364 2713 exitus

1777 2755 1935 2825 (Sup.
1970 2768 2062 2819 vti,
2096 2754 2141 2815 Ι,
2166 2753 2222 2818 2,
2254 2754 2335 2822 5).
2378 2751 2611 2806 Necesse
2636 2759 2721 2806 est
2747 2753 2892 2807 enim
2922 2760 2979 2805 ut
3012 2752 3100 2820 qui
3132 2750 3364 2816 venerit,

1776 2859 2036 2913 transeat,
2067 2848 2155 2900 ubi
2189 2849 2350 2900 vitam
2379 2845 2551 2916 egerit
2582 2846 2917 2916 pcregrinam
2944 2862 2957 2900 :
2983 2844 3219 2898 maxime
3239 2859 3361 2898 cum

1775 2942 1845 2994 ita
1871 2940 2127 2995 Salomon
2158 2948 2525 3009 protestetur:
2561 2937 2705 2992 Unus
2731 2982 2746 3005 ,
2781 2938 2951 3008 lnqttit
2972 2981 2986 3003 ,
3019 2937 3261 2989 introitus
3292 2935 3362 2988 ad

1772 3033 1928 3086 vitam
1955 3073 1970 3098 ,
2000 3043 2045 3087 et
2070 3031 2255 3086 similis
2283 3032 2471 3085 exitus.
2526 3030 2665 3099 Quid
2709 3046 2840 3101 ergo
2868 3029 3245 3101 prOSporitatis
3270 3038 3363 3083 attt

1776 3125 1977 3181 laetitia:
2021 3136 2198 3196 potest
2247 3127 2404 3180 nobis
2454 3140 2749 3179 occurrere
2771 3166 2786 3190 ,
2815 3122 2904 3179 ubi
2934 3124 3107 3193 primo
3139 3124 3364 3179 discitur

169 3212 458 3269 flammiferam
485 3228 695 3285 petunt.
732 3218 805 3270 lie
832 3217 1027 3285 quibus
1053 3217 1309 3270 Salomon
1345 3217 1424 3271 sic
1452 3218 1667 3286 propria
1695 3206 1741 3270 C
1775 3216 1942 3283 ﬂere,
1988 3228 2045 3273 et
2076 3220 2215 3272 inter
2246 3219 2356 3286 ipsa
2386 3216 2652 3272 cunabula
2685 3218 2960 3272 nascentis
3002 3218 3241 3270 infantia:
3264 3257 3276 3280 ,
3309 3225 3365 3271 et

168 3314 255 3356 tute
278 3315 473 3362 testatur
499 3318 554 3362 et
574 3308 743 3363 dicit:
773 3310 906 3362 Sunt
930 3312 1021 3362 via:
1045 3325 1160 3378 qua:
1190 3309 1424 3361 ridentur
1450 3309 1671 3361 lumini-

168 3396 375 3468 iujastas,
395 3414 433 3455 et
453 3404 504 3456 in
526 3404 635 3471 ﬁne
652 3402 868 3455 illarum
889 3404 1095 3455 tristitia
1117 3410 1163 3454 cl
1182 3398 1333 3453 dolor
1354 3399 1536 3471 (Prov.
1555 3416 1669 3467 XIV,

168 3488 243 3559 12).
269 3491 320 3546 Et
339 3509 423 3564 per
458 3496 551 3551 bas
580 3498 699 3551 vias
732 3495 811 3551 illi
844 3513 935 3567 pra
955 3501 1148 3566 cipites
1184 3496 1523 3566 gradiuntur,
1553 3494 1673 3566 qui-

167 3580 232 3633 bus
267 3598 430 3642 cursus
477 3590 711 3644 inimica:
763 3590 905 3654 vitm,
962 3588 1347 3643 blandimentis
1390 3588 1673 3644 fallacibus

167 3675 345 3731 adulatur
372 3696 385 3745 ;
414 3698 547 3752 quos
575 3684 712 3738 fallit
740 3682 967 3737 surdutn
996 3694 1208 3753 tempus
1237 3695 1285 3738 et
1318 3683 1554 3753 decipit,
1586 3699 1673 3738 re-

166 3768 253 3835 cipit
290 3771 510 3829 interitus
559 3785 616 3831 et
665 3774 907 3831 int-ludit.
944 3777 1088 3843 Quos
1137 3775 1277 3830 sicut
1322 3778 1372 3831 in
1418 3776 1672 3847 scopulos

167 3860 389 3922 lteritnram
430 3883 622 3923 navem
656 3875 950 3937 tempestas
981 3868 1232 3937 impellit,
1269 3869 1348 3923 sic
1380 3868 1565 3924 infelix
1598 3870 1676 3923 fe-

169 3952 289 4010 licitas
314 3960 357 4014 in
384 3963 657 4017 interitum
689 3978 887 4033 pronos
914 3973 970 4020 et
1002 3963 1190 4018 labiles
1212 3963 1381 4018 ducit.
1415 3962 1481 4019 Et
1507 3964 1671 4018 sicuti

171 4045 579 4119 “'l‘luemsecnris
623 4056 925 4111 incessibus
973 4056 1343 4126 gradientem,
1387 4058 1673 4125 repentino

169 4152 271 4201 tlSll,
302 4155 380 4200 aut
423 4150 713 4203 marmoris
760 4150 969 4215 levitas,
1013 4160 1106 4205 aut
1161 4149 1335 4205 labina
1383 4148 1673 4219 pavimenti

167 4232 354 4288 subversa
376 4242 564 4308 pedum
600 4245 764 4298 tutela
793 4246 1094 4308 eontorsit;
1122 4243 1194 4298 ita
1223 4259 1362 4315 quos
1387 4244 1675 4299 infeliciter

170 4324 265 4379 ducit
281 4334 616 4391 secundarum
644 4351 824 4392 rerum
850 4337 956 4392 iter
981 4338 1269 4405 incertum,
1300 4337 1511 4406 vitaque
1535 4335 1675 4392 male

170 4415 355 4489 incumin,
386 4444 605 4483 necesse
636 4439 720 4485 est
750 4432 801 4485 itt
829 4430 1243 4485 irrevocabiletn
1276 4432 1485 4501 lapsum
1530 4430 1676 4485 sulti-

172 4522 304 4569 Utteus
325 4534 471 4576 eaStts
504 4522 767 4593 impingat
792 4540 806 4579 :
834 4526 988 4578 sicuti
1012 4522 1267 4578 Salomon
1298 4523 1675 4579 sanctissimus

1773 3315 1825 3367 in
1857 3316 1972 3383 ipso
2006 3313 2128 3367 vita:
2162 3312 2433 3367 vestibulo
2461 3352 2475 3375 ,
2518 3311 2652 3366 niltil
2702 3311 2845 3365 aliud
2894 3310 3023 3365 novi
3054 3310 3121 3365 de
3159 3310 3362 3365 mundo

1771 3421 1931 3476 quam
1962 3404 2120 3461 fletus
2149 3405 2432 3460 occurrit?
2475 3404 2685 3460 Limina
2726 3403 2911 3459 mundi
2942 3420 3064 3459 cuin
3094 3404 3222 3460 fletu
3250 3404 3359 3459 eal-

1771 3500 2014 3553 cavimus
2038 3538 2052 3563 ,
2086 3497 2340 3551 llehimus
2367 3496 2619 3567 equidem
2652 3497 2955 3551 transituri.
3000 3497 3045 3551 0
3074 3508 3360 3565 angustum

1771 3603 1827 3647 et
1856 3592 1988 3647 satis
2010 3589 2230 3646 anxium
2259 3601 2471 3661 tempus
2497 3589 2621 3645 vita:
2646 3587 2910 3659 mortalis,
2944 3588 3032 3647 ubi
3062 3606 3183 3645 cum
3209 3589 3363 3646 initio

1773 3685 2085 3739 nmuinatur
2111 3692 2168 3739 et
2202 3685 2345 3751 linis,
2380 3683 2589 3738 initium
2619 3692 2862 3739 nostrum
2895 3699 3017 3738 cum
3050 3686 3156 3738 line
3184 3684 3360 3738 susei-

1775 3778 1990 3847 pimns!
2023 3776 2142 3831 Jam
2173 3785 2365 3846 captus
2397 3786 2480 3831 est
2507 3786 2702 3841 morte,
2736 3776 2827 3845 qui
2860 3787 3015 3831 natus
3040 3784 3147 3830 est.
3174 3776 3362 3830 Testes

1771 3883 1899 3926 sunt
1922 3871 2143 3938 mortui,
2165 3887 2286 3926 cum
2314 3886 2421 3925 non
2447 3880 2646 3941 negant
2673 3886 2734 3926 se
2756 3871 3023 3925 morituri.
3059 3869 3200 3939 Ergo
3227 3886 3362 3938 qun-

1774 3966 1919 4018 niatn
1946 3965 2072 4019 ituri
2105 3963 2385 4026 venimus,
2421 3964 2877 4033 peregrinantium
2914 3978 3066 4017 more
3093 3962 3236 4033 quod
3269 3978 3363 4018 ac-

1774 4058 1970 4113 ciderit
2015 4060 2156 4112 intra
2210 4057 2395 4111 mundi
2445 4056 2744 4127 lt05pitium
2774 4096 2790 4122 ,
2834 4056 2989 4126 quasi
3022 4067 3365 4114 transeuntes

1776 4150 2004 4206 ferendo
2043 4149 2358 4204 vincamus:
2394 4151 2534 4203 mala
2568 4148 2823 4219 imposita
2851 4190 2867 4213 ,
2900 4149 2952 4203 bi
2976 4166 3040 4203 na
3072 4149 3365 4207 devotione

1778 4252 1989 4316 portata
2018 4242 2330 4299 vincuntur.
2370 4243 2529 4312 l’ejus
2558 4246 2704 4298 enim
2726 4254 2885 4300 nocet
2902 4244 3129 4312 malum,
3162 4246 3205 4298 si
3229 4245 3367 4300 male

1780 4345 2084 4408 portentur.
2146 4337 2221 4391 lbi
2271 4338 2519 4406 profecto
2565 4338 2809 4392 solamen
2853 4337 3067 4392 virtutis
3110 4354 3253 4407 tipns
3282 4354 3368 4393 est

1778 4433 1915 4505 (sub
1934 4431 2396 4496 contemplatione
2422 4431 2631 4486 scilicet
2659 4445 2913 4500 superna:
2942 4433 3243 4499 mercedis)
3277 4434 3366 4487 ubi

1777 4526 1857 4580 sic
1906 4526 2250 4581 desideratur
2292 4525 2412 4579 linis
2450 4535 2504 4579 et
2540 4524 2718 4579 exitus
2747 4524 2891 4587 vitm,
2924 4525 3063 4578 sicut
3097 4524 3148 4578 in
3181 4527 3369 4594 pelago

174 4611 353 4674 bantur,
379 4625 432 4666 et
457 4616 653 4670 clamat
684 4633 696 4668 :
733 4618 923 4683 Sicuti,
958 4618 1149 4687 inquit,
1180 4618 1268 4688 qui
1310 4619 1360 4671 in
1388 4619 1680 4686 pavimento
1708 4602 1758 4664 Ῐ)
1785 4620 1951 4675 tutela
1989 4620 2297 4686 portuensis
2323 4626 2568 4686 aptatur.
2616 4618 2749 4682 Quis
2780 4619 2924 4672 enim
2955 4616 3095 4671 inter
3117 4619 3369 4672 anxieta-

174 4700 282 4766 ttttlit,
312 4708 376 4757 sic
402 4724 552 4762 casus
582 4709 836 4763 malorum
869 4712 1171 4780 festinanter
1200 4712 1360 4764 veniet
1390 4711 1561 4782 (licrl.
1586 4726 1675 4775 xx,

174 4786 245 4859 ﬁt).
273 4794 321 4848 lli
348 4810 462 4854 sunt
494 4804 683 4870 ρι·ο‹“υΙ
718 4805 908 4867 dubio,
942 4804 1032 4873 qui
1060 4820 1164 4856 non
1200 4814 1475 4857 uterentur
1514 4804 1683 4856 alicu-

176 4882 225 4945 l'ts
248 4889 449 4947 miseria:
481 4895 751 4951 ventilatis
776 4896 1198 4966 flagitationibus
1228 4896 1416 4965 agitari
1437 4940 1451 4965 ,
1485 4896 1681 4966 quibus

180 4986 314 5029 cit‘rna
336 4986 585 5053 a-gritudo
608 4990 866 5051 nutritur,
893 5003 990 5042 nec
1014 4987 1287 5042 verberari
1311 5002 1430 5042 cum
1456 4988 1680 5053 sanctis,

180 5062 342 5128 {taurino
365 5082 678 5148 castigante,
711 5099 831 5135 cum
861 5097 966 5151 quo
993 5089 1113 5151 post
1144 5082 1352 5153 flagella
1387 5091 1679 5152 reguetur:

180 5177 343 5225 quorum
371 5171 529 5227 David
558 5174 658 5229 huc
684 5177 928 5229 carmine
958 5177 1168 5245 llagitat
1207 5176 1536 5230 mentionem
1571 5192 1584 5228 :
1617 5173 1684 5229 In

181 5258 496 5321 (agitationibus
534 5268 801 5321 hominum
839 5285 957 5335 non
980 5280 1119 5332 sunt,
1152 5281 1200 5321 et
1241 5285 1360 5322 cum
1400 5268 1688 5322 hominibus

186 5362 247 5396 vett
277 5355 649 5425 ﬂagellabantur
687 5378 706 5411 :
743 5362 856 5415 ideo
898 5362 1059 5414 tenuit
1104 5378 1187 5414 eos
1229 5361 1470 5428 snprrbia
1514 5376 1690 5415 eorum

188 5436 301 5495 tl'iul.
333 5464 472 5517 μιν,
504 5453 579 5521 1).
611 5452 801 5509 Cernis
828 5454 989 5523 igitur
1018 5454 1322 5508 nzedicinali
1355 5454 1567 5523 flagello
1590 5454 1688 5507 im-

191 5538 349 5593 meritus
389 5545 607 5614 despici,
651 5556 706 5600 et
755 5550 979 5602 meritos
1026 5546 1382 5600 aniieahiiitcr
1415 5546 1691 5615 castigari.

194 5626 333 5686 latens
368 5642 503 5694 enim
548 5643 790 5696 omnium
839 5644 1001 5705 licus,
1036 5652 1093 5695 ut
1123 5650 1204 5695 est
1234 5641 1474 5697 mcditus
1520 5640 1694 5696 fidelis

194 5732 279 5787 "ta
302 5742 579 5805 susceptos,
617 5745 672 5794 et
706 5737 924 5805 genitor
962 5738 1103 5795 circa
1136 5738 1335 5794 liberos
1364 5752 1524 5807 suos,
1558 5750 1694 5812 quos

195 5822 308 5891 “Wa
343 5822 411 5889 Sic
452 5825 599 5905 ferit.
638 5839 692 5895 ut
733 5830 988 5907 corrigat,
1037 5846 1142 5901 non
1184 5838 1239 5904 ut
1271 5828 1501 5924 occidat.
1552 5828 1695 5909 Ergo

1786 4725 1866 4769 tcs
1893 4716 2141 4784 vagantis
2189 4714 2371 4768 sreculi
2420 4728 2800 4782 a'rnmnasqne
2829 4713 3142 4767 ltlttrbttl’mlt
3168 4714 3371 4769 Ia-den-

1789 4809 1918 4864 titttn
1942 4854 1957 4873 ,
2010 4824 2114 4862 non
2164 4807 2337 4876 magis
2373 4819 2602 4861 mortem
2634 4806 2936 4873 desideret,
2964 4822 3123 4877 quam
3157 4810 3370 4878 longam

1786 4906 1919 4958 satis
1942 4911 1997 4956 et
2027 4899 2330 4969 languidam
2363 4900 2547 4965 vitam,
2582 4899 2798 4955 dicente
2827 4900 3118 4955 Salomone
3144 4918 3155 4954 :
3184 4899 3374 4955 Melior

1786 5006 1860 5049 est
1892 5010 2061 5056 mors,
2088 5007 2241 5062 quam
2280 4993 2381 5045 tito
2426 5008 2644 5045 amara:
2682 5003 2727 5045 et
2757 4994 2951 5061 requies
2979 5006 3190 5058 (eterna,
3214 5010 3371 5060 quam

1786 5087 2008 5155 languor
2030 5100 2355 5155 psrsereruns
2386 5083 2554 5155 (Eccl.
2585 5101 2713 5145 xxx.
2740 5085 2867 5154 1'2)?
2902 5084 3103 5139 Intalibi
3133 5104 3144 5140 :
3185 5084 3376 5141 Meldis

1787 5180 1877 5233 tibi
1920 5181 2091 5242 mori,
2138 5195 2293 5249 quam
2335 5180 2497 5232 rivers
2546 5178 2729 5247 (Eccl.
2759 5196 2849 5247 χι,
2880 5180 3007 5249 29).
3056 5179 3198 5236 Mars
3229 5181 3374 5237 enim

1789 5272 1934 5325 omni
1979 5271 2181 5324 hmniui
2233 5272 2328 5325 dat
2372 5272 2633 5341 requiem.
2705 5272 2807 5325 l'ro
2855 5287 3005 5326 certo
3056 5274 3194 5328 inter
3236 5278 3376 5328 mata

1790 5367 2094 5432 grassantia
2126 5363 2441 5416 necessario
2480 5363 2657 5416 exitus
2696 5368 2941 5417 sitienzer
2989 5376 3225 5435 optatur.
3269 5365 3375 5419 Sed

1792 5455 1934 5508 sicut
1976 5470 2078 5510 nec
2127 5466 2369 5508 nostrum
2414 5455 2589 5509 fuerat
2633 5455 2824 5521 nasci,
2870 5456 2941 5510 ita
2971 5473 3070 5513 nec
3099 5459 3379 5527 potestatis

1794 5557 1998 5604 nostra:
2024 5560 2105 5603 est
2137 5538 2298 5605 mori.
2328 5548 2543 5619 Alioqui
2573 5549 2617 5602 si
2650 5551 2700 5603 ιιι
2733 5559 2917 5604 nostra
2948 5561 3214 5620 potesta:e
3244 5549 3383 5604 nori

1793 5644 2144 5705 consisteret,
2177 5652 2325 5698 esset
2354 5642 2406 5698 in
2440 5651 2710 5713 potestate
2738 5659 2844 5698 non
2875 5642 3033 5699 mori.
3060 5642 3140 5696 Ad
3176 5643 3276 5698 hoc
3306 5645 3388 5699 in-

1795 5743 1879 5791 ter
1934 5747 2151 5795 nostras
2202 5736 2483 5806 anguetias
2534 5738 2727 5794 mortis
2776 5736 3015 5807 requiem
3058 5735 3387 5809 flagitamus,

1795 5828 1922 5905 quia
1964 5826 2104 5891 inter
2152 5826 2293 5919 male
2341 5827 2409 5921 th;
2456 5826 2600 5901 laute
2646 5826 2893 5911 solamen
2933 5832 3017 5899 est
3044 5841 3152 5918 pett
3184 5836 3397 5925 taceret
