3916 6288
542 273 615 335 ιτ
1576 272 1638 333 s.
1677 266 2065 331 uteaouvut
2099 263 2387 331 OPBRUM
2424 265 2793 329 MANTISSA.
3722 274 3783 337 δε

540 389 907 462 navigantium
940 403 1127 456 more,
1158 386 1356 460 quibus
1385 385 1728 459 refrigerium
1759 396 1843 445 est
1874 387 2014 442 inter
2042 384 2123 438 in-
2157 381 2211 447 Δ
2239 382 2377 453 Ergo
2401 385 2659 454 quoniam
2711 398 2834 439 cum
2865 381 3103 441 diversis
3135 382 3487 451 lentationum
3514 385 3689 458 jaculis
3714 391 3784 448 di-

546 484 716 543 festos
762 494 923 555 atque
963 482 1228 539 sollicitos
1273 497 1463 539 cursus
1516 481 1663 552 loqui
1716 479 1784 537 dc
1831 479 2128 535 securitate

542 577 859 649 portuensi,
901 576 965 630 ad
1010 590 1171 645 quam
1220 574 1320 630 ctsi
1354 590 1458 630 non
1501 574 1683 639 liccat,
1712 584 1971 644 quantum
2005 572 2125 625 ani-

542 686 661 731 mus
688 670 838 738 cupit
860 710 876 735 ,
904 667 1142 724 celerius
1168 665 1494 738 pervenire;
1518 665 1676 736 juvat
1704 674 1881 722 tamen
1910 676 1964 720 et
1993 664 2126 721 satis

542 763 826 834 pulchrum
853 769 957 827 est,
992 761 1247 817 meliores
1275 769 1454 830 partes
1486 770 1697 830 optare.
1733 757 1838 814 Sed
1867 757 2123 829 quoniam

541 874 643 914 nec
669 869 869 913 nostra:
911 855 1199 925 potestatis
1228 862 1313 911 est
1341 854 1500 925 potiri
1528 854 1842 910 melioribus
1867 894 1881 917 ,
1907 870 2025 924 quae
2056 853 2126 910 de

542 961 716 1009 morte
760 960 1076 1018 nascuntur,
1108 959 1485 1021 exspectantes
1514 949 1734 1004 meliora
1760 990 1775 1015 ,
1809 946 2010 1003 bonum
2043 946 2126 1002 iu-

539 1049 698 1104 terim
733 1061 987 1119 geramus
1026 1046 1170 1102 inter
1199 1044 1337 1101 mala
1358 1052 1653 1101 certamen.
1704 1044 1914 1098 Bonum
1940 1052 2121 1098 autem

537 1152 811 1198 certamen
837 1152 921 1197 est
946 1183 962 1209 ,
1003 1139 1161 1195 malis
1186 1154 1292 1194 non
1329 1139 1529 1195 cedere
1551 1180 1568 1205 ,
1608 1137 1707 1194 sed
1738 1136 1877 1191 mala
1905 1136 2121 1191 virtutis

536 1233 683 1289 bono
710 1243 951 1305 portare,
983 1249 1080 1304 per
1106 1249 1229 1304 qua:
1259 1234 1312 1288 in
1342 1232 1570 1287 meliora
1601 1231 1668 1287 de
1691 1242 1866 1286 morte
1893 1244 2123 1285 nascen-

538 1329 610 1383 tia
638 1328 842 1382 morbis
864 1337 1027 1397 atque
1057 1328 1301 1381 carentia
1337 1326 1608 1380 suhlimati
1640 1334 1938 1394 portentur.
1993 1325 2122 1381 Sine

536 1423 737 1476 ducatu
763 1422 911 1475 enim
940 1431 1103 1491 atque
1134 1435 1317 1475 morsu
1351 1417 1698 1482 infelicitatis,
1733 1418 1785 1472 in
1818 1416 2120 1487 triumphos

536 1515 866 1571 immortalis
891 1514 1084 1585 glorias
1124 1528 1232 1568 non
1266 1515 1579 1584 pervenitur
1609 1529 1624 1566 :
1652 1512 1778 1581 quia
1808 1527 1902 1579 per
1929 1510 2121 1564 discri-

533 1610 677 1665 mina
703 1608 990 1664 conﬁcitur
1016 1622 1212 1663 cursus
1242 1608 1295 1662 in
1322 1615 1505 1677 portu.
1550 1606 1732 1660 Primo
1759 1605 2118 1675 triumphator

534 1718 641 1759 non
690 1714 864 1773 potest
893 1703 1001 1758 dici
1027 1742 1043 1770 ,
1090 1701 1194 1757 nisi
1224 1703 1315 1758 cui
1349 1700 1633 1757 victoriam
1664 1700 1835 1754 virtus
1868 1698 2112 1753 invenit:

2233 478 2538 535 micandum
2570 486 2656 533 est
2683 479 2838 533 nobis
2865 495 2879 534 ;
2912 479 2954 532 si
2999 478 3126 549 quid
3156 483 3470 543 emcrscrit.
3503 482 3635 550 quod
3659 483 3782 541 vires

2231 583 2529 641 examinet,
2564 573 2706 644 quod
2754 574 2995 630 membra
3048 574 3341 641 cottrutiat,
3390 574 3530 645 quod
3575 578 3779 633 animant

2231 667 2424 735 probet
2451 684 2464 720 :
2494 666 2650 735 quasi
2693 667 3039 720 occasionem
3068 664 3313 720 muneris
3342 666 3646 735 arripiamus
3683 685 3782 722 atu-

2230 762 2390 830 plexu
2415 757 2649 816 virtutis.
2679 761 2754 815 Ita
2778 760 2943 816 debet
2967 775 3089 815 esse
3118 760 3281 815 animi
3306 760 3585 816 immobilis
3606 764 3778 833 virtus,

2226 865 2387 924 atque
2410 860 2608 911 mentis
2639 856 2977 912 inconcussas
3008 855 3175 911 robur
3207 854 3485 921 invictum,
3528 866 3582 909 ut
3602 866 3679 911 est
3703 873 3781 928 pe-

2228 956 2309 1002 tra
2342 949 2394 1002 in
2425 951 2584 1018 mari,
2615 964 2776 1020 quatn
2808 948 2949 1004 inter
2973 948 3167 1005 fluctus
3185 960 3377 1004 natura
3407 949 3658 1017 fundavit,
3678 968 3781 1021 qua:

2228 1046 2494 1100 undarum
2526 1044 2847 1100 tumentium
2871 1044 3157 1100 collisione
3179 1043 3680 1114 frequentivapulat,
3696 1061 3783 1101 nec

2228 1147 2496 1193 movetur.
2531 1138 2718 1208 itaque
2768 1136 2861 1192 ubi
2892 1136 3168 1193 hominem
3218 1138 3442 1191 adversa
3480 1137 3530 1191 in
3562 1136 3782 1207 prtelium

2229 1240 2510 1302 provocat,
2546 1241 2601 1286 et
2631 1230 2683 1285 in
2717 1241 2991 1287 certamen
3031 1230 3309 1285 calamitas
3336 1238 3489 1301 urget
3530 1239 3583 1284 et
3620 1232 3783 1301 cogit,

2226 1329 2440 1383 animus
2464 1326 2593 1381 felix
2624 1326 2840 1382 virtutis
2863 1327 3054 1398 clypeo
3081 1325 3343 1395 producat
3367 1334 3647 1391 armatum,
3666 1341 3785 1395 prte-

2224 1430 2441 1490 stetque
2477 1419 2620 1476 inter
2649 1418 2885 1489 pericula
2914 1429 3087 1473 tutum
3120 1429 3173 1472 et
3203 1433 3479 1481 securum,
3507 1417 3644 1473 inter
3670 1417 3787 1473 infe-

2228 1512 2357 1567 licia
2382 1512 2634 1568 ostendat
2654 1512 2895 1577 felicem,
2922 1512 3063 1566 inter
3088 1525 3319 1580 angores
3339 1510 3585 1565 exhibeat
3602 1510 3780 1574 laetum,

2222 1605 2366 1663 inter
2398 1606 2671 1662 morbidus
2700 1606 3045 1677 aegritudines
3081 1621 3270 1660 sanum
3306 1623 3319 1658 :
3348 1604 3644 1676 efficiatque
3681 1621 3787 1660 sus-

2228 1702 2476 1757 tinentia.-
2502 1701 2706 1771 jaculo,
2738 1703 2876 1755 victa
2908 1700 3235 1766 calamitate,
3264 1699 3546 1754 victorem.
3573 1698 3786 1768 Supera-

529 1811 652 1866 quze
680 1812 845 1851 omne
870 1796 1015 1868 quod
1041 1798 1285 1860 timetur,
1329 1792 1433 1849 sub
1463 1809 1522 1850 se
1547 1793 1724 1849 cernit
1752 1792 1979 1858 elisum,
2016 1800 2120 1844 tra-
2156 1783 2200 1846 Β
2230 1806 2317 1850 tur
2347 1794 2489 1850 enim
2523 1793 2746 1848 morbus
2774 1794 2826 1848 in
2856 1808 3111 1863 corpore,
3144 1794 3187 1846 si
3213 1791 3385 1847 discat
3415 1791 3618 1846 animus
3643 1794 3786 1845 susti-

534 1889 721 1960 hitque
749 1890 946 1945 invicta
974 1889 1268 1960 captivum.

604 1983 672 2037 ν.
716 1982 812 2038 Est
864 1982 1068 2037 interea
1113 1980 1376 2037 steculum
1402 2019 1417 2042 ,
1448 1989 1509 2034 nt
1536 1988 1621 2034 est
1650 1993 1799 2033 mare
1829 1974 2116 2048 impatiens

535 2084 729 2131 natura
759 2116 775 2141 ,
828 2084 886 2130 et
913 2075 1033 2130 sine
1060 2075 1236 2130 ventis
1268 2073 1510 2128 inﬂatum
1536 2114 1552 2139 ,
1582 2074 1800 2142 erigens
1825 2072 2030 2126 scilicet
2062 2069 2117 2125 in

530 2168 644 2238 ipsa
678 2167 1078 2239 tranquillitate
1108 2168 1351 2223 minaces
1398 2175 1562 2236 atque
1590 2163 1867 2221 terribiles
1898 2163 2111 2226 fluetus,

525 2262 669 2334 quod
717 2262 841 2318 licet
883 2276 1132 2317 sessores
1185 2277 1292 2316 non
1342 2271 1536 2315 noceat
1564 2274 1713 2323 suos,
1748 2258 1908 2312 habet
1933 2265 2112 2310 tamen

525 2357 728 2425 aliquid
758 2354 1068 2409 formidinis
1088 2355 1249 2409 etiam
1280 2354 1498 2408 innoxia
1524 2352 1863 2421 magnitudo,
1889 2367 1989 2404 nec
2020 2365 2113 2403 na-

524 2446 840 2516 vigantibus
862 2446 1059 2501 desunt
1081 2444 1400 2500 formidines
1428 2444 1741 2514 frequenter
1761 2452 1815 2497 et
1846 2442 1980 2497 ictus
2013 2457 2114 2495 un-

522 2539 736 2594 darum.
779 2538 1084 2608 Numquam
1134 2538 1367 2607 denique
1413 2536 1746 2606 gubernator
1786 2546 1927 2589 totos
1956 2538 2109 2588 sinus

523 2647 752 2687 securus
801 2631 1078 2702 explicuit.
1136 2631 1201 2685 Et
1247 2631 1299 2684 in
1341 2629 1445 2684 hoc
1489 2627 1689 2683 mtmdo
1720 2629 1810 2696 qui
1835 2628 2107 2697 fragosum

522 2726 655 2779 vita:
706 2724 864 2795 hujus
912 2733 967 2779 et
1011 2722 1287 2779 turbidum
1327 2722 1623 2793 quaerimus
1660 2736 1900 2787 cursum,
1935 2720 2107 2773 malo-

522 2836 644 2876 rum
688 2819 961 2890 tangimur
1010 2819 1178 2873 minis
1208 2818 1519 2886 frequenter
1549 2825 1603 2870 et
1626 2814 1841 2870 causis:
1873 2815 2108 2868 maxime

522 2927 658 2984 quos
708 2915 848 2967 inter
894 2911 1037 2983 regia
1071 2920 1246 2965 castra
1271 2910 1459 2963 militia
1490 2909 1731 2963 cmlestis
1753 2908 1998 2976 signatos
2028 2907 2105 2960 in-

521 3009 705 3063 clusit.
759 3006 879 3061 Jam
908 3004 1144 3059 diximus
1174 3004 1436 3059 s:cculum
1466 3002 1658 3072 pelago
1692 2999 2018 3070 comparari,
2049 3001 2103 3054 in

522 3117 630 3172 quo
654 3116 779 3154 rara
807 3108 929 3153 sunt
960 3112 1217 3167 prospera
1236 3140 1251 3164 ,
1283 3098 1449 3151 densa
1477 3105 1607 3150 sunt
1634 3095 1942 3149 turbulenta
1970 3134 1984 3157 ,
2011 3108 2104 3147 ex-

2224 1905 2360 1945 uere
2390 1906 2402 1944 :
2438 1899 2495 1944 et
2523 1889 2645 1943 ideo
2676 1888 2764 1943 ubi
2797 1903 2996 1958 corpus
3020 1886 3166 1957 jacet
3187 1886 3482 1951 infirmum,
3508 1886 3558 1940 in
3581 1885 3785 1939 recessi-

2220 1984 2327 2039 bus
2356 1983 2529 2053 major
2556 1981 2752 2037 alenda
2782 1992 2866 2037 cat
2897 1981 3089 2048 virtus,
3117 1980 3525 2051 parandumque
3544 1977 3677 2049 quod
3699 1991 3785 2032 nec

2218 2077 2483 2132 lassitudo
2511 2075 2773 2138 decutiat,
2806 2082 2902 2129 aut
2930 2082 3065 2129 altas
3090 2072 3334 2128 inclinet.

2294 2171 2377 2226 Vl.
2411 2170 2559 2225 Tene
2584 2171 2765 2239 igitur,
2795 2168 2984 2237 frater,
3012 2176 3135 2223 tene
3165 2168 3287 2221 fidei
3316 2166 3487 2221 robur
3510 2164 3779 2220 invictum:

2218 2273 2341 2320 tene
2367 2264 2645 2317 munimen
2674 2260 2949 2316 immobile
2976 2259 3373 2323 Christianum,
3402 2260 3618 2329 superni
3645 2258 3779 2326 vigo-

2216 2357 2291 2411 ris
2322 2357 2579 2410 firmitate
2603 2354 2880 2409 fundatum
2908 2370 2921 2407 :
2955 2354 3098 2408 inter
3125 2353 3435 2423 languentia
3461 2351 3687 2405 ntembra
3709 2367 3783 2402 sa-

2216 2451 2392 2520 tisque
2422 2448 2650 2520 rigentia
2672 2491 2687 2517 ,
2722 2447 2999 2503 incolume
3021 2447 3367 2516 validumque
3391 2461 3517 2516 gere
3539 2445 3653 2498 fidei
3682 2446 3782 2495 ani-

2213 2559 2425 2615 maeque
2452 2552 2689 2613 scutum,
2719 2553 2773 2598 et
2802 2544 3009 2613 pigrum
3041 2540 3233 2596 ticeris
3258 2540 3508 2595 morbum
3543 2536 3782 2608 pernicio-

2216 2652 2447 2707 sumque
2500 2637 2838 2706 languorem.
2905 2634 3271 2690 Arietantibus
3319 2633 3509 2697 malis,
3558 2630 3781 2684 obicibus

2212 2746 2441 2786 occurre
2466 2730 2701 2785 virtutis.
2733 2729 2902 2785 Vince
2929 2730 3055 2783 dum
3080 2727 3319 2798 vapulas,
3347 2728 3428 2782 sic
3453 2726 3594 2782 enim
3620 2734 3782 2793 poten-

2214 2826 2285 2879 tia
2309 2824 2617 2879 Christiana
2640 2823 2806 2877 alitur
2838 2822 3227 2885 incommodis.
3262 2821 3423 2876 malis
3454 2827 3781 2890 promovetur

2210 2914 2474 2970 adversis.
2508 2915 2710 2969 Militia:
2736 2914 2991 2969 convenit
3021 2912 3347 2968 Christianae
3374 2911 3550 2967 excuti
3578 2908 3782 2965 calami-

2214 3011 2416 3066 tatibus
2450 3019 2506 3065 et
2537 3010 2778 3079 probari.
2824 3008 2996 3079 Ipsius
3033 3018 3119 3063 est
3155 3007 3256 3061 sub
3294 3005 3692 3061 infelicitatibus
3732 3009 3781 3057 et

2210 3105 2478 3175 anguStiis
2505 3105 2738 3160 feliciter
2760 3105 3031 3173 ampliari.
3055 3104 3157 3159 sub
3174 3106 3446 3174 pressuris
3468 3101 3775 3160 adolescere,

523 3195 854 3267 pmcscitur,
891 3192 1132 3260 timetur,
1164 3191 1336 3246 morbi
1362 3197 1578 3261 quoque
1609 3206 1714 3243 non
1743 3189 1979 3243 desunt:
2012 3204 2103 3241 so-

2214 3209 2258 3254 et
2293 3214 2577 3268 pressurus
2610 3199 2956 3268 ptihesccndo
2994 3200 3222 3252 calcare.
3259 3197 3437 3261 Ipsius
3462 3208 3544 3250 est
3587 3192 3778 3248 exerci.

523 3292 609 3345 lus
651 3293 829 3343 exitus
876 3289 1188 3343 securitatis
1218 3296 1299 3340 cst
1326 3295 1535 3355 portus.
1588 3283 1723 3337 Hinc
1761 3292 1923 3352 atque
1958 3282 2105 3338 illinc

522 3382 785 3453 ingruunt
828 3380 1155 3436 calamitatis
1206 3379 1453 3434 incursus
1505 3377 1753 3431 infestae:
1801 3377 1896 3430 sed
1932 3391 2106 3443 usque

520 3477 586 3528 ad
621 3486 833 3544 portum
865 3517 879 3543 ,
914 3474 964 3528 id
990 3484 1072 3528 est
1097 3515 1112 3539 ,
1145 3473 1210 3527 ad
1234 3473 1464 3537 exitum,
1493 3469 1707 3525 virtutis
1735 3480 1819 3524 est
1845 3469 2099 3525 tolerare.

522 3568 667 3623 Inter
705 3568 942 3640 pericula
989 3568 1320 3637 gubernator
1361 3580 1560 3621 navem
1604 3574 1786 3618 tuetur
1811 3573 1867 3617 et
1898 3573 2100 3617 servat.

518 3661 666 3717 Inter
711 3662 1051 3715 calamitates
1078 3659 1292 3714 animus
1330 3668 1507 3713 rector
1532 3657 1805 3712 hominem
1835 3658 2105 3725 gubernat

518 3762 574 3809 et
621 3755 781 3823 regit.
822 3752 1081 3819 Quamvis
1123 3752 1321 3822 aliquis
1363 3750 1621 3821 periculis
1661 3749 1935 3819 paululum
1968 3760 2103 3800 tem-

519 3851 722 3921 peratis
750 3888 765 3913 ,
814 3849 1085 3918 navigium
1130 3845 1413 3901 tractabile
1445 3846 1608 3898 ducat
1638 3860 1651 3895 :
1682 3843 1777 3897 sed
1808 3842 1986 3910 potius
2012 3839 2102 3895 illa

516 3949 891 4013 exspectatur,
941 3951 1103 4009 atque
1150 3937 1438 4007 triumphis
1490 3935 1785 4006 majoribus
1834 3936 2104 4003 excipitur

516 4036 690 4100 navis,
720 4051 839 4106 quae
870 4034 1086 4088 turbido
1122 4032 1344 4086 flumine
1371 4041 1592 4086 coactos
1627 4030 1682 4084 in
1715 4039 1971 4083 verticem
1998 4027 2100 4080 flu-

514 4140 634 4183 ctus
664 4138 913 4197 potenter
936 4125 1197 4182 excussit.
1241 4126 1392 4179 lianc
1436 4123 1642 4193 excipit
1671 4120 1941 4192 profundo
1978 4136 2100 4175 cum

514 4222 712 4292 gaudio
773 4221 928 4275 turba
990 4216 1323 4287 portuensis.
1377 4216 1529 4270 Hauc
1586 4212 1791 4283 excipit
1842 4212 2102 4267 securitas

515 4315 871 4381 triumphalis.
906 4314 1199 4383 Speciosus
1228 4321 1311 4366 est
1353 4311 1506 4364 miles
1540 4310 1589 4363 in
1621 4308 1862 4363 exercitu
1892 4309 2101 4375 consti-

515 4418 659 4463 tutus
686 4422 961 4462 armorum
993 4424 1005 4459 :
1041 4406 1256 4475 squalet
1287 4417 1416 4458 vero
1440 4401 1672 4457 deformi
1696 4402 1898 4455 virtute
1921 4401 2101 4470 segnis

512 4516 565 4558 et
594 4519 816 4567 vacuus,
846 4503 938 4572 qui
967 4503 1021 4556 in
1043 4515 1238 4569 campo
1283 4515 1382 4555 uec
1424 4498 1526 4553 sibi
1559 4506 1644 4552 est
1685 4498 1959 4567 cognitus,
2002 4512 2100 4553 nec

2209 3293 2502 3347 laticiiibus
2553 3291 2761 3346 crebris
2801 3293 3077 3360 proprium
3119 3292 3327 3344 nutrire
3371 3288 3682 3351 munimen,
3732 3291 3778 3336 et

2205 3401 2326 3441 cum
2358 3385 2611 3456 periculis
2648 3385 2851 3439 habere
2885 3397 3184 3440 certamen.
3236 3383 3412 3453 Ipsius
3450 3392 3533 3437 est
3567 3380 3630 3434 ad
3662 3392 3775 3448 por-

2207 3489 2319 3533 tum
2344 3487 2621 3549 perpetua:
2664 3478 2935 3533 felicitatis
2975 3494 3071 3542 [cr
3110 3478 3338 3532 furentia
3381 3476 3565 3531 mundi
3603 3472 3777 3528 discri-

2209 3572 2353 3626 mina
2390 3571 2666 3641 navigare,
2708 3582 2762 3624 et
2800 3574 2902 3625 sub
2945 3570 3143 3624 ietibus
3168 3569 3471 3639 disciplinae
3511 3568 3778 3623 medicina-

2205 3665 2294 3733 lis,
2323 3674 2574 3733 potcnter
2601 3666 2713 3734 ipsa
2748 3664 3072 3720 necessitate
3102 3678 3351 3731 regnare.
3403 3664 3652 3718 Nostrum
3683 3668 3775 3720 est,

2207 3758 2447 3828 inquam,
2499 3758 2822 3813 calamitatis
2872 3760 3138 3813 exercitio
3185 3760 3238 3812 in
3285 3759 3481 3828 gloriae
3527 3753 3775 3823 fastigium

2205 3850 2525 3914 sublitnari,
2557 3864 2611 3905 et
2657 3851 2815 3905 malis
2848 3852 3241 3919 prementibtts,
3291 3850 3345 3905 in
3395 3851 3537 3906 bona
3577 3845 3777 3917 pra-mia

2206 3943 2539 4015 promoveri.
2570 3944 2724 4014 Apud
2758 3960 2855 3997 nos
2896 3944 3185 3998 infirmitas
3224 3944 3306 3997 vel
3340 3942 3602 4013 quaelibet
3640 3952 3775 4009 pres-

2206 4054 2354 4101 sura.
2405 4052 2785 4110 argumentum
2812 4051 2895 4095 est
2928 4042 3200 4110 potentize,
3233 4049 3286 4094 et
3317 4050 3492 4093 mater
3522 4051 3617 4107 pro
3643 4042 3779 4089 certo

2209 4136 2456 4204 palmata:
2488 4137 2702 4190 virtutis
2733 4154 2745 4189 :
2781 4138 2936 4190 sicuti
2967 4136 3309 4191 beatissimus
3336 4134 3613 4205 apostolus
3660 4130 3780 4184 Pau-

2209 4231 2291 4284 lus
2312 4270 2326 4295 ,
2364 4230 2507 4283 inter
2545 4228 2726 4283 varios
2767 4228 2908 4283 ictus
2933 4229 3255 4298 diversaque
3286 4230 3509 4283 verbera
3545 4237 3594 4281 et
3627 4226 3780 4290 impc-

2208 4334 2293 4378 tus
2326 4326 2659 4393 procellosos
2688 4325 2741 4378 in
2786 4325 3098 4377 morborum
3131 4322 3317 4392 prndio
3347 4322 3701 4383 constitutus,
3730 4323 3780 4369 ut

2205 4415 2448 4473 caelestis
2474 4418 2711 4485 armiger
2736 4414 3139 4469 infirmitatibus
3179 4425 3393 4485 potens,
3428 4416 3705 4485 gloriatur,
3734 4416 3780 4462 et

2215 4511 2345 4565 dicit
2378 4526 2398 4565 :
2428 4508 2787 4565 Libentissime
2808 4510 2974 4579 itaque
3000 4512 3166 4581 magis
3201 4508 3464 4580 gloriabor
3491 4509 3543 4561 in
3572 4500 3780 4575 inﬁrmi-

510 4596 663 4652 alteri
692 4606 872 4650 notus.
904 4596 1064 4653 Caret
1088 4595 1232 4647 enim
1269 4592 1538 4655 laudibus,
1568 4603 1714 4645 caret
1744 4604 1801 4647 et
1830 4592 2085 4661 praciniis.

2214 4603 2418 4670 tatibus,
2452 4610 2507 4655 ut
2536 4602 2779 4656 inhabitet
2802 4604 2857 4655 in
2888 4618 2966 4654 me
2994 4601 3155 4654 virtus
3183 4598 3372 4654 Christi
3403 4600 3422 4673 (
3457 4600 3494 4653 ll
3523 4598 3639 4653 Cor.
3675 4608 3738 4648 stt
3762 4633 3776 4659 ,

509 4694 576 4748 lit
602 4692 722 4745 ideo
750 4688 1002 4742 nocivum
1031 4701 1135 4739 non
1164 4686 1330 4740 debet
1355 4700 1478 4739 esse
1506 4688 1803 4756 periculum
1825 4729 1839 4754 ,
1873 4690 1960 4744 ubi
1990 4705 2087 4745 na-

512 4786 683 4840 scitur
713 4782 1016 4853 przemium.
1047 4779 1159 4836 Nec
1187 4781 1350 4836 debet
1379 4782 1534 4837 miles
1560 4783 1822 4845 revocari,
1855 4794 1949 4838 aut
1979 4787 2086 4855 pati

504 4874 873 4937 formidinem,
905 4873 994 4927 ubi
1025 4875 1270 4944 sequitur
1311 4874 1486 4943 palma
1516 4877 1774 4933 victoriae.
1806 4877 1913 4934 Sua
1941 4881 2087 4936 enim

508 4966 764 5023 felicitate
794 4970 961 5020 miser
1001 4976 1106 5031 est,
1148 4967 1387 5035 quicum
1421 4968 1847 5037 inf'elicitatibus,
1894 4977 2088 5041 quibus

508 5058 678 5128 gloria
704 5058 966 5128 gignitur,
993 5074 1281 5130 numquam
1305 5061 1501 5115 meruit
1529 5060 1730 5118 habere
1750 5067 2082 5126 conflictum.

508 5149 620 5207 Nec
672 5165 824 5205 suam
880 5151 1132 5208 virtutem
1180 5152 1399 5222 didicit,
1447 5170 1607 5226 quem
1653 5159 1930 5217 calamitas
1981 5177 2086 5218 non

506 5245 763 5302 excussit.
778 5246 1006 5317 Semper
1026 5247 1259 5317 denique
1277 5248 1540 5304 inertibus
1558 5251 1837 5320 membris,
1868 5270 2085 5312 suarum

507 5339 701 5396 virium
728 5339 875 5409 jacet
904 5341 1063 5396 miles
1084 5340 1302 5411 ignarus
1331 5351 1385 5398 et
1413 5344 1625 5415 ignotus
1656 5346 1781 5413 sibi,
1812 5350 1902 5419 qui
1936 5365 2090 5404 num-

506 5450 666 5507 quam
718 5434 983 5491 bellorum
1012 5437 1302 5491 calentium
1334 5437 1586 5508 gloriosis
1615 5440 1837 5497 aestibus
1866 5443 2087 5499 anhela-

508 5530 605 5595 vit,
639 5542 927 5598 numquam
955 5528 1247 5583 sudoribus
1274 5530 1574 5602 triumphos
1596 5532 1821 5589 invenit.
1846 5535 1955 5591 Nec
1974 5552 2095 5595 eum

509 5622 752 5693 sequitur
782 5622 1011 5680 felicitas
1041 5625 1418 5695 prtemiorum,
1462 5630 1552 5701 qui
1582 5632 1854 5688 sarcinam
1885 5640 2097 5704 gestare

514 5731 624 5774 non
651 5718 766 5776 vult
795 5734 1096 5780 armorum.
1140 5722 1207 5778 Et
1235 5724 1356 5780 ideo
1393 5726 1446 5782 in
1488 5741 1587 5782 usu
1615 5727 1776 5783 debet
1804 5742 1924 5783 esse
1953 5725 2097 5798 quod

502 5808 790 5896 praemium
837 5821 1085 5892 generat,
1136 5821 1193 5879 et
1221 5817 1460 5895 aptabils
1484 5819 1626 5899 quod
1654 5820 1881 5897 gloriam
1933 5816 2094 5897 parit.

2198 4695 2257 4762 9)
2276 4713 2288 4747 :
2307 4692 2677 4766 propterquod
2701 4693 2834 4747 libet
2861 4692 2988 4748 mihi
3016 4690 3256 4762 gloriari,
3285 4692 3337 4745 in
3372 4687 3777 4751 infirmitatibus,

2200 4788 2253 4842 in
2282 4789 2645 4850 contumeliis,
2670 4787 2721 4840 in
2757 4787 3194 4851 necessitatibus,
3222 4787 3274 4839 in
3302 4780 3777 4855 persecutionibus,

2198 4879 2252 4934 in
2306 4879 2567 4952 angustiis
2603 4888 2821 4951 propter
2862 4878 3160 4934 Christum.
3206 4879 3340 4933 Cum
3364 4878 3506 4933 enim
3530 4876 3775 4936 infirmor,

2198 4987 2325 5032 tunc
2348 4988 2536 5047 potens
2558 4991 2700 5030 sum.
2719 4978 2782 5029 lit
2807 4974 3000 5030 iterum
3030 4992 3041 5026 :
3065 4973 3512 5042 Quoties,inquit,
3529 4969 3777 5027 infirmor,

2204 5072 2524 5128 tuncvcrius
2548 5071 2769 5141 probor,
2813 5078 2866 5125 et
2900 5069 3089 5139 placeo
3132 5066 3262 5121 mihi
3303 5068 3353 5120 in
3392 5060 3780 5119 infirmitatibus

2198 5165 2353 5221 meis.
2383 5165 2449 5219 Et
2483 5167 2679 5218 iterum
2707 5178 2831 5218 cum
2859 5178 2888 5216 a
2933 5178 2993 5216 se
3029 5160 3305 5215 stimulum
3355 5158 3533 5215 carnis
3576 5158 3780 5224 rogaret

2197 5257 2429 5325 auferri,
2454 5256 2645 5311 didicit
2671 5256 2721 5311 in
2752 5253 3063 5309 inﬁrmitate
3084 5254 3338 5306 virtutem
3372 5263 3529 5320 posse
3570 5241 3775 5302 nutriri.

2196 5350 2366 5406 Datus
2417 5362 2514 5416 est,
2556 5349 2753 5422 inquit,
2800 5349 2927 5403 mihi
2977 5349 3215 5403 stimulus
3258 5347 3424 5400 carnis
3472 5358 3597 5398 mea!
3626 5380 3643 5406 .
3696 5353 3779 5391 an-

2205 5446 2349 5518 gelus
2421 5444 2636 5499 Suram:
2692 5444 2783 5515 qui
2838 5460 2919 5497 me
2980 5442 3295 5512 colaphizet,
3355 5449 3410 5493 ut
3456 5454 3558 5492 non
3621 5428 3777 5487 extol-

2202 5541 2281 5595 far
2313 5546 2561 5613 :propter
2611 5537 2750 5606 quod
2803 5545 2877 5589 ter
2932 5532 3215 5587 Dominum
3259 5532 3461 5603 rogavi,
3519 5537 3574 5581 ut
3624 5525 3777 5578 disce-

2202 5637 2343 5692 deret
2371 5652 2403 5688 a
2431 5649 2531 5687 me.
2585 5630 2649 5686 Et
2682 5630 2812 5684 dixit
2856 5628 2985 5682 mihi
3017 5627 3258 5698 :Suﬁltit
3289 5626 3377 5680 tibi
3413 5622 3579 5693 gratia
3623 5628 3772 5672 mea:

2202 5746 2322 5786 nam
2380 5728 2541 5784 uirtus
2594 5725 2650 5779 in
2691 5724 2992 5793 inﬁrmitate
3047 5722 3315 5793 perﬁcitur
3366 5716 3525 5788 (Ibid.
3568 5714 3598 5769 7
3647 5704 3774 5778 seq.)

2202 5821 2510 5900 Numquam
2542 5817 2705 5895 igitur
2730 5814 2905 5877 virtus
2934 5814 3277 5877 documentis
3296 5808 3544 5874 eruditur
3568 5800 3776 5867 mollite
