3916 6288
522 241 588 301 71
1564 241 1623 299 S.
1666 239 2043 299 HlERONYMi
2081 240 2367 300 OPERUM
2405 239 2802 312 MANTISSAJ
3710 248 3772 306 72

524 361 785 433 peritura.
821 360 1040 433 Arrepti
1068 360 1215 417 enim
1238 358 1570 416 anfractibus
1600 360 1859 416 vitiorum
1890 363 2186 424 trahen—A
2218 362 2444 418 materia
2485 363 2665 418 carnis
2707 362 2914 435 indiget
2957 362 3153 418 virium
3202 362 3445 420 sanitatis
3486 377 3585 419 :ac
3625 381 3685 422 ne
3725 378 3772 423 te

521 458 679 524 tium,
727 458 879 512 vario
912 456 1064 529 lapsu
1107 463 1357 511 rotantur
1392 456 1444 509 in
1482 454 1761 510 interitum
1795 454 2000 521 miseri,
2033 455 2115 510 in-

520 549 881 607 certissitnam
911 550 1051 604 viam
1077 565 1187 604 non
1215 547 1442 605 redituri
1471 566 1483 600 :
1507 547 1559 602 in
1588 545 1862 603 exteriora
1888 546 2117 602 tendunt

519 646 758 701 animum
789 658 940 700 more
970 643 1289 708 rivulorum,
1318 657 1551 714 quorum
1584 657 1878 712 numquam
1905 656 2117 711 regres-

523 756 617 797 sus
656 749 740 797 est
784 739 837 795 in
863 738 1143 811 proprium
1175 738 1406 793 fontem.
1458 735 1739 808 Siquidem
1779 736 1919 791 hanc
1948 735 2112 790 vitam

513 836 600 890 cui
644 834 764 888 finis
808 842 892 889 est
942 847 1150 901 comes,
1198 839 1260 886 ut
1296 829 1400 901 ipsi
1446 829 1778 901 Opinantur,
1833 827 2111 899 prosperis

516 926 763 999 cursibus
792 925 1031 980 ducunt:
1057 924 1151 980 sed
1173 922 1374 995 gradus
1400 922 1453 977 in
1478 922 1689 977 ultimis
1718 920 1864 976 male
1892 920 2114 975 omnino

517 1020 732 1087 sinitur,
766 1019 891 1074 dum
920 1018 1055 1074 dure
1086 1019 1138 1073 in
1173 1017 1474 1073 novissimo
1503 1024 1697 1072 statur.
1731 1014 1800 1070 Et
1828 1013 1957 1086 quid
1990 1029 2116 1084 pro-

517 1112 637 1167 dest
678 1125 775 1182 per
822 1110 1139 1166 discrimina
1193 1124 1455 1180 prospere
1503 1107 1846 1173 cucurrisse,
1902 1106 1947 1160 si
1996 1115 2117 1176 post

516 1220 735 1260 cursum
767 1203 1059 1273 contigerit
1101 1200 1363 1257 interire?
1409 1199 1639 1256 Frustra
1683 1199 1918 1269 denique
1960 1197 2116 1252 navis

518 1313 618 1368 per
646 1297 940 1366 superbum
978 1297 1200 1365 pelagus
1234 1304 1287 1350 et
1319 1294 1589 1357 insanum,
1638 1292 1828 1347 amicis
1856 1290 2114 1346 fluctibus

516 1387 799 1444 commoda
830 1388 1197 1458 prosperitate
1256 1384 1500 1441 cucurrit
1546 1384 1599 1439 in
1645 1393 1885 1454 portum,
1917 1385 1961 1437 si
1986 1398 2112 1437 cum

519 1481 804 1552 naufragio
834 1482 1105 1552 pervenit,
1145 1490 1200 1536 et
1243 1482 1540 1550 perituram
1586 1488 1778 1548 portus
1809 1476 2116 1546 acceperit?

518 1576 869 1632 Commodius
896 1575 1058 1647 igitur
1082 1585 1167 1629 cst
1194 1574 1484 1644 cujuslibet
1512 1573 1715 1627 ducatu
1745 1585 2014 1641 pressura:
2048 1568 2115 1625 ad

523 1679 739 1741 portum
780 1669 967 1740 glorise
1013 1667 1319 1738 pervenire,
1367 1679 1528 1736 quam
1580 1664 1815 1720 delicato
1871 1662 2114 1731 navigio,

2215 440 2358 511 forte
2389 466 2632 523 vexaret,
2663 457 2777 511 utili
2811 455 2971 511 modo
3004 464 3233 512 vexatur
3263 466 3316 512 et
3340 456 3547 511 morbo.
3569 457 3682 514 Hcce
3701 470 3774 515 est

2215 565 2375 619 quam
2398 550 2452 604 in
2474 549 2730 606 omnibus
2756 550 2992 621 percutit
3018 550 3261 605 canicula
3285 552 3593 620 senectutis,
3616 562 3667 609 et
3681 555 3773 608 sic-

2215 648 2277 695 ut
2323 642 2504 697 fenutn
2544 642 2768 710 arescit,
2816 642 3005 698 florem
3038 642 3311 713 proprium
3334 642 3631 714 perditura,
3656 644 3777 700 sicut

2214 734 2475 804 scriptum
2523 745 2645 791 est:
2682 735 2861 790 Omnis
2902 752 3022 791 caro
3068 737 3266 807 fenum,
3296 744 3345 789 et
3388 738 3549 792 omnis
3592 738 3778 793 claritas

2214 831 2329 901 ejus
2358 840 2411 884 ut
2440 830 2538 898 ﬂos
2567 831 2695 900 feni.
2727 830 2878 885 Aruit
2902 834 3079 902 [onum
3120 839 3171 885 et
3198 830 3381 885 cecidit
3419 832 3515 901 [los
3547 849 3560 883 :
3598 832 3777 886 verbum

2215 932 2387 974 autem
2410 918 2623 976 Domini
2651 932 2821 977 manet
2850 923 2905 976 in
2932 932 3179 976 aeternum
3210 922 3231 994 (
3255 920 3367 976 Isa.
3394 938 3482 990 xt.,
3509 920 3560 990 6,
3592 923 3664 993 7).
3693 923 3778 977 ΑΞ-

2214 1015 2544 1085 quanimiter
2572 1013 2733 1085 igitur
2774 1015 3133 1085 perferamus,
3168 1015 3215 1071 si
3239 1020 3460 1084 corpus,
3489 1016 3625 1085 quod
3658 1016 3784 1072 sicut

2215 1108 2396 1162 fenum
2436 1107 2687 1178 legimus,
2734 1109 2946 1165 casuris
2976 1108 3202 1163 floribus
3242 1108 3567 1178 periturum,
3595 1107 3782 1163 laeden-

2217 1202 2364 1257 tibus
2390 1202 2546 1257 malis
2570 1202 2808 1271 iactetur
2845 1200 3175 1260 exhaustum
3204 1200 3393 1271 :cujus
3424 1200 3641 1267 sanitas,
3682 1201 3784 1254 ani-

2217 1309 2320 1348 mat
2352 1293 2600 1350 morbum
2628 1295 2917 1351 consuevit
2943 1294 3147 1351 inferre
3179 1312 3195 1350 :
3223 1306 3280 1350 et
3308 1302 3496 1350 contra
3525 1294 3783 1350 commoda

2217 1388 2517 1459 spiritualia
2543 1434 2558 1459 ,
2611 1390 2808 1445 ferales
2837 1405 2902 1444 ac
2932 1388 3193 1445 barbaras
3227 1388 3432 1459 eligere
3479 1387 3782 1456 voluptates.

2219 1482 2378 1554 Saepe
2400 1482 2637 1554 denique
2659 1498 2787 1539 caro
2808 1482 3015 1538 milites
3037 1480 3302 1537 eaStitatis
3326 1479 3588 1535 effrenata
3610 1476 3788 1533 diSciu-

2219 1576 2321 1630 xit.
2360 1575 2465 1631 Pro
2490 1576 2648 1630 nobis
2674 1584 2759 1630 est
2787 1575 2971 1645 igitur,
3003 1575 3048 1631 si
3096 1571 3274 1643 longis
3316 1570 3542 1642 ﬂagellis
3584 1579 3638 1626 et
3664 1587 3788 1625 tuor-

2219 1667 2443 1722 dacibus
2472 1668 2800 1738 castigemur
2826 1685 2840 1721 :
2863 1667 3018 1736 cuius
3050 1675 3230 1721 tamen
3253 1665 3507 1721 castitate
3535 1662 3789 1734 impugna-

521 1761 796 1818 morbida:
845 1761 1083 1817 laxitatis
1116 1768 1336 1830 peracto
1376 1773 1563 1822 cursu,
1609 1756 1663 1811 in
1706 1769 1896 1826 poenas
1942 1755 2112 1809 exire.

2221 1748 2362 1815 mur.
2395 1763 2657 1815 Atnamus
2682 1774 2901 1815 carnem
2932 1757 3119 1815 stolidi
3151 1756 3334 1813 :baud
3356 1756 3597 1813 dolemus
3619 1754 3788 1810 aniuuc

517 1855 677 1926 Saepe
707 1855 887 1925 itaque
916 1854 1098 1925 potior
1126 1862 1211 1909 est
1239 1860 1527 1923 paupertas
1553 1850 1769 1921 opibus,
1794 1849 2116 1903 deformitas

520 1952 716 2015 forma,
750 1947 1079 2003 contumelia
1111 1946 1383 2014 laudibus,
1414 1944 1651 1999 servitus
1681 1950 1972 2014 potestate.
2009 1941 2115 1995 itu-

518 2044 788 2101 becillitas
819 2042 1051 2110 viribus,
1084 2041 1337 2097 libertate
1370 2037 1671 2108 captivitas,
1716 2035 1993 2090 humilitas
2032 2033 2118 2090 tli-

518 2138 748 2208 gnitate.
784 2134 949 2189 David
982 2132 1207 2188 illustris
1245 2128 1505 2202 propheta
1546 2125 1859 2197 huiusmodi
1895 2142 2117 2182 carmen

516 2225 787 2296 expressit
814 2222 1053 2279 :Bonum
1083 2230 1178 2288 est,
1197 2222 1393 2291 inquit,
1426 2219 1573 2285 mihi,
1610 2216 1851 2283 Domine,
1881 2217 2003 2288 quia
2022 2218 2121 2269 Itu-

518 2318 733 2372 miliasti
765 2334 862 2385 me,
906 2325 957 2370 ut
996 2331 1303 2386 cognoscam
1333 2312 1738 2383 iustiﬁcationes
1776 2320 1892 2364 tuas
1928 2307 2111 2380 (Psaf.

518 2429 666 2481 cxtx,
699 2411 824 2479 71).
852 2410 997 2479 Ergo
1028 2408 1222 2463 melius
1250 2416 1333 2461 est
1362 2420 1612 2475 supernae
1638 2402 1943 2473 disciplina:
1972 2402 2118 2470 iudi-

518 2506 606 2560 cio
648 2500 945 2568 hutniliari,
978 2516 1136 2571 quam
1184 2513 1307 2551 cum
1334 2495 1538 2550 mundo
1582 2494 1852 2557 damnari,
1900 2494 2118 2548 dicente

525 2597 795 2671 Aposwlo
821 2613 835 2648 :
860 2595 989 2650 Cum
1014 2591 1341 2666 judicamur,
1375 2607 1406 2644 a
1439 2588 1661 2643 Domino
1693 2587 2023 2658 corripiatur,
2057 2602 2119 2640 ne

519 2708 635 2745 cum
668 2692 765 2743 hoc
806 2688 999 2742 mundo
1046 2685 1348 2739 damnentur
1389 2682 1465 2753 (ll
1505 2681 1627 2736 Cor.
1672 2697 1750 2743 xl.
1798 2680 1930 2752 5‘3).
1977 2682 2119 2751 lit-go

520 2783 662 2853 quod
697 2798 759 2836 ex
795 2794 983 2835 amore
1017 2778 1229 2833 Domini
1261 2778 1464 2831 nostris
1487 2775 1815 2830 utilitatibus
1842 2788 2117 2845 praeroga-

524 2892 633 2944 tur,
668 2880 787 2935 sine
809 2891 1088 2933 murmure
1115 2872 1462 2930 sufferamus.
1496 2870 1832 2941 ltnpenditur
1855 2868 2024 2937 enim,
2061 2876 2120 2923 ut

519 2992 548 3030 a
581 2972 795 3029 medico
825 2969 1152 3032 remedium,
1177 2982 1207 3021 a
1239 2964 1474 3020 Domino
1512 2962 1819 3033 disciplina.
1862 2962 2009 3018 Artis
2035 2971 2118 3017 est

521 3067 806 3124 medicina:
851 3062 1143 3132 aliquoties
1185 3059 1399 3130 ignibus
1438 3068 1491 3112 et
1541 3058 1687 3111 ferro
1722 3071 1936 3111 curare.
1976 3055 2114 3123 Quid

520 3162 738 3221 mirum,
777 3156 825 3211 si
856 3154 1114 3210 Dominus
1144 3160 1456 3207 nostrarum
1500 3148 1745 3204 medicus
1782 3146 2108 3213 animarum,
2139 3135 2188 3200 ε

520 3251 825 3308 turbinibus
857 3246 1118 3312 excutiat,
1152 3244 1359 3299 morbis
1390 3241 1687 3305 examinet,
1711 3238 2115 3294 calamitatibus

517 3344 745 3417 purget?
787 3340 1146 3397 Fortitudinis
1186 3347 1268 3394 est
1308 3347 1511 3392 nostra:
1539 3336 1691 3406 quasi
1720 3347 1819 3404 per
1864 3333 2016 3404 ignes
2061 3341 2117 3387 et

520 3441 770 3495 flat-unas
794 3451 1047 3491 vasorum
1080 3448 1236 3488 more
1268 3430 1509 3503 purgari,
1544 3429 1686 3499 quod
1729 3427 2006 3497 Scriptura
2037 3427 2116 3481 di-

478 3536 483 3545 '
518 3535 647 3592 vina
682 3537 910 3588 testata:
937 3540 989 3584 et
1022 3527 1219 3600 probat
1251 3542 1265 3581 :
1301 3523 1467 3587 Vasa,
1512 3522 1708 3592 inquit,
1749 3518 1899 3591 ﬁguli
1930 3523 2114 3591 probat

518 3635 708 3701 [emax
737 3637 782 3681 et
816 3625 1046 3679 homines
1081 3622 1256 3693 justas
1280 3619 1494 3672 tentatio
1533 3616 1882 3670 tribulationis
1925 3612 2111 3685 (Ecrl.

518 3736 692 3785 xxvtt,
719 3719 752 3775 6
780 3719 820 3790 ).
847 3717 916 3773 Et
942 3715 1068 3771 alibi
1100 3715 1274 3781 inquit
1299 3730 1311 3766 :
1342 3715 1538 3765 Aurum
1568 3718 1613 3763 et
1634 3716 1901 3778 argentum
1932 3718 1979 3761 et
2014 3707 2117 3774 {er-

514 3832 632 3871 rum
660 3822 711 3869 et
744 3811 1034 3883 plumbum,
1066 3816 1113 3862 et
1137 3821 1289 3861 omne
1312 3804 1448 3873 quod
1490 3819 1581 3875 per
1618 3803 1790 3874 ignem
1816 3799 2112 3864 transierit,

515 3905 877 3962 emundubitur
907 3899 1114 3973 (Num.
1156 3912 1312 3965 xxxi,
1352 3894 1481 3967 22).
1536 3891 1809 3963 Numquid
1856 3906 1985 3946 vasa
2034 3890 2117 3945 di-

514 4010 644 4057 cunt
676 3998 864 4069 figulo,
894 4011 994 4051 cur
1036 4006 1136 4047 nos
1165 3988 1394 4046 arbitrio
1424 3988 1767 4042 flammarum
1800 3983 2111 4051 examinas,

515 4106 571 4152 et
618 4091 885 4149 incendiis
923 4086 1281 4159 coquentibus
1323 4085 1439 4138 uris
1479 4091 1536 4137 et
1567 4080 1809 4152 probas?
1849 4095 1969 4150 qua:
2012 4076 2114 4133 nisi

516 4187 722 4251 arbiter
752 4183 893 4255 ignis
920 4181 1130 4252 iudicio
1152 4193 1253 4234 suo
1272 4176 1552 4248 aptissima
1579 4173 2032 4245 prouuuﬁawrit,
2058 4173 2111 4228 itt

515 4297 615 4339 usu
639 4294 761 4335 esse
790 4291 897 4332 non
928 4282 1179 4347 possunt.
1221 4271 1332 4327 Nos
1362 4284 1577 4341 quoque
1608 4268 1710 4323 nisi
1749 4267 2111 4322 tentationum

518 4374 835 4450 purgaverit
863 4369 1127 4441 judicium
1158 4367 1244 4422 vel
1286 4381 1541 4428 examen,
1592 4374 1903 4418 nostrorum
1951 4361 2114 4431 figulo

520 4468 891 4528 membrorum
922 4464 1143 4520 inutiles
1172 4458 1501 4524 invenimur,
1529 4456 1623 4528 qui
1652 4470 1753 4511 nos
1788 4454 1896 4509 urit
1938 4465 1990 4507 ιιι
2015 4470 2109 4509 cu-

2217 1868 2493 1909 carcerem
2525 1863 2582 1909 et
2625 1851 2980 1922 sepulturam.
3027 1850 3370 1908 Thesaurum
3410 1851 3590 1920 itaque
3634 1847 3782 1918 ipsius

2217 1949 2399 2001 carnis
2441 1945 2737 2016 fragilitate
2765 1953 3101 2016 contempta,
3148 1943 3295 2015 quod
3325 1940 3599 2008 acciderit,
3644 1940 3786 1994 devo-

2217 2040 2382 2094 tionis
2423 2039 2771 2110 amplexibus
2816 2040 3111 2110 rapiamus.
3144 2038 3526 2094 Meticulosum
3563 2046 3641 2091 est
3664 2034 3786 2090 enim

2217 2132 2585 2190 Christianum
2620 2134 2843 2190 militem
2868 2135 3013 2191 velle
3043 2133 3348 2211 laetantium
3379 2132 3540 2189 modo
3568 2131 3618 2186 in
3658 2139 3787 2185 tran-

2216 2228 2385 2299 quillo
2427 2229 2753 2284 consistere.
2786 2229 3020 2298 Deiectte
3051 2227 3248 2284 mentis
3272 2236 3363 2284 est
3402 2226 3663 2281 turbinem
3692 2223 3783 2276 fm-

2219 2319 2448 2385 midare,
2478 2319 2811 2376 contrarium
2852 2336 2983 2376 vero
3012 2320 3155 2377 inter
3190 2321 3469 2377 contraria
3499 2336 3600 2373 non
3646 2318 3789 2385 trepi-

2216 2410 2371 2466 dare.
2404 2411 2745 2468 lnfelicitatis
2764 2422 2849 2468 est
2875 2413 3107 2469 adversa
3137 2414 3358 2469 nescire
3398 2429 3412 2466 :
3437 2408 3696 2466 felicitatis
3724 2419 3789 2461 est

2216 2523 2340 2563 cum
2367 2508 2617 2564 adversis
2649 2523 2814 2564 nosse
2842 2507 3104 2579 congredi
3134 2516 3192 2564 ct
3219 2508 3366 2564 scire
3392 2520 3647 2579 pugnare.
3674 2502 3787 2558 Natu

2218 2616 2340 2656 cum
2369 2616 2561 2656 onntes
2594 2602 2754 2666 ictus,
2781 2610 2840 2655 ut
2864 2601 2977 2672 iam
3001 2601 3263 2667 diximus,
3287 2601 3488 2673 quibus
3515 2597 3784 2669 quatimttr,

2218 2692 2406 2747 divino
2434 2693 2729 2764 gignantur
2755 2709 2820 2748 ex
2854 2709 3080 2749 munere
3109 2710 3123 2749 :
3156 2704 3409 2749 exterum
3437 2707 3497 2748 se
3518 2688 3788 2747 noveritah

2217 2802 2404 2842 amore
2448 2786 2567 2852 Dei,
2604 2789 2692 2858 qui
2734 2788 2909 2842 nescit
2940 2787 3337 2844 tentationibus
3379 2785 3649 2853 vectitari,
3681 2798 3783 2836 cunt

2220 2877 2409 2947 legalis
2439 2878 2566 2933 tuba
2595 2877 2885 2947 multiplici
2912 2878 3154 2934 carmine
3181 2878 3394 2934 auditui
3422 2888 3608 2933 nostro
3641 2873 3784 2928 iurul-

2218 2980 2306 3025 cet
2333 2978 2390 3025 et
2412 2969 2590 3025 dicat:
2613 2968 2816 3037 Tentat,
2851 2971 3047 3041 inquit,
3074 2970 3331 3025 Dominus
3358 2970 3497 3025 Deus
3520 2978 3673 3022 vester
3694 2981 3781 3023 ros.

2220 3075 2275 3118 ut
2298 3065 2425 3118 sciat
2448 3064 2492 3117 si
2520 3063 2750 3135 diligatis
2777 3081 2892 3118 eum
2922 3082 2987 3120 ea:
3007 3074 3115 3120 toto
3145 3066 3303 3120 corde
3328 3075 3516 3129 vestro,
3553 3073 3599 3116 et
3618 3076 3676 3114 ea:
3697 3066 3784 3111 tota

2216 3157 2390 3210 anima
2418 3166 2583 3210 vestra
2615 3157 2633 3226 (
2662 3153 2812 3210 Deut.
2844 3172 2925 3223 ιιι,
2951 3155 3039 3227 3).
3077 3156 3143 3211 Et
3166 3157 3294 3211 alibi
3323 3176 3337 3211 :
3366 3153 3500 3221 Fili,
3528 3151 3711 3223 inquit,
3734 3166 3784 3199 nr

2216 3247 2501 3318 neglexeris
2528 3248 2861 3317 disciplinam
2888 3248 3007 3317 Dei,
3029 3260 3079 3302 et
3105 3265 3168 3305 ne
3188 3249 3439 3316 deieceris
3477 3246 3539 3300 ab
3562 3262 3619 3299 eo
3638 3257 3781 3296 corte-

2215 3350 2353 3413 ptas.
2390 3341 2549 3407 Quem
2574 3342 2709 3394 enim
2736 3341 2907 3413 diligit
2938 3341 3100 3408 Deus,
3137 3344 3355 3412 corripit
3379 3340 3571 3415 (Prov.
3604 3353 3677 3400 ιιι,
3710 3334 3778 3390 ll.

2218 3434 2349 3504 12).
2396 3434 2462 3489 Et
2496 3435 2731 3488 iterum:
2766 3433 3182 3502 Curreptionent,
3222 3436 3422 3506 inquit,
3466 3430 3669 3488 Domini
3694 3425 3783 3479 nali

2216 3538 2555 3581 contemnere.
2586 3526 2709 3597 Ipse
2729 3528 2867 3581 enim
2895 3527 2981 3581 dat
3017 3528 3270 3595 dolorem,
3299 3539 3350 3582 et
3376 3530 3487 3600 ipse
3515 3519 3779 3595 refrigeria.

2216 3615 2474 3682 Percutit,
2498 3629 2544 3672 et
2565 3636 2748 3672 manus
2769 3620 2882 3692 ejus
2907 3620 3174 3673 sanitatem
3206 3629 3485 3692 proruunt.

2288 3711 2380 3767 lx.
2426 3713 2532 3768 Sed
2580 3712 2823 3779 forsitan;
2854 3713 3031 3768 dicis:
3067 3711 3285 3769 Utinam
3335 3722 3398 3768 ιιι
3429 3707 3659 3774 caeteris,
3700 3700 3783 3753 mli

2216 3820 2314 3875 spe
2368 3807 2618 3860 sanitatis
2673 3805 2899 3861 daretur
2951 3821 3049 3876 per
3080 3806 3368 3863 intervalla
3425 3802 3639 3861 tentari.
3686 3794 3783 3851 Uti-

2219 3915 2344 3955 nam
2374 3901 2691 3971 s05pitatem
2718 3899 3128 3971 intercapedine
3152 3899 3571 3971 qualiscumque
3591 3905 3783 3949 succes-

2216 4005 2309 4049 sus
2342 3992 2535 4049 liceret
2573 3993 2853 4063 paululum
2901 3992 3213 4063 degustare.
3258 3991 3403 4060 Quid
3450 3992 3553 4045 hoc
3592 3992 3694 4050 est,
3737 3988 3782 4029 ιιι

2216 4088 2441 4147 morbus
2467 4090 2518 4143 in
2553 4087 2812 4144 membris
2840 4089 2909 4144 ita
2947 4096 3221 4149 versetur,
3252 4096 3307 4142 et
3342 4086 3505 4156 degat
3545 4079 3780 4136 incluSII-‘.

2217 4195 2276 4240 ut
2300 4184 2595 4239 excluserit
2619 4184 2909 4239 sanitatem
2942 4196 3048 4238 non
3079 4180 3422 4238 redituram?
3454 4187 3512 4233 ut
3540 4166 3785 4246 perniciu-

2217 4292 2309 4334 sus
2329 4293 2513 4333 comes
2537 4293 2707 4349 usque
2735 4278 2801 4332 ad
2834 4277 3128 4334 terminum
3160 4278 3291 4333 vita:
3331 4285 3595 4333 concussa
3635 4277 3783 4321 metu-

2217 4372 2312 4427 bra
2360 4370 2639 4427 deducat:
2678 4370 2976 4425 deducatur
3022 4385 3237 4441 quoque
3284 4369 3404 4440 ipse
3454 4371 3625 4422 morte
3675 4366 3779 4409 cm"

2217 4465 2480 4521 membris
2532 4463 2946 4521 excludendos?
2989 4462 3128 4531 Quid
3174 4471 3258 4517 est
3298 4444 3405 4519 hoc
3452 4467 3511 4514 ut
3554 4444 3781 4509 sanitatis

514 4571 602 4619 ret
628 4569 820 4626 tentat,
849 4568 905 4613 ut
936 4558 1153 4621 liberet,
1179 4561 1337 4609 vexat
1362 4562 1420 4605 ut
1445 4527 1640 4605 salvet.
1672 4548 1813 4603 Nihil
1836 4549 1978 4601 enim
2005 4557 2110 4601 tam

2218 4572 2385 4613 sensu
2423 4572 2519 4627 per
2546 4572 2707 4611 omne
2746 4556 2979 4626 spatium
3021 4556 3148 4611 vita:
3176 4554 3424 4611 frustrati
3470 4549 3578 4609 sint
3614 4536 3781 4599 artus?

510 4657 873 4729 inquinatum,
905 4663 1013 4708 tam
1061 4649 1365 4715 sordidum,
1399 4646 1539 4717 quod
1570 4660 1675 4702 non
1709 4660 1738 4699 a
1785 4643 1930 4698 vitiis
1974 4659 2105 4712 pur-

513 4751 822 4826 gationibus
848 4751 1120 4820 expietur.
1150 4746 1312 4814 S.cpe
1342 4742 1578 4814 denique
1608 4740 1843 4795 vidimus
1864 4738 2112 4792 sordida-

512 4861 599 4906 tos
641 4846 997 4919 itnproperio,
1046 4840 1265 4897 venisse
1316 4838 1367 4893 in
1411 4837 1743 4901 candorem,
1795 4834 2112 4901 ferrumque

512 4941 617 4999 situ
647 4938 940 4994 obductum
966 4934 1018 4989 iu
1046 4933 1323 5003 antiquam
1353 4929 1543 4983 faciem
1573 4924 1977 4995 Splendesccre.
2016 4922 2103 4976 Vi-

511 5035 690 5092 dimus
728 5047 918 5087 aurum
958 5036 1348 5098 argentumque
1378 5023 1611 5078 flamma:
1648 5020 1930 5089 disciplina
1981 5035 2107 5088 pur-

509 5129 648 5199 gari,
668 5136 721 5180 et
737 5126 960 5181 arbores
978 5129 1256 5178 truncatas
1269 5118 1415 5174 cultu
1442 5116 1724 5171 laetissimo
1751 5114 2105 5179 reviviscere,

510 5218 852 5288 attttettisqne
874 5215 1121 5287 virgultis
1134 5213 1337 5268 ornari.
1355 5211 1602 5265 Vidimus
1627 5210 1677 5263 in
1703 5208 2107 5265 ftecnntlitatem

513 5313 721 5371 sterilia
760 5309 1026 5372 revocari,
1070 5318 1126 5363 et
1150 5307 1417 5363 exhausto
1445 5305 1628 5372 stipite
1665 5309 1816 5357 exire
1849 5300 2106 5365 radicem,

515 5420 571 5469 ct
606 5411 811 5478 frugem
845 5418 1135 5459 maxtmam
1165 5400 1434 5455 comitari.
1478 5396 1551 5449 lta
1594 5410 1810 5466 quoque
1844 5396 1894 5447 in
1928 5394 2105 5461 nobis,

513 5504 655 5577 quod
679 5501 816 5558 forte
845 5496 1081 5569 peccatis
1109 5491 1480 5564 prementibus
1515 5489 1804 5552 azsutabat,
1848 5486 2105 5557 quidquid

515 5596 725 5655 macula
775 5589 1075 5663 squalentis
1121 5585 1399 5641 vetustatis
1430 5582 1700 5647 obstabat,
1743 5581 1846 5635 hoc
1882 5581 2105 5648 aegritu-

514 5689 661 5752 dinis
691 5690 810 5746 luce
838 5682 1119 5742 exclusum
1162 5688 1266 5735 est.
1316 5677 1383 5739 Et
1408 5676 1529 5732 ideo
1562 5685 1613 5732 te
1660 5689 1872 5738 sanum,
1916 5671 2104 5741 frater,

509 5782 722 5861 medica
768 5776 1007 5865 reddidit
1045 5771 1316 5859 aegritudo
1362 5768 1756 5859 membrorum.
1802 5767 1930 5839 Sola
1977 5767 2106 5845 inte

2216 4650 2442 4706 inducto
2471 4650 2667 4720 frigore
2697 4665 2952 4705 venarum
2980 4649 3186 4705 calidus
3213 4649 3369 4719 vigor
3390 4640 3610 4704 evanuit
3646 4636 3693 4690 in
3715 4630 3779 4683 al-

2215 4757 2401 4813 gorem
2436 4742 2721 4797 :inccssus
2749 4759 2888 4811 quos
2933 4754 3121 4799 natura
3157 4744 3387 4800 dederat
3416 4750 3601 4808 torpor
3628 4726 3775 4786 inc|u~

2217 4852 2309 4891 sus
2337 4835 2739 4916 exclusit.‘Non
2767 4835 3002 4907 denique
3045 4837 3111 4892 ad
3143 4839 3459 4893 exercitium
3491 4824 3648 4887 tabidi
3677 4832 3780 4874 ecr-

2216 4929 2361 4998 poris
2394 4930 2517 4994 iter,
2555 4930 2637 4984 vel
2670 4930 2948 4998 paululum
2979 4930 3317 5001 degustatur.
3348 4931 3463 4985 Non
3501 4931 3666 4996 genua
3704 4924 3775 4964 so-

2214 5021 2341 5076 litas
2380 5021 2671 5077 flectuntur
2701 5022 2755 5076 in
2801 5038 2991 5091 preces
3041 5040 3053 5076 :
3102 5023 3393 5093 digitorum
3446 5020 3614 5086 impar
3657 5002 3777 5061 0rd0

2212 5113 2428 5169 interno
2450 5123 2672 5185 stupore
2701 5115 2968 5183 turbatus,
3001 5126 3219 5171 arcetur
3245 5117 3401 5171 solita
3426 5106 3772 5169 contrectare.

2211 5207 2352 5275 Quid
2391 5207 2665 5277 pluribus?
2696 5208 2868 5263 Omne
2895 5209 3136 5263 officiunt
3178 5211 3424 5280 corporis
3473 5190 3774 5259 stationibus

2214 5299 2483 5368 quondam
2511 5300 2730 5352 solitum
2783 5316 2904 5354 ncrt
2918 5316 3071 5355 orum
3099 5301 3313 5367 adesse,
3346 5302 3423 5356 sic
3452 5296 3590 5364 alget
3618 5280 3773 5340 inclu-

2212 5407 2350 5446 sum.
2401 5391 2755 5448 Prott‘dolor!
2803 5396 2953 5450 solus
2996 5398 3074 5450 sic
3103 5395 3264 5451 debui
3314 5385 3562 5460 castigari
3594 5399 3606 5435 ε
3638 5375 3770 5431 εοεαε

2212 5494 2320 5540 tam
2350 5487 2674 5556 perniciosis
2724 5489 2918 5544 ictibus
2953 5489 3258 5559 subiacere,
3283 5501 3337 5547 et
3379 5478 3636 5546 diuturnis
3671 5480 3771 5524 "'3'

2214 5579 2280 5634 lis
2317 5580 2858 5648 involvit—Quaeso
2909 5592 2984 5651 te,
3025 5583 3213 5649 frater,
3260 5596 3317 5640 ut
3363 5583 3474 5638 haec
3520 5574 3767 5628 murmura

2211 5675 2484 5745 patientiae
2516 5674 2689 5731 frenis
2732 5691 2945 5743 arceas,
2978 5686 3032 5732 ct
3077 5677 3298 5733 silentio
3340 5668 3581 5749 querulas
3626 5660 3767 5710 vm‘t‘s

2211 5766 2501 5848 includas,
2531 5783 2655 5840 cum
2689 5777 2740 5834 te
2772 5769 3009 5836 solamen
3044 5770 3413 5847 propheticum
3444 5765 3518 5828 sic
3545 5753 3766 5821 alloqua-
