4080 6296
273 275 337 334 75
844 285 848 288 ’
1285 272 1625 333 EPISTULA
1663 273 1728 332 V.
1772 273 1865 330 AD
1904 271 2174 332 AMICUM
2212 273 2593 335 EGROTUM.
3499 275 3568 333 74

267 401 355 446 tur
399 398 458 446 et
488 390 634 447 dicat
656 388 1043 462 :Conjungere,
1078 387 1273 460 inquit,
1305 390 1439 460 Deo,
1471 400 1518 446 et
1551 391 1773 456 sustine,
1809 399 1864 443 ut
1892 393 1947 456 Α
1971 390 2150 446 Minus
2173 402 2354 449 autem
2383 393 2507 449 viro
2531 394 2685 464 justo
2711 393 2977 466 quateris,
3015 392 3109 449 sed
3135 392 3357 464 gravius
3398 408 3426 447 a
3460 407 3569 448 caa-

264 493 464 537 crescat
496 484 551 537 in
574 482 849 536 novissimo
881 483 983 537 vita
1011 492 1119 535 tua.
1158 481 1323 538 Omne
1348 484 1486 553 quod
1514 483 1607 537 tibi
1640 480 1864 554 applici-

267 588 375 630 tum
400 577 567 646 fuerit
588 576 783 649 accipe,
811 576 927 629 etin
966 576 1149 630 dolore
1171 577 1389 643 sustine,
1415 586 1464 630 et
1493 578 1547 631 in
1576 576 1867 630 humilitate

266 680 355 724 tua
377 671 688 742 patientiam
724 668 876 735 habe,
902 671 1147 737 quoniam
1175 671 1292 742 igne
1320 670 1571 742 probatur
1610 685 1800 725 aurum
1821 678 1868 725 et

265 776 543 835 argentum
568 781 587 831 ;
617 763 854 818 homines
880 780 999 818 vero
1030 764 1352 835 receptibiles
1374 764 1428 817 in
1455 763 1658 818 camino
1690 762 1866 817 humi-

266 858 500 911 nationis
534 855 720 930 (Eccl.
749 872 809 922 ll,
833 857 890 922 5,
917 855 975 928 4,
1008 856 1096 928 ὗ).
1143 853 1279 911 Cum
1333 856 1528 928 legalis
1553 855 1677 926 jura
1707 865 1870 926 atque

267 952 511 1006 carmina
537 965 801 1006 recenseo
823 951 1236 1021 prophetarum,
1272 949 1623 1005 auctoritatis
1651 963 1871 1020 quoque

266 1044 560 1099 mundana:
612 1045 859 1115 egregias
904 1043 1209 1099 sententias
1260 1042 1504 1113 concipit
1547 1042 1789 1108 auditus,
1816 1041 1871 1096 ui

269 1137 451 1205 fallor,
483 1137 681 1193 divinae
713 1138 849 1209 legis
875 1137 1128 1205 furtivas,
1157 1154 1278 1209 quze
1306 1152 1531 1194 necesse
1558 1146 1643 1193 est
1670 1150 1875 1206 praece-

269 1233 378 1304 ptis
409 1232 679 1304 legalibus
701 1233 1031 1288 inserantur.
1062 1232 1181 1287 Non
1211 1234 1355 1288 enim
1387 1240 1548 1287 nocet
1575 1230 1769 1286 alienis
1796 1230 1874 1285 uti

271 1340 338 1381 ea
365 1334 521 1396 parte
549 1341 657 1396 qua
687 1334 870 1380 nostra
899 1333 1048 1380 sunt.
1081 1324 1211 1379 lltnc
1240 1325 1413 1394 prima
1448 1324 1719 1381 sententia
1749 1331 1871 1379 est:

276 1421 506 1485 Aurum,
541 1420 733 1490 inquit,
764 1419 959 1491 probat
986 1420 1147 1490 ignis,
1174 1428 1230 1475 et
1250 1420 1472 1476 miseria
1496 1421 1668 1488 bonos
1698 1420 1871 1475 viros.

284 1511 492 1567 Etalibi
516 1530 528 1566 :
552 1512 719 1582 Nihil,
743 1514 937 1583 inquit,
967 1530 1032 1570 eo
1053 1512 1268 1569 videtur
1294 1514 1565 1571 infelicius
1588 1533 1598 1567 :
1619 1514 1710 1570 cui
1739 1513 1874 1569 nihil

278 1620 536 1676 umquam
569 1606 756 1661 evenit
782 1606 1026 1662 adversi.
1059 1606 1177 1662 Non
1207 1607 1362 1663 licuit
1407 1607 1489 1662 illi
1519 1622 1581 1663 sc
1611 1606 1873 1677 experiri,

276 1700 366 1755 ubi
390 1700 579 1755 omnia
608 1700 683 1755 illi
716 1716 783 1757 ex
810 1710 942 1755 voto
972 1701 1267 1758 fluxerunt.
1304 1704 1369 1758 Et
1398 1702 1525 1756 alibi
1558 1721 1571 1757 :
1597 1703 1872 1765 Miserum,

1968 482 2101 538 teris
2128 484 2471 540 vulneraris:
2504 487 2649 541 illius
2683 497 2812 543 sunt
2834 502 3050 557 magna,
3091 486 3187 542 sed
3221 501 3323 541 nec
3356 486 3567 540 minora

1950 586 2096 649 sunt
2133 586 2243 633 tua.
2279 578 2525 649 Namque
2556 580 2681 651 ipse
2714 596 2944 653 magnus
2964 597 3027 638 es
3055 582 3147 653 qui
3174 581 3422 652 sequeris
3451 597 3569 636 ma-

1968 685 2156 741 gnum.
2190 671 2343 728 Unus
2375 672 2464 727 hic
2489 673 2593 729 fuit
2635 674 2740 731 Job
2770 676 3067 746 patriarca,
3110 675 3421 745 majestatis
3451 676 3568 730 cul-

1971 773 2059 821 tor
2078 765 2339 835 invictus,
2374 768 2709 838 :cqualitatis
2729 769 2984 824 censibus
3003 769 3295 837 opulentus
3317 776 3371 823 et
3392 768 3571 833 dives,

1970 861 2128 931 cujus
2159 860 2451 916 illustrium
2486 861 2811 918 meritorum
2846 877 3026 931 prteco
3053 863 3267 919 exstitit
3288 862 3573 927 Dominus,

1972 971 2098 1010 cum
2138 956 2376 1010 inimica:
2415 955 2673 1012 factionis
2712 955 3077 1012 instrumenta
3123 956 3340 1023 feralia,
3388 955 3567 1010 laudis

1975 1048 2256 1117 praeconio
2285 1049 2609 1116 prteveniret
2642 1067 2654 1103 :
2686 1048 3111 1103 Animadvertisti
3138 1065 3357 1119 puerum
3406 1064 3577 1101 meum

1973 1142 2099 1211 Job,
2123 1143 2247 1213 quia
2274 1160 2379 1197 non
2419 1153 2494 1197 est
2532 1146 2581 1197 ei
2606 1144 2795 1198 similis
2817 1145 3091 1216 quisquam
3131 1146 3187 1198 in
3215 1146 3393 1207 terris,
3425 1144 3580 1196 homo

1974 1236 2088 1291 sine
2108 1236 2337 1307 querela,
2368 1252 2519 1291 uerus
2550 1235 2650 1290 Dei
2692 1238 2880 1302 cultor,
2927 1236 3189 1291 abstinens
3234 1254 3288 1291 se
3335 1235 3396 1290 ab
3437 1234 3582 1287 omni

1977 1343 2129 1395 opere
2154 1329 2316 1396 malo,
2344 1337 2391 1382 et
2413 1344 2722 1396 permanens
2744 1330 2799 1383 in
2825 1330 3121 1384 innocentia
3141 1345 3237 1382 sua
3254 1370 3267 1394 ,
3293 1337 3340 1382 et
3369 1330 3425 1381 in
3453 1329 3581 1380 sim-

1975 1421 2210 1493 plicitate
2251 1421 2424 1475 cordis
2481 1419 2625 1493 (Job.
2679 1437 2752 1488 ιι,
2787 1424 2866 1492 5).
2900 1421 3069 1493 Igitur
3109 1437 3233 1477 cum
3277 1436 3349 1477 ex
3390 1421 3582 1475 divino

1980 1512 2253 1582 permissu
2294 1513 2588 1569 hostilibus
2609 1513 2811 1583 jaculis
2834 1524 3178 1585 quateretur,
3208 1529 3448 1585 eumque
3475 1513 3588 1568 fre-

1981 1619 2155 1676 quens
2182 1605 2417 1662 latronis
2448 1607 2750 1663 insinuatio
2780 1609 3086 1664 truculenta
3111 1610 3380 1679 pulsaret,
3409 1623 3586 1664 emcr-

1981 1711 2172 1771 gentes
2201 1700 2366 1765 ictus,
2393 1702 2673 1772 patientia:
2701 1703 2899 1775 clypeo
2926 1704 3253 1769 debellavit,
3284 1704 3586 1759 malorum-

278 1794 479 1865 inquit,
529 1802 585 1850 te
608 1794 816 1864 judico,
850 1795 995 1867 quod
1027 1812 1142 1851 non
1188 1794 1337 1851 fuisti
1387 1796 1577 1863 miser,
1633 1794 1878 1849 transisti
1908 1788 1956 1850 B
1982 1811 2088 1867 que
2118 1796 2487 1867 ingruentium
2518 1796 2713 1852 silvam
2743 1797 2997 1865 feralem,
3022 1798 3237 1868 sagittis
3271 1804 3433 1866 atque
3465 1812 3590 1850 eru-

278 1886 393 1941 sine
440 1887 763 1943 adversario
809 1887 976 1943 vitam
1011 1906 1023 1942 :
1062 1903 1227 1943 nemo
1273 1887 1412 1944 sciet
1441 1886 1570 1958 quid
1610 1888 1876 1957 potueris,

284 1996 380 2038 nec
410 1991 467 2036 tu
496 1981 742 2053 quidem.
776 1981 923 2053 Opus
953 1990 1038 2038 est
1063 1981 1208 2037 enim
1237 1981 1305 2038 ad
1330 1981 1579 2037 notitiam
1609 1981 1693 2036 sui
1719 1995 1884 2049 expe-

288 2079 533 2134 rimento.
570 2077 709 2146 Quid
734 2079 967 2149 quisque
999 2079 1194 2149 possit,
1228 2076 1337 2134 nisi
1368 2085 1635 2145 tentatus,
1663 2092 1771 2132 non
1801 2074 1884 2130 di-

297 2171 437 2226 dicit.
460 2172 520 2227 Et
540 2171 678 2227 alias
704 2188 718 2226 :
746 2171 850 2227 Diu
877 2172 1021 2228 enim
1056 2187 1180 2227 esse
1202 2166 1451 2239 felicem,
1475 2180 1530 2226 et
1553 2170 1671 2226 sine
1690 2168 1883 2224 morbo

295 2262 451 2316 animi
488 2263 726 2319 transire
764 2263 954 2331 vitam,
1001 2263 1262 2334 ignorare
1309 2271 1395 2319 est
1442 2278 1626 2318 rerum
1671 2272 1884 2317 natura:

286 2357 503 2412 alteram
538 2365 773 2426 partem.
804 2357 950 2428 Ergo
978 2358 1227 2413 miserias
1258 2366 1630 2429 emergentes,
1684 2356 1884 2427 quibus

281 2446 463 2520 ignota
489 2449 794 2516 discuntur,
826 2459 883 2506 et
908 2447 1141 2505 felicitas
1171 2450 1441 2518 nascitur,
1469 2449 1642 2504 virtus
1670 2463 1886 2520 quoque

278 2556 509 2596 excussa
562 2550 848 2612 purgatur,
892 2541 1037 2597 felici
1087 2540 1270 2596 animo
1325 2541 1669 2611 perferamus
1708 2557 1723 2595 :
1769 2540 1886 2595 sive

276 2633 402 2704 quia
432 2633 541 2703 pati
570 2647 670 2690 nos
699 2633 1006 2703 oportebat,
1041 2633 1159 2688 sive
1210 2633 1336 2704 quia
1380 2634 1577 2702 captivi
1604 2632 1715 2702 jam
1747 2632 1887 2689 deti-

276 2740 502 2781 nentur.
534 2725 680 2781 Auro
712 2726 815 2780 nisi
842 2724 1117 2781 addiderit
1138 2725 1361 2782 ﬂamma
1384 2724 1680 2797 fulgorem,
1706 2725 1887 2779 vilita-

280 2826 398 2874 tem
434 2820 628 2889 patitur
654 2817 1023 2890 purgamentis
1050 2819 1343 2874 obscurum
1378 2837 1389 2873 :
1419 2820 1491 2874 ita
1516 2820 1607 2889 qui
1638 2834 1745 2873 non
1768 2817 1887 2874 fue-

275 2910 347 2965 rit
383 2909 729 2966 miseriarum
778 2912 1128 2968 tentatnentis
1156 2925 1443 2977 excussus,
1472 2910 1620 2981 jacet
1650 2912 1883 2981 partium

269 3005 559 3061 felicitatis
587 3020 651 3060 ac
677 3019 791 3060 sua:
833 3006 1054 3060 virtutis
1108 3006 1350 3076 ignarus.
1395 3004 1590 3061 Merito
1621 3004 1886 3062 Salomon

269 3099 375 3156 hac
411 3116 554 3155 voce
582 3108 813 3155 testatur
841 3119 854 3154 :
889 3101 990 3169 Qui
1014 3110 1238 3156 tentatus
1260 3104 1314 3155 in
1338 3100 1514 3172 aliqua
1540 3117 1644 3155 non
1672 3110 1770 3168 est,
1794 3118 1885 3155 ne-

1983 1890 2140 1945 cibus
2170 1890 2417 1960 plenam,
2467 1890 2718 1947 obicibus
2744 1891 2972 1962 justitia:
3020 1892 3278 1947 robustus
3323 1892 3590 1947 occurrit.

1982 1982 2079 2037 llle
2103 1983 2325 2039 inimico
2347 1982 2592 2052 turbine,
2619 1984 2888 2055 ademptis
2919 1985 3138 2056 opibus,
3164 2000 3272 2040 non
3303 1982 3470 2039 sentit
3492 1984 3593 2038 ali-

1984 2074 2129 2145 quod
2163 2075 2446 2141 damnum,
2479 2078 2568 2146 qui
2601 2077 2814 2131 lucrum
2864 2078 2916 2132 in
2956 2076 3174 2132 damnis
3210 2077 3418 2131 invenit
3441 2121 3457 2143 ,
3498 2079 3592 2146 qui

1988 2166 2280 2222 Dominum
2322 2168 2563 2237 pectoris
2615 2169 2827 2223 sinibus
2862 2168 3116 2239 portabat
3158 2169 3454 2224 inclusum.
3492 2167 3589 2223 llle

1986 2275 2108 2315 cum
2131 2261 2427 2316 aedificium
2462 2263 2746 2318 concussis
2775 2263 2993 2333 angulis
3034 2262 3118 2318 vis
3149 2264 3435 2333 repentina
3483 2273 3596 2317 tor-

1986 2363 2178 2423 queret
2206 2353 2261 2407 in
2295 2353 2510 2423 lapsum
2531 2396 2546 2420 ,
2580 2353 2770 2409 liberis
2791 2352 3077 2410 subductis
3105 2353 3357 2419 orbatur,
3406 2363 3461 2408 et
3490 2354 3598 2409 ﬁde

1987 2445 2202 2502 stabilis
2225 2456 2281 2501 et
2300 2446 2595 2502 immobilis
2615 2446 2967 2516 perdurabat.
2986 2445 3155 2517 Cujus
3181 2446 3402 2503 innoxia
3425 2460 3595 2502 mem-

1987 2538 2089 2594 bra
2120 2550 2284 2608 atque
2315 2538 2549 2594 Domino
2580 2539 2766 2609 plena,
2799 2555 2922 2595 cum
2951 2539 3248 2595 bestiarum
3288 2539 3596 2609 legionibus

1987 2633 2394 2702 verminarent,
2436 2642 2493 2690 et
2532 2636 2808 2706 plagatum
2850 2635 3069 2691 infestis
3112 2635 3311 2690 ictibus
3349 2650 3550 2705 corpus
3575 2677 3591 2701 ,

1987 2728 2256 2783 vermium
2279 2730 2475 2799 globus
2513 2745 2610 2800 per
2635 2730 2922 2785 cuniculos
2961 2730 3235 2786 confossa:
3264 2730 3447 2785 carnis
3476 2746 3599 2799 per-

1990 2820 2229 2876 niciosus
2256 2830 2507 2888 erraret,
2543 2822 2682 2876 intra
2715 2822 2939 2878 vulnera
2962 2823 3145 2891 justus
3182 2823 3475 2877 incolumis
3500 2823 3600 2876 mi-

1990 2913 2201 2969 litabat.
2231 2913 2299 2969 Et
2323 2930 2483 2986 quem
2517 2915 2899 2985 pestilentibus
2950 2916 3124 2987 plagis
3172 2916 3354 2972 rabies
3395 2914 3597 2971 infesta

1988 3008 2283 3077 carpebat,
2313 3006 2544 3064 hostiles
2574 3008 2822 3063 turbines
2856 3008 3258 3079 tranquillitate
3288 3011 3511 3077 mentis,
3540 3020 3601 3065 ut

1987 3099 2252 3155 cederent
2282 3100 2631 3169 perferebats
2654 3102 2842 3156 Justus
2872 3101 3187 3171 vapulando
3218 3100 3380 3171 vicit,
3417 3101 3605 3156 inimi-

266 3196 365 3250 scit
438 3192 611 3265 qualis
654 3195 721 3248 sit
766 3193 980 3268 (Ibid.,
1032 3211 1223 3261 xxxrv,
1278 3195 1406 3268 ll).
1462 3196 1703 3253 Benedic
1752 3213 1885 3268 ergo
1913 3187 1960 3251 C
1989 3206 2088 3247 cus
2124 3191 2390 3248 credendo
2425 3192 2647 3249 defecit.
2689 3194 2830 3250 Huic
2880 3208 3106 3248 suorum
3156 3202 3385 3265 negatur
3428 3195 3601 3249 servi-

265 3288 573 3347 Dominurn
600 3300 844 3360 tempore
876 3289 1269 3357 tribulationis,
1307 3306 1468 3362 quem
1494 3291 1724 3346 laudasti
1749 3302 1887 3347 tem-

262 3397 417 3453 pore
444 3381 716 3437 sanitatis.
747 3380 912 3438 Utere
958 3383 1291 3439 carminibus
1329 3382 1484 3438 vocis
1507 3382 1840 3453 prophetica:
1871 3402 1883 3437 :

260 3473 625 3539 Benedicam,
649 3474 848 3546 inquit,
874 3473 1157 3529 Dominum
1186 3476 1242 3530 in
1271 3476 1415 3531 omni
1460 3485 1711 3548 tempore,
1754 3493 1890 3532 sem—

260 3586 357 3640 per
386 3567 511 3621 laus
536 3569 648 3639 ejus
690 3568 746 3621 in
791 3584 879 3622 ore
906 3584 1021 3624 meo
1050 3568 1236 3640 (Psal.
1279 3585 1464 3635 xxxiv,
1498 3571 1588 3639 1).
1627 3570 1745 3626 Vox
1795 3572 1887 3627 illa

262 3677 445 3733 quam
478 3662 715 3718 maxime
755 3662 902 3719 beati
928 3661 1054 3730 Job,
1104 3679 1173 3720 ex
1204 3676 1257 3720 te
1299 3667 1568 3722 Constanti
1610 3669 1888 3737 praeconio

262 3754 663 3827 depromatur,
696 3771 802 3827 qua
835 3754 1063 3813 defecta:
1106 3756 1255 3813 vires
1303 3757 1510 3828 ingenti
1552 3760 1888 3815 nutrimento

265 3848 577 3917 Iactantur,
617 3858 673 3904 ct
712 3851 770 3904 in
808 3850 1024 3906 novella
1050 3850 1183 3906 talia
1212 3860 1483 3922 reparatae
1527 3862 1883 3923 consurgunt.

269 3944 333 3998 Si
365 3944 513 4007 bona
540 3944 859 4015 suscepimus
887 3945 951 3999 de
972 3961 1130 3998 manu
1153 3944 1366 3999 Domini
1395 3960 1414 3999 :
1434 3962 1596 4013 quare
1618 3945 1757 4001 mala
1781 3964 1885 4002 non

270 4040 669 4092 sustmeamus?
713 4036 967 4092 Dominus
1029 4038 1198 4104 dedit,
1254 4038 1510 4095 Dominus
1552 4041 1744 4110 recepit
1784 4057 1802 4094 :
1830 4049 1890 4095 ut

272 4126 514 4183 Domino
537 4130 704 4183 visunt
731 4139 826 4199 est,
858 4131 934 4184 ita
966 4134 1164 4200 factum
1194 4140 1311 4186 est:
1339 4132 1407 4186 sit
1449 4148 1635 4187 nomen
1673 4130 1887 4187 Domini

272 4222 613 4277 benedictum
642 4221 798 4295 (Job.
853 4240 890 4290 ι,
917 4223 1053 4297 21).
1100 4223 1407 4281 Adversum
1438 4226 1604 4297 igitur
1646 4226 1886 4297 satisque

270 4315 621 4371 contrarium
650 4326 759 4383 est,
811 4317 1150 4386 probationis
1201 4327 1447 4389 tempore
1492 4320 1543 4373 in
1595 4319 1882 4375 Dominum

272 4425 670 4465 murmurare:
702 4409 793 4481 qui
820 4419 915 4465 aut
940 4408 1067 4466 vita:
1097 4420 1299 4466 nostrae
1327 4411 1644 4482 pestiferam
1677 4412 1880 4481 labem,

273 4517 662 4559 arumnarum
683 4502 986 4572 jactatione
1012 4512 1170 4558 vexat
1200 4513 1261 4557 ut
1295 4504 1509 4571 liberet,
1540 4512 1634 4559 aut
1671 4505 1885 4573 justitia

1991 3286 2125 3341 tium
2157 3286 2485 3343 famulorum
2516 3288 2694 3344 :circa
2724 3298 2776 3344 te
2811 3289 2885 3343 tui
2911 3288 3209 3359 funguntur
3238 3289 3477 3345 servitiis
3501 3291 3604 3345 mi-

1991 3379 2310 3435 nistrorum.
2342 3380 2421 3436 Te
2449 3381 2608 3437 amici
2656 3381 2924 3452 frequenti
2966 3395 3192 3437 accessu
3221 3383 3597 3452 consolantur,

1991 3483 2046 3529 et
2072 3472 2292 3539 dolent,
2326 3480 2384 3528 ut
2404 3474 2451 3529 si
2480 3482 2673 3529 natura
2701 3475 3079 3544 permitteret,
3110 3476 3215 3529 hoc
3241 3490 3378 3529 onus
3417 3483 3601 3531 tecum

1992 3565 2131 3621 forte
2162 3575 2462 3636 portarent.
2498 3566 2611 3623 Una
2642 3575 2759 3632 est,
2794 3567 2983 3633 frater,
3016 3583 3121 3621 una
3148 3576 3232 3623 est
3272 3568 3439 3622 animi
3489 3568 3602 3622 vir-

1991 3669 2100 3722 tus.
2134 3675 2258 3731 quae
2288 3675 2389 3715 nos
2417 3677 2485 3716 ex
2510 3660 2674 3729 hujus
2702 3661 2832 3716 vita:
2862 3661 3199 3730 turbinibus,
3223 3662 3379 3732 quasi
3405 3661 3472 3717 de
3504 3678 3600 3732 pe-

1991 3752 2115 3824 lago
2144 3769 2367 3821 eruens,
2411 3754 2465 3809 in
2496 3765 2710 3824 portum
2764 3755 3175 3825 tranquillitatis
3219 3756 3460 3811 inducat.
3515 3756 3601 3811 En

1990 3845 2110 3901 dies
2160 3846 2346 3916 pronis
2400 3845 2647 3916 lapsibus
2699 3849 2969 3903 accelerat
3015 3849 3070 3903 in
3127 3863 3405 3904 occasum.
3454 3847 3599 3904 Ecce

1990 3939 2229 3995 mundus
2284 3939 2598 3995 immundus
2652 3938 2906 3995 sordibus
2949 3942 3248 3995 senectutis
3300 3949 3508 3996 rotatur
3538 3943 3597 3996 in

1988 4035 2225 4107 lapsum.
2254 4037 2394 4092 Ecce
2419 4051 2519 4091 nos
2550 4036 2657 4107 [AL
2694 4034 2814 4107 vos]
2845 4036 3101 4106 suffragio
3136 4038 3330 4092 mortis
3356 4038 3597 4093 victores
3694 4084 3698 4088 .

1991 4129 2224 4200 suscipit
2251 4129 2473 4185 cmlum.
2497 4127 2728 4197 Cuncta,
2758 4129 2915 4185 nobis
2937 4130 3318 4198 evadentibus,
3342 4142 3597 4201 pereunt,

1991 4235 2047 4282 et
2083 4240 2282 4281 occasu
2305 4226 2415 4295 jam
2442 4225 2674 4280 finitimo
2700 4239 2808 4280 non
2834 4223 3072 4280 reditura
3099 4225 3409 4281 sorbentur.
3438 4226 3595 4296 Apud

1990 4333 2093 4374 nos
2118 4328 2239 4388 post
2262 4318 2530 4387 perditura
2560 4317 2822 4373 mundum
2847 4361 2860 4377 .
2910 4326 3037 4389 post
3083 4318 3332 4388 corporis
3362 4328 3593 4375 mortem

1992 4422 2185 4469 sanata
2220 4422 2349 4467 sunt
2375 4413 2553 4468 omnia
2588 4430 2601 4465 :
2644 4413 2951 4467 ltetabimur
2999 4412 3371 4469 incolumitate
3418 4429 3596 4469 mem-

1990 4507 2238 4576 brorum,
2262 4505 2357 4561 ubi
2387 4505 2497 4560 vita
2529 4506 2682 4561 nullo
2708 4505 2901 4560 morbo
2924 4504 3235 4560 vexabitur.
3262 4506 3387 4561 ldeo
3417 4507 3470 4560 in
3503 4515 3554 4562 te
3581 4550 3598 4571 ,

272 4598 540 4663 ventilat,
566 4606 624 4652 ut
647 4605 893 4663 coronet,
924 4613 988 4653 ac
1017 4597 1307 4654 vexatione
1350 4601 1741 4665 membrorum,
1790 4611 1885 4655 aut
1912 4582 1965 4644 Ι)
1995 4598 2187 4665 frater,
2234 4596 2411 4652 officia
2465 4597 2711 4668 corporis
2762 4596 3019 4667 impedita
3045 4643 3058 4664 ,
3114 4599 3601 4668 pra-stantissimus

273 4692 548 4748 delictum
595 4692 832 4762 vapulat,
874 4702 966 4747 aut
1008 4692 1219 4760 justitia
1271 4693 1533 4763 probatur
1584 4707 1646 4749 ut
1684 4695 1887 4751 vincat.

272 4784 538 4855 Namque
563 4792 625 4839 ut
647 4783 714 4839 ad
750 4784 992 4840 solamen
1025 4784 1337 4853 passionum
1368 4792 1581 4841 tuarum
1608 4787 1890 4857 probatio-

275 4880 367 4935 nis
397 4878 642 4949 antiqua:
670 4878 865 4950 palmae
898 4887 1048 4935 tuum
1080 4884 1333 4938 meritum
1385 4881 1750 4950 revolvamus,
1797 4881 1891 4953 ju-

279 4972 556 5028 stissimis
589 4981 805 5027 utamur
826 4973 1114 5043 exemplis.

362 5064 442 5120 X.
484 5064 821 5136 Quamquam
877 5075 1066 5120 notum
1112 5066 1221 5133 sit,
1253 5065 1642 5138 'personarum
1695 5067 1893 5123 merita

286 5159 484 5231 longis
507 5159 766 5232 gradibus
794 5160 1128 5231 discrepare,
1159 5177 1267 5217 non
1297 5171 1383 5219 est
1415 5163 1681 5232 iniquum,
1710 5162 1758 5218 si
1787 5162 1890 5217 lto-

290 5255 469 5310 minis
522 5251 817 5309 Christiani
868 5264 1181 5324 certamen,
1222 5256 1466 5312 victricis
1494 5257 1721 5327 justitia:
1760 5272 1894 5314 con-

290 5347 675 5420 gressionibus
703 5362 1106 5419 comparemus.
1138 5349 1430 5406 Mediocris
1450 5358 1577 5406 sunt
1598 5366 1717 5421 quae
1744 5349 1894 5407 vide-

293 5440 379 5494 ris
408 5440 464 5493 in
491 5437 600 5495 hoc
629 5439 836 5495 mundo
858 5440 1127 5511 perferre,
1163 5441 1210 5496 si
1256 5442 1605 5498 recensueris
1632 5443 1763 5513 quid
1791 5442 1896 5498 Job

296 5529 590 5589 familiaris
652 5533 869 5588 Domini
922 5534 1179 5605 quiverit,
1230 5537 1579 5607 permittente
1621 5536 1893 5605 Domino,

300 5624 604 5680 sustinere.
636 5623 987 5695 Temperavit
1026 5627 1209 5695 Deus,
1248 5639 1309 5684 ut
1343 5637 1700 5701 congrueret,
1736 5638 1901 5699 atque

302 5727 651 5787 competeret
672 5719 881 5775 viribus
912 5722 1040 5778 tuis.
1076 5721 1261 5779 Primo
1298 5738 1369 5780 ne
1400 5738 1619 5794 posses,
1665 5724 1755 5793 qui
1799 5723 1906 5778 im-

1998 4691 2214 4747 animus
2238 4690 2444 4747 illustri
2471 4690 2677 4745 ducatu
2704 4690 2774 4743 ita
2802 4691 3069 4761 gubernet
3101 4700 3156 4746 et
3182 4701 3357 4762 regat,
3383 4701 3441 4747 ut
3487 4693 3604 4747 hrcc

1999 4784 2283 4842 calamitas
2309 4783 2557 4854 corporis
2606 4783 2677 4837 sit
2715 4784 2931 4839 occasio
2976 4783 3157 4839 votiva
3207 4786 3449 4841 virtutis.
3480 4785 3599 4840 Non

2000 4883 2144 4940 enim
2171 4891 2257 4938 est
2286 4882 2449 4937 arbor
2468 4882 2643 4938 solida
2674 4898 2775 4939 nec
2802 4884 3025 4938 robusta
3046 4925 3062 4947 ,
3096 4884 3199 4938 nisi
3244 4900 3365 4955 quae
3395 4884 3601 4939 assidui

2001 4974 2235 5031 turbinis
2266 4975 2611 5044 incursione,
2649 4977 2928 5048 stipitibus
2973 4978 3253 5033 concussis
3302 4978 3407 5033 huc
3437 4987 3601 5049 atque

2000 5069 2129 5125 illuc
2160 5068 2419 5124 inclinata
2440 5077 2703 5135 tentatur,
2733 5080 2827 5125 aut
2856 5070 2911 5125 in
2939 5086 3102 5142 quam
3135 5084 3283 5139 saepe
3310 5079 3599 5125 ventorum

1999 5162 2279 5219 turbinum
2312 5162 2511 5219 flamen
2545 5164 2787 5218 incurrat
2816 5181 2829 5217 :
2860 5162 2993 5233 ipsis
3032 5162 3176 5218 enim
3217 5162 3603 5218 vexationibus

1999 5256 2412 5328 constringitur,
2465 5256 2753 5326 premitur,
2800 5254 3034 5325 ﬁxisque
3071 5256 3349 5312 radicibus
3399 5256 3601 5311 certius

2000 5351 2313 5407 roboratur.
2370 5348 2448 5404 Ita
2496 5363 2596 5404 nos
2644 5345 2993 5403 mordacibus
3043 5347 3278 5418 flagellis
3327 5347 3603 5402 malorum

1998 5443 2367 5514 frequentium
2418 5442 2697 5497 munimur
2741 5439 2995 5508 extensi,
3039 5441 3365 5511 corrigimur
3414 5438 3610 5493 verbe-

2004 5540 2108 5594 rati
2127 5578 2142 5601 ,
2177 5536 2605 5609 constringimur
2628 5536 2756 5592 caesi
2789 5555 2802 5591 :
2833 5551 3197 5607 caremusque
3221 5534 3566 5605 squaloribus
3587 5579 3602 5600 ,

2007 5632 2137 5687 dum
2164 5630 2345 5699 longis
2389 5631 2608 5687 casibus
2634 5632 2988 5687 ventilamur.
3038 5632 3182 5701 Ergo
3215 5629 3358 5683 inter
3388 5627 3609 5684 dolores

2014 5724 2902 5797 crebrescentes,immanibusque
2930 5724 3166 5781 miseriis
3184 5722 3411 5777 affectos
3438 5734 3611 5791 artus,

303 5827 419 5887 par
446 5830 533 5890 es,
565 5815 796 5890 justitia:
838 5816 1006 5872 titulis
1042 5833 1164 5874 esse
1200 5816 1620 5877 succedentibus
1639 5817 1906 5889 aequalis?
2017 5826 2213 5892 regnet
2235 5817 2447 5876 ctelesti
2484 5820 2672 5889 vigore
2714 5820 2932 5877 robusta
2967 5827 3128 5887 atque
3175 5815 3465 5874 incolumis
3511 5816 3622 5872 vir-

599 5913 879 5978 Psraoc.
922 5912 1139 5977 XXX.
1193 5934 1208 5998 ρ

3063 5913 3100 5973 3
