3916 6288
455 225 524 281 75
1507 219 1568 278 S.
1608 214 1995 275 IIIERONYMI
2036 212 2324 272 OPERUM
2364 205 2727 266 MAN'I’ISSA.
3663 202 3727 262 76

453 353 544 398 tus
577 360 588 395 :
625 355 730 412 qua
772 338 1022 398 ferantur
1058 335 1354 405 contraria,
1389 344 1444 391 et
1485 335 1580 390 illa
1609 334 1892 390 commoda
1924 349 2046 403 qua:
2073 335 2123 395 Α
2151 333 2378 385 absente
2402 329 2604 400 exigit,
2635 325 2800 398 quod,
2831 332 2884 380 te
2911 334 3205 396 praesente,
3238 342 3345 383 non
3376 327 3720 398 praesumpsit,

456 446 727 490 Vtit’tttIIIUI‘
757 433 1003 490 adversa.
1032 430 1181 484 Inter
1212 431 1357 500 ipsas
1392 428 1674 498 angustias
1703 427 1922 492 sapiens
1953 424 2050 478 ad-

456 528 719 583 miniculo.
746 525 1027 582 salaminis
1054 522 1172 594 pari
1206 523 1422 578 laetatur
1450 530 1504 575 et
1543 520 1818 589 pubescit,
1851 530 1908 574 et
1935 532 2051 572 am-

457 623 654 677 bitiosa
687 621 898 680 ratione
940 619 1232 687 ampliatur
1274 626 1328 672 et
1367 612 1520 669 vivit.
1568 613 1786 685 Ignorat
1815 613 2050 680 denique

454 732 574 783 quae
605 714 828 784 patitur,
861 711 951 782 qui
974 724 1186 766 memor
1216 708 1534 765 estinvictte
1561 707 1797 772 virtutis,
1831 705 1920 774 qui
1953 704 2053 758 du-

457 818 584 860 catu
613 806 862 868 rationis,
889 803 1183 874 plerosque
1221 800 1495 870 comperit
1542 799 1708 854 fuisse
1753 797 1917 853 malis
1955 811 2053 866 op-

458 913 700 967 pressos,
727 906 781 952 et
807 895 952 952 malo
980 911 1080 950 suo
1121 894 1381 965 magistra
1415 893 1631 948 ratione
1674 899 1863 946 auctos
1891 899 2052 960 atque

457 992 715 1048 nutritos.
750 992 894 1059 Ergo
932 989 1028 1044 tibi
1067 997 1252 1058 patent
1299 987 1494 1042 solatia
1554 985 1802 1054 rationis,
1849 993 1907 1038 ut
1939 983 2051 1055 jam

457 1103 555 1156 pro
596 1083 904 1144 commodis
951 1081 1216 1144 habeatur
1257 1080 1544 1137 calamitas
1590 1078 1877 1150 corporis,
1912 1094 2055 1148 qua:-

454 1196 566 1250 que
583 1178 732 1249 jacet
758 1179 924 1233 totius
964 1175 1220 1246 corporis
1247 1189 1425 1230 massa
1453 1173 1687 1244 captiva.
1719 1172 1828 1228 Sed
1873 1174 2054 1226 veniet

455 1271 816 1336 resurrectio,
843 1278 894 1324 te
926 1269 1254 1326 incolumem
1283 1267 1582 1334 redditura,
1606 1281 1837 1337 qumque
1866 1274 1976 1319 tota
2002 1265 2054 1320 in

454 1377 509 1422 te
537 1367 784 1421 membra
809 1371 939 1418 sunt
965 1372 1256 1428 occupata.
1283 1362 1390 1419 Sed
1423 1362 1604 1431 lingua
1635 1361 1686 1414 in
1719 1359 1910 1415 laudes
1948 1359 2056 1413 Do-

461 1460 594 1514 mini
625 1457 945 1530 quotidiano
972 1456 1248 1512 nutriatur
1273 1464 1566 1526 augmento
1589 1498 1605 1522 ,
1637 1457 1850 1524 c0piam
1881 1451 2056 1508 laudis

459 1557 511 1608 in
546 1555 729 1623 regnis
775 1551 1094 1608 coelestibus
1138 1560 1445 1606 narraturo.
1489 1547 1754 1603 Dominus
1787 1557 1840 1601 te
1885 1547 2056 1602 medio
2100 1560 2106 1567 ·

461 1647 583 1700 tina
607 1644 816 1703 caelesti
844 1643 1153 1708 confoveat,
1177 1652 1231 1698 et
1255 1641 1357 1698 sub
1390 1640 1482 1697 tali
1509 1639 1751 1712 pondere
1772 1638 2054 1694 inﬂexibili

456 1739 660 1794 virtute
675 1738 871 1794 durare
894 1736 1190 1806 permittat.

588 1873 903 1932 MONITUM
945 1872 1010 1927 IN
1053 1868 1438 1926 EPISTOLAM
1479 1866 1926 1934 SEQUENTEM.

531 1980 658 2034 Haec
689 1980 749 2033 S.
787 1975 1006 2031 Maximi
1045 1972 1377 2028 Tanrinensis
1397 1982 1470 2025 est
1494 2013 1506 2034 ,
1545 1973 1743 2025 nemine
1763 1975 1880 2043 jam
1911 1969 2056 2043 difﬁf

460 2064 594 2107 tente
639 2068 658 2106 :
710 2064 1020 2121 quamquam
1063 2056 1272 2121 sanctus
1324 2044 1650 2121 Agabaraus,
1701 2042 1825 2096 noni
1875 2042 2055 2096 sa’culi

457 2127 698 2195 scriptor,
722 2116 824 2195 tib.
857 2116 1036 2195 contra
1066 2116 1299 2195 elicem
1339 2133 1451 2186 παρ.
1483 2116 1573 2195 εις),
1602 2116 2058 2195 [ιι-(ξίηἱατηκςῃιηιη

459 2185 574 2250 suis
612 2185 753 2263 infra
790 2191 915 2245 locis
958 2189 1275 2263 notabimus,
1310 2203 1374 2263 ea;
1403 2185 1465 2239 eu
1489 2187 1817 2263 describens,
1864 2185 2059 2263 Hiero-

459 2268 600 2337 περιιὶ
623 2257 730 2319 esse
762 2283 861 2316 non
890 2262 1105 2337 dubitet.
1137 2261 1331 2324 liabet,
1355 2259 1544 2322 inquit,
1579 2259 1753 2337 lector
1774 2260 1841 2311 de
1866 2257 2054 2310 eadem

465 2329 522 2391 re
550 2340 688 2390 beati
725 2333 1036 2402 llicronyu‘ti
1070 2333 1458 2402 satispolimin
1481 2343 1534 2382 et
1558 2329 1904 2402 enucleatum
1935 2344 2059 2380 sen-

463 2422 714 2467 teuttam,
742 2421 865 2460 cum
897 2399 966 2459 de
994 2404 1086 2456 illo
1112 2401 1308 2454 divitum
1340 2400 1642 2465 Scriptum
1682 2399 1804 2453 loco
1831 2408 2015 2467 ageret
2039 2439 2054 2463 ,

465 2485 550 2534 ubi
583 2481 786 2532 dictum
834 2487 918 2530 est
953 2493 965 2528 :
1001 2474 1241 2535 Ponant,
1292 2480 1388 2525 etc.
1424 2470 1681 2525 Erasmus
1723 2472 2054 2534 econtrario,

462 2551 744 2620 nummulis
775 2549 982 2618 quidem
1002 2588 1015 2607 ,
1045 2545 1208 2620 inquit
1234 2584 1247 2606 ,
1270 2554 1317 2595 et
1348 2541 1795 2620 erraui/tentiam
1826 2543 1926 2611 fuit
1948 2539 2056 2594 lucc

463 2611 798 2693 ..»pisto!:t,_ac'
820 2611 1422 2693 diligenter'elaborata,
1593 2611 1996 2693 ila-discrepans
2027 2630 2058 2664 a

467 2684 642 2762 parari
677 2684 1120 2762 Hieronymiana,
1150 2695 1206 2739 ut
1243 2702 1336 2738 nec
1362 2684 1445 2762 hie
1478 2684 1927 2762 iiliusudictipnent
1958 2701 2055 2762 po-

467 2753 617 2820 inerit
646 2753 950 2826 intitari,'si
981 2757 1255 2820 voluisset,
1299 2773 1389 2810 nec
1419 2757 1575 2823 hujus
1616 2754 1728 2810 ille.
1768 2753 1830 2808 In
1871 2753 2060 2823 pleris-

467 2853 563 2899 que
583 2834 845 2889 codicibus
869 2829 1069 2884 nullum
1099 2827 1400 2899 prarferebnt
1436 2843 1641 2893 nomen,
1668 2829 1722 2879 in
1749 2827 2059 2899 quibusdam

471 2895 815 2977 (.‘tesipltontis
836 2914 946 2957 erat
971 2895 1226 2977 additum,
1269 2899 1371 2952 Nec
1400 2900 1450 2951 in
1482 2899 1597 2977 ipsa
1622 2895 1835 2977 epistola
1864 2899 1924 2977 ﬁt
1948 2895 2055 2977 alia

468 2968 654 3032 utentia
681 2980 818 3047 ejus,
847 2977 916 3026 ad
955 2989 1104 3047 quem
1127 2973 1317 3047 scripta
1341 2981 1439 3024 est.
1469 2969 1859 3047 iterat-innantem
1890 2968 2053 3047 ﬁtuS.

470 3039 754 3113 .otntbrosi'i,
800 3039 1296 3116 atque'inreutionis
1343 3042 1574 3111 corporis
1606 3041 1716 3096 SS.
1748 3039 1982 3095 Gervasii
2012 3050 2059 3095 et

473 3121 727 3178 I’t'otasii.

1036 3206 1368 3262 EPISTULA
1417 3203 1504 3258 Vl.

966 3318 1034 3362 AD
1073 3313 1272 3356 AIIICL'N
1312 3311 1593 3352 xEGROTUH.

1030 3393 1108 3448 De
1134 3394 1181 3445 ri
1187 3408 1241 3446 ro
1271 3390 1531 3460 Perfecto.

548 3495 688 3552 Ecce
721 3491 917 3546 iterum
960 3485 1027 3541 ad
1066 3492 1120 3540 te
1160 3481 1366 3546 scribo,
1410 3491 1464 3536 et
1491 3479 1626 3536 nihil
1660 3478 1884 3553 dignum
1925 3479 2069 3550 quod

479 3584 823 3656 prudentiam
859 3590 1005 3636 tuam
1055 3577 1237 3648 legere
1275 3575 1465 3630 deceat
1508 3573 1728 3628 invenio
1775 3592 1785 3625 :
1836 3584 1891 3628 et
1938 3575 2070 3644 quid

481 3681 673 3744 mirum
706 3677 772 3740 si,
799 3685 851 3730 te
875 3671 982 3744 [AL
1018 3679 1120 3722 tac.
1151 3667 1224 3738 te]
1256 3667 1505 3734 absente,
1535 3666 1681 3721 velut
1705 3681 1734 3720 a
1766 3665 1882 3720 sole
1904 3665 2073 3722 desti-

481 3784 656 3831 tutum
681 3813 694 3837 ,
727 3768 904 3840 frigidi
931 3765 1115 3820 cordis
1155 3762 1300 3832 alget
1335 3761 1632 3831 ingenium,
1663 3768 1719 3816 et
1737 3775 1893 3824 mens
1923 3775 1953 3814 a
1991 3760 2073 3814 lu-

483 3870 628 3928 mine
655 3865 970 3940 peregrina,
1001 3857 1247 3914 stultitia:
1276 3857 1460 3912 nubilo
1487 3855 1745 3912 suﬂ‘oeata
1778 3860 2070 3925 torpescit,

482 3981 549 4018 ae
572 3973 723 4018 tanto
756 3959 936 4010 minus
974 3953 1158 4020 sapio,
1201 3958 1408 4020 quanto
1447 3963 1478 4002 a
1523 3957 1574 4003 te
1611 3947 1772 4000 latius
1810 3947 2073 4019 separor?

481 4056 639 4128 Quod
667 4055 710 4109 si
745 4045 1234 4122 imprmsentiarum
1279 4042 1407 4112 quid
1442 4041 1540 4096 tibi
1574 4042 1627 4094 in
1662 4057 1784 4096 meo
1823 4057 2076 4096 sermone

487 4149 784 4226 placuerit,
832 4143 939 4196 tuis
969 4137 1102 4192 mihi
1134 4133 1476 4207 orationibus
1510 4133 1876 4203 prmstabitur.
1917 4135 2076 4188 Deni-

485 4229 592 4315 que
620 4252 678 4297 ut
705 4253 920 4294 omnem
953 4231 1244 4286 stultitiam
1280 4243 1454 4284 meam
1487 4227 1802 4298 diligentius
1824 4242 2078 4296 rec0gno-

485 4350 606 4391 suas
642 4353 653 4388 :
686 4329 848 4386 etiam
881 4322 1221 4381 stomachum
1255 4335 1433 4375 meum
1459 4328 1586 4389 post
1614 4319 1748 4374 illud
1769 4329 2076 4390 susceptum

486 4437 753 4491 ceratum,
788 4432 956 4484 tuum,
991 4428 1041 4472 te
1070 4416 1318 4477 absente,
1353 4413 1561 4479 curavi,
1589 4427 1616 4465 a
1650 4427 1756 4482 quo
1782 4411 1938 4484 pejus
1966 4428 2080 4468 mc-

489 4540 612 4582 rcor
638 4521 745 4592 pati
782 4537 793 4572 :

489 4617 788 4690 angelicam
817 4609 1131 4666 servitutem
1156 4618 1345 4657 manus
1371 4599 1522 4656 intuli
1549 4599 1904 4666 medicorum,
1928 4601 2084 4671 quasi

493 4711 757 4785 propheta
791 4719 895 4764 non
915 4709 1060 4756 esset
1085 4698 1137 4752 in
1166 4695 1356 4760 Israel,
1382 4704 1441 4747 ut
1469 4692 1603 4748 mihi
1630 4693 1674 4748 si
1698 4693 1823 4764 quid
1849 4704 2082 4764 paterer,

491 4807 698 4862 [acilius
725 4814 845 4854 esse
877 4793 1123 4849 debuerit
1150 4789 1216 4843 ad
1245 4798 1295 4842 te
1334 4787 1537 4842 reverti
1559 4831 1572 4855 ,
1607 4803 1766 4855 quam
1809 4787 2089 4857 gentiliter

487 4900 733 4968 negitare
779 4910 790 4944 :
824 4900 880 4945 et
909 4885 1102 4941 melius
1132 4881 1214 4936 vel
1259 4877 1563 4934 diilicillimi
1603 4878 1810 4934 itineris
1839 4878 2080 4934 laborem

491 4990 911 5064 perpeti,quam
953 4983 1274 5047 conspectus
1321 4974 1396 5026 tui
1442 4981 1548 5026 tam
1596 4973 1831 5042 pretiosa
1873 4972 2086 5028 visione

494 5081 724 5142 lraudari
749 5119 764 5143 ,
790 5065 846 5130 ut
871 5070 1076 5144 quaevis
1115 5067 1293 5139 potius
1331 5065 1702 5134 compensatio
1741 5075 2080 5135 sequeretur,

491 5192 653 5251 quam
706 5171 774 5226 ad
822 5180 1063 5224 muscam
1124 5157 1405 5236 religionis
1446 5160 1691 5212 Accaron
1739 5156 2082 5224 devenirem.

493 5248 617 5327 liatc
646 5263 803 5327 mihi,
829 5268 881 5314 te
909 5258 1155 5324 absente,
1186 5250 1419 5306 mundus
1443 5248 1545 5303 iste
1576 5249 1868 5324 suggessit,
1888 5251 1998 5320 qui,
2035 5261 2088 5308 te

494 5369 784 5441 mussante,
809 5356 861 5410 in
891 5369 976 5406 me
997 5364 1104 5404 non
1132 5347 1367 5402 habebat
1387 5343 1691 5421 consilium.
1725 5344 1802 5400 Tu
1827 5361 1913 5400 me
1941 5345 2086 5401 enim

495 5465 699 5519 curiam
730 5457 937 5511 ieceras
967 5442 1373 5516 prophetarum,
1421 5455 1526 5495 non
1551 5441 1985 5496 conventiculum
2015 5441 2088 5496 si-

495 5567 775 5614 renarum.
811 5548 881 5602 At
922 5555 1060 5596 nunc
1103 5538 1155 5591 in
1205 5551 1291 5590 me
1335 5533 1402 5588 ad
1447 5533 1873 5590 destructionem
1919 5533 2091 5588 sancti

495 5659 683 5708 contra
714 5658 802 5699 tne
829 5635 1012 5708 cperis
1041 5630 1114 5687 tui
1144 5628 1324 5683 omnis
1348 5624 1595 5681 stultitia:
1641 5640 1862 5683 senatus
1910 5626 2088 5695 ingre-

491 5744 669 5806 diens,
697 5726 1034 5807 quadruplici
1068 5723 1240 5781 forma
1278 5733 1488 5775 mecum
1516 5718 1645 5791 agit.
1679 5718 1812 5778 Nam
1840 5718 1992 5775 fenus
2022 5717 2089 5773 de

2151 436 2210 478 ut
2238 423 2511 493 intelligas
2531 423 2578 476 si
2605 419 2735 490 quid
2767 419 2908 488 apud
2933 428 2985 474 te
3008 420 3168 490 juxta
3200 423 3362 478 Deum
3393 422 3564 492 sapui,
3589 432 3724 475 tuum

2150 517 2316 572 fuisse
2345 516 2489 588 quod
2516 515 2697 583 sapui.
2725 512 2816 568 Sic
2845 511 3054 569 absente
3082 512 3296 586 Moyse,
3328 516 3547 588 populus
3575 512 3729 569 Israe-

2151 611 2320 664 iiticus
2361 609 2650 679 fornicatur
2679 609 2875 679 (Exod.
2909 627 3082 679 xxx",
3114 613 3166 684 i)
3203 631 3216 668 :
3245 615 3320 668 sic
3363 615 3415 667 in
3451 615 3586 677 navi,
3630 611 3728 665 Do-

2153 703 2294 756 mino
2324 702 2635 768 dormiente,
2660 707 2886 768 apostoli
2909 717 3206 777 tempestate
3225 707 3498 761 turbantur
3527 704 3730 776 (Matth.

2153 801 2272 865 vm)
2306 797 2428 852 :sic
2469 799 2521 850 in
2563 795 2862 854 Bethsaida:
2901 801 3186 874 porticibus
3224 801 3485 856 hominem
3525 817 3622 853 non
3651 800 3736 852 ha-

2154 889 2349 944 bentem
2387 906 2521 957 aqua
2565 893 2780 959 piscina:
2822 895 3070 948 salutaris
3101 895 3304 964 ignorat
3339 891 3526 962 (Joan.
3554 907 3618 958 v,
3659 893 3733 961 4).

2154 984 2488 1054 Quamquam
2521 997 2575 1042 et
2607 987 2697 1042 hic
2724 989 2871 1044 aliud
2896 1005 3069 1059 genus
3097 990 3269 1060 cnlpm
3298 989 3597 1044 advertam.
3618 986 3738 1042 Cor-

2153 1077 2438 1147 pusculum
2465 1079 2678 1144 curavi,
2703 1097 2822 1135 eum
2852 1083 3035 1135 anima
3065 1082 3347 1151 langueret
3378 1099 3392 1137 :
3421 1081 3738 1136 exteriorem

2157 1169 2434 1225 hominem
2483 1173 2622 1237 fovi,
2661 1190 2782 1228 cum
2828 1175 3056 1229 interior
3101 1184 3392 1245 a‘grolaret
3441 1193 3454 1228 :
3504 1175 3742 1229 humanis

2155 1262 2418 1330 Subveni,
2467 1279 2588 1318 cum
2619 1264 2799 1319 divina
2832 1265 3174 1329 laborarent,
3204 1267 3335 1320 vitio
3370 1266 3595 1335 publica:
3622 1283 3740 1321 con-

2157 1359 2460 1413 suetudinis
2493 1360 2810 1427 inclinatus,
2843 1376 2948 1432 quo
2971 1378 3160 1416 omnes
3191 1377 3377 1415 sumus
3422 1361 3474 1414 in
3517 1361 3741 1415 minimis

2156 1450 2329 1516 cauti,
2357 1457 2417 1504 et
2450 1451 2500 1504 in
2534 1452 2782 1506 maximis
2821 1453 3176 1523 negligentes.
3229 1453 3453 1523 llncque
3497 1453 3616 1506 ideo
3659 1454 3741 1516 lit,

2156 1541 2279 1610 quia
2309 1542 2396 1595 ubi
2427 1557 2553 1596 vera
2577 1545 2688 1595 vita
2720 1545 2790 1597 sit
2819 1543 3156 1612 ignoramus.
3188 1542 3349 1598 Fallit
3375 1559 3474 1598 nos
3506 1543 3746 1598 videlicet

2159 1635 2240 1688 sol
2265 1634 2401 1700 iste,
2427 1635 2626 1704 decipit
2651 1636 2768 1692 dies
2791 1637 2912 1703 ista,
2957 1647 3162 1691 tractus
3197 1652 3294 1692 nos
3326 1636 3430 1691 iste
3459 1639 3745 1692 circumve-

2085 1724 2132 1784 B
2159 1728 2259 1781 nit.
2289 1727 2517 1782 Mundus
2550 1728 2785 1795 inducit,
2814 1729 2941 1784 dum
2987 1739 3044 1786 et
3073 1729 3189 1785 sole
3232 1730 3471 1800 amplius
3515 1745 3634 1784 esse
3680 1731 3743 1784 nil

2160 1828 2431 1889 putamus,
2464 1829 2519 1874 et
2567 1823 2738 1875 lucem
2779 1822 3104 1878 arbitramur
3134 1838 3254 1878 esse
3285 1839 3450 1894 quam
3483 1825 3651 1879 oculis
3677 1825 3749 1878 vi-

2158 1912 2351 1968 demus
2387 1931 2400 1968 :
2448 1925 2500 1968 et
2543 1915 2817 1971 hominem
2859 1915 3164 1984 jndicamus
3191 1931 3344 1984 esse,
3391 1932 3550 1987 quem
3591 1916 3750 1971 cerni-

2163 2021 2283 2059 mus
2312 2017 2401 2058 :et
2437 2007 2691 2061 mundum
2725 2008 2997 2062 credimus
3034 2007 3218 2064 facere
3263 2025 3388 2064 cum
3419 2009 3561 2077 vita,
3609 2011 3747 2080 igno~

2160 2108 2345 2152 rantes
2376 2098 2464 2152 ubi
2493 2103 2567 2154 sit
2595 2100 2786 2167 homo,
2815 2111 2870 2155 et
2899 2101 3026 2171 quid
3059 2104 3128 2155 sit
3175 2101 3369 2166 homo,
3401 2111 3457 2157 et
3481 2117 3600 2171 qua:
3644 2104 3750 2172 ejus

2162 2190 2397 2244 hominis
2427 2191 2532 2244 vita
2565 2193 2636 2244 sit
2669 2193 2851 2260 :quod
2884 2195 2928 2245 si
2970 2193 3424 2263 intelligeremns,
3466 2210 3570 2247 non
3620 2192 3752 2247 aliud

2160 2284 2399 2352 generati
2435 2282 2581 2336 aliud
2611 2283 2936 2338 viveremus.
2973 2284 3048 2339 Ita
3089 2285 3217 2340 vitae
3259 2286 3472 2356 origine
3512 2287 3750 2351 deserta,

2160 2377 2377 2430 vivendi
2417 2393 2631 2447 quoque
2679 2378 3016 2447 perdidimus
3065 2381 3360 2435 rationem.
3414 2382 3492 2435 Ac
3538 2381 3752 2450 primum

2162 2469 2253 2522 ubi
2289 2470 2447 2523 homo
2475 2469 2547 2521 sit
2581 2470 2705 2536 iste,
2739 2469 2808 2524 de
2834 2487 2940 2538 quo
2965 2471 3255 2538 loquimur,
3283 2471 3593 2526 audiamus.

2271 2562 2308 2615 Ι.
2395 2562 2666 2629 Quoniam
2744 2563 3160 2633 disputationem
3239 2565 3531 2634 quamdam
3608 2561 3747 2617 nobis

2160 2652 2274 2722 ipsa
2319 2652 2518 2707 divisio
2555 2653 2833 2723 generavit
2859 2669 3017 2724 quem
3059 2655 3232 2727 (Fort.
3273 2654 3576 2725 hutttineml
3624 2655 3748 2708 intra

2163 2746 2266 2801 hoc
2306 2762 2537 2818 corpus:
2577 2749 2720 2817 quod
2764 2749 2857 2803 Dei
2899 2750 3128 2804 artiﬁcis
3163 2766 3325 2804 manu
3366 2767 3398 2806 e
3446 2751 3574 2804 limo
3613 2759 3756 2802 terrai

2162 2839 2450 2893 (orantum
2524 2850 2610 2896 est
2649 2883 2663 2904 ,
2745 2841 2890 2896 velut
2951 2843 3184 2910 quodam
3248 2843 3476 2898 vasculo
3533 2842 3750 2910 intellige

2160 2934 2454 2998 enntincri,
2512 2934 2726 2988 dicente
2768 2935 3031 3002 Apostnlo
3090 2955 3103 2991 :
3151 2934 3424 2991 Habemus
3464 2936 3746 2991 thesaurum

2161 3027 2322 3079 istum
2360 3027 2410 3078 in
2453 3028 2587 3080 uasis
2627 3028 2870 3096 ﬁctilibus
2921 3029 2984 3096 (Il
3016 3029 3137 3083 Cor.
3198 3048 3289 3097 tv,
3345 3033 3446 3099 7):
3499 3030 3588 3100 qui
3643 3028 3750 3082 ilbi-

2092 3111 2138 3173 C
2170 3134 2272 3188 que
2307 3134 2401 3188 per
2433 3118 2532 3172 hoc
2557 3135 2754 3190 corpus
2783 3121 3010 3184 infusus,
3044 3123 3260 3177 vitalem
3290 3139 3513 3179 sensum
3546 3123 3632 3188 qui
3659 3120 3750 3174 sibi

2174 3225 2282 3264 non
2311 3209 2513 3274 deﬁcit,
2541 3225 2661 3264 cum
2687 3228 2854 3266 carne
2883 3223 3158 3267 mutuatus
3177 3225 3278 3270 est.
3314 3213 3474 3285 Iit-git
3502 3215 3631 3283 ipse,
3659 3226 3752 3266 non

2172 3304 2400 3370 regitur,
2423 3312 2478 3356 et
2507 3301 2669 3357 habet
2694 3303 2874 3372 potius
2905 3321 3070 3375 quam
3100 3304 3362 3360 habetur:
3404 3315 3460 3360 ut
3483 3309 3636 3359 vitam
3661 3318 3751 3358 non

2172 3394 2420 3462 accipiat,
2453 3394 2550 3449 sed
2579 3393 2868 3450 ministret.
2896 3398 3029 3450 Nam
3057 3412 3178 3452 cum
3209 3409 3483 3454 terrenam
3510 3398 3660 3452 istam
3681 3395 3751 3465 pi-

2171 3501 2434 3555 gramquc
2463 3487 2743 3541 materiam
2776 3487 2828 3542 in
2862 3503 3015 3544 usum
3041 3491 3329 3546 ministerii
3360 3505 3626 3560 sumptam
3654 3488 3752 3559 spi-

2174 3581 2308 3634 ritus
2354 3579 2587 3649 liquidus
2623 3584 2912 3648 animaret,
2957 3586 3016 3639 tit
3051 3585 3308 3641 dominus
3343 3588 3618 3656 corporis,
3662 3599 3771 3637 non.

2174 3671 2336 3730 homo
2365 3677 2466 3728 sub
2493 3690 2741 3744 corpore.
2778 3677 3016 3745 Denique
3048 3677 3153 3734 hoc
3181 3680 3328 3749 quod
3359 3681 3470 3736 disi
3501 3678 3752 3734 vasculum

2175 3767 2291 3835 ipso
2337 3765 2443 3837 [AL
2476 3783 2573 3835 pro
2613 3768 2751 3839 ipso]
2793 3769 2926 3822 vivit
2959 3781 3249 3838 pra-settle,
3293 3784 3351 3827 et
3400 3773 3518 3842 ipso
3549 3771 3756 3826 moritur

2175 3859 2428 3916 abeunte.
2463 3860 2562 3913 llic
2583 3875 2712 3930 ergo
2743 3869 2798 3915 et
2827 3861 3058 3922 visibilis
3085 3871 3140 3916 et
3171 3862 3432 3929 caducus,
3463 3865 3604 3918 illius
3631 3864 3756 3916 inte-

2173 3952 2340 4006 rioris
2366 3951 2453 4006 vel
2479 3951 2762 4021 habitatio,
2796 3954 2882 4008 vel
2905 3955 3173 4022 minister,
3205 3957 3292 4012 vel
3318 3957 3510 4026 vagina
3537 3955 3756 4024 est.lpse

2184 4061 2335 4111 vero,
2360 4047 2450 4116 qui
2480 4062 2609 4102 vere
2625 4057 2711 4102 est
2736 4046 2922 4116 homo,
2948 4051 3202 4118 quoniam
3235 4047 3755 4124 [.AlJacetquoniam]

2177 4140 2258 4192 sic
2284 4138 2554 4194 secundus
2583 4139 2737 4193 factae
2765 4140 3050 4196 divisionis
3078 4155 3160 4198 est
3194 4145 3364 4210 locus,
3398 4157 3458 4202 ut
3491 4149 3602 4216 ipse
3635 4143 3757 4200 invi-

2177 4232 2374 4285 sibilis.
2424 4231 2495 4284 ita
2534 4234 2714 4287 omnia
2752 4236 2870 4301 ejus
2915 4235 3203 4290 invisibilia
3237 4240 3369 4307 sint,
3403 4252 3622 4294 necesse
3662 4246 3750 4289 est.

2179 4323 2296 4379 Non
2323 4323 2390 4378 ad
2415 4325 2567 4390 illum
2614 4327 2655 4380 si
2687 4336 2933 4396 tegrotat,
2960 4345 3156 4384 manus
3179 4330 3320 4386 valet
3355 4333 3634 4402 pervenire
3657 4343 3756 4384 me—

2182 4418 2462 4472 dicorum:
2491 4435 2594 4472 non
2631 4419 2920 4474 herbarum
2954 4422 3136 4476 succis
3172 4423 3218 4478 si
3257 4424 3443 4480 deficit
3471 4433 3752 4496 reparatur.

845 4515 927 4570 cui
971 4519 1094 4583 post
1141 4519 1389 4564 sanctum
1432 4505 1790 4561 ministerium
1837 4515 1986 4560 tuutn
2029 4515 2084 4562 et
2111 4500 2326 4565 DNihil
2354 4511 2420 4565 ad
2444 4527 2566 4566 eum
2597 4527 2922 4581 corporeum
2957 4516 3159 4570 intrare
3204 4526 3423 4587 potest:
3458 4515 3757 4574 substantia:

2189 4615 2396 4662 tantum
2427 4623 2538 4660 sure
2569 4607 2643 4662 illi
2670 4608 2974 4665 similitudo
2995 4610 3298 4682 descendit,
3333 4615 3501 4669 verbo
3530 4619 3754 4672 curatur.

2189 4699 2495 4758 obedicnlia
2523 4702 2876 4758 convalescit.
2911 4705 3152 4774 Denique
3181 4722 3304 4762 cum
3334 4709 3439 4764 sibi
3465 4710 3515 4763 in
3536 4702 3754 4762 Ecclesia

2187 4792 2509 4848 Laodicensi
2537 4802 2594 4848 et
2618 4795 2828 4860 beatus,
2876 4807 2928 4850 et
2967 4796 3140 4863 dives,
3172 4808 3228 4852 et
3256 4801 3394 4856 bene
3422 4801 3680 4859 oculatus,
3707 4802 3755 4847 et

2189 4888 2327 4942 bene
2364 4886 2590 4942 vestitus
2629 4887 2927 4942 secundum
2959 4892 3286 4947 exteriorem
3316 4894 3584 4948 hominem
3615 4889 3754 4944 vide-

2188 4991 2359 5045 retur,
2411 4981 2718 5048 increpatur
2760 4996 2788 5034 a
2821 4981 3074 5050 Domino,
3106 4986 3417 5057 diciturque
3447 4988 3556 5042 illi:
3587 4982 3752 5038 Nescis

2187 5073 2308 5141 quia
2341 5082 2392 5126 tu
2419 5090 2469 5126 es
2502 5076 2656 5131 miser
2683 5085 2728 5130 et
2768 5076 3099 5139 miserabilis.
3144 5088 3190 5133 et
3220 5089 3482 5151 pauperet
3512 5091 3680 5138 circus,
3711 5081 3750 5125 ει

2191 5169 2363 5224 nudus
2405 5169 2588 5237 (Apoc.
2619 5186 2702 5233 ut,
2735 5170 2861 5239 t7)?
2891 5172 2994 5240 Qui
3025 5175 3230 5242 utique,
3267 5183 3322 5228 ut
3359 5174 3487 5234 dixi.
3532 5186 3624 5226 nec
3644 5167 3751 5223 sine

2191 5267 2362 5322 veste,
2397 5275 2497 5314 nec
2533 5262 2652 5323 sine
2681 5264 2878 5327 oculis,
2918 5280 3019 5321 nec
3063 5266 3182 5320 sine
3209 5266 3412 5321 divitiis
3457 5264 3746 5320 habebatur.

2191 5353 2295 5415 Sed
2328 5353 2417 5410 ille
2450 5354 2738 5412 invisibilis
2763 5360 2902 5413 Deus
2932 5367 3120 5416 noster
3143 5362 3288 5416 illum
3324 5361 3635 5416 invisibiletn
3658 5354 3744 5408 Ιιο-

2195 5445 2394 5518 minem
2427 5447 2480 5504 in
2512 5459 2851 5518 paupertate,
2899 5453 2952 5506 in
2993 5454 3258 5521 caecitate,
3293 5455 3344 5510 in
3374 5453 3602 5509 nuditate
3640 5460 3747 5503 esse

2192 5541 2495 5598 cernebat:
2539 5544 2624 5598 cui
2669 5546 2832 5600 etiam
2868 5547 3097 5603 suadere
3135 5549 3402 5619 dignatur,
3436 5559 3494 5603 ut
3538 5547 3599 5600 ab
3640 5543 3744 5610 ipso

2192 5649 2378 5688 aurum
2411 5644 2682 5692 mercetur
2723 5638 2974 5707 ignitum,
3004 5648 3058 5695 et
3088 5651 3292 5697 vestem
3324 5643 3491 5697 albam
3521 5652 3616 5708 qua
3645 5633 3744 5703 glo-

2194 5725 2497 5784 riosissime
2522 5729 2806 5800 veStiatur,
2827 5732 3184 5805 etcollyrium
3209 5752 3316 5806 quo
3335 5729 3738 5808 recipiatvisum.
