3916 6288
235 298 280 355 ’17
1108 280 1447 342 EPISTOLA
1489 282 1577 339 VI.
1619 280 1711 339 AD
1750 277 2020 338 ΛΜΗ]οΜ
2059 275 2445 337 EGROTUM.
3352 274 3423 333 78

233 414 355 475 Habet
377 426 489 484 ergo
507 416 555 467 et
575 421 699 464 suos
725 405 912 462 oculos
940 405 1290 476 praeteristos
1304 402 1572 469 carnales,
1597 412 1730 470 quos
1758 400 1809 460 Α
1838 398 1980 451 niam
2012 395 2289 467 paululum
2320 394 2538 465 dejecto
2561 392 2713 450 velut
2732 392 2941 466 pariete
2970 392 3037 449 ad
3060 392 3211 449 illum
3242 392 3426 448 invisi-

234 506 440 584 putestvcl
464 504 696 565 amittere
726 502 813 558 vel
842 516 1063 556 curare:
1086 512 1138 555 et
1169 498 1422 569 estjuxta
1445 512 1504 551 se
1533 495 1728 559 nudus,

237 604 324 660 adeo
346 612 391 655 ut
415 610 556 671 egeat
580 598 942 652 vestimento:
976 593 1074 650 sed
1106 593 1243 648 miro
1274 590 1436 646 modo
1463 589 1527 644 ad
1562 587 1733 643 medi-

243 712 329 757 cum.
352 703 399 751 ut
424 695 527 762 ipse
550 692 622 745 ait
650 690 930 756 Dominus,
957 687 1220 759 loquitur,
1252 693 1307 740 et
1339 683 1491 754 jubet
1522 681 1670 737 illum
1700 695 1731 735 a

242 787 465 848 sedivitias
492 801 828 859 comparare.
862 783 1069 851 Quibus
1098 780 1371 836 mercibus
1396 780 1440 834 si
1471 785 1526 834 et
1558 776 1733 832 nudus

239 895 440 954 etpauper
474 890 584 947 est,
632 878 715 933 vel
765 878 911 933 illam
939 886 1145 931 vestem
1191 873 1608 938 nobilissimam,
1643 866 1733 923 vel

234 977 318 1031 illud
349 989 511 1029 aurum
556 980 845 1045 purgatum
873 968 983 1040 jam
1023 968 1147 1040 igne
1174 966 1540 1023 mercabitur?
1579 962 1735 1021 Unde

231 1067 462 1126 commercii
502 1066 626 1120 talis
666 1064 868 1136 poterit
907 1079 1027 1119 esse
1073 1059 1355 1132 impensa?
1390 1058 1644 1114 videlicet
1688 1056 1736 1111 si

230 1171 287 1217 aut
307 1159 550 1215 exterioris
581 1156 823 1213 hominis
852 1156 1219 1211 emolumenta
1248 1152 1598 1215 transfoveat,
1641 1156 1738 1204 aut

227 1256 312 1326 ipsis
339 1252 509 1323 quibus
548 1252 665 1321 ipse
705 1251 861 1305 dives
904 1248 1211 1305 forinsecus
1262 1247 1581 1309 videbatur,
1625 1258 1733 1297 non

228 1344 365 1402 utendo
396 1344 652 1400 ditescat:
696 1343 994 1414 oculosque
1032 1340 1306 1410 corporis,
1349 1336 1544 1408 quibus
1580 1350 1736 1390 mun-

228 1442 376 1497 dialium
418 1439 721 1511 rapiebatur
748 1437 965 1502 ardore,
1006 1436 1270 1507 despectu
1316 1442 1588 1502 corruptae
1619 1430 1738 1486 uni-

232 1537 426 1592 vcrsitatis
446 1533 704 1589 obcaecet.
726 1530 806 1586 Ita
822 1530 916 1585 ille
946 1529 1233 1585 invisibilis
1256 1527 1444 1592 homo,
1468 1525 1559 1595 qui
1584 1538 1730 1588 vere,

227 1640 262 1683 nt
280 1628 493 1693 diximus,
524 1624 693 1680 homo
722 1633 831 1689 est,
864 1629 921 1678 et
948 1624 1001 1677 in
1047 1630 1366 1690 contemptu
1396 1619 1558 1688 hujus
1584 1626 1736 1674 exte-

224 1720 332 1776 rioris
350 1718 618 1783 attollitur,
648 1730 702 1771 et
724 1716 967 1771 nuditate
983 1713 1234 1779 veStitur,
1257 1720 1306 1767 et
1343 1712 1589 1766 caecitate
1613 1708 1737 1763 illu-

1837 487 1999 543 bilem
2020 488 2296 541 lioniincm
2323 486 2691 556 disputatione
2707 486 2956 557 perveni)
2980 500 3179 555 corpus
3202 485 3430 540 omnino

1835 582 2144 647 destruere,
2179 580 2323 652 quod
2367 581 2503 635 adeo
2551 581 2730 652 magni
2770 590 2855 636 est
2903 578 3248 648 sacramenti,
3285 588 3343 634 ut
3371 578 3426 635 in

1839 675 1941 731 hoc
1968 674 2111 746 ipso,
2141 675 2191 730 id
2220 684 2325 739 est,
2357 673 2410 729 in
2434 684 2624 729 nostro
2642 673 2813 745 fragili
2843 683 2898 730 et
2926 673 3141 729 inﬁrmo
3167 672 3427 728 Dominus

1837 771 2071 835 venerit,
2098 782 2204 824 non
2238 769 2341 824 hoc
2381 770 2488 839 egi,
2522 779 2615 823 aut
2642 768 2745 823 hoc
2773 783 2876 839 ago
2907 786 2922 822 :
2956 768 3055 823 sed
3087 766 3217 824 illud
3248 775 3434 824 osten-

1840 862 1971 918 dere
2004 862 2231 927 tentavi,
2258 861 2420 931 hujus
2447 859 2737 915 exterioris
2760 861 2952 927 vitam,
2980 860 3124 915 illius
3153 860 3433 916 interioris

1838 958 1947 1011 vita
1992 955 2332 1012 consistere:
2370 954 2587 1023 iterum,
2630 953 2905 1009 interioris
2934 963 3167 1009 mortem
3198 952 3431 1013 descen-

1839 1048 1970 1105 dere
1998 1049 2158 1119 hujus
2189 1050 2257 1105 de
2289 1059 2502 1104 morte:
2537 1047 2626 1102 ubi
2659 1047 3006 1118 propinatum
3036 1062 3303 1103 venenum
3332 1060 3433 1117 per

1840 1146 1968 1201 vitia
2002 1143 2181 1214 fuerit,
2215 1144 2350 1199 nihil
2392 1143 2594 1199 habere
2620 1142 2781 1197 istum
2813 1141 2883 1200 de
2906 1144 3011 1199 vita
3046 1160 3059 1197 :
3090 1142 3193 1199 nisi
3238 1142 3432 1199 abillo

1840 1239 2101 1309 irrigatus
2126 1237 2312 1302 fuerit,
2330 1238 2467 1293 nihil
2495 1246 2715 1293 tenere:
2744 1236 3085 1307 alterumque
3107 1241 3157 1292 in
3181 1244 3429 1293 naturam

1840 1333 2085 1400 alterius,
2143 1342 2200 1387 ut
2224 1332 2359 1397 dixi,
2391 1342 2490 1387 aut
2530 1330 2792 1387 infectum
2827 1331 2993 1399 vitiis,
3036 1340 3127 1386 aut
3154 1330 3429 1387 detersum

1840 1427 2040 1482 virtute
2065 1426 2316 1483 transire.
2339 1423 2510 1496 Igitur
2540 1423 2797 1493 quoniam
2824 1423 2935 1494 jam
2966 1431 3021 1479 et
3046 1423 3135 1479 ubi
3160 1422 3431 1490 sithomo,

1840 1528 1895 1573 et
1935 1520 2063 1589 quid
2109 1520 2181 1573 sit
2209 1518 2395 1583 homo,
2426 1519 2665 1572 breviter
2714 1516 2842 1571 licet
2870 1515 3111 1585 ostendi,
3144 1530 3265 1585 qua:
3292 1530 3441 1571 nunc

1840 1610 1960 1682 ejus
1986 1610 2221 1666 hominis
2248 1612 2356 1665 vita
2390 1611 2484 1675 sit,
2521 1610 2826 1666 videamus.

1911 1703 1976 1759 ll.
2018 1703 2073 1760 Si
2122 1704 2269 1759 enim
2315 1704 2421 1759 ista
2463 1713 2614 1759 certe
2644 1703 2936 1759 mundialis
2965 1704 3099 1772 vita,
3133 1719 3254 1775 quae
3297 1705 3438 1761 mala

223 1815 403 1868 minatur.
425 1811 511 1866 Sic
537 1810 731 1877 Jacob,
766 1809 1028 1881 Ephraim
1059 1819 1112 1863 et
1142 1808 1451 1873 Manassen,
1473 1810 1730 1877 nepotum
1762 1796 1813 1857 B
1840 1813 1936 1869 pro
1956 1799 2113 1853 bonis
2134 1799 2316 1859 habet,
2348 1807 2405 1854 et
2425 1797 2567 1853 bona
2598 1813 2695 1867 pro
2718 1798 2897 1860 malis,
2928 1814 3089 1868 quam
3118 1806 3263 1854 totus
3289 1800 3439 1855 orbis

223 1923 390 1973 tuorum,
421 1922 522 1961 non
551 1905 732 1961 solum
782 1904 922 1971 loca,
961 1918 1148 1958 verum
1181 1903 1343 1957 etiam
1378 1901 1588 1965 merita,
1616 1913 1738 1954 cor-

222 2014 325 2070 porea
345 1999 570 2054 caecitate
600 1997 862 2055 cernebat
897 1995 1054 2070 (Gen.
1084 2010 1270 2059 vaut,
1303 1994 1417 2066 14).
1446 1992 1581 2047 Nam
1613 2006 1735 2046 cum

226 2092 319 2145 illum
342 2090 524 2162 Joseph
558 2090 711 2146 filius
765 2105 917 2155 suus,
962 2090 1053 2160 qui
1099 2087 1443 2158 supradictus
1481 2083 1740 2154 parvulos

230 2184 422 2252 olicrebat,
474 2200 576 2241 nec
629 2196 755 2239 ante
808 2182 975 2253 pedes
1020 2198 1152 2237 suos
1200 2193 1423 2234 cernere
1449 2176 1737 2249 iudicaret,

226 2277 329 2331 sensit
353 2280 394 2331 in
434 2277 686 2348 parentis
720 2272 1080 2345 responsione
1124 2273 1278 2328 illum
1309 2272 1473 2327 etiam
1504 2285 1625 2341 qua:
1658 2281 1745 2323 es-

217 2382 293 2424 svnt
321 2369 496 2434 futura,
550 2369 893 2441 prospicere.
940 2367 1048 2423 Sed
1082 2374 1141 2422 ut
1180 2367 1273 2421 ille
1312 2366 1540 2420 interior
1579 2362 1741 2417 homo

215 2466 469 2519 exteriorem
494 2464 663 2518 islttttt
692 2462 819 2516 facit
843 2475 938 2516 sua
967 2461 1074 2515 vita
1101 2460 1400 2524 viventem,
1425 2465 1481 2512 et
1506 2455 1573 2511 de
1594 2454 1744 2509 fonte

212 2569 359 2611 natura:
388 2572 491 2613 suae
521 2554 739 2611 animat
768 2553 1084 2626 irrigando;
1136 2552 1215 2607 sic
1258 2563 1471 2606 rursum
1500 2546 1744 2603 exterior

210 2655 643 2726 percorruptelam
688 2652 986 2708 mortifera:
1032 2649 1278 2705 materiei
1324 2661 1462 2711 suae,
1505 2644 1659 2699 illum
1698 2641 1745 2695 si

206 2748 533 2818 cupiditatibus
566 2746 776 2803 illicitis
800 2745 1058 2814 alligarit,
1090 2742 1312 2799 occidit.
1346 2740 1415 2795 Et
1454 2754 1577 2793 cum
1608 2737 1746 2790 alter

205 2856 365 2901 mturte
406 2846 659 2902 videatur
700 2841 943 2908 alterius,
990 2839 1187 2895 transit
1232 2838 1284 2892 in
1323 2833 1545 2890 victoris
1582 2844 1748 2886 unus-

205 2937 385 3007 quisque
410 2935 799 3002 snbstantiam,
834 2944 890 2989 ut
918 2944 1015 2988 aut
1042 2930 1317 2986 carnalem
1347 2940 1562 2999 quoque
1588 2923 1751 2995 spiri—

203 3031 321 3084 tualis
347 3031 680 3101 spiritualcm
713 3026 827 3083 suis
852 3024 1147 3081 virtutibus
1171 3029 1413 3093 praestet,
1443 3025 1534 3073 aut
1557 3028 1748 3071 carnao

200 3121 275 3178 lem
300 3127 513 3179 animam
541 3139 675 3179 caro
702 3121 901 3177 victrix
931 3118 1052 3188 ejus
1082 3114 1309 3172 efliciat.
1346 3112 1592 3182 Denique
1622 3123 1745 3165 cum

1842 1892 2091 1962 sequitur
2132 1903 2188 1947 et
2216 1892 2371 1961 colit,
2405 1907 2510 1947 non
2554 1890 2672 1947 haec
2717 1891 2771 1946 in
2803 1891 3077 1948 afﬂuentia
3123 1892 3434 1949 divitiarum

1843 1994 1946 2050 est,
1992 2000 2097 2039 non
2133 1985 2182 2038 in
2234 1984 2448 2054 fastigio
2478 1984 2760 2054 potentiae,
2795 2001 2902 2040 non
2948 1984 3000 2040 in
3040 1984 3440 2055 iurisdictionis

1843 2084 1985 2141 astu,
2018 2092 2123 2131 non
2157 2077 2211 2130 in
2250 2076 2614 2146 pompositate
2660 2076 2946 2143 facundiae.
2991 2092 3101 2133 non
3147 2079 3199 2133 in
3234 2077 3441 2135 viribus

1846 2182 1945 2239 per
1975 2168 2160 2240 praelia
2184 2167 2458 2239 gloriosis,
2487 2184 2594 2223 non
2628 2169 2680 2222 in
2706 2169 3007 2235 mercibus,
3037 2172 3438 2240 provinciarum

1844 2262 2147 2317 mutatione
2165 2271 2220 2317 et
2242 2264 2323 2318 sui
2355 2262 2799 2335 peregrinatione
2829 2267 3227 2327 crescentibus,
3254 2268 3440 2323 nonin

1846 2353 2125 2410 lenocinio
2156 2352 2474 2420 formarum,
2509 2372 2616 2411 non
2648 2356 2704 2411 in
2738 2356 2941 2412 ambitu
2988 2373 3299 2428 munerum,
3333 2376 3441 2416 non

1845 2446 1902 2501 in
1949 2445 2032 2501 his
2064 2457 2144 2502 est
2174 2447 2409 2518 denique
2441 2448 2698 2503 omnibus
2724 2464 2846 2519 qua:
2877 2447 3157 2518 videmus;
3187 2453 3444 2520 quoniam

1846 2554 2039 2597 Cuncta
2072 2540 2187 2597 bzcc
2215 2542 2493 2608 occidunt,
2526 2552 2580 2596 et
2606 2543 2725 2597 sine
2756 2543 2873 2598 istis
2898 2543 3055 2600 beate
3086 2545 3251 2600 etiam
3292 2546 3445 2617 juxta

1849 2633 2132 2699 saeculum,
2163 2633 2273 2688 vivi
2304 2635 2466 2690 solet.
2511 2633 2618 2690 Sed
2654 2635 2743 2689 illa
2770 2645 2854 2691 est
2883 2637 2993 2692 vita
3033 2653 3186 2709 vera,
3215 2641 3325 2694 vita
3356 2655 3451 2696 ve-

1850 2724 2112 2792 neranda,
2144 2724 2315 2780 Deum
2345 2741 2529 2793 nosse,
2558 2726 2753 2783 timere
2770 2729 2890 2798 ejus
2913 2732 3232 2800 potentiam,
3262 2749 3448 2790 amaro

1852 2817 2131 2888 pietatem,
2152 2818 2418 2873 mundum
2448 2820 2498 2873 in
2529 2819 2724 2891 opiﬂce
2746 2821 2957 2891 mirari,
2983 2822 3443 2895 interpellatorem

1850 2921 2226 2979 contemnere,
2259 2929 2382 2970 esse
2409 2914 2555 2970 victu
2583 2915 2796 2971 modico
2826 2932 2927 2987 pro
2967 2928 3178 2975 naturae
3207 2924 3448 2978 necessi-

1853 3017 1962 3061 tate
1992 3017 2331 3076 contentum,
2368 3018 2520 3064 veste
2548 3009 2640 3064 vili
2685 3011 2768 3065 vel
2813 3026 2911 3081 pro
2956 3013 3179 3084 pudoris
3212 3016 3445 3084 ratione,

1852 3098 1940 3155 vel
1969 3115 2065 3170 pro
2095 3102 2350 3171 temporis
2388 3100 2582 3171 injuria
2612 3105 3029 3161 communitum.
3064 3107 3154 3162 Sic
3182 3108 3446 3179 reliquam

202 3215 411 3271 Dominus
447 3216 656 3271 diluvio
690 3214 879 3269 delere
927 3212 1224 3265 humanum
1273 3219 1446 3279 genus
1481 3202 1748 3273 cogitaret
1771 3179 1817 3241 (ἶ
1851 3202 2183 3260 creaturam.
2218 3211 2325 3250 non
2355 3210 2420 3251 ex
2462 3198 2542 3251 sui
2572 3197 2747 3267 copia,
2783 3199 2867 3254 vel
2901 3215 2997 3270 pro
3036 3202 3185 3256 vitali
3218 3207 3451 3269 ratione.

200 3309 363 3365 intus:
394 3308 511 3365 Non
538 3306 883 3381 permanebit,
918 3304 1116 3374 inquit,
1141 3300 1371 3372 Spiritus
1395 3313 1537 3352 meus
1564 3296 1620 3349 in
1649 3291 1746 3346 ho—

199 3405 395 3471 minibus,
419 3404 666 3472 quoniam
696 3416 817 3455 caro
844 3407 963 3453 sunt
998 3393 1155 3469 (Gen.
1190 3408 1264 3459 vt,
1293 3391 1373 3463 '5).
1409 3390 1474 3444 Et
1498 3388 1622 3460 quia
1644 3384 1751 3441 uti-

200 3512 281 3567 que
303 3515 473 3556 omnes
501 3511 675 3552 carne
704 3493 993 3559 vestimnr,
1035 3500 1092 3544 et
1120 3487 1242 3543 sine
1272 3483 1440 3539 dubio
1487 3482 1541 3537 in
1586 3492 1751 3535 carne

200 3605 281 3647 non
314 3608 509 3658 sumus,
538 3590 637 3662 qui
665 3604 772 3643 non
796 3582 1098 3641 secundum
1127 3594 1352 3636 carnem
1383 3573 1747 3641 ambulamus,

201 3683 295 3740 hinc
316 3688 462 3742 etiam
493 3684 760 3756 gignitur,
788 3690 843 3734 ut
878 3693 985 3733 non
1008 3689 1224 3745 semper
1253 3672 1419 3727 homo
1447 3670 1551 3724 isto
1566 3666 1753 3737 appel-

200 3778 375 3836 lationis
414 3780 640 3835 nomine
680 3784 991 3833 censeatur.
1024 3769 1157 3826 Nam
1191 3783 1290 3839 pro
1316 3763 1611 3821 virtutibus
1640 3762 1753 3816 suis

202 3884 271 3929 aut
290 3876 437 3945 vitiis,
468 3886 523 3930 et
553 3874 760 3929 formas
806 3867 969 3924 sumit
1017 3875 1071 3923 et
1111 3862 1354 3920 nomina.
1394 3856 1635 3928 Denique
1679 3853 1754 3909 ait

204 3964 449 4037 Propheta:
470 3967 653 4021 Nolite
663 3963 779 4034 ﬁeri
800 3962 932 4016 sicut
952 3976 1111 4031 equus
1124 3966 1169 4013 et
1190 3955 1362 4011 mulus
1378 3950 1491 4025 (Ps.
1508 3965 1653 4015 χχιι,
1669 3946 1751 4019 9).

206 4057 303 4114 Sunt
324 4077 441 4132 ergo
471 4057 727 4114 homines
758 4053 851 4125 qui
887 4051 1028 4123 apud
1062 4049 1350 4106 Dominum
1386 4056 1511 4101 sunt
1548 4041 1671 4113 equi
1701 4049 1757 4095 et

206 4154 317 4208 muli.
356 4154 414 4207 iit
454 4151 719 4206 Dominus
764 4148 873 4201 ait:
916 4144 1098 4199 Nolite
1145 4140 1396 4214 projicere
1444 4133 1755 4208 margaritas

205 4256 353 4300 vestras
371 4258 486 4302 ante
506 4258 699 4317 porcos
718 4237 937 4313 (Matth.
956 4253 1050 4301 vn,
1076 4235 1156 4307 6).
1184 4235 1322 4291 Sunt
1348 4244 1483 4302 ergo
1509 4227 1757 4283 homines

203 4351 243 4392 et
260 4343 406 4411 porci.
444 4340 511 4395 Et
541 4338 742 4392 iterum
796 4335 912 4403 ipse
956 4331 1249 4387 Dominus:
1302 4325 1437 4381 Ecce
1482 4339 1574 4395 ego
1610 4320 1757 4375 mitto

206 4444 269 4485 tot
290 4434 406 4486 sicut
433 4449 550 4487 oves
594 4430 649 4483 in
680 4426 849 4481 medio
880 4427 1120 4494 luporum
1152 4421 1341 4494 (Ibid,
1370 4435 1483 4486 xu,
1515 4414 1588 4489 6).
1620 4416 1760 4471 Sunt

204 4537 303 4594 ergo
326 4526 568 4580 homines
593 4528 651 4579 et
671 4518 811 4588 lupi;
856 4526 914 4572 et
942 4516 1249 4572 econtrario
1276 4512 1529 4567 homines
1558 4515 1685 4563 sunt
1704 4515 1759 4561 et

1851 3286 1948 3343 sed
1993 3302 2091 3358 pro
2140 3287 2453 3358 adjumento
2502 3287 2664 3359 hujus
2698 3291 2833 3347 lucis
2862 3293 3149 3364 attingere.
3182 3295 3455 3366 Quidquid

1851 3381 1995 3437 enim
2048 3381 2280 3451 amplius
2330 3389 2432 3446 est,
2484 3395 2513 3435 τι
2565 3382 2708 3438 malo
2751 3393 2855 3450 est,
2910 3401 3128 3442 omnem
3176 3387 3449 3452 hominen.

1854 3488 2039 3530 amare
2076 3475 2227 3545 quasi
2263 3474 2509 3541 fratrem,
2546 3476 2747 3531 nullum
2784 3478 3002 3547 laedere,
3036 3481 3243 3538 servire
3275 3484 3454 3539 omni.

1856 3569 1976 3637 bus,
2013 3568 2245 3624 formam
2272 3569 2413 3623 servi
2437 3568 2709 3626 sustinere
2735 3584 2855 3626 cum
2887 3573 3139 3641 Domino,
3172 3577 3262 3645 qui
3291 3578 3451 3632 nobis

1856 3672 2059 3732 praeter
2092 3660 2475 3725 ministerium,
2508 3662 2653 3732 quod
2686 3664 2913 3720 interius
2940 3667 3270 3735 continetur,
3317 3683 3457 3739 quo-

1860 3756 1993 3812 tidie
2025 3757 2193 3812 servit
2226 3756 2277 3810 in
2314 3757 2515 3813 mundo
2548 3756 2901 3825 producendo
2931 3760 3125 3828 solem,
3157 3760 3459 3818 emittenda

1859 3850 2059 3917 lucem,
2088 3848 2295 3919 pluvias
2317 3847 2676 3915 infundendo,
2702 3859 2945 3921 tempora
2968 3852 3249 3921 varianda,
3274 3853 3457 3927 fruges

1861 3943 1949 4000 vel
1980 3943 2275 4015 gignendo,
2310 3944 2394 3999 vel
2442 3944 2788 4000 maturanda.
2841 3943 3008 4001 Nobis
3036 3948 3179 4002 enim
3210 3950 3261 4003 in
3294 3951 3460 4005 totius

1858 4047 2129 4095 creatum
2181 4036 2341 4104 facie,
2373 4036 2457 4091 vel
2484 4036 2735 4093 ubertate
2774 4036 3038 4107 deservit,
3071 4042 3324 4111 quoniam
3361 4057 3461 4114 pro

1863 4129 2018 4187 nobis
2045 4138 2235 4186 cuncta
2260 4129 2564 4200 generavit.
2596 4128 2704 4185 Sed
2730 4137 2788 4185 ut
2815 4130 2883 4186 ad
2909 4131 3148 4187 hominis
3174 4133 3350 4189 officia
3370 4149 3458 4191 re-

1862 4236 2158 4288 vertamur,
2191 4222 2393 4278 nudum
2438 4231 2641 4295 tegere,
2673 4224 2821 4281 alere
2859 4226 3216 4295 esurientem,
3263 4229 3454 4286 sitien-

1864 4327 1977 4375 tem
2015 4327 2226 4390 potare,
2275 4316 2521 4372 intirmos
2564 4316 2805 4385 visitare,
2856 4318 3101 4374 tristibus
3144 4321 3458 4391 condolere,

1864 4421 2110 4468 mortuos
2142 4410 2399 4481 sepelire,
2442 4409 2578 4464 nihil
2608 4409 2748 4479 apud
2778 4425 2837 4465 se
2867 4410 3070 4468 habere
3094 4415 3247 4484 quasi
3276 4430 3458 4485 suum,

1864 4505 1958 4561 sed
1988 4504 2169 4562 omnia
2198 4519 2294 4558 sua
2323 4518 2446 4558 eum
2478 4502 2732 4557 omnibus
2756 4503 3004 4573 judicare
3035 4509 3362 4577 communia,
3397 4526 3461 4567 ac

205 4578 321 4670 ov‘es.
351 4616 411 4673 Et
433 4618 506 4673 ait
526 4617 708 4672 adhuc
734 4578 998 4671 Dominus
1022 4610 1185 4667 Petro
1214 4624 1227 4660 :
1263 4604 1426 4659 Pasce
1464 4616 1580 4655 oves
1618 4615 1756 4653 meas
1778 4578 1833 4641 Ῑ)
1862 4607 1988 4653 tunc
2011 4598 2182 4667 magis
2209 4596 2308 4650 sibi
2334 4596 2536 4661 vivere,
2556 4609 2677 4648 cum
2693 4594 2881 4650 vivere
2902 4598 3205 4654 aestimatur
3226 4601 3369 4672 aliis,
3386 4605 3461 4660 si-

207 4708 351 4781 (Joau.
381 4730 491 4778 xxi,
528 4714 619 4784 Π)
652 4730 667 4767 :
701 4721 755 4767 et
788 4711 903 4781 ipse
934 4706 1118 4778 prius:
1154 4701 1285 4756 Veni
1318 4704 1434 4772 post
1460 4712 1559 4759 me,
1603 4700 1651 4747 et
1676 4691 1758 4762 fa-

207 4804 311 4858 ciam
334 4816 377 4861 te
406 4810 715 4878 piscatorem
745 4804 1015 4859 hominum
1044 4795 1265 4870 (Matth.
1308 4808 1423 4859 xxv,
1468 4784 1579 4857 l9).
1619 4784 1758 4841 Sunt

207 4912 310 4970 ergo
335 4901 575 4958 homines
604 4910 660 4957 et
708 4899 906 4970 pisces.
942 4892 1050 4951 Sed
1081 4892 1169 4946 ha:
1200 4887 1393 4943 forma:
1419 4891 1636 4938 actuum
1678 4878 1760 4935 vi-

209 4988 369 5048 dentur
413 5009 557 5063 esse,
610 5009 716 5048 non
767 5001 1083 5061 corporum.
1116 4983 1249 5038 Nam
1290 4974 1540 5047 corporis
1587 4972 1759 5029 nostri

211 5096 360 5142 certus
385 5101 464 5143 est
495 5097 687 5152 status,
719 5094 781 5140 ut
807 5082 1050 5139 omnium
1081 5075 1468 5132 animantium:
1493 5067 1588 5125 sed
1618 5082 1754 5139 quo-

216 5178 329 5233 niam
368 5181 503 5253 apud
549 5181 713 5237 Deum
745 5194 852 5235 non
892 5175 962 5232 de
988 5183 1129 5229 statu
1157 5167 1405 5253 corporis
1436 5163 1629 5228 nostri,
1663 5160 1758 5217 sed

215 5268 266 5326 de
288 5274 396 5329 vita
418 5274 625 5330 meritis
642 5272 979 5342 judicamur,
1003 5274 1227 5340 apparet
1251 5276 1470 5318 omnem
1486 5256 1759 5313 hominem

216 5376 362 5425 mente
387 5382 483 5422 sua
510 5367 613 5423 sibi
640 5367 743 5435 ipsi
772 5372 975 5420 statum
1006 5372 1316 5429 nomenque
1334 5353 1588 5409 formare.
1608 5347 1764 5416 Quod

218 5459 366 5530 utique
390 5479 453 5518 ex
479 5462 623 5517 illius
643 5476 803 5530 quem
826 5456 1186 5514 describimus
1210 5450 1490 5506 invisibilis
1505 5443 1764 5509 hominis,

220 5563 289 5606 aut
309 5556 452 5627 culpa
485 5566 579 5612 aut
601 5557 802 5611 virtute
830 5560 1139 5623 praestatur.
1182 5546 1355 5618 Ipsius
1386 5541 1655 5614 siquidem
1688 5539 1772 5593 vi-

224 5647 328 5702 tium
362 5660 461 5712 est,
492 5650 541 5704 si
568 5649 844 5719 subjectus
872 5659 1064 5718 passus
1106 5642 1179 5698 sit
1213 5654 1334 5695 esse
1367 5637 1672 5706 subjectus;
1724 5630 1770 5686 si

228 5749 381 5795 contra
408 5740 653 5798 divinam
682 5739 1099 5812 dispositionem
1133 5735 1202 5790 sit
1242 5734 1293 5787 in
1339 5729 1617 5788 dominatu
1662 5739 1776 5782 ser-

229 5824 363 5899 titus,
381 5840 430 5890 et
455 5830 511 5889 in
536 5830 799 5891 servitute
819 5829 1151 5889 dominatus.
1178 5823 1289 5886 Sed
1317 5838 1385 5882 ne
1403 5820 1588 5880 videar
1616 5818 1778 5894 (quo-

1860 4692 2024 4763 hique
2047 4689 2347 4745 rec0ndcre
2366 4704 2487 4743 cum
2512 4688 2631 4742 aliis
2658 4688 3153 4760 crediturcrogare.
3174 4692 3464 4751 Ethaeeta.

1862 4797 1987 4838 men
2006 4780 2182 4835 adhuc
2193 4778 2482 4835 exterioris
2507 4776 2742 4833 hominis
2771 4779 3098 4838 lineamenta
3118 4786 3458 4856 contingunt.

1936 4874 2025 4931 Ill.
2068 4873 2341 4930 Caeterum
2391 4872 2481 4927 illa
2514 4871 2790 4928 interioris
2820 4871 3058 4929 hominis
3086 4876 3193 4932 vita
3237 4879 3291 4933 in
3321 4880 3464 4937 divi.

1866 4985 2059 5027 narum
2092 4982 2273 5023 rerum
2305 4963 2618 5037 cognitione
2662 4964 2949 5022 consistit:
2980 4984 3085 5024 non
3131 4984 3235 5040 qua
3264 4974 3461 5032 caelum

1870 5074 2030 5119 terrae
2062 5069 2216 5131 parte
2244 5058 2517 5123 volvatur,
2552 5073 2658 5112 non
2686 5073 2754 5113 an
2786 5059 3063 5115 contrario
3093 5078 3259 5119 cursu
3283 5066 3462 5124 sidera

1870 5156 2172 5227 rapiantur,
2204 5168 2311 5208 non
2341 5166 2408 5206 an
2451 5151 2669 5207 Oceano
2694 5160 2917 5221 generet
2946 5151 3231 5221 plenitudo
3258 5157 3467 5216 lunaris

1873 5259 2246 5323 augmentum,
2294 5260 2399 5302 non
2439 5259 2509 5299 an
2545 5243 2731 5298 orbem
2777 5242 2961 5298 mundi
3003 5248 3310 5308 rotunditas
3348 5254 3465 5323 ipsa

1878 5341 2194 5414 suspendat,
2225 5354 2292 5392 an
2316 5334 2685 5407 quadriforma
2713 5333 2926 5406 angulis
2949 5337 3465 5407 prominentioribus

1879 5436 2165 5506 astringat,
2195 5447 2261 5487 an
2292 5445 2430 5484 unus
2476 5428 2595 5500 ipse
2621 5426 2858 5484 mundus
2888 5428 2983 5495 sit,
3025 5446 3093 5486 an
3126 5432 3305 5501 plures
3333 5436 3467 5493 sint.

1875 5530 2013 5588 Nam
2042 5529 2158 5583 haec
2184 5525 2250 5580 ad
2280 5523 2477 5579 anima:
2505 5538 2613 5577 non
2647 5520 2876 5577 tendunt
2904 5521 3215 5589 utilitatem.
3242 5535 3296 5582 et
3320 5531 3466 5600 apud

1879 5626 2048 5682 Deum
2088 5621 2249 5677 stulta
2277 5616 2628 5689 judicantur:
2662 5613 2757 5671 sed
2787 5614 2840 5669 in
2868 5614 2973 5669 illis
3010 5616 3157 5669 sanis
3186 5619 3469 5690 cogitatio-

1882 5720 2068 5786 nibus,
2118 5718 2162 5771 si
2210 5711 2424 5783 quando
2454 5718 2727 5779 versatur,
2761 5716 2889 5763 tunc
2930 5707 3085 5771 vivit,
3118 5718 3173 5763 et
3211 5715 3469 5782 pascitur,

1882 5812 2014 5886 Quae
2057 5816 2186 5871 sunt
2220 5816 2399 5865 autem
2443 5804 2560 5862 ista:
2596 5817 2745 5862 sanae
2792 5794 3181 5876 cogitationes?
3219 5803 3332 5869 ωε
3358 5806 3476 5869 ιιι».
