3916 6288
525 207 594 268 79
1568 209 1625 268 s.
1675 205 2054 266 lltERONYMl
2095 205 2379 264 eranum
2418 202 2782 264 MAN-TlSSA.
3706 218 3766 277 εο

521 329 708 400 dubio,
755 345 877 387 cum
923 345 1076 388 mens
1125 337 1308 388 nostra
1349 327 1434 384 sui
1470 327 1790 384 recordatur
1835 325 2109 382 auctoris:
2140 328 2191 389 Α

523 439 642 479 cum
686 423 834 478 illum
879 423 1028 479 velut
1061 438 1158 492 per
1199 420 1486 492 quamdam
1521 419 1953 487 resipisccntiam
2005 418 2108 485 sui,

519 514 766 584 opificem
798 529 956 569 suum
998 522 1314 578 veneratur,
1363 529 1425 566 ae
1455 519 1748 566 contuetur
1781 530 1792 564 :
1840 527 1964 566 cum
1996 509 2116 580 ejus

519 622 706 676 Opera,
748 607 922 676 ipsum
961 608 1014 662 in
1055 607 1176 676 ejus
1211 607 1471 677 Oper-ibus
1512 607 1692 658 visura
1739 605 1986 669 miratur,
2033 605 2112 657 di-

519 711 676 758 cente
712 702 869 756 beato
909 699 1075 755 Paulo
1109 719 1123 754 :
1157 698 1454 754 Iitvisibilia
1489 701 1622 752 enim
1657 700 1768 769 ejus
1807 715 1838 750 a
1875 705 2113 752 creatura

515 795 717 863 mutuli,
750 811 839 866 per
869 811 926 848 ea
949 810 1065 865 qua:
1092 795 1231 865 facta
1258 801 1376 846 sunt
1408 790 1674 846 intellecta
1697 790 2106 859 conspiciuntur,

516 900 563 944 et
577 889 888 958 sempiterna
903 904 1106 958 quoque
1119 889 1231 959 ejus
1249 885 1407 938 virtus
1424 894 1468 938 et
1486 885 1726 938 divinitas
1743 883 1918 956 (Rom.
1937 899 1974 947 l,
1991 881 2106 954 20):

516 978 570 1035 id
603 991 706 1043 est,
753 993 875 1033 cmn
917 994 981 1034 ex
1034 977 1318 1032 immensis
1361 976 1662 1030 visibilibus
1703 984 1997 1040 creatum,
2039 974 2107 1027 ad

514 1074 928 1129 universitatem
980 1071 1269 1126 invisibilis
1308 1070 1588 1126 Creatoris
1636 1070 2004 1133 extendimur,
2053 1079 2107 1122 et

513 1169 666 1224 illum
709 1183 805 1239 per
836 1168 953 1223 haec
996 1166 1124 1222 dum
1158 1165 1591 1220 intesnmabilem
1637 1165 1919 1231 discimus,
1959 1162 2106 1218 testi-

511 1280 744 1330 mamus,
787 1279 910 1318 eum
951 1261 1066 1331 ejus
1105 1261 1446 1315 altitudinem
1496 1275 1590 1330 per
1631 1260 1829 1313 donum
1873 1258 2104 1328 Spiritus

511 1360 681 1416 sancti
713 1359 1028 1414 evolventes
1059 1355 1334 1428 (quoniam
1369 1355 1484 1425 ipse
1511 1354 1660 1408 solus
1687 1368 1782 1408 nos
1815 1354 1867 1407 in
1899 1353 2096 1422 ipsum,

511 1453 606 1523 qui
628 1469 694 1508 ex
722 1451 842 1521 ipso
870 1461 954 1506 est
987 1449 1300 1504 intromittit
1332 1447 1513 1502 omnia
1544 1446 1805 1516 principia
1833 1451 2100 1499 creatura:

508 1545 803 1615 surgentis)
847 1543 1000 1614 quasi
1047 1540 1172 1597 facti
1204 1542 1273 1595 ab
1305 1541 1420 1611 ipso
1452 1539 1757 1594 anteriores
1781 1535 2096 1607 aSpieimus,

506 1651 562 1698 et
590 1657 710 1696 cum
742 1655 802 1694 ea
835 1655 956 1710 qum
987 1638 1133 1694 Deus
1184 1635 1332 1702 fecit,
1364 1636 1515 1706 quasi
1569 1633 1729 1688 faciat
1782 1632 1980 1695 adhuc,
2016 1632 2097 1684 iu-

2292 323 2683 379 lV.Vidcamus
2706 335 2882 379 tamen
2904 330 3164 395 quantum
3197 321 3273 379 illi
3304 331 3548 396 prmterea
3576 331 3766 404 applau-

2218 418 2312 470 dat
2340 415 2641 486 benignitas
2665 415 2962 484 Creatoris,
2984 432 3103 488 qua:
3131 432 3236 472 non
3266 417 3412 473 illum
3439 418 3502 476 de
3530 421 3764 482 sideribus

2219 509 2400 564 effecit
2433 552 2446 575 ,
2480 510 2734 580 quoniam
2767 511 2809 565 si
2839 520 2986 566 esset
3021 509 3148 566 inde
3175 519 3390 566 creatus
3413 555 3428 576 ,
3467 511 3531 569 de
3555 519 3766 574 materia:

2219 603 2397 670 potius
2425 604 2671 658 claritate
2697 646 2713 668 ,
2747 619 2910 675 quam
2942 605 3009 660 de
3040 604 3266 660 artiﬁcis
3297 605 3591 677 dignatione
3612 609 3763 680 polle-

2215 708 2332 763 ret,
2367 712 2488 752 cam
2520 698 2697 752 minor
2719 696 2833 769 ipse
2862 698 2945 753 sui
2973 698 3221 773 corporis
3252 698 3457 770 origine
3486 699 3763 771 videretur,

2214 793 2258 844 si
2300 790 2368 845 de
2394 789 2710 847 cmlcstibus
2738 793 2912 846 tactus
2939 791 3004 846 ad
3038 801 3307 847 terrarum
3336 791 3530 847 cultum
3553 793 3766 851 deduce-

2213 894 2363 938 retur
2391 882 2453 936 ad
2483 891 2657 937 terras
2682 900 2694 936 :
2719 884 2806 939 cui
2837 892 2984 940 esset
3003 885 3294 956 gloriosius
3321 899 3441 940 mox
3466 885 3684 942 futurum
3707 887 3767 945 de

2212 973 2376 1029 humo
2403 977 2694 1030 excitatum
2751 975 3021 1032 sideribus
3051 977 3276 1048 imponi.
3305 977 3468 1033 Suum
3491 1022 3505 1045 ,
3533 980 3729 1049 inquam
3751 1024 3766 1050 ,

2211 1066 2355 1124 Deus
2381 1079 2564 1123 noster
2590 1112 2605 1137 ,
2640 1084 2794 1123 suum
2826 1072 3045 1142 pr0prie
3080 1070 3247 1126 voluit
3273 1086 3396 1126 esse
3421 1072 3554 1142 quod
3574 1089 3759 1138 sumus.

2210 1162 2345 1218 nihil
2397 1164 2672 1225 materim.
2720 1163 2854 1218 nihil
2901 1163 3227 1234 elementis,
3285 1163 3418 1219 nihil
3467 1165 3768 1235 quibuslibet

2207 1256 2508 1326 principiis.
2539 1259 2620 1312 vel
2651 1259 2882 1329 magnis,
2911 1259 2995 1314 vel
3025 1257 3261 1313 minimis
3290 1273 3388 1312 nos
3413 1256 3622 1315 debere.
3644 1259 3760 1328 Quae

2206 1359 2402 1406 cuncta
2451 1351 2496 1406 si
2541 1360 2819 1419 retractet,
2875 1361 2930 1407 et
2974 1352 3029 1406 in
3071 1367 3131 1406 se
3174 1367 3327 1407 mens
3370 1365 3624 1407 conversa
3651 1367 3769 1408 eou-

2205 1442 2447 1509 sideret,
2499 1459 2564 1499 ex
2606 1444 2807 1499 nostris
2837 1443 2973 1498 fiunt
3004 1444 3369 1500 moderatiora
3398 1452 3452 1500 et
3481 1445 3761 1516 angustiora

2204 1538 2539 1606 primordiis.
2563 1538 2631 1594 At
2657 1539 2746 1594 ubi
2777 1554 2874 1609 per
2901 1548 3206 1594 contactum
3241 1539 3453 1594 formati
3488 1555 3667 1594 manus
3684 1539 3768 1594 Dei

2204 1629 2502 1685 desivimus
2526 1646 2648 1686 esse
2679 1630 2822 1700 quod
2864 1631 3062 1686 fuimus
3087 1672 3103 1698 ,
3150 1641 3206 1687 et
3244 1631 3297 1686 in
3330 1647 3522 1686 novam
3553 1632 3770 1687 materia:

505 1746 758 1790 tuemur:
790 1733 1087 1802 mundique
1123 1741 1289 1784 totam
1322 1729 1588 1798 originem
1631 1732 2091 1792 transcurrentes,
2127 1722 2172 1782 Β
2202 1724 2514 1793 qualitatem
2551 1725 2875 1795 subjaceus,
2908 1723 3087 1794 Opiﬁci
3115 1739 3214 1778 suo
3238 1739 3337 1796 per
3369 1721 3617 1780 elementi
3645 1740 3762 1779 eon-

504 1843 602 1884 seu
627 1827 961 1895 antiquiores
986 1823 1253 1880 eflieimur
1276 1838 1436 1892 quam
1469 1835 1654 1874 smnus
1677 1828 1835 1875 :ctate
1859 1837 1870 1870 :
1895 1829 2092 1874 etcum

505 1921 756 1983 universa
791 1917 936 1988 prius
959 1932 1117 1987 quam
1152 1930 1249 1969 nos
1280 1929 1526 1970 essemus
1556 1912 1747 1968 effecta
1777 1910 1905 1978 sint,
1937 1919 2094 1964 natu-

501 2031 617 2072 ram
659 2024 840 2068 tamen
885 2011 1152 2074 omnium,
1198 2009 1347 2078 quasi
1383 2023 1480 2076 per
1522 2021 1621 2060 nos
1665 2005 1928 2074 genitam,
1961 2002 2089 2058 dum

500 2106 710 2162 auctori
737 2106 1048 2170 inserimur,
1083 2112 1402 2172 reputamus
1432 2117 1446 2152 :
1478 2100 1528 2154 in
1557 2115 1715 2168 quam
1748 2114 1854 2154 n0u
1886 2108 1942 2151 ut
1975 2112 2092 2152 ser-

497 2203 758 2266 viremus,
800 2198 894 2254 sed
935 2207 994 2252 ut
1041 2196 1474 2261 dominaremur,
1527 2190 1867 2246 intravimus.
1922 2189 2092 2261 Sepa-

496 2295 601 2350 rati
633 2294 814 2364 itaque
841 2307 870 2346 a
901 2290 1170 2361 sapientia
1217 2287 1498 2355 mundiali,
1534 2301 1653 2355 qua:
1685 2287 1965 2348 universa,
1998 2289 2091 2336 aut

497 2387 758 2452 fortuitis,
791 2394 884 2441 aut
911 2385 1108 2440 atomis
1139 2381 1382 2446 uses-ibit,
1413 2379 1611 2434 divinis
1643 2375 2087 2432 meditationibus

494 2479 866 2546 sublimati,ct
891 2477 960 2531 ab
988 2477 1119 2541 illis,
1148 2475 1236 2544 qui
1265 2483 1356 2527 aut
1374 2471 1657 2526 materiam
1681 2486 1896 2540 semper
1924 2470 2088 2524 fuisse

494 2572 770 2636 dixerunt,
822 2570 1098 2637 Deumque
1129 2578 1333 2620 tantum
1378 2565 1641 2619 artiliecm
1688 2579 1870 2618 rerum
1901 2562 2087 2616 volue-

493 2676 642 2732 runt,
683 2663 918 2735 separati
958 2677 1054 2732 per
1085 2661 1255 2728 ipsius
1298 2657 1627 2726 adjutorium
1664 2674 1674 2708 :
1714 2666 1809 2710 aut
1840 2653 1934 2724 qui
1978 2653 2082 2725 [ΑΙ.

489 2758 637 2832 quia]
670 2759 785 2812 hace
815 2757 930 2827 ipsa
962 2770 1058 2826 pro
1084 2754 1188 2808 diis
1216 2753 1486 2808 elementa
1518 2750 1844 2806 coluerunt:
1878 2758 1967 2803 aut
1994 2748 2083 2818 qui

489 2853 722 2908 familias
749 2851 975 2907 deorum
1010 2865 1108 2920 per
1135 2865 1320 2914 sexus,
1355 2863 1450 2917 per
1495 2856 1704 2910 aetates,
1741 2860 1838 2914 per
1875 2853 2081 2912 partes,

488 2949 637 3005 velut
660 2963 755 3018 per
781 2945 996 3016 plebem
1023 2944 1259 3014 aliquam
1293 2941 1591 3010 subjecmm
1625 2939 1882 2994 sensibus
1909 2938 2082 2991 intro-

489 3039 784 3104 duxerunt,
827 3037 1048 3092 discreti
1094 3051 1186 3105 per
1227 3034 1490 3104 Spiritum
1522 3044 1794 3100 sanctum,
1829 3041 1884 3086 et
1913 3031 1969 3085 in
2000 3031 2082 3086 alo

2199 1818 2508 1873 versionem
2537 1819 2828 1874 clarificata
2860 1828 3052 1874 natura
3074 1829 3180 1889 est,
3214 1833 3524 1890 novumque
3549 1817 3770 1888 Corporis

2197 1914 2365 1968 nostri
2397 1912 2542 1968 inter
2573 1913 2864 1981 eiementa,
2899 1915 2944 1968 si
2969 1913 3050 1969 fas
3078 1923 3161 1971 est
3190 1913 3318 1979 dici,
3343 1928 3466 1969 esse
3489 1911 3646 1984 erepit
3671 1911 3771 1967 ele-

2194 2018 2435 2064 mentum
2465 2027 2477 2064 :
2511 2007 2692 2064 statim
2746 2007 3002 2064 omnibus
3035 2007 3218 2063 mundi
3269 2006 3587 2079 corporibus
3623 2000 3771 2061 subli-

2194 2102 2394 2157 miores
2419 2116 2606 2158 sumus
2631 2102 2831 2167 effeCti,
2867 2116 2972 2157 non
3006 2110 3212 2155 natura:
3234 2099 3558 2167 substantia,
3580 2098 3668 2153 sed
3691 2113 3770 2167 po-

2196 2196 2363 2251 tentia
2412 2195 2713 2251 conditoris
2749 2214 2760 2248 :
2796 2210 2894 2266 per
2937 2209 3097 2266 quam
3145 2193 3213 2249 de
3243 2192 3547 2262 subiacenti
3573 2191 3770 2247 caeteris

2191 2301 2441 2346 creatura
2466 2299 2644 2345 ortum
2676 2299 2781 2352 est,
2810 2289 2950 2359 quod
2979 2289 3248 2344 creaturis
3278 2286 3534 2342 omnibus
3563 2286 3770 2355 impera-

2191 2392 2294 2437 ret.
2337 2381 2579 2452 Denique
2620 2381 2664 2436 si
2715 2382 2991 2436 metallum
3024 2391 3228 2435 uostra:
3256 2379 3440 2435 carnis
3465 2389 3518 2433 et
3545 2373 3772 2447 corporis

2190 2477 2450 2533 iutucaris
2474 2517 2490 2542 ,
2519 2475 2651 2530 nihil
2681 2474 2939 2529 humilius
2962 2515 2975 2541 ,
3005 2475 3138 2529 nihil
3173 2471 3518 2540 vilius,'nihil
3545 2469 3770 2526 invenies

2189 2569 2337 2622 omni
2371 2567 2578 2636 injuriae
2602 2566 2958 2638 passiouique
2983 2565 3302 2636 subjectius.
3335 2564 3464 2621 Sola
3497 2574 3634 2619 terra
3665 2561 3770 2616 ele-

2190 2668 2498 2714 mentorum
2549 2669 2873 2714 caeterurum
2923 2658 3144 2714 videtur
3181 2657 3385 2712 ancilla
3417 2674 3431 2712 :
3461 2657 3575 2713 sola
3618 2656 3666 2709 in
3715 2667 3770 2707 se

2187 2763 2506 2808 cunctorum
2540 2753 2809 2824 potentias
2833 2769 2944 2807 non
2975 2753 3093 2807 sine
3114 2751 3446 2808 detrimento
3471 2751 3556 2806 sui
3583 2749 3733 2804 scatit
3751 2792 3766 2817 ,

2189 2847 2272 2901 vel
2311 2849 2436 2901 dum
2481 2848 2656 2902 ventis
2709 2848 3081 2917 pulverulenta
3124 2846 3494 2917 dispergitur,
3537 2844 3619 2901 vel
3657 2842 3768 2898 dum

2187 2938 2443 2993 fluctibus
2519 2937 2833 2994 humefaeta
2899 2939 3266 3004 absorbetur;
3320 2937 3409 2994 vel
3453 2937 3580 2993 dum
3636 2934 3770 2991 side-

2189 3046 2304 3084 rum
2353 3031 2563 3100 ignibus
2606 3040 2760 3086 cocta
2815 3030 3156 3087 devoratur:
3189 3041 3249 3085 ut
3294 3031 3460 3087 homo
3509 3045 3577 3087 ex
3621 3044 3679 3085 ea
3719 3043 3770 3083 se

489 3133 630 3187 tiora
675 3129 930 3186 subducti
974 3144 1104 3183 vera
1160 3129 1267 3182 vita
1311 3127 1580 3192 viventes,
1634 3126 1737 3180 hoc
1777 3134 1861 3180 est
1896 3139 2079 3179 veram
2110 3117 2156 3180 C
2188 3139 2339 3188 esse,
2370 3138 2476 3178 non
2502 3123 2662 3178 modo
2693 3123 2912 3196 gloriari
2947 3139 3052 3178 non
3083 3134 3265 3194 queat,
3295 3123 3394 3180 sed
3427 3124 3590 3179 etiam
3615 3121 3770 3194 possit

486 3223 802 3293 sapientiam
834 3220 1130 3291 sapientes,
1164 3234 1268 3289 qua
1299 3219 1526 3274 Stultitia
1552 3219 1653 3272 ista
1681 3227 1865 3272 caret:
1897 3233 2084 3272 recor-

487 3319 681 3374 detnur
723 3316 866 3387 quod
913 3314 1148 3369 mundus
1179 3328 1245 3368 ex
1295 3311 1470 3367 nihilo
1519 3328 1549 3365 a
1603 3312 1712 3365 Deo
1754 3310 1930 3364 factus
1971 3318 2078 3375 est,

489 3421 546 3468 et
588 3410 731 3481 quod
762 3418 956 3466 cuncta
1002 3407 1256 3461 animalia
1289 3421 1386 3476 per
1420 3406 1614 3470 Deum,
1648 3403 1829 3459 Verbo
1861 3404 2078 3474 opitice,

487 3513 676 3560 vocata
700 3507 984 3565 venerunt,
1016 3513 1179 3568 quzea
1203 3505 1395 3552 natura
1427 3513 1531 3552 non
1551 3496 1800 3552 fuerunt:
1826 3497 2078 3567 quoniam

491 3597 594 3653 soli
635 3596 735 3667 ipsi
764 3594 848 3648 fas
878 3603 961 3647 est
998 3607 1198 3648 vocare
1229 3607 1346 3661 qua-
1374 3607 1485 3646 non
1513 3599 1661 3654 sunt,
1712 3601 1981 3660 tamquam
2018 3604 2080 3644 ca

490 3705 614 3761 qua:
643 3698 800 3744 sunt:
832 3685 973 3757 quod
1006 3686 1179 3753 ipsum
1204 3683 1476 3739 hominem
1511 3684 1596 3737 cui
1631 3693 1778 3738 tanta
1808 3682 2080 3751 possessio

492 3779 805 3852 parabatur,
852 3777 918 3830 ad
951 3776 1244 3846 imaginem
1275 3789 1428 3828 suam
1463 3791 1570 3829 non
1604 3774 1805 3846 aliquis
1853 3774 2078 3830 Prome-

491 3876 648 3929 theus
687 3887 752 3927 ex
782 3870 980 3938 fabula,
1013 3867 1106 3922 sed
1133 3868 1225 3924 ille
1245 3868 1495 3923 conditor
1518 3867 1884 3922 universitatis
1916 3883 2078 3922 manu

493 3982 704 4039 quoque
733 3981 848 4033 sua,
885 3980 953 4019 ne
991 3978 1097 4034 qua
1129 3977 1256 4033 pars
1285 3962 1403 4031 ejus
1447 3972 1666 4016 vacaret
1709 3963 1760 4017 in
1802 3962 1980 4032 nobis,
2014 3962 2081 4017 de

489 4061 623 4116 lituo
653 4068 816 4114 terra:
847 4056 1028 4111 facere
1075 4055 1327 4125 dignatus
1375 4063 1458 4110 est
1494 4072 1505 4106 :
1541 4070 1660 4125 qum
1705 4056 1983 4126 cogitatio,
2023 4065 2083 4112 ut

491 4151 624 4219 dixi,
653 4151 762 4205 vita
806 4161 890 4204 est
920 4148 1112 4201 anima:
1139 4163 1154 4200 ε
1187 4147 1441 4216 quoniam
1473 4147 1586 4200 hace
1617 4148 1789 4218 prima
1831 4158 1913 4203 est
1944 4149 2083 4203 ratio

493 4245 740 4311 vivendi,
787 4252 844 4297 ut
872 4242 956 4298 cui
1007 4257 1066 4294 se
1111 4240 1307 4294 debeat
1351 4240 1549 4302 anima,
1584 4256 1687 4294 non
1727 4243 1938 4312 ignoret
1971 4260 1980 4295 :
2015 4261 2082 4298 ne

493 4342 657 4396 alium
689 4337 1066 4409 pra:tcr,ltunc
1107 4336 1329 4404 decepta
1371 4345 1680 4404 veneretur,
1717 4351 1784 4391 ne
1815 4338 1940 4391 vitae
1968 4353 2081 4392 sua:

495 4435 793 4492 ministeria
821 4434 967 4486 velut
995 4432 1116 4484 vita:
1143 4439 1394 4482 auctores
1414 4428 1613 4483 adoret
1638 4446 1650 4481 :
1684 4445 1750 4484 ne
1782 4430 1834 4492 in
1869 4441 2076 4486 tantum

2187 3221 2531 3274 erubescere.
2583 3217 2656 3272 At
2687 3235 2816 3272 vero
2856 3218 2900 3272 si
2941 3228 3141 3294 statum
3177 3228 3424 3273 nostrum
3454 3214 3770 3285 contemple-

2186 3329 2329 3380 mur,
2360 3313 2612 3383 quoniam
2645 3312 2990 3382 praestantior
3023 3321 3108 3366 est
3138 3311 3355 3367 caeteris
3395 3309 3766 3374 animantibus,

2189 3406 2316 3461 dum
2357 3406 2424 3461 ad
2464 3422 2613 3461 suam
2655 3405 2942 3476 imaginem
2981 3407 3120 3461 [)eus
3150 3405 3506 3462 informatum
3539 3403 3766 3465 inducit,

2185 3499 2432 3568 invenies
2457 3543 2472 3563 .
2507 3509 2706 3556 teriam
2735 3499 2906 3570 ipsam
2939 3515 3124 3555 semen
3149 3513 3271 3554 esse
3297 3501 3476 3554 nostri
3508 3494 3761 3568 corporis.

2187 3596 2243 3652 Si
2293 3597 2413 3664 quis
2456 3596 2508 3650 in
2555 3612 2616 3650 ea
2645 3611 2840 3652 sensus
2868 3606 2973 3664 est,
3003 3594 3240 3667 gaudere
3280 3596 3594 3666 potuisset,
3637 3590 3766 3662 quod

2187 3700 2406 3760 propter
2449 3705 2548 3744 nos
2597 3691 2650 3744 in
2696 3691 2892 3761 quibus
2935 3690 3221 3761 imaginem
3268 3700 3324 3746 et
3366 3689 3765 3746 similitudinem

2183 3781 2456 3838 Creatoris
2485 3783 2736 3854 accepit,
2764 3782 2973 3838 felicior
2997 3783 3133 3838 facta
3165 3783 3256 3850 sit,
3284 3783 3597 3851 demutata,
3623 3793 3768 3852 quam

2183 3878 2256 3934 sit
2284 3888 2398 3932 orta
2426 3895 2439 3931 :
2472 3893 2662 3932 manus
2685 3877 2827 3932 enim
2853 3877 2949 3932 Dei
2976 3879 3202 3948 contigit
3231 3893 3351 3933 eam
3381 3921 3397 3944 ,
3449 3892 3605 3949 enjus
3645 3889 3768 3930 cou-

2187 3979 2386 4026 tactum
2420 3973 2504 4026 sui
2528 3986 2689 4026 causa
2719 3971 2843 4026 dum
2874 3969 3068 4034 fieret,
3094 3972 3206 4041 ipsa
3243 3987 3350 4026 non
3383 3972 3607 4028 meruit.
3641 3967 3769 4037 Quid

2183 4065 2331 4119 enim
2370 4063 2474 4119 hoc
2519 4074 2661 4118 statu
2713 4063 3070 4134 prarelarius?
3107 4065 3232 4135 quid
3276 4068 3583 4136 poterimus
3623 4076 3773 4118 nosse

2184 4157 2505 4213 sublimius?
2526 4157 2660 4226 Quid
2687 4169 2793 4211 tam
2817 4157 3107 4229 diligenter
3129 4159 3182 4213 in
3213 4159 3459 4215 membra
3487 4155 3772 4230 digestum?

2183 4249 2308 4318 quid
2335 4259 2439 4304 tam
2463 4250 2658 4305 decore
2683 4265 2777 4319 per
2797 4250 3053 4304 articulos
3073 4249 3371 4305 inflexum?
3395 4251 3535 4320 Quid
3567 4260 3669 4305 tam
3694 4261 3773 4301 su-

2185 4341 2426 4398 blimitcr
2461 4343 2512 4396 in
2547 4358 2640 4398 ora
2671 4353 2723 4398 ct
2754 4342 2940 4396 oculos
2968 4344 3242 4397 erectum?
3281 4344 3413 4414 quid
3446 4355 3553 4399 tam
3581 4342 3772 4398 vocali-

2186 4445 2270 4492 ter
2295 4438 2348 4490 iu
2392 4439 2556 4492 verba
2590 4436 2968 4492 modulatum?
2998 4437 3126 4507 quid
3158 4438 3208 4491 iu
3237 4439 3408 4495 corde
3443 4450 3551 4494 tam
3584 4435 3772 4493 vivaci-

494 4531 761 4585 elementa
807 4526 1054 4590 miretur,
1105 4533 1164 4576 ut
1204 4537 1309 4576 non
1343 4521 1500 4591 iligna
1533 4520 1738 4588 judicet
1786 4539 1906 4592 qua:
1940 4524 2078 4582 facta
2106 4518 2160 4579 Ι)
2188 4541 2269 4586 ter
2296 4531 2783 4600 animatum?un
2808 4532 2860 4586 in
2893 4547 3056 4586 sensu
3089 4530 3287 4586 ditius?
3333 4532 3464 4603 quid
3497 4533 3546 4587 in
3573 4529 3770 4596 cogita.

495 4624 789 4681 credantur
816 4638 829 4673 :
878 4636 1000 4674 cum
1029 4618 1118 4672 ille
1151 4618 1320 4686 magis
1350 4615 1421 4670 sit
1447 4615 1816 4685 admirandus,
1852 4618 1941 4688 qui
1972 4629 2078 4674 tam

494 4719 740 4778 miranda
773 4715 1046 4787 produxit.
1073 4714 1117 4768 υ
1139 4728 1296 4781 quam
1326 4719 1550 4780 augusta
1582 4711 1690 4783 till.
1719 4711 1966 4783 angusta]
1998 4724 2080 4778 est

491 4814 612 4870 hac
632 4811 809 4866 divina
830 4806 1110 4878 cogitatio,
1132 4813 1184 4860 et
1205 4818 1362 4873 quam
1387 4803 1508 4858 vita:
1528 4804 1683 4886 plepa
1712 4806 1822 4860 est!
1843 4804 1887 4858 Ο
1908 4821 2080 4876 quan-

495 4916 610 4960 tum
657 4905 836 4974 ipsum
885 4898 1153 4952 hominem
1185 4895 1251 4950 ad
1299 4910 1462 4949 oume
1511 4896 1743 4950 studium
1792 4897 2078 4968 probitatis

471 4995 765 5051 accendit!
795 4992 838 5048 0
861 5000 1123 5061 quantum
1155 4987 1231 5041 illi
1257 4986 1590 5054 majestatem
1618 4990 1700 5041 sui
1734 4991 2078 5046 commendat

491 5086 750 5149 auctoris,
770 5100 891 5140 eum
912 5081 1057 5136 aliud
1084 5081 1177 5136 ille
1197 5079 1328 5134 nihil
1353 5078 1404 5132 in
1430 5087 1679 5134 creatura
1700 5081 1848 5134 omni
1878 5091 2076 5151 praeter

489 5198 551 5237 se
577 5194 742 5238 manu
770 5177 867 5232 Dei
895 5177 1184 5230 formatum
1217 5187 1337 5228 esse
1368 5172 1677 5228 considerat
1700 5190 1806 5229 non
1840 5163 2072 5240 terram,

489 5291 600 5332 non
631 5274 824 5339 maria,
863 5286 971 5326 non
1010 5270 1226 5330 coalum,
1279 5281 1382 5321 non
1429 5265 1662 5338 denique
1703 5268 1916 5336 sidera,
1965 5283 2070 5324 tam

485 5366 711 5430 munda,
726 5374 836 5419 tam
850 5377 1006 5434 pura,
1030 5359 1336 5430 tamlueida
1362 5377 1376 5413 :
1402 5359 1678 5415 hominem
1699 5360 1871 5417 solum
1891 5362 2071 5433 cujus-

481 5466 603 5520 dam
635 5461 750 5517 limi
795 5467 850 5514 et
886 5455 1154 5528 gravioris
1184 5462 1240 5509 et
1270 5452 1591 5509 sordidioris
1639 5453 1890 5508 elementi
1919 5495 1934 5520 ,
1979 5458 2065 5510 illa

477 5559 768 5612 formatum
787 5566 908 5607 esse
919 5548 1169 5614 dextera,
1190 5547 1345 5614 cujus
1367 5545 1607 5600 dcxterm
1631 5546 1840 5615 palmus
1869 5549 2064 5604 caelum

477 5649 824 5706 mensuratin
840 5657 1092 5702 mensura
1113 5657 1127 5693 :
1148 5639 1304 5710 cujus
1327 5641 1557 5710 pugillus
1582 5650 1741 5695 terra:
1761 5643 1934 5710 spatia
1958 5652 2062 5698 tam

489 5744 696 5803 infinita
717 5742 950 5815 jacentis
975 5735 1202 5798 includit
1235 5753 1248 5792 :
1279 5738 1409 5794 tanti
1434 5735 1530 5793 fuit
1551 5735 1698 5792 illum
1723 5735 1891 5795 fuisse
1913 5738 2061 5816 olim.

2186 4628 2334 4679 tione
2381 4622 2692 4680 secretius?
2743 4623 2870 4694 quid
2906 4625 2958 4678 in
2997 4639 3249 4679 sermone
3277 4624 3540 4680 effusius?
3568 4622 3692 4693 quid
3724 4621 3768 4676 in

2185 4718 2402 4788 ingenio
2450 4717 2679 4771 fortius?
2721 4718 2846 4786 quid
2892 4718 2945 4772 in
2997 4717 3359 4790 dispositione
3411 4716 3773 4773 instructius?

2183 4811 2312 4882 quid
2348 4811 2400 4864 in
2429 4811 2692 4865 memoria
2721 4810 3007 4864 tenacius?
3033 4809 3156 4880 quid
3186 4809 3236 4864 in
3261 4810 3462 4866 affectu
3489 4807 3771 4864 blandius?

2184 4903 2310 4973 quid
2363 4904 2417 4956 in
2465 4902 2703 4972 c0gitatu
2753 4901 3041 4956 subtilius?
3071 4902 3140 4958 Ut
3187 4902 3471 4958 evidenter
3524 4908 3772 4972 appareat

2185 4997 2328 5069 quod
2357 4997 2503 5051 illum
2533 4995 2947 5068 protoplastum,
2977 4995 3088 5064 jam
3118 5007 3227 5050 tum
3262 4995 3524 5051 omnibus
3545 4993 3769 5064 dignita—

2187 5092 2328 5146 tibus
2351 5098 2697 5145 venustatum
2723 5130 2739 5157 ,
2773 5088 2882 5144 imo
2914 5098 3112 5143 statum
3144 5088 3237 5142 filii
3267 5088 3352 5142 sui
3378 5087 3472 5143 Dei
3506 5086 3677 5143 nostri
3705 5082 3768 5138 ad

2181 5186 2344 5239 finem
2375 5183 2695 5239 smeulorum
2723 5198 2821 5254 pro
2855 5183 3229 5252 redemptione
3263 5192 3449 5238 nostra
3477 5180 3688 5237 venturi
3720 5178 3768 5230 in

2184 5278 2288 5334 hoc
2329 5292 2530 5345 corpus
2577 5278 2823 5332 ornarit:
2855 5275 2943 5330 cui
2977 5275 3282 5345 paradisum
3313 5273 3479 5330 etiam
3511 5274 3606 5328 illo
3638 5273 3770 5327 tem-

2182 5383 2314 5438 pore
2347 5367 2496 5424 velut
2519 5368 2948 5424 amoenissimum
2997 5366 3278 5437 praadium,
3310 5376 3363 5420 et
3390 5365 3616 5420 urbanis
3644 5375 3767 5416 con-

2180 5471 2521 5517 venustatum
2546 5507 2560 5533 ,
2590 5471 2645 5517 et
2675 5462 2893 5519 rusticis
2935 5462 3203 5517 consitum
3227 5503 3241 5528 ,
3285 5461 3389 5516 sub
3431 5461 3552 5531 lege
3578 5458 3764 5514 'dona-

2179 5567 2315 5624 tum,
2350 5554 2540 5610 mortis
2573 5555 2662 5610 ille
2697 5556 3107 5626 prmseminator
3134 5553 3367 5610 invidit:
3395 5563 3764 5622 venenumque

2174 5665 2332 5704 suum
2364 5646 2691 5719 decipiendo
2720 5650 3018 5718 primorum
3045 5647 3327 5703 hominum
3357 5646 3638 5702 credulam
3672 5659 3764 5698 no-

2173 5743 2394 5803 vitatem
2430 5743 2484 5802 in
2528 5759 2762 5818 corpora
2795 5755 2977 5804 nostra
3011 5748 3242 5806 latenter
3272 5743 3542 5802 immersit
3576 5760 3591 5800 :
3620 5749 3676 5799 et
3697 5754 3760 5796 ex
