3916 6288
206 386 245 443 8|
605 436 609 444 ,
1103 378 1437 438 EPISTULA
1485 381 1567 437 Vl.
1611 381 1702 438 AD
1742 382 2007 442 AMICUM
2049 383 2429 443 AEGROTUM.
3326 387 3396 445 82

204 502 348 559 duabus
370 492 656 551 substantiis
683 539 697 564 ,
744 493 956 550 unicam
1004 493 1247 548 hominis
1291 483 1698 566 perfectamque
1726 498 1776 558 Α
1804 497 2039 552 voluerit
2098 512 2219 553 esse
2274 498 2530 552 virtutis:
2564 505 2935 570 quantumque
2984 513 3083 556 nos
3138 511 3388 570 amaret,

208 604 374 651 naturaet
397 586 612 661 quadam
648 585 938 642 divisionis
966 585 1233 641 discordia
1264 587 1556 642 dissecavit
1589 605 1601 640 :
1635 596 1694 640 ut

213 704 290 744 cum
306 685 425 740 nobis
447 697 542 737 una
563 695 713 736 mens
739 689 904 745 esset,
934 681 985 735 id
1009 689 1114 749 est,
1147 680 1259 748 illa,
1293 697 1450 752 quam
1483 696 1696 753 germa-

217 776 475 838 nitasanimm
497 817 510 841 ,
541 784 596 830 et
633 774 880 844 corporis
911 773 1166 846 gignebat
1199 791 1212 827 :
1245 775 1407 829 aliam
1440 775 1696 831 volunta-

214 886 356 946 temper
372 871 596 925 vitiatam
625 877 877 923 naturam
901 875 1090 923 contra
1119 868 1350 922 animam
1378 869 1691 939 parturit-et.

206 967 366 1036 Denique
408 971 458 1017 et
500 962 796 1032 Apostolus
847 960 924 1015 ait
963 980 977 1015 :
1033 959 1192 1014 Video
1234 961 1393 1013 aliam
1429 960 1591 1031 legem
1641 961 1697 1014 in

205 1058 359 1113 membris
385 1056 494 1109 meis
523 1064 894 1131 repugnantem
921 1053 1023 1126 legi
1043 1055 1226 1108 mentis
1254 1070 1381 1108 mea:
1412 1069 1430 1106 :
1457 1064 1504 1106 et
1529 1055 1696 1123 capti-

202 1155 337 1208 titslem
355 1165 420 1203 me
445 1149 495 1202 in
521 1149 631 1220 lege
673 1148 912 1220 peccati,
948 1163 1064 1217 quae
1102 1156 1174 1201 est
1204 1148 1256 1201 in
1302 1147 1540 1202 membris
1571 1147 1698 1199 meis

201 1244 334 1314 (Rom.
355 1257 416 1297 v11
439 1281 452 1306 ,
496 1240 564 1295 9.5
658 1239 726 1294 Et
747 1238 876 1292 alibi
907 1254 921 1293 :
947 1237 1080 1293 Caro
1103 1240 1420 1312 concupiscit
1449 1241 1698 1294 adversus

197 1333 390 1404 spiritum,
413 1331 618 1400 spiritus
659 1338 832 1384 autem
861 1329 1110 1383 adversus
1140 1345 1366 1383 carnem.
1405 1329 1530 1385 Haec
1569 1331 1700 1384 inri-

201 1426 552 1483 tematlrersantur
572 1424 692 1493 sibi,
709 1432 762 1478 ut
787 1440 889 1478 non
903 1439 1233 1496 quascumque
1251 1424 1404 1481 vultis
1422 1426 1512 1480 illa
1534 1425 1698 1496 [acia—

202 1516 346 1585 litiGal.
367 1533 419 1582 ν,
450 1514 556 1588 t7).

243 1614 281 1668 ι.
305 1613 412 1669 Hinc
448 1615 612 1669 etiam
655 1615 759 1669 iste
803 1624 992 1671 noster
1019 1615 1274 1671 conditor
1299 1659 1314 1685 ,
1366 1617 1458 1686 qui
1485 1617 1569 1672 vel
1597 1633 1697 1674 nos

195 1707 410 1769 uobis,vel
438 1708 703 1764 mundum
735 1723 832 1780 pro
862 1709 1020 1764 nobis
1049 1709 1280 1776 fecerat,
1309 1726 1336 1763 a
1367 1711 1555 1780 primis
1591 1711 1698 1766 illis

194 1801 408 1856 hominibus
428 1800 669 1857 offensus
693 1843 708 1867 ,
742 1802 1032 1858 maledicta
1066 1819 1232 1873 super
1255 1805 1504 1875 singulos
1538 1812 1700 1874 prout

2293 515 2302 526 ο

1801 587 1929 645 dum
1983 590 2034 645 in
2088 591 2261 660 ipsum
2322 590 2699 660 peccavimus,
2751 591 3107 656 ostenderet,
3155 609 3388 662 quorum

1801 681 2044 736 oblivisci
2097 684 2258 737 etiam
2313 693 2436 752 post
2462 692 2640 738 errata
2671 699 2774 737 non
2825 692 3053 753 posset,
3104 686 3213 740 imo
3255 703 3393 757 quos

1801 774 2092 846 pretiosius
2119 776 2431 840 redimeret,
2462 792 2619 846 quam
2647 777 2754 848 (At.
2783 775 2925 847 quae]
2958 777 3196 834 fecisset.
3227 781 3389 846 Qua:-

1802 881 1884 927 rat
1911 887 2052 925 nunc
2083 870 2314 926 humana
2343 870 2632 925 crudelitas
2673 871 2984 926 criminosis
3009 913 3026 940 ,
3058 874 3144 928 vel
3177 875 3390 944 privam

1803 963 2067 1033 ergastula
2098 1005 2111 1027 ,
2140 963 2224 1016 vel
2255 963 2496 1032 publicos
2527 976 2775 1017 earceres
2807 1004 2820 1027 ,
2853 977 2972 1017 cum
3023 964 3250 1018 manicis
3282 967 3391 1020 frr-

1804 1059 1913 1113 reis
1955 1066 2010 1113 et
2052 1057 2201 1111 duris
2231 1056 2405 1126 rigida
2429 1057 2580 1112 trabe
2601 1056 2949 1128 compedibus
2977 1059 3108 1113 irata
3132 1059 3388 1128 suspiret,

1803 1160 1857 1205 et
1885 1152 1935 1205 in
1973 1167 2159 1220 pmnas
2190 1150 2542 1205 multimodas
2576 1149 3022 1206 adinventionum
3062 1151 3208 1208 laxet
3241 1153 3391 1223 inge-

1805 1244 1889 1298 nia
1927 1243 2255 1312 :omnisque
2299 1243 2464 1311 judex
2511 1243 2742 1298 surrecti
2803 1243 2996 1312 capitis
3023 1288 3036 1313 ,
3086 1245 3388 1299 castitatem

1806 1335 2039 1406 propriae
2068 1335 2265 1390 mentis
2295 1335 2607 1390 discrimine
2631 1334 2822 1404 probet
2865 1335 3044 1390 alieno
3079 1351 3094 1387 :
3138 1335 3238 1392 hoc
3283 1353 3396 1392 ma-

1805 1431 1885 1499 gis
1912 1430 2117 1484 amicus
2147 1428 2437 1491 atrocitati,
2470 1443 2578 1499 quo
2609 1429 2778 1498 magis
2801 1427 3012 1482 alienus
3039 1437 3124 1484 est
3153 1430 3389 1486 crimini.

1804 1521 1909 1591 Ipsi
1957 1522 2100 1578 enim
2149 1521 2327 1576 solent
2378 1520 2797 1575 truculentior-es
2834 1535 2956 1575 esse
2999 1519 3052 1574 itt
3097 1535 3219 1576 reos
3245 1566 3259 1589 ,
3301 1523 3391 1587 qui

1803 1625 1932 1670 sunt
1970 1630 1998 1668 a
2047 1625 2198 1668 reatu
2248 1612 2517 1683 [)ttl‘lOt‘eS.
2553 1612 2614 1667 lli
2645 1612 2946 1667 studiosius
2989 1613 3275 1679 maleﬁcia,
3309 1615 3396 1670 vel

1805 1695 2222 1764 eriminosorum
2258 1705 2504 1776 contagia
2533 1715 2944 1775 persequentes,
2977 1720 3084 1775 quo
3114 1706 3293 1761 minus
3331 1722 3395 1762 ac

1806 1801 2166 1872 negligentius
2199 1799 2500 1854 facinorum
2535 1800 2781 1853 vit-were
2810 1797 3108 1854 consortia.
3142 1797 3187 1852 Ο
3229 1800 3396 1854 mise-

193 1891 353 1947 criminis
396 1895 666 1961 quantitas
700 1893 954 1964 exigebat
984 1935 999 1959 ,
1047 1892 1259 1950 eﬂ'udit.
1319 1894 1388 1950 Et
1434 1895 1686 1965 quamvis
1721 1901 1763 1961 Β
1794 1912 1884 1952 ros
1916 1906 1972 1951 et
1998 1895 2144 1950 omni
2181 1895 2438 1965 prmtlitos
2469 1895 2742 1962 caecitate,
2773 1893 2867 1964 qui
2897 1893 3098 1948 bonum
3130 1904 3397 1949 exornant

194 1985 326 2050 iratus,
366 2001 478 2040 mox
523 1996 710 2041 tamen
755 1985 1076 2058 mysterium
1107 1995 1314 2064 nostra:
1351 1987 1582 2054 salutis,
1635 1994 1694 2041 ut

197 2077 272 2145 pius
290 2088 397 2147 pater
424 2080 686 2136 ostendit.
735 2079 920 2151 Neque
951 2097 1165 2150 tequum
1197 2080 1371 2137 fuerat
1413 2082 1520 2134 alio
1550 2091 1689 2136 lem-

204 2185 281 2240 pore
300 2172 534 2229 desalutis
563 2183 768 2230 nostrae
792 2175 1036 2230 remedio
1065 2175 1326 2247 cogitare,
1356 2174 1460 2230 nisi
1490 2190 1555 2230 eo
1581 2191 1691 2246 quo

196 2277 284 2317 mors
314 2275 437 2321 esset
487 2268 732 2323 inventa.
781 2267 874 2323 Sic
927 2284 957 2322 a
1015 2268 1467 2339 prudentioribus
1514 2269 1692 2338 prima

189 2355 300 2413 bonte
316 2359 467 2415 morbi
485 2360 783 2417 adhibetur
812 2363 1055 2418 medicus
1081 2381 1093 2417 :
1125 2373 1183 2418 ut
1207 2363 1389 2433 capite
1417 2362 1689 2418 valetudi-

184 2452 234 2504 nis
252 2452 542 2520 deprehenso
564 2497 581 2522 ,
617 2456 828 2512 facilius
859 2456 1161 2512 remedium
1188 2458 1432 2512 salutare
1466 2471 1690 2511 succur-

181 2553 246 2598 rat.
265 2545 351 2602 Non
376 2564 495 2620 ergo
519 2556 656 2606 tunc
683 2558 888 2604 tantum
917 2549 1178 2605 Dominus
1201 2564 1263 2605 ac
1291 2549 1539 2604 Salvator
1563 2564 1691 2604 nos-

177 2643 492 2709 terpromissus
525 2652 616 2700 est
652 2659 774 2698 cum
805 2643 1004 2699 clamat
1032 2643 1202 2699 Isaias
1233 2659 1251 2698 :
1283 2641 1421 2700 Ecce
1465 2643 1607 2715 virgo
1635 2645 1690 2697 in

178 2742 276 2788 utero
293 2737 517 2810 concipiet
546 2744 599 2792 et
630 2737 792 2808 pariet
819 2737 985 2808 ﬁlium
1012 2737 1030 2809 (
1063 2735 1140 2792 Is.
1170 2753 1275 2805 vn,
1311 2735 1534 2816 14);.et
1561 2745 1692 2794 tunc

171 2840 249 2882 cum
271 2829 323 2885 ad
337 2832 596 2888 Abraham
630 2831 833 2888 dictum
867 2839 951 2888 est
979 2847 994 2888 :
1022 2831 1104 2887 Ad
1127 2829 1225 2886 hoc
1240 2840 1442 2904 tempus
1466 2831 1688 2899 veniam,

169 2930 198 2974 tt
224 2924 301 2982 erit
331 2925 469 2983 Sane
495 2927 648 2998 ﬁlius
689 2927 707 3000 (
735 2924 866 2982 Gen.
894 2942 1022 2981 xvm
1051 2965 1068 2994 ,
1103 2926 1170 2983 10
1196 2925 1242 2998 ).
1271 2924 1406 2980 Nam
1440 2925 1540 2980 hoc
1572 2935 1691 2979 erat

169 3029 260 3083 pene
289 3018 382 3087 jam
416 3036 537 3076 sero
566 3065 585 3088 ,
635 3030 690 3078 et
721 3029 866 3076 tanta
898 3019 1064 3076 millia
1103 3018 1535 3092 patriarcharum
1569 3019 1689 3075 sine

165 3120 227 3178 spe
247 3120 422 3167 mortua
450 3112 777 3169 videbantur
808 3129 822 3167 :
850 3111 1047 3184 quibus
1073 3114 1262 3185 utique
1290 3113 1398 3168 vita
1427 3127 1549 3168 esse
1580 3128 1688 3168 non

165 3203 299 3269 potuit,
322 3204 361 3260 si
386 3204 672 3260 Dominum
695 3219 803 3260 non
829 3213 1194 3276 speraverunt
1215 3218 1338 3259 esse
1369 3215 1682 3270 venturum,

1796 1990 1969 2056 malo,
2005 1991 2092 2060 qui
2122 1988 2518 2044 continentiam
2551 1988 2650 2043 sub
2674 1999 2828 2058 gestu
2858 1986 3200 2042 crudelitatis
3225 1989 3382 2043 attol-

1795 2083 1910 2139 lunt
1940 2127 1953 2150 ,
2008 2076 2488 2137 et'crudclitatem
2534 2082 2810 2151 prOpriam
2861 2081 3039 2135 aliena
3066 2080 3386 2138 infelicitate

1793 2174 2177 2232 commendant
2197 2193 2208 2227 :
2227 2173 2442 2245 quando
2468 2173 2756 2228 virtutibus
2774 2173 2887 2228 suis
2911 2173 3236 2228 miserorum
3260 2174 3393 2228 asti-

1793 2270 2052 2340 pulantur
2079 2269 2263 2335 exitio,
2305 2278 2359 2323 et
2401 2267 2729 2322 innocentia:
2753 2265 3056 2338 judicantis
3099 2267 3387 2324 noxiorum

1791 2364 2156 2418 cruciamenta
2197 2362 2588 2432 supplaudunt.

1865 2455 1954 2510 Vl.
1989 2454 2135 2510 Deus
2162 2463 2342 2509 autem
2373 2463 2558 2508 noster
2589 2463 2776 2508 contra
2805 2468 3024 2510 omnem
3057 2469 3231 2526 spem,
3261 2471 3393 2511 con-

1794 2558 1874 2605 tra
1902 2564 2118 2604 omnem
2146 2563 2282 2620 pene
2312 2547 2494 2614 fidem,
2527 2561 2594 2602 ex
2619 2546 2823 2601 divitiis
2854 2548 3242 2604 misericordiae
3269 2565 3382 2604 sua:

1795 2641 1849 2695 in
1880 2641 2023 2696 malo
2053 2640 2254 2695 bonum
2285 2650 2473 2694 nactus
2493 2683 2507 2707 ,
2553 2639 2609 2693 in
2644 2639 2924 2693 iracundia
2956 2654 3225 2710 generans
3246 2656 3385 2696 con-

1794 2732 2124 2805 firmansque
2162 2733 2414 2803 pietatem
2449 2774 2464 2799 ,
2505 2732 2765 2798 peccandi
2798 2747 2986 2788 semen
3015 2777 3030 2802 ,
3066 2735 3120 2788 in
3151 2734 3384 2790 fructum

1793 2827 1962 2882 voluit
1993 2825 2225 2883 evadere
2255 2826 2549 2883 miserendi
2580 2845 2594 2882 :
2628 2837 2682 2882 et
2713 2827 2805 2896 qui
2837 2843 2934 2882 nos
2968 2839 3190 2899 propter
3214 2841 3390 2885 trans-

1791 2917 2128 2987 gressionem
2172 2916 2400 2988 perdere
2431 2917 2749 2985 debuisset,
2796 2928 3017 2988 propter
3044 2936 3195 2976 suam
3224 2922 3390 2977 mise-

1792 3009 2080 3065 ricordiam
2107 3019 2483 3081 reparaturum
2509 3024 2566 3064 se
2595 3025 2716 3066 esse
2739 3011 3012 3083 promisit.
3042 3014 3110 3068 Et
3136 3015 3226 3070 illo
3250 3027 3389 3071 tem-

1795 3117 1926 3169 pore
1956 3118 2063 3174 quo
2085 3102 2350 3174 supplicia
2385 3103 2753 3173 merebamur,
2803 3115 3179 3178 argumentum
3212 3109 3387 3164 salva-

1794 3194 1956 3249 tionis
1984 3195 2226 3250 ostendit
2255 3214 2268 3250 :
2295 3207 2355 3250 ut
2394 3196 2699 3267 intelligere
2746 3213 3033 3268 possemus
3060 3241 3075 3265 ,
3120 3216 3382 3272 quantum

163 3289 317 3352 dicente
341 3296 595 3368 Αροειοιο
631 3315 642 3350 ;
676 3298 788 3368 Spe
834 3297 972 3351 enim
993 3297 1126 3352 δαιυξ
1171 3297 1295 3367 facti
1324 3314 1522 3352 sumus,
1551 3297 1682 3368 spe;
1713 3294 1760 3359 ί)
1791 3289 1996 3345 valeret
2047 3298 2307 3360 prmstare
2351 3306 2460 3346 non
2494 3292 2654 3347 laesus
2681 3332 2696 3356 ,
2745 3292 2836 3362 qui
2895 3301 3100 3348 tantum
3152 3295 3386 3353 donaret

161 3385 254 3440 tsiat
270 3406 365 3457 qua:
378 3391 574 3446 videtur
596 3409 699 3446 non
726 3400 799 3446 est
823 3408 962 3462 spes,
991 3391 1081 3446 sed
1111 3406 1229 3463 qua:
1248 3402 1487 3461 speratur
1503 3389 1680 3462 (Rom.

161 3490 236 3547 nn,
263 3480 352 3553 lt).
382 3483 443 3539 Et
468 3484 649 3556 qualis
679 3483 787 3557 (At.
814 3482 1068 3554 qualiter]
1099 3498 1226 3555 spes
1257 3498 1380 3540 esse
1404 3484 1602 3556 potuit,
1633 3484 1678 3540 si

162 3582 235 3625 non
268 3571 349 3629 fuit
381 3577 746 3644 repromissa?
778 3576 892 3632 lmo
921 3583 981 3631 ut
1015 3577 1194 3648 primo
1228 3575 1435 3632 homini
1467 3577 1557 3632 illa
1589 3593 1681 3634 sa-

161 3661 331 3731 pientior
366 3670 613 3727 omnibus
647 3669 832 3726 bestiis
857 3671 1031 3727 bestia
1051 3711 1066 3734 ,
1094 3680 1326 3726 mortem
1356 3671 1533 3743 sapuit
1562 3690 1575 3725 :
1603 3671 1676 3726 ita

161 3756 336 3821 oportuit
355 3758 494 3815 illum
523 3760 815 3816 Dominqu
845 3771 1093 3817 nostrum
1117 3776 1300 3818 veram
1327 3761 1673 3832 sapientiam,

156 3839 230 3908 lim
253 3855 342 3904 tum
369 3850 456 3906 illo
483 3852 1080 3926 temporesull’ragium
1104 3868 1298 3926 sapere
1323 3854 1508 3921 vitale,
1533 3855 1679 3924 quod

161 3947 198 3990 et
217 3938 326 3996 fecit.
352 3942 530 4016 Neque
557 3945 771 4002 destitit
797 3946 1099 4017 publicare,
1129 3963 1196 4002 ne
1233 3957 1378 4003 tanta
1407 3948 1522 4020 ejus
1553 3950 1679 4005 fac-

165 4034 242 4083 tm
257 4047 341 4088 uno
361 4033 556 4093 inimici
580 4037 754 4094 ariete
777 4039 1113 4110 propulsata,
1145 4040 1264 4096 sine
1301 4042 1558 4111 praesidio
1582 4043 1680 4098 ali-

161 4121 432 4198 c"ltlSltIpsui
456 4133 662 4202 potius,
687 4148 846 4204 quam
869 4132 1057 4190 decori
1079 4143 1335 4205 generata
1362 4134 1674 4191 videretur:

161 4214 269 4272 simul
309 4237 366 4277 ne
410 4224 456 4280 is
486 4225 724 4282 validior
768 4225 1062 4283 haberetur
1094 4269 1110 4296 ,
1153 4227 1248 4299 qui
1286 4236 1495 4284 tantum
1538 4242 1678 4299 opus

162 4307 292 4367 aliene
337 4317 547 4375 virtutis
605 4319 843 4376 obruere
899 4323 1200 4392 potuisset,
1259 4337 1420 4394 quam
1455 4321 1585 4388 ille,
1629 4322 1678 4378 si

161 4413 250 4471 opus
271 4421 406 4466 suum
431 4454 446 4480 ,
478 4413 628 4484 quod
655 4427 821 4485 super
852 4429 1048 4471 omnes
1076 4423 1354 4471 creaturas
1385 4415 1676 4473 ineffabili-

162 4501 212 4548 ιετ
245 4497 350 4557 fecit
375 4544 390 4570 ,
430 4515 522 4560 aut
553 4522 777 4563 servare
802 4521 908 4562 non
940 4507 1244 4580 potuisset,
1291 4518 1385 4564 aut
1420 4525 1677 4580 reparare

162 4590 371 4653 “luisset.
423 4600 714 4669 Defendit,
783 4603 1004 4674 inquam
1038 4645 1054 4670 ,
1115 4603 1210 4659 ille
1274 4619 1334 4660 se
1385 4606 1486 4661 hac
1537 4607 1677 4662 invi-

1787 3381 1977 3437 iratus.
2010 3381 2066 3436 In
2096 3382 2269 3452 primo
2297 3397 2425 3453 ergo
2458 3383 2698 3449 homine,
2731 3391 2788 3437 ut
2817 3383 3162 3454 loquebatur,
3196 3391 3377 3442 statim

1786 3474 1947 3530 nobis
1986 3473 2334 3544 judiciarium
2386 3473 2678 3545 Spopondit
2736 3475 2996 3530 auxilium
3030 3522 3044 3546 ,
3097 3479 3277 3532 statim
3314 3479 3384 3534 de

1785 3565 1934 3621 bono
1966 3565 2220 3621 thesauro
2251 3566 2392 3622 bona
2427 3566 2721 3636 produxit,
2758 3567 2942 3622 statim
2973 3569 3214 3640 ignotum
3250 3572 3383 3642 ipsis

1783 3659 1991 3732 angelis
2021 3669 2441 3726 sacramentum,
2472 3661 2617 3732 quod
2653 3663 2989 3733 implendum
3017 3675 3162 3721 esset
3192 3666 3244 3720 in
3285 3684 3382 3722 no-

1787 3755 2011 3810 vissimo
2038 3764 2304 3826 tempore,
2339 3756 2634 3827 publicavit
2667 3773 2680 3810 :
2714 3765 2771 3812 et
2803 3765 3022 3813 terreno
3050 3757 3181 3813 Adae
3206 3759 3378 3816 Adam

1785 3849 2034 3918 promisit
2076 3866 2109 3906 e
2148 3849 2311 3906 caelo.
2359 3850 2491 3904 Nam
2519 3867 2644 3906 cum
2677 3861 2994 3921 serpentem
3045 3867 3143 3922 pro
3182 3853 3380 3910 merito

1783 3955 1882 3994 suo
1909 3940 2197 3997 maledicto
2226 3940 2557 4006 fulminaret,
2582 3941 2740 4011 jubet
2761 3957 2884 3996 eum
2917 3951 3120 3997 terram
3154 3931 3380 4013 pro-ci-

1784 4035 1851 4089 bo
1885 4035 2108 4102 habere,
2139 4050 2304 4105 supra
2328 4044 2570 4090 ventrem
2599 4050 2828 4105 repere:
2855 4035 3190 4105 etquoniam
3233 4053 3380 4094 mor-

1784 4138 1889 4184 tem
1922 4129 2066 4185 illam
2099 4129 2212 4201 ipse
2239 4127 2460 4184 fecisset
2483 4170 2498 4194 ,
2531 4127 2781 4198 addidit,
2813 4128 3039 4186 dicens:
3066 4127 3134 4185 Et
3176 4149 3371 4202 ponam

1780 4221 2079 4275 inimicitias
2106 4222 2236 4276 inter
2254 4231 2301 4276 te
2321 4229 2368 4276 et
2390 4221 2686 4290 mulierem,
2715 4231 2762 4275 et
2800 4223 2934 4277 inter
2965 4239 3134 4278 semen
3159 4232 3309 4278 tuum
3331 4237 3380 4281 et

1779 4331 1947 4370 semen
1976 4316 2208 4371 mulieris
2229 4333 2247 4370 :
2274 4316 2398 4388 Ipsa
2430 4315 2644 4370 calcabit
2669 4325 2825 4386 caput
2854 4324 3022 4385 tuum,
3057 4326 3080 4355 α
3111 4326 3157 4372 et
3188 4327 3242 4372 tu
3264 4323 3378 4390 ejus

1781 4407 2070 4464 observabis
2096 4407 2394 4464 calcaneum
2425 4407 2579 4483 (Gen.
2614 4425 2711 4478 ιιι,
2743 4410 2856 4481 15).
2909 4409 3099 4466 Nonne
3129 4411 3378 4467 conside-

1781 4517 1870 4558 ras
1902 4522 1914 4557 :
1949 4519 2128 4558 nonne
2149 4503 2421 4574 conspicis
2443 4544 2459 4570 ,
2491 4502 2634 4573 quod
2669 4503 2844 4559 eidem
2889 4513 3016 4561 tunc
3061 4506 3377 4563 minabatur

1781 4596 1832 4650 in
1861 4595 2121 4652 Christo?
2151 4596 2315 4651 Aliud
2340 4596 2483 4653 enim
2515 4611 2700 4651 semen
2724 4597 2969 4653 mulieris
2993 4599 3197 4654 nullum
3223 4615 3377 4671 pror-

162 4679 229 4738 lis.
269 4687 494 4749 Defendit
537 4694 631 4750 ille
685 4704 874 4752 ηοδιειι
914 4696 1169 4752 conditor
1222 4706 1279 4755 οι
1322 4698 1634 4771 redemptor
1665 4717 1680 4759 ε
1713 4701 1763 4762 ι)
1787 4704 1879 4744 sus
1902 4689 2146 4758 accipio,
2177 4687 2277 4742 nisi
2313 4687 2445 4741 illud
2484 4687 2628 4758 quod
2673 4687 2966 4756 Apostolus
2993 4690 3071 4744 ait
3103 4711 3115 4745 :
3152 4689 3375 4746 Factum

164 4775 396 4852 Priterque
440 4800 498 4842 sc
543 4796 599 4844 et
642 4801 806 4858 posse
856 4797 912 4843 et
945 4789 1084 4845 velle
1133 4789 1503 4860 monstravit,
1540 4807 1676 4862 quo-

164 4871 257 4928 Iiatn
282 4893 366 4936 nec
382 4883 551 4938 virtus
582 4885 834 4954 potentim
863 4884 1056 4954 defuit,
1091 4900 1192 4942 nec
1219 4885 1463 4958 dignatio
1502 4888 1674 4958 pieta-

166 4961 199 5013 ιι.
221 4965 317 5024 ηερ
340 4973 488 5029 nobis
509 4977 682 5047 magis
709 4978 986 5032 adoranda
1016 5019 1031 5044 ,
1059 4977 1200 5048 quod
1232 4979 1332 5032 sub
1374 4978 1490 5048 ipsa
1521 4995 1671 5034 erro-

165 5055 213 5109 ris
230 5066 366 5120 nostri
391 5074 708 5139 tempestate
739 5086 848 5126 non
876 5070 1122 5126 substitit
1157 5089 1168 5125 :
1196 5070 1480 5140 majorque
1508 5073 1671 5126 etiam

167 5144 248 5203 dum
270 5159 599 5215 exacerbatur
638 5161 854 5232 erupit,
883 5161 1011 5217 dum
1041 5162 1130 5218 ubi
1160 5176 1374 5234 ptenam
1423 5162 1671 5218 mereba-

168 5252 248 5295 ntur
269 5258 372 5315 spes
393 5251 776 5324 redemptionis
818 5253 1126 5311 ostenditur
1149 5299 1165 5324 ,
1208 5264 1265 5311 et.
1293 5255 1419 5310 dum
1453 5255 1504 5310 in
1536 5271 1673 5310 nau-

170 5324 270 5398 lugii
299 5341 476 5396 acerbo
505 5343 823 5402 discrimine
852 5356 1040 5416 portus
1065 5346 1260 5403 salutis
1291 5349 1536 5420 aperitur
1568 5367 1581 5403 :
1615 5357 1676 5405 ut

173 5435 260 5478 hom
280 5446 407 5491 more
433 5454 546 5507 qua:
582 5440 810 5496 materia
837 5439 1011 5496 fuerat
1036 5441 1330 5498 iracundiae
1353 5487 1366 5510 ,
1401 5459 1524 5499 esse
1552 5458 1669 5500 cm-

176 5517 263 5603 luit
276 5526 403 5598 origo
427 5531 751 5588 clementiae.
780 5532 872 5590 Sic
891 5549 1086 5589 arcana
1127 5535 1450 5603 operatione
1499 5535 1673 5590 mani-

177 5601 332 5682 killus.
351 5624 481 5692 quod
511 5625 873 5683 infirmitatem
899 5635 1140 5684 nostram
1165 5601 1539 5698 argumentum
1563 5645 1675 5684 sum

226 5754 386 5840 :5th
407 5760 743 5840 Agebat-dum
765 5767 907 5840 ,Aqui
939 5775 1211 5838 tamquam
1247 5783 1313 5823 ex
1344 5767 1679 5840 Hieronymo

183 5828 339 5914 ξξιιξι,
361 5840 402 5885 et
425 5828 479 5914 tu
513 5828 848 5914 insidiaberis'
871 5828 1110 5914 calcanco
1141 5841 1296 5914 ejus;
1339 5856 1462 5914 mox
1489 5881 1505 5904 ,
1543 5828 1680 5914 quod

187 5902 255 5958 ιαμ
273 5911 378 5955 ηπ
395 5905 677 5980 minabatur
703 5926 720 5977 ;
742 5916 821 5980 et,
855 5913 1046 6003 factum
1066 5913 1117 5978 in
1139 5902 1295 5974 cirrus
1309 5954 1324 5984 ,
1349 5902 1501 5967 illum
1518 5902 1607 6006 qui
1628 5921 1681 5967 ut

1781 4799 1844 4836 ea:
1867 4781 2102 4847 muliere,
2127 4783 2323 4853 factum
2351 4797 2414 4835 ex
2435 4797 2588 4834 carne
2618 4779 2800 4854 (latnt.
2831 4797 2877 4848 ι,
2909 4781 3021 4854 14).
3047 4781 3181 4837 Illud
3205 4787 3371 4856 quod,

1780 4883 1840 4932 ut
1871 4877 2209 4946 Evangelista
2241 4875 2352 4942 ait,
2385 4877 2576 4946 Joseph
2602 4875 2745 4944 ﬁlius
2777 4875 3053 4946 putabatur
3075 4894 3182 4932 esse
3223 4879 3241 4948 (
3267 4878 3374 4933 Luc

1775 4987 1874 5037 ιιι,
1903 4970 1997 5040 25)
2029 4988 2040 5021 :
2067 4969 2163 5025 sed
2196 4985 2302 5024 non
2326 4979 2482 5024 erat:
2517 4968 2651 5024 illud
2683 4970 2867 5040 utique
2898 5011 2912 5037 ,
2953 4971 3092 5036 quod
3150 4971 3372 5028 Verbum

1779 5079 1901 5115 raro
1930 5062 2120 5131 factum
2149 5068 2224 5115 est
2248 5059 2392 5131 (Gal.
2425 5077 2501 5126 tv,
2525 5059 2603 5131 tl).
2636 5059 2765 5114 Nam
2798 5061 2842 5114 si
2878 5062 3172 5130 generandi
3199 5065 3375 5134 publi-

1777 5171 1898 5213 cam
1929 5157 2084 5212 istam
2114 5168 2168 5212 et
2214 5155 2517 5211 naturalem
2546 5155 3013 5225 circumspicimus
3052 5158 3323 5214 rationem
3358 5206 3372 5230 ,

1782 5250 1990 5306 semina
2038 5265 2143 5304 non
2195 5248 2394 5304 habent
2423 5249 2715 5303 mulieres:
2750 5247 2985 5318 denique
3017 5251 3160 5306 nulla
3193 5253 3380 5307 conci-

1781 5344 1863 5414 pit
1887 5342 2004 5399 sine
2027 5345 2146 5398 viro
2171 5360 2185 5398 :
2208 5358 2269 5398 ac
2297 5359 2390 5412 per
2413 5343 2515 5397 hoc
2539 5341 2795 5411 quoniam
2821 5345 2932 5412 jam
2966 5353 3094 5399 tunc
3121 5344 3174 5399 in
3206 5346 3375 5400 Adam

1781 5453 1964 5494 semen
2014 5438 2264 5492 humana:
2311 5435 2678 5509 generationis
2736 5446 2886 5493 esset
2937 5439 3378 5509 transgressione

1781 5533 2025 5588 vitiatmn
2053 5577 2067 5599 ,
2102 5548 2288 5588 semen
2333 5532 2557 5588 cmleste
2594 5532 2932 5602 promittitur
2960 5575 2974 5600 ,
3001 5541 3060 5587 ut
3086 5531 3379 5601 Apostolus

1784 5625 1987 5695 sentit,
2017 5642 2125 5680 non
2148 5641 2213 5679 ex
2244 5625 2598 5697 corruptione
2625 5625 2752 5698 viri,
2778 5625 2872 5681 sed
2901 5641 2965 5680 ex
3001 5625 3108 5679 Deo
3142 5643 3152 5676 :
3188 5623 3215 5662 ι’
3236 5625 3380 5696 quod

1788 5768 2142 5840 Euangelista,
2169 5777 2302 5833 etc.,
2334 5768 2482 5824 illum
2511 5770 2686 5840 utique
2709 5769 2796 5840 qui
2823 5765 3048 5840 verbum,
3070 5772 3180 5840 etc.

1819 5839 1886 5968 ιιι
1915 5838 2071 5910 Apud
2103 5840 2356 5912 eumdem
2385 5885 2400 5913 ,
2433 5841 2570 5912 quod
2601 5838 2723 5898 caro
2754 5839 2898 5914 ﬁeret
2933 5839 2986 5892 in
3021 5838 3260 5898 mulieres
3283 5881 3300 5916 ,
3336 5849 3383 5915 et

1789 5930 1814 5968 c
1842 5920 2056 5974 emerita.
2449 5921 2453 5930 '
