3916 6288
484 343 556 399 εδ
1512 338 1575 397 S.
1619 334 2005 394 lllERONYMl
2042 334 2329 395 OPERUM
2367 335 2740 396 MANTISSA.
3666 340 3727 400 ει

475 472 601 514 cum
627 471 757 513 caro
789 456 942 513 fieret
967 456 1022 511 in
1053 455 1304 525 muliere,
1337 453 1499 511 etiam
1530 453 1804 510 elementa
1832 452 1921 508 illa
1943 466 2071 508 cor-
2096 459 2150 521 Α
2176 450 2294 507 tiat.
2330 453 2397 508 Et
2423 454 2686 524 propheta
2716 451 2791 507 ait
2822 448 3020 508 Isaias:
3041 449 3200 526 Virgo
3215 451 3269 507 in
3285 460 3429 507 utero
3446 453 3681 523 concipiet
3712 460 3734 512 .9

473 565 659 618 pareat
688 547 1007 604 substantias
1031 589 1047 617 ,
1083 548 1134 603 id
1160 556 1243 603 est
1268 589 1284 615 ,
1312 544 1560 603 humoris
1590 556 1645 602 et
1671 546 1981 617 sanguinis,
2010 545 2064 601 in

474 643 597 713 ipso
620 641 725 698 sibi
754 643 991 705 vasculo,
1024 641 1078 695 in
1103 655 1211 711 quo
1235 640 1350 710 ipsa
1374 639 1639 695 elementa
1664 639 1766 693 sita
1798 646 1949 703 sunt,
1973 652 2068 692 na-

474 736 724 791 turaliter
772 742 1002 803 aptaret.
1049 733 1225 789 Mater
1251 732 1433 803 itaque
1460 731 1676 787 Domini
1717 731 1891 786 nostri
1938 731 2066 787 Jesu

473 830 678 885 Christi
705 872 720 896 ,
761 828 815 883 in
844 827 1066 898 illajam
1095 836 1224 883 tunc
1252 826 1481 882 muliere
1509 824 1775 895 promissa
1804 832 1909 880 est.
1941 823 2069 879 Haec

474 923 775 978 inimicitiis
820 922 1070 991 opposita
1111 931 1197 977 est
1225 920 1494 992 serpentis
1523 936 1539 976 :
1568 918 1772 973 Ponam
1798 961 1813 983 ,
1850 919 2025 991 inquit
2049 959 2066 984 ,

474 1015 771 1068 inimicitia
798 1014 932 1067 inter
961 1023 1008 1067 te
1051 1024 1101 1068 et
1130 1013 1392 1067 mulierem
1417 1012 1436 1083 (
1467 1011 1599 1067 Gen.
1628 1026 1687 1066 ιιι
1712 1054 1728 1078 ,
1769 1012 1839 1067 15
1866 1012 1885 1081 )
1916 1030 1927 1064 :
1959 1026 2068 1066 non

476 1120 629 1164 certe
660 1122 801 1178 pono
829 1108 985 1172 dicit,
1018 1122 1085 1163 ne
1123 1106 1190 1163 ad
1225 1108 1390 1162 Evam
1419 1107 1522 1161 hoc
1554 1106 1829 1176 pertinere
1855 1105 2071 1162 videre-

477 1211 582 1255 tur.
620 1199 856 1255 Verbum
883 1199 1261 1269 promissionis
1291 1207 1399 1263 est,
1422 1198 1565 1271 quod
1593 1198 1978 1253 transmittitur
2016 1197 2068 1252 in

470 1294 671 1348 futura.
718 1292 921 1348 Ponam
950 1334 965 1358 ,
1010 1292 1185 1362 inquit
1210 1334 1226 1356 ,
1273 1291 1587 1347 inimicitias
1616 1291 1757 1345 inter
1786 1298 1839 1345 te
1865 1298 1920 1344 et
1950 1304 2070 1345 mu-

469 1387 682 1441 lierem.
713 1385 861 1442 Illam
889 1385 1076 1457 utique
1108 1384 1413 1455 mulierem,
1437 1399 1559 1456 qua:
1586 1381 1924 1439 Salvatorem
1950 1396 2069 1452 par-

474 1476 658 1545 turiat,
687 1491 789 1529 non
823 1490 943 1551 quae
969 1483 1195 1546 generet
1218 1474 1571 1530 fratricidam.
1605 1475 1842 1538 Ponant,
1867 1470 2069 1543 inquit,

474 1568 784 1625 inimicitias
813 1562 953 1624 inter
983 1576 1037 1624 te
1072 1577 1127 1624 et
1166 1568 1451 1624 mulierem
1489 1586 1501 1621 :
1534 1566 1586 1622 id
1630 1577 1713 1622 est
1737 1607 1753 1633 ,
1795 1564 2071 1622 suscitabo

476 1662 757 1717 mulierem
789 1704 804 1729 ,
852 1676 974 1733 qua:
1016 1660 1299 1731 repudiata
1340 1658 1599 1715 facilitate
1634 1657 1928 1724 credendi,
1961 1673 2069 1712 non

476 1755 652 1810 solum
685 1762 738 1810 te
778 1769 883 1810 non
914 1753 1133 1825 audiat,
1183 1753 1230 1809 si
1272 1761 1369 1809 aut
1412 1754 1737 1808 suavitatem
1784 1765 2070 1822 pomorum

2173 545 2310 618 (lsa.
2332 562 2425 613 vit,
2453 545 2541 617 14)
2580 563 2593 599 :
2630 544 2915 600 Mattlttcus
2942 545 3111 600 refert
3137 563 3148 596 :
3178 543 3397 601 Inventa
3439 556 3508 599 est
3532 547 3580 600 in
3605 559 3732 603 utero

2170 636 2383 692 habens.
2418 637 2598 693 Verbo
2643 638 2759 705 ipso
2789 634 3165 702 promissionis
3195 637 3485 706 respondet
3510 636 3731 704 effectus,

2168 729 2312 799 quod
2328 745 2434 784 non
2458 728 2864 799 aliterloquitur
2876 727 3201 799 evangelista
3215 743 3372 798 quam
3386 740 3549 794 vates,
3563 746 3653 785 nec
3675 733 3731 787 ad

2170 823 2577 894 exprimendam
2608 823 2788 893 operis
2842 823 3134 877 novitatem
3179 821 3413 877 inventio
3440 823 3735 879 elocutionis

2170 915 2481 972 difficultate
2494 916 2862 972 confunditur.
2877 914 2977 972 Ubi
2998 928 3117 969 sunt
3136 915 3501 986 grammatici?
3520 912 3612 973 Ubi
3625 933 3738 973 con-

2169 1008 2398 1062 siliarii?
2419 1010 2547 1077 Qute
2564 1011 2720 1076 istos,
2738 1018 2957 1064 utextra
2971 1008 3425 1063 consuetudinem
3456 1007 3741 1081 loquantur,

2171 1100 2354 1155 schola
2396 1100 2689 1171 produxit?
2730 1102 2860 1168 Quae
2885 1112 2989 1154 tam
3018 1110 3205 1172 aperte
3226 1100 3451 1171 signata:
3475 1102 3742 1157 novitatem

2171 1198 2491 1252 monstravit
2504 1195 2796 1251 doctrinm?
2812 1194 2928 1250 Non
2946 1193 3433 1250 indicanthumano
3445 1209 3621 1261 sensu,
3636 1212 3749 1262 quo-

2173 1288 2317 1343 niam
2332 1304 2440 1344 non
2454 1303 2589 1359 opus
2609 1287 2898 1343 humanum
2919 1288 3155 1359 estquod
3178 1287 3489 1359 loquuntur.
3510 1287 3569 1343 Et
3586 1296 3748 1343 tamen

2172 1398 2290 1438 rem
2310 1397 2502 1437 novam
2530 1396 2632 1437 nec
2653 1392 2808 1437 antea
2834 1384 3023 1437 factam
3056 1382 3133 1436 sic
3163 1388 3352 1435 notant
3377 1424 3391 1449 ,
3416 1389 3473 1434 ut
3499 1378 3750 1450 intelligas

2173 1489 2296 1530 cum
2330 1475 2567 1529 mirabili
2595 1489 2761 1543 opere
2784 1515 2799 1540 ,
2843 1483 2898 1529 et
2926 1464 3231 1528 mirabilem
3274 1480 3460 1527 natum
3502 1487 3619 1528 esse
3648 1489 3750 1529 ser-

2174 1566 2760 1638 monem.Repetamus
2785 1566 3021 1638 denique
3043 1574 3259 1622 sanctas
3278 1562 3512 1620 feminas
3538 1564 3753 1635 patriar-

2176 1664 2433 1729 charum,
2464 1661 2852 1730 videamusque
2880 1662 2926 1715 si
2958 1661 3038 1717 sic
3068 1658 3138 1717 de
3163 1660 3343 1731 aliqua
3378 1661 3633 1732 scriptum
3660 1671 3753 1717 εει.

2177 1754 2430 1824 Legimus
2450 1754 2517 1811 de
2541 1755 2673 1809 Sara
2710 1772 2721 1809 :
2754 1753 2819 1808 Et
2849 1753 3105 1808 Dominus
3142 1754 3365 1809 uisitauit
3394 1751 3611 1821 Suram,
3637 1755 3758 1808 sicut

476 1863 577 1919 pro
606 1849 960 1919 adapertione
982 1847 1372 1905 monstraveris
1398 1847 1713 1913 oculorum,
1753 1844 1973 1901 autdiis
1999 1845 2077 1901 si-
2108 1847 2155 1906 B
2183 1844 2315 1899 dixit
2355 1862 2374 1899 :
2419 1854 2465 1899 et
2510 1846 2633 1916 fecit
2669 1841 2812 1900 Deus
2851 1844 3000 1901 Sane
3053 1846 3182 1900 sicut
3235 1845 3436 1900 locutus
3474 1855 3546 1901 est
3593 1846 3636 1900 ei
3658 1888 3672 1914 ,
3716 1855 3758 1899 et

478 1940 662 1997 milem
692 1955 814 1997 esse
836 1940 1152 2012 promiseris
1183 1957 1197 1993 :
1227 1940 1323 1997 sed
1354 1939 1515 1995 etiam
1547 1941 1663 2010 ipso
1700 1937 1952 1995 Gabriele
1981 1936 2077 1992 de~

476 2034 687 2089 ferente
732 2032 956 2089 verbum
983 2073 998 2098 ,
1051 2033 1315 2089 rationem
1360 2031 1430 2087 de
1471 2029 1851 2102 promissionis
1889 2027 2076 2100 exigat

477 2126 756 2189 novitate,
785 2122 1015 2179 dicendo
1048 2141 1059 2177 :
1097 2120 1540 2192 Quemadmodum
1570 2120 1668 2175 erit
1716 2119 1890 2188 istud,
1940 2135 2072 2190 quo-

479 2218 617 2272 niam
631 2217 795 2272 virum
810 2232 909 2271 non
923 2217 1135 2290 cognovi
1148 2213 1509 2291 (Luc.tlt,74)?
1526 2212 1673 2269 Illam
1693 2211 1895 2282 utique,
1912 2225 2073 2283 quam

480 2313 549 2367 ad
591 2312 859 2367 visionem
902 2311 1084 2383 angeli
1134 2310 1305 2381 pudor
1344 2325 1542 2365 aureus
1577 2307 1915 2363 tremefecit:
1950 2306 2073 2361 fidei

483 2412 667 2460 tamen
710 2403 874 2459 ardor
913 2413 969 2458 et
1012 2402 1358 2468 constantia,
1408 2401 1511 2456 labi
1554 2398 1792 2457 nesciam
1818 2440 1833 2466 ,
1877 2398 1945 2454 ad
1990 2397 2077 2453 in-

482 2498 808 2568 quirendam
849 2498 1115 2552 rationem
1143 2494 1379 2551 reddidit
1409 2494 1669 2550 audacem
1706 2510 1722 2552 :
1753 2503 1809 2548 et
1837 2508 1956 2564 qua:
1981 2493 2075 2547 ad-

483 2592 721 2647 venienti
772 2590 1025 2660 praestitit
1063 2588 1132 2645 de
1169 2589 1412 2660 pudore,
1456 2586 1600 2659 quod
1640 2586 1919 2652 tacuerit,
1962 2585 2078 2641 lucc

483 2685 822 2756 promittenti
855 2683 923 2738 de
958 2682 1321 2738 admiratione
1354 2696 1464 2737 non
1494 2680 1678 2737 cessit.
1709 2679 1845 2735 Nam
1884 2688 1938 2734 et
1970 2678 2076 2733 sol.

480 2779 629 2835 licita
659 2778 728 2835 de
759 2794 825 2831 eo
854 2777 999 2850 quod
1030 2776 1470 2843 annuntiabatur,
1493 2774 1803 2845 exquisivit.
1835 2772 2077 2843 Denique

485 2880 541 2925 et
578 2870 805 2942 angelus
850 2884 956 2925 non
999 2869 1375 2926 inﬁdelitatem
1427 2866 1739 2938 redarguit,
1783 2876 1842 2921 ut
1880 2867 1932 2919 in
1974 2865 2076 2919 Za-

483 2961 668 3017 charia
697 2979 710 3014 :
741 2960 840 3016 sed
865 2960 1099 3017 instituit
1129 2960 1197 3017 de
1226 2959 1422 3015 divina:
1447 2958 1779 3030 operationis
1813 2956 2072 3023 novitate,

481 3053 671 3109 dicens
706 3071 718 3105 :
748 3053 977 3119 Spiritus
1006 3062 1219 3108 sanctus
1247 3057 1565 3125 superveniet
1604 3052 1658 3104 in
1698 3060 1745 3105 te
1768 3092 1784 3118 ,
1826 3062 1874 3105 et
1915 3051 2077 3105 uirtus

483 3148 725 3203 altissimi
754 3146 1073 3202 obumbrabit
1098 3148 1210 3202 tibi.
1250 3148 1389 3202 Ecce
1420 3147 1563 3202 istud
1594 3160 1777 3201 semen
1807 3142 2072 3212 mulieris,

2179 1938 2411 2007 concepit
2448 1947 2498 1992 et
2525 1940 2722 2010 peperit
2770 1938 2990 1994 Abrahaz
3019 1937 3186 2004 ﬁlium
3219 1936 3375 2006 (Gen.
3422 1954 3547 2009 xxx,
3595 1934 3649 2007 l,
3684 1939 3757 2011 ἓ).

2178 2032 2234 2087 In
2263 2032 2414 2089 Isaac
2443 2031 2623 2088 divina
2653 2033 3038 2090 benevolentia
3080 2043 3415 2091 monstratur
3444 2035 3528 2089 his
3550 2032 3717 2089 verbis
3745 2051 3757 2090 :

2179 2124 2247 2180 Et
2272 2126 2532 2181 exaudivit
2569 2125 2723 2180 illum
2768 2125 2907 2181 Deus
2935 2143 2954 2180 :
2995 2136 3043 2181 et
3090 2126 3325 2198 concepit
3365 2124 3597 2182 Rebecca
3641 2142 3761 2180 uxor

2176 2218 2290 2288 ejus
2315 2215 2469 2291 (Gen.
2503 2234 2572 2273 xx
2599 2260 2615 2285 ,
2664 2216 2779 2288 21).
2834 2218 3079 2289 Denique
3116 2226 3172 2273 et
3219 2217 3287 2274 de
3315 2215 3485 2273 Jacob
3518 2217 3761 2273 uxoribus

2177 2311 2256 2365 sic
2287 2313 2507 2381 ponitur
2551 2328 2565 2365 :
2611 2307 2680 2364 Et
2716 2312 2950 2384 concepit
2989 2308 3121 2379 Lia,
3160 2321 3208 2367 et
3233 2313 3435 2384 peperit
3479 2310 3645 2381 ﬁlium
3677 2307 3763 2364 Ja-

2175 2402 2287 2468 cob,
2320 2412 2427 2460 etc.
2454 2402 2607 2479 (Gen.
2632 2420 2759 2471 xxv,
2788 2404 2905 2477 t2).
2925 2404 3003 2461 De
3033 2405 3175 2461 nulla
3207 2416 3358 2462 certe
3390 2400 3580 2461 harum
3610 2408 3762 2475 scrip-

2177 2506 2288 2553 tum
2326 2504 2450 2567 est,
2510 2496 2560 2554 in
2603 2509 2756 2554 utero
2793 2500 3047 2569 concepit
3081 2518 3093 2553 :
3139 2516 3260 2567 qua:
3308 2508 3493 2555 tamen
3523 2499 3763 2571 quidquid

2176 2590 2556 2661 concipiebant
2574 2633 2588 2657 ,
2612 2602 2762 2647 extra
2787 2599 3001 2647 uterum
3025 2593 3317 2663 concipere
3341 2610 3450 2649 non
3477 2603 3725 2666 poterant
3749 2609 3763 2647 ε

2175 2681 2270 2737 sed
2296 2686 2549 2754 quoniam
2584 2682 2653 2739 de
2684 2691 2959 2741 conventu
3006 2683 3150 2740 virili
3183 2686 3477 2755 concipere
3507 2702 3565 2740 se
3611 2701 3764 2740 nove-

2175 2786 2327 2841 rant,
2362 2776 2556 2845 quibus
2588 2792 2692 2830 non
2724 2777 3075 2846 proveniebat
3115 2776 3262 2832 salva
3300 2777 3618 2850 virginitate
3647 2794 3769 2833 con»

2176 2877 2385 2937 ceptus.
2422 2867 2546 2922 Sola
2579 2882 2713 2921 vero
2744 2866 2910 2923 Maria
2940 2867 2995 2923 in
3029 2878 3184 2924 utero
3215 2872 3477 2941 concepit
3497 2887 3617 2927 cum
3644 2871 3768 2926 irre-

2176 2970 2360 3016 serato
2407 2960 2556 3016 aditu
2604 2961 2855 3016 seminali
2882 3004 2896 3026 ,
2939 2961 3125 3018 clauso
3163 2971 3325 3019 utero
3373 2964 3670 3035 concepit:
3706 2960 3768 3018 ad

2177 3055 2340 3127 hujus
2368 3056 2742 3128 conceptionis
2766 3070 2953 3111 semen
2986 3058 3030 3111 si
3062 3069 3210 3113 recte
3228 3058 3694 3124 ratiocinahimur,
3720 3065 3769 3111 et

2180 3150 2408 3205 interius
2431 3150 2609 3205 divina
2638 3150 3369 3223 tractaverimus,praecessit
3403 3153 3461 3208 in
3493 3154 3657 3224 figura
3680 3164 3769 3223 pro

484 3238 632 3310 quod
665 3254 771 3294 non
812 3254 909 3309 per
941 3239 1218 3294 traducem
1255 3240 1573 3309 genitalium
1602 3239 2068 3305 ministeriorum,
2101 3230 2149 3297 C
2181 3256 2424 3315 tempore
2454 3244 2539 3299 illa
2572 3245 2872 3312 sententia,
2904 3261 3023 3317 qua!
3056 3247 3420 3317 primogenita
3451 3245 3770 3303 benedictio-

484 3330 873 3387 commixtione
901 3345 1064 3387 sexus
1094 3328 1382 3401 utriusque
1431 3330 1810 3386 infunderetur
1853 3332 1904 3385 in
1952 3340 2072 3386 ute-

484 3439 630 3493 rum,
661 3423 757 3481 sed
782 3424 1023 3480 claustro
1043 3425 1252 3491 clauso,
1279 3424 1615 3480 indeflorataa
1644 3423 1889 3496 Virginis
1920 3425 2073 3480 inve-

486 3519 696 3593 niretur
735 3518 791 3573 in
837 3529 1015 3576 utero.
1062 3520 1306 3590 Denique
1349 3536 1464 3576 rem
1508 3535 1704 3575 novam
1750 3521 2076 3590 plenamque

485 3609 765 3679 miraculi,
797 3629 936 3668 novo
956 3611 1120 3668 verbo
1146 3611 1413 3680 PrOpheta
1438 3612 1566 3667 dum
1599 3611 1887 3683 promittit,
1916 3626 2077 3667 exsc-

482 3702 668 3771 quitur
695 3719 708 3755 :
740 3700 873 3757 Ecce
898 3703 1041 3777 uirgo
1070 3702 1123 3758 in
1147 3711 1292 3757 utero
1317 3703 1603 3772 concipiet,
1636 3711 1683 3756 et
1712 3704 1876 3773 pariet
1904 3702 2074 3772 [ilium

485 3794 632 3866 (Ose.
668 3811 774 3863 vn,
807 3795 939 3867 xiv).
968 3796 1222 3865 Quotidie
1251 3806 1402 3851 certe
1427 3795 1495 3851 de
1530 3795 1853 3867 procreandi
1884 3810 2076 3851 neces-

484 3889 641 3946 sitate
681 3891 972 3947 mulierum
998 3898 1295 3961 conceptus
1329 3900 1383 3945 et
1420 3890 1696 3946 cernimus
1725 3889 2071 3957 etaudimus,

484 3983 552 4040 de
573 3983 716 4038 nulla
743 3994 922 4039 tamen
945 3982 1146 4039 dicitur
1176 3998 1188 4035 :
1218 3981 1274 4036 In
1308 3993 1463 4038 utero
1489 3984 1744 4053 concepit
1774 4001 1791 4039 :
1817 3982 2072 4052 quoniam

485 4076 786 4131 substantia
834 4076 1003 4131 futuri
1044 4075 1312 4142 hominis,
1368 4074 1485 4131 fusa
1535 4092 1634 4148 per
1679 4076 1898 4142 virum,
1948 4091 2077 4131 coa-

486 4169 639 4224 lescit
667 4170 719 4222 in
745 4168 946 4223 femina
971 4186 984 4219 :
1014 4176 1309 4241 uterusqne
1338 4168 1583 4223 mulieris
1611 4185 1717 4224 non
1748 4168 2072 4240 principium

485 4270 568 4319 est
607 4264 868 4319 nascituri
918 4263 1152 4318 hominis
1179 4306 1194 4330 ,
1245 4262 1341 4318 sed
1379 4263 1612 4333 depositi
1659 4252 2071 4318 nutrimentum.

486 4356 651 4411 Maria
676 4366 856 4411 autem
883 4371 991 4411 non
1017 4364 1126 4409 tam
1161 4354 1331 4423 prima
1358 4371 1517 4425 quam
1543 4355 1657 4409 sola
1686 4352 1739 4411 in
1772 4368 1927 4411 utero
1952 4371 2077 4412 con-

484 4448 660 4519 cepit,
697 4449 853 4519 cujus
902 4450 1131 4520 pudoris
1154 4450 1383 4506 illibalio
1427 4461 1751 4523 conceptum
1785 4448 1929 4506 uteri
1971 4450 2075 4506 line

486 4543 686 4599 damno
717 4544 1041 4614 virginitatis
1069 4545 1349 4616 expressit
1376 4562 1387 4599 :
1418 4561 1537 4617 quae
1567 4547 1681 4601 sola
1715 4545 1874 4601 nobis
1913 4562 2075 4617 pepe-

484 4640 589 4707 rit,
614 4636 757 4707 quod
782 4653 886 4691 non
902 4638 1109 4709 accepit
1128 4653 1198 4694 ex
1228 4640 1407 4707 nobis,
1431 4640 1645 4696 dicente
1659 4640 1889 4696 Domino
1916 4659 1928 4693 :
1969 4639 2073 4694 Vos
2101 4626 2154 4687 D

484 4731 548 4785 de
567 4729 896 4801 inferioribus
918 4731 1061 4799 estis,
1077 4747 1170 4803 ego
1183 4731 1245 4786 de
1262 4732 1606 4801 superioribus
1628 4750 1743 4786 sum
1757 4732 1811 4805 (Ι
1820 4749 1938 4786 oan.
1955 4747 2069 4799 vin,

474 4824 596 4894 25).
616 4822 747 4890 Quae
759 4822 871 4876 sola
894 4831 1066 4877 mater
1080 4832 1165 4879 est
1179 4824 1310 4890 filio,
1325 4839 1446 4879 cum
1475 4825 1624 4896 virgo
1644 4825 1715 4881 sit
1741 4827 1933 4879 marito
1953 4844 1964 4878 :
1981 4840 2044 4880 cu
2058 4853 2070 4861 -

470 4917 566 4987 jus
595 4916 1006 4986 conceptionem
1039 4917 1321 4987 ignorante
1345 4917 1672 4989 virginitate,
1690 4930 1875 4987 partus
1901 4934 2069 4989 agno-

482 5010 560 5063 vit
586 5027 597 5060 :
625 5025 744 5079 quae
766 5010 880 5065 sole
908 5009 1105 5064 mulier
1131 5008 1273 5064 dicta
1301 5020 1405 5077 est,
1433 5026 1539 5064 non
1566 5008 1941 5080 concipiendo,
1973 5010 2067 5067 sed

484 5100 761 5170 pariendo.
790 5102 869 5156 Ex
896 5101 995 5156 hac
1014 5116 1144 5173 ergo
1164 5116 1347 5157 semen
1370 5104 1699 5172 promissum
1712 5113 1791 5156 est
1807 5104 2068 5168 mulieris,

482 5210 590 5267 quo
611 5195 906 5249 secundum
941 5192 1215 5250 hominem
1248 5195 1507 5250 Dominus
1540 5195 1679 5250 Deus
1728 5204 1913 5250 noster
1943 5184 2067 5250 est:

485 5289 573 5359 qui
602 5302 708 5345 non
736 5288 944 5343 inlusus
978 5299 1061 5343 est
1088 5288 1138 5343 in
1180 5299 1367 5353 utero,
1396 5288 1493 5344 sed
1525 5289 1803 5354 inventus,
1839 5303 2071 5360 evange-

480 5384 602 5439 lista
633 5380 1019 5443 confirmante,
1053 5397 1175 5437 cum
1209 5382 1340 5438 dicit
1365 5381 1432 5437 de
1458 5380 1617 5437 Maria
1647 5380 1898 5437 :Inventa
1918 5392 1990 5437 est
2018 5382 2071 5437 in

477 5486 620 5533 utero
666 5474 854 5530 habens
881 5470 1099 5546 (Matth.
1126 5490 1173 5538 ι,
1208 5474 1320 5547 l8).
1346 5475 1485 5530 Ecce
1511 5484 1564 5531 et
1592 5474 1662 5531 ab
1694 5476 1811 5545 ipso
1858 5491 2067 5546 praece-

478 5570 644 5626 dente
658 5566 945 5638 Propheta‘.
968 5580 1220 5621 sermone
1242 5582 1349 5623 non
1366 5563 1550 5623 deviat
1575 5567 1718 5639 quod
1740 5566 1911 5622 fuerat
1936 5582 2072 5621 nun-

2178 3336 2466 3405 nibus,vel
2499 3337 2921 3409 obligationihus
2946 3337 3227 3409 obligavit,
3257 3339 3479 3396 dicente
3509 3339 3767 3395 Domino:

2180 3429 2347 3486 Omne
2367 3430 2707 3486 masculinum
2718 3435 2855 3502 quod
2878 3431 3042 3500 aperit
3058 3432 3278 3497 vulvam,
3303 3444 3546 3488 sanctum
3562 3432 3769 3487 Domino

2178 3520 2440 3578 vocabitur
2469 3516 2683 3593 (Exod.
2718 3539 2799 3589 ιιι,
2830 3524 2931 3592 25;
2960 3522 3090 3579 Luc.
3119 3541 3178 3592 ll,
3204 3526 3320 3597 9.5).
3346 3520 3507 3596 Quod
3539 3530 3623 3582 est
3642 3523 3770 3581 istud

2178 3616 2553 3684 masculinum,
2568 3616 2705 3686 quod
2719 3618 3113 3688 aperitvulvam
3131 3638 3145 3673 :
3164 3635 3283 3675 cum
3298 3624 3549 3677 omnium
3562 3620 3773 3677 femina-

2178 3727 2294 3766 rum
2314 3708 2500 3765 vnlvas
2525 3711 2729 3781 aperiat
2755 3726 2858 3766 non
2879 3712 3146 3781 puerperii
3170 3712 3494 3779 necessitas,
3512 3712 3608 3770 sed
3626 3712 3775 3769 mari-

2179 3805 2303 3861 talis
2316 3804 2805 3876 agnitio?Deniqne
2827 3806 2968 3860 nulla
2987 3806 3141 3878 virgo
3153 3806 3350 3863 dicitur
3364 3820 3489 3879 post
3507 3809 3772 3873 maritum,

2177 3900 2319 3971 quod
2352 3915 2547 3954 nomen
2578 3898 2775 3953 clausis
2803 3899 3016 3954 videtur
3045 3899 3241 3955 futuris
3270 3898 3558 3973 mysteriis
3584 3917 3774 3959 conve-

2178 3995 2315 4048 nire.
2348 3992 2413 4047 Et
2436 3993 2682 4063 superius
2704 3993 2770 4047 de
2798 3993 2997 4047 Rachel
3022 3993 3362 4057 Scripturam
3398 3996 3606 4052 habere
3628 4012 3776 4051 mon-

2178 4089 2463 4143 stravimus
2498 4104 2511 4141 :
2560 4087 2627 4141 Et
2648 4089 2910 4142 exaudivit
2951 4088 3099 4143 illam.
3143 4090 3303 4157 Deus,
3349 4102 3400 4145 et
3436 4094 3644 4165 aperuit
3678 4094 3778 4164 ejus

2178 4183 2375 4236 vulvam
2394 4224 2409 4249 ,
2452 4190 2499 4235 et
2527 4182 2776 4248 concepit.
2801 4178 2959 4235 Certe
2984 4198 3088 4236 non
3114 4181 3264 4250 prius
3280 4182 3419 4236 dixit
3442 4227 3458 4251 ,
3484 4184 3732 4253 concepit
3762 4200 3775 4236 :

2178 4287 2235 4333 et
2273 4286 2434 4343 post,
2466 4276 2679 4346 aperuit
2724 4275 2840 4339 ejus
2869 4276 3081 4329 vulvam
3113 4293 3126 4329 :
3174 4275 3269 4331 sed
3305 4277 3493 4347 prius,
3524 4279 3731 4348 aperuit
3764 4292 3775 4328 :

2178 4367 2464 4433 videlicet,
2499 4377 2556 4421 ut
2588 4364 2814 4421 maritus
2844 4367 3046 4435 apertis
3069 4366 3247 4422 vulva:
3273 4368 3494 4439 januis,
3526 4372 3674 4426 velut
3701 4385 3778 4422 sc-

2178 4460 2483 4517 minaturus
2512 4475 2697 4531 agrum
2727 4470 2973 4529 paratum
3006 4459 3307 4516 seminibus
3342 4464 3600 4521 intraret.
3627 4462 3779 4520 Deni-

2180 4572 2284 4629 que
2324 4556 2601 4628 sulijungit
2625 4598 2639 4621 ,
2673 4564 2729 4611 et
2758 4557 3025 4626 concepit.
3076 4556 3191 4612 Non
3234 4558 3421 4629 itaque
3451 4570 3650 4631 partu,
3689 4556 3776 4615 sed

2180 4651 2540 4722 conceptione
2561 4691 2575 4711 .
2627 4650 2735 4703 imo
2769 4648 3055 4721 conceptio
3084 4649 3345 4719 patefacta
3378 4663 3469 4710 est
3515 4672 3528 4708 :
3587 4669 3688 4709 nec
3718 4652 3778 4706 il-

2182 4742 2286 4798 lam
2335 4740 2713 4812 parturiendus
2754 4739 2879 4797 dum
2932 4728 3204 4814 nascitur,
3256 4744 3396 4814 sed,
3454 4746 3547 4818 qui
3602 4756 3779 4816 partu—

2181 4833 2429 4889 riendum
2487 4833 2848 4889 seminatnrus
2912 4832 3132 4903 fuerat,
3205 4833 3539 4907 designavit.
3622 4836 3778 4894 Etsi

2175 4924 2287 4995 jam
2343 4935 2469 4980 ante
2505 4932 2860 4995 conceptum,
2915 4928 3113 4997 quippe
3153 4937 3211 4982 ut.
3258 4931 3588 4999 conciperet
3640 4946 3781 4986 resc-

2181 5028 2293 5071 rata
2329 5027 2452 5084 est,
2494 5033 2602 5072 non
2637 5033 2755 5072 eam
2793 5026 2943 5074 certe
2980 5017 3072 5073 ille
3097 5021 3189 5091 qui
3231 5031 3395 5076 natus
3422 5034 3510 5079 est
3536 5023 3632 5079 diu
3666 5028 3780 5091 post

2180 5114 2393 5179 poterat
2418 5124 2687 5171 reserare,
2713 5109 2837 5163 dum
2862 5109 3079 5175 dicitur,
3110 5111 3419 5168 nasciturus
3458 5132 3471 5167 :
3506 5116 3597 5185 qui
3625 5114 3781 5168 etiam

2177 5201 2412 5271 concipi,
2447 5201 2577 5257 dum
2603 5212 2746 5257 esset
2777 5201 2867 5256 illa
2893 5202 3098 5269 clausa,
3122 5220 3230 5259 non
3264 5207 3461 5275 potuit.
3493 5206 3657 5261 Omne
3678 5223 3781 5259 ma-

2177 5294 2467 5359 sculinum,
2500 5294 2698 5360 inquit,
2730 5294 2870 5364 quod
2894 5296 3101 5365 aperuit
3130 5295 3330 5350 vulvam
3352 5342 3367 5367 ,
3411 5312 3651 5354 sanctum
3682 5297 3781 5350 Do-

2179 5385 2318 5438 mino
2358 5384 2639 5442 vocabitur.
2672 5386 2803 5453 Quae
2836 5396 2917 5441 est
2965 5387 3062 5441 ista
3098 5386 3261 5449 ratio,
3296 5405 3423 5460 qua}
3455 5407 3558 5447 nec
3586 5407 3777 5447 secun-

2178 5477 2305 5534 dum
2346 5493 2564 5534 sensum
2605 5479 2817 5534 videtur
2858 5480 3126 5550 impleta?
3166 5480 3334 5537 Jacob
3392 5485 3559 5552 primi
3604 5483 3776 5539 locum

2178 5570 2361 5627 fratris
2402 5570 2777 5628 fraudulenter
2825 5573 3073 5643 invadit,
3124 5588 3224 5630 nec
3270 5575 3539 5631 nascendi
3588 5576 3776 5631 ordine

476 5664 700 5718 tiatum:
732 5661 894 5736 Virgo
919 5660 974 5715 in
996 5669 1140 5714 utero
1168 5660 1457 5730 concipiet;
1488 5658 1581 5716 sed
1614 5661 1667 5714 in
1692 5659 1939 5732 mysterii
1970 5676 2068 5715 no-
2173 5662 2512 5735 prohibetur,
2543 5680 2643 5721 nec
2672 5660 2962 5721 dolositate
2983 5664 3292 5722 damnatur.
3319 5662 3535 5737 Ioseph
3560 5669 3652 5724 filii
3684 5686 3777 5739 per

479 5756 647 5810 vitate
670 5795 685 5819 ,
726 5755 1001 5813 sermonis
1024 5764 1187 5809 etiam
1210 5754 1488 5823 parilitate
1506 5754 1806 5810 concordat
1842 5771 1856 5808 :
1889 5768 2067 5823 eoque

477 5844 622 5915 style
644 5843 769 5902 facti
798 5843 1021 5904 historia
1038 5843 1380 5919 designatur,
1393 5859 1501 5918 quo
1532 5844 1832 5904 faciendum
1847 5846 2063 5904 demin-

2169 5774 2333 5814 avum
2366 5771 2697 5829 praepostera
2728 5760 3032 5817 secundum
3062 5760 3321 5817 nascendi
3342 5762 3587 5831 gradum
3614 5765 3775 5819 bene-

2168 5850 2405 5911 dictione
2432 5853 2734 5926 signantur,
2776 5866 2876 5914 nec
2918 5854 3140 5914 caecitas
3170 5864 3315 5914 errat
3350 5854 3536 5914 futura
3564 5856 3768 5939 prcspi-
