3916 6288
233 336 270 394 ε
1083 325 1424 387 EPISTOLA
1466 328 1552 384 Vl.
1598 326 1692 384 AD
1729 326 1997 387 ANICUM
2039 326 2419 390 EGROTUM.
3320 333 3393 390 86

227 450 365 513 dentis,
399 457 481 500 nec
504 440 729 498 monitor
766 440 910 497 ﬁlius
943 441 1221 500 dexteram
1251 446 1525 516 parentis,
1566 460 1689 517 quae
1718 447 1771 508 Α
1794 445 1861 499 ad
1894 445 1995 501 hoc
2027 460 2126 501 nos
2156 446 2271 516 ipsa
2296 447 2518 506 deduxit
2558 450 2738 505 oratio
2760 489 2774 516 ,
2797 450 2939 521 quod
2974 449 3137 506 honto
3175 450 3270 505 ille
3297 450 3383 506 in-

231 538 419 615 pinguioris
437 535 805 594 benedictionis
825 551 991 593 succo
1010 538 1279 595 minorem
1310 541 1587 612 irrigabat,
1604 541 1687 596 in-

232 638 330 693 nuit
352 633 453 701 Quae
474 630 644 699 utique
672 631 857 686 omnia
885 641 1015 686 sunt
1034 635 1310 689 contraria
1332 676 1347 699 ,
1368 636 1411 689 si
1440 644 1692 705 putamus

236 730 328 785 dehis
341 726 497 783 dictum
524 738 640 778 esse
668 740 684 777 :
727 723 891 778 Omne
926 726 1303 793 masculinum,
1336 730 1474 799 quod
1520 730 1690 799 aperit

234 829 369 887 ium,
390 819 463 889 qui
489 817 562 882 de
586 816 729 872 virili
754 818 962 874 semine
991 819 1153 887 primi
1200 832 1494 876 nascuntur
1517 837 1585 875 ex
1616 822 1693 875 le-

232 919 329 973 nius.
350 912 428 970 Sed
454 912 696 982 quoniam
725 911 871 966 aliud
904 912 1133 968 interius
1164 913 1329 969 habet
1358 916 1445 969 illa
1471 924 1691 971 senten-

224 1012 275 1075 tia,
294 1007 374 1062 ideo
397 1004 674 1059 istiusmodi
699 1005 957 1071 primitivi
985 1005 1186 1060 cedunt
1204 1016 1258 1061 et
1281 1006 1690 1063 benedictiones

221 1097 508 1172 perduntJesse
528 1097 672 1151 ﬁlius
701 1097 888 1162 David,
905 1112 1009 1153 non
1034 1098 1260 1168 primus,
1286 1107 1379 1155 aut
1396 1101 1686 1169 seCundus,

216 1202 269 1246 aut
287 1190 437 1252 tertius,
457 1187 541 1244 sed
572 1190 816 1244 omnium
840 1190 1064 1247 ultimus
1094 1191 1311 1261 ungitur
1334 1207 1364 1245 a
1390 1192 1686 1260 Propheta,

216 1282 554 1353 etdespicabilior
590 1286 803 1337 cunctis
852 1283 1069 1352 eligitur
1120 1285 1171 1338 in
1216 1299 1421 1355 regem.
1464 1285 1574 1340 Nec
1604 1286 1685 1340 illi

215 1377 318 1447 primo
342 1385 415 1429 aut
444 1375 677 1431 secundo
713 1386 906 1429 contra
954 1376 1118 1431 David
1154 1378 1420 1431 sententia
1458 1378 1594 1448 legis
1620 1377 1689 1433 de

220 1468 398 1539 primitivis
424 1471 746 1540 promulgata
782 1469 1074 1537 blanditur,
1112 1468 1240 1539 quia
1267 1469 1563 1539 judicasset
1588 1470 1693 1526 nti-

214 1580 274 1633 qae
293 1565 524 1631 maximos,
574 1563 623 1618 si
649 1562 720 1618 ab
751 1562 835 1618 his
874 1572 1107 1619 matrum
1138 1566 1330 1621 vulvas
1354 1564 1691 1621 meminisset

212 1659 361 1725 aperiri:
386 1656 582 1729 quando
618 1659 721 1713 hoc
756 1657 972 1728 utique,
1004 1668 1096 1712 aut
1123 1658 1174 1714 in
1199 1675 1301 1729 qua
1331 1658 1563 1714 dicimus
1588 1659 1692 1713 im-

207 1749 354 1819 pletum,
378 1749 502 1821 quod
539 1750 732 1821 utique
759 1765 863 1805 non
902 1757 1115 1818 poterat
1142 1767 1250 1807 non
1292 1751 1525 1822 impleri.
1556 1750 1689 1817 Qum

1795 537 1963 592 terior
1986 552 2108 593 cum
2136 540 2373 609 cogitat,
2418 557 2523 597 non
2572 543 2625 598 in
2667 544 2769 599 hoc
2806 543 3042 610 mundo,
3086 542 3185 598 sed
3220 558 3387 612 supra

1792 631 1968 701 ipsum
1997 634 2277 700 mundum,
2303 650 2425 689 cum
2455 636 2548 690 illo
2570 637 2762 706 opitlce
2784 653 2965 693 rerum
2991 653 3057 694 ac
3080 652 3180 693 suo
3202 637 3388 692 vivere

1792 726 2023 791 videtur,
2056 727 2271 783 dicente
2303 728 2468 783 David
2498 747 2514 787 :
2547 728 2696 785 Beati
2719 731 2806 799 qui
2836 738 3135 784 scrutantur
3156 731 3389 784 testimo—

1792 821 1879 873 nia
1902 824 2014 892 ejus
2041 820 2220 892 (Prol.
2250 838 2373 879 cxrx
2396 863 2411 889 ,
2443 822 2523 895 ἓ),
2554 833 2613 877 ut
2656 840 2791 894 pene
2822 824 2926 878 hoc
2965 825 3037 879 sit
3062 868 3076 890 ,
3118 826 3161 879 si
3194 824 3274 878 fas
3305 836 3390 879 est

1793 912 1934 981 dici,
1968 915 2135 969 Deum
2165 916 2314 981 ﬁeri,
2357 915 2547 970 divina
2582 916 2831 971 meditari
2862 935 2877 971 :
2906 916 3056 970 illum
3102 916 3384 970 Dominum

1792 1016 2039 1062 nostrum
2072 1008 2259 1063 salutis
2290 1018 2488 1063 nostra:
2515 1010 2624 1079 jam
2672 1018 2799 1065 tunc
2846 1009 3149 1078 prodidisse
3177 1020 3387 1080 mystc-

1792 1099 1952 1154 rium.
1976 1099 2134 1157 Undo
2154 1110 2209 1155 et
2235 1102 2285 1155 in
2319 1101 2547 1158 Psalmis
2567 1103 2645 1158 ait
2671 1119 2684 1155 :
2714 1102 2780 1156 In
2809 1104 2978 1172 capite
2998 1103 3112 1156 libri
3139 1104 3391 1175 scriptum

1793 1202 1868 1247 est
1910 1192 1974 1246 de
2016 1210 2097 1247 me
2153 1192 2327 1263 (Psal.
2362 1211 2432 1250 xi.
2459 1236 2472 1260 ,
2505 1194 2585 1266 8).
2626 1195 2800 1266 Caput
2850 1195 2976 1250 libri
3004 1205 3085 1250 cst
3112 1194 3401 1251 Geneseosr

1794 1285 2141 1355 principium,
2168 1286 2423 1357 quoniam
2449 1288 2628 1343 omnis
2650 1288 2936 1358 Scriptura
2962 1304 3096 1344 unus
3120 1300 3203 1343 est
3226 1288 3388 1353 liber,

1793 1386 1848 1433 et
1878 1393 2046 1439 unus,
2080 1378 2147 1434 de
2175 1394 2282 1449 quo
2316 1381 2580 1448 scriptum
2610 1390 2695 1435 est
2741 1379 2916 1445 Deus,
2965 1388 3021 1434 et
3061 1380 3218 1436 istam
3257 1394 3387 1448 pro-

1793 1469 2110 1526 missionem
2141 1470 2206 1525 de
2238 1470 2357 1539 ipso
2386 1485 2511 1526 esse
2537 1470 2785 1527 videmus
2830 1471 2881 1525 in
2912 1470 3087 1539 capite
3108 1512 3123 1537 ,
3151 1478 3206 1524 et
3232 1479 3391 1537 caput

1792 1564 1917 1619 vite
1944 1573 2145 1620 nostrae
2175 1578 2299 1632 spes
2330 1573 2413 1620 est
2438 1604 2453 1629 ,
2480 1575 2535 1620 et
2567 1564 2688 1620 ideo
2713 1574 2875 1633 caput
2903 1563 3026 1618 libri
3057 1562 3237 1619 vitalis
3265 1577 3392 1630 spes

1793 1651 1931 1708 facta
1958 1668 2056 1724 per
2078 1654 2267 1709 Deum.
2294 1653 2448 1709 Illum
2470 1653 2709 1725 inquam,
2739 1662 2798 1708 ut
2817 1668 2961 1724 saepe
2982 1652 3239 1715 diximus.
3264 1667 3409 1709 eon-,

1794 1746 2023 1801 ditorem
2051 1788 2065 1811 ,
2115 1755 2434 1803 senescente
2484 1748 2596 1817 jam
2644 1746 2883 1816 mundo,
2931 1745 3075 1817 quod
3118 1746 3172 1800 in
3211 1744 3390 1816 prima

206 1842 359 1907 estisla,
395 1842 534 1913 cujus
565 1842 786 1899 vulvam
815 1841 977 1899 fretus
1006 1854 1209 1900 reserat
1236 1888 1250 1912 ,
1286 1859 1392 1899 non
1425 1844 1686 1898 maritus?
1715 1835 1766 1899 B
1792 1838 1977 1893 mundi
2009 1847 2167 1894 aetate
2190 1839 2536 1907 promiserat,
2570 1839 2907 1908 praesntisse.
2936 1836 3086 1894 Unde
3116 1836 3391 1906 Propheta

205 1950 275 2006 qu
297 1936 406 2005 virgo
434 1936 712 2007 concipit,
748 1950 869 2006 quae
913 1950 1023 1991 non
1055 1945 1113 1992 ut
1137 1937 1493 2007 conciperet,
1537 1935 1690 2006 virgo

206 2044 277 2084 este
301 2030 452 2085 desiit?
477 2030 595 2087 Non
644 2038 800 2087 certe
826 2030 919 2086 illa
950 2029 1019 2086 de
1047 2046 1152 2102 qua
1185 2031 1467 2101 Scriptura
1510 2029 1642 2086 dicit
1674 2047 1687 2083 :

212 2116 354 2191 Copti:
378 2125 525 2178 Adam
546 2140 771 2179 uxorem
794 2140 964 2183 suam,
984 2132 1031 2178 et
1054 2124 1251 2195 peperit
1275 2125 1322 2178 ei
1344 2122 1512 2193 [ilium
1532 2121 1687 2194 (Gen.

211 2226 251 2275 π.
270 2211 316 2279 li;
333 2214 406 2270 sed
442 2216 526 2269 illa
573 2215 647 2271 de
682 2230 792 2286 qua
831 2215 1167 2286 evangelista
1198 2216 1374 2285 signat
1409 2231 1423 2270 :
1475 2213 1542 2267 Et
1581 2229 1690 2266 non

205 2306 457 2375 aperirem
482 2305 716 2378 Ioseph,
750 2307 913 2361 donec
943 2307 1141 2377 peperit
1178 2306 1346 2375 ﬁlium
1385 2303 1604 2377 (Matth.
1633 2321 1688 2369 r,

196 2392 261 2459 25).
282 2394 407 2465 igitur
443 2399 494 2454 in
522 2399 699 2454 Maria
728 2397 840 2459 hoc
865 2398 986 2454 sine
1013 2398 1360 2454 dubitatione
1388 2398 1688 2467 perlectum

194 2497 254 2548 est,
271 2489 387 2555 cujus
404 2490 616 2546 vulvam
639 2506 749 2547 non
772 2490 1067 2547 deﬁorator
1091 2490 1416 2561 virginitatis
1438 2490 1646 2561 aperuit
1674 2508 1687 2543 :

188 2582 395 2650 sedpartus
418 2585 643 2653 ell’nsus,
668 2603 787 2656 quae
810 2588 961 2654 virgo
989 2588 1223 2657 peperit,
1247 2601 1367 2657 quae
1389 2586 1539 2656 virgo
1560 2602 1693 2642 con-

190 2674 296 2740 cepit,
319 2690 416 2745 qua:
441 2680 587 2749 prius
618 2691 796 2734 mater
830 2680 966 2735 facta
1002 2687 1086 2735 est
1115 2694 1276 2749 quam
1306 2678 1577 2733 maritata.
1613 2680 1691 2736 De

182 2760 245 2817 hac
272 2768 380 2821 isurd
400 2771 779 2832 masculinum,
807 2772 949 2841 quod
972 2787 1100 2827 vere
1126 2779 1371 2827 sanctum
1391 2771 1688 2825 vocandum

180 2870 285 2926 esset,
300 2863 408 2918 exiit
432 2883 442 2919 :
472 2867 679 2937 quique
698 2866 911 2921 vulvam
940 2856 1247 2921 secundum
1270 2865 1688 2934 promissionem

176 2962 301 3016 partus
318 2957 491 3024 editus,
510 2976 621 3015 non
638 2960 933 3016 secundum
960 2960 1407 3015 consuetudinem
1422 2969 1691 3014 naturam-

177 3059 569 3120 qtrecommunem,
585 3056 715 3110 dum
736 3054 1041 3126 concipitur
1061 3056 1160 3109 viri
1179 3055 1384 3111 semine
1400 3055 1683 3109 reseravit.

218 3139 296 3196 Vll.
321 3145 414 3202 Sed
460 3152 722 3218 quoniam
744 3150 939 3205 divites
971 3150 1062 3205 Dei
1093 3164 1287 3204 sensus
1307 3149 1568 3205 velociter
1591 3163 1689 3202 ex-

1793 1931 1903 1985 ait:
1944 1930 2105 2002 Virga
2143 1940 2234 1987 tua
2271 1941 2320 1986 et
2348 1932 2561 1987 baculus
2584 1941 2706 1988 tuus
2745 1932 2862 2004 ipsa
2882 1948 2961 1985 me
2981 1930 3248 1986 consolata
3275 1941 3395 1985 sunt

1795 2019 1968 2093 (Psat.
2002 2037 2128 2088 LIII,
2159 2022 2249 2091 4).
2278 2022 2437 2093 Virga
2468 2032 2643 2079 mater
2676 2032 2760 2079 est
2794 2023 3044 2093 Domini,
3069 2038 3136 2078 ex
3159 2038 3267 2092 qua
3293 2023 3392 2077 ba-

1793 2113 1951 2169 culus
1998 2114 2131 2181 iste,
2182 2114 2327 2169 fesso
2348 2114 2461 2185 jam
2500 2130 2599 2185 per
2622 2124 2836 2171 aetatem
2868 2115 3095 2183 mundo,
3129 2116 3221 2185 qui
3266 2130 3389 2173 cum

1792 2217 2123 2263 sustentaret
2150 2208 2305 2262 exiit.
2336 2208 2493 2263 Illurrt
2516 2224 2646 2278 ergo
2678 2210 2728 2263 in
2770 2208 3014 2279 Virginis
3046 2217 3257 2264 uterum
3290 2208 3393 2263 de-

1794 2300 2025 2370 lapsum,
2056 2309 2117 2354 ut
2137 2300 2531 2369 redemptionis
2561 2312 2761 2356 nostrae
2790 2308 2957 2356 totam
2987 2300 3272 2356 historiam
3300 2316 3390 2355 reo

1792 2406 2064 2464 texamus,
2092 2406 2248 2464 partu
2268 2396 2515 2453 ellectum
2542 2396 2838 2464 hominem,
2863 2411 2923 2451 se
2947 2396 3264 2452 exhibuisse
3293 2410 3392 2463 pro

1796 2490 2017 2546 homine
2039 2536 2053 2558 ,
2087 2502 2142 2546 et
2170 2500 2475 2546 creaturam
2506 2506 2661 2547 suam
2697 2507 2756 2547 se
2787 2490 2854 2545 de
2876 2488 3131 2546 Creatore
3169 2489 3384 2545 fecisse.

1793 2583 1948 2638 Illum
1981 2584 2208 2639 formam
2241 2584 2384 2639 servi
2406 2584 2687 2653 accepisse
2706 2625 2721 2647 ,
2747 2583 2843 2639 sed
2875 2599 2933 2640 se
2955 2584 3265 2638 exinanisse
3292 2597 3389 2652 po-

1793 2678 2005 2731 testatis
2035 2677 2337 2741 voluntate,
2364 2693 2469 2731 non
2496 2691 2685 2731 natura
2709 2676 2951 2745 deitatis,
2979 2693 3074 2746 per
3095 2694 3256 2746 quant
3282 2692 3389 2731 non

1792 2778 2007 2838 poterat
2031 2785 2139 2824 non
2162 2785 2284 2824 esse
2303 2770 2446 2840 quod
2470 2771 2663 2824 fuerat.
2691 2768 2848 2824 lllurn
2874 2769 3157 2823 maledicta
3188 2783 3287 2838 pro
3312 2783 3393 2823 sa-

1791 2860 2053 2915 lutarihns
2079 2861 2341 2917 meruisse
2367 2860 2665 2915 miraculis.
2694 2861 2843 2914 lllum
2875 2871 3054 2931 sputa,
3088 2859 3239 2915 illum
3272 2862 3390 2930 pal-

1792 2968 1928 3020 mas,
1953 2954 2098 3007 illnin
2122 2969 2384 3009 coronam
2407 2953 2675 3022 spineam,
2700 2954 2851 3008 illum
2876 2963 3149 3023 postremo
3173 2969 3391 3009 crucem

1791 3043 1958 3099 fuisse
1990 3060 2311 3115 perpessum
2347 3063 2360 3098 :
2398 3046 2550 3100 illum
2590 3045 2795 3100 inferna
2838 3056 3184 3116 penetrasse,
3238 3046 3387 3101 illum

1790 3138 1945 3192 tertia
1967 3139 2053 3193 die
2077 3138 2447 3193 resurrexisse
2471 3139 2524 3191 in
2556 3138 2608 3193 id
2634 3153 2836 3208 corpus
2862 3139 3007 3207 quod
3034 3139 3182 3193 cruci
3217 3139 3395 3193 fuerat

171 3233 311 3295 plicare
341 3255 436 3295 non
470 3257 796 3311 possnmus’
829 3244 993 3299 [antis
1028 3259 1090 3299 se
1129 3244 1534 3313 scripturarum
1564 3259 1682 3299 mo-
1713 3222 1759 3286 (Ξ
1788 3230 2008 3285 alﬁxum
2041 3250 2054 3285 ζ
2086 3232 2238 3287 illum
2270 3232 2546 3286 hominem
2585 3243 2705 3302 ροει
2743 3246 2968 3287 mortem
3000 3232 3169 3287 Deum
3200 3232 3387 3288 vivum

166 3319 260 3377 libus
286 3327 340 3381 ad
366 3347 516 3387 unam
545 3333 789 3404 speciem
824 3333 1258 3404 opponentibus,
1302 3341 1361 3387 ut
1393 3332 1582 3388 lassari
1617 3333 1689 3388 sit

166 3410 314 3471 facilius
341 3436 488 3491 quam
516 3424 679 3481 evadi
715 3445 726 3479 :
759 3426 976 3496 quando
1005 3427 1184 3481 omnis
1218 3426 1501 3497 Scriptura
1523 3441 1689 3482 cunc-

165 3513 287 3564 torum
316 3528 556 3573 sensuum
584 3534 725 3575 unus
750 3530 952 3574 trames
978 3519 1083 3585 sit,
1117 3535 1277 3589 quem
1312 3519 1547 3575 humano
1572 3536 1691 3575 ser-

165 3611 276 3656 mone
298 3605 572 3667 decurrere
593 3612 718 3682 quis
746 3612 967 3677 valebit,
992 3627 1093 3667 nec
1112 3612 1156 3667 si
1183 3613 1455 3682 angelicas
1483 3627 1690 3683 pennas

162 3696 398 3756 mortalium
446 3702 647 3775 linguis
675 3706 902 3775 spiritus
928 3706 1170 3761 ascribat
1207 3723 1220 3759 :
1256 3705 1432 3760 redire
1462 3708 1528 3760 ad
1558 3722 1686 3775 pro-

162 3787 336 3848 Positum
362 3798 655 3863 convenit,
704 3808 760 3851 et
807 3813 979 3869 parvo
1029 3796 1244 3866 navigio
1276 3813 1382 3850 non
1432 3797 1483 3851 in
1517 3797 1687 3852 altum

163 3877 241 3931 vela
272 3886 552 3956 conﬁgere,
610 3905 679 3945 nc
733 3891 785 3943 in
836 3890 1135 3959 periculum
1182 3900 1368 3943 currat
1411 3890 1639 3944 audacia
1669 3935 1685 3957 ,

163 3970 322 4040 ltdpt'o
347 3978 673 4036 inﬁrmitatis
704 3983 899 4037 solatio
948 3982 999 4035 in
1029 3991 1327 4053 conspectu
1359 3982 1554 4037 littoris
1593 3998 1690 4036 na-

167 4060 326 4135 ligare,
365 4082 416 4125 ut
454 4075 497 4127 si
530 4075 660 4145 quid
701 4075 1005 4130 formidinis
1043 4076 1272 4138 oriatur,
1314 4075 1401 4129 vel
1446 4090 1572 4145 Spes
1618 4076 1691 4130 sit

162 4152 269 4212 facile
296 4167 455 4219 teneri
486 4183 655 4236 posse
678 4168 822 4237 quod
854 4169 1113 4223 cernitur.
1154 4168 1475 4223 Dicebamus
1501 4183 1687 4223 semen

159 4249 343 4307 mulieris
368 4256 655 4313 Dominum
684 4270 956 4323 sanctum,
984 4260 1110 4331 quia
1141 4260 1439 4315 secundum
1470 4274 1687 4315 carnem

160 4349 310 4400 latrem
332 4346 604 4407 hominem
629 4367 734 4406 non
767 4351 990 4408 haberet
1015 4370 1026 4404 :
1052 4367 1285 4420 eumque
1300 4352 1407 4422 jam
1435 4351 1687 4407 infestum

160 4442 478 4509 Mserpenti
503 4488 520 4509 ,
559 4460 721 4515 quem
752 4445 805 4499 in
832 4454 985 4500 utero
1009 4445 1237 4515 virginis
1284 4445 1378 4500 Dei
1417 4445 1687 4514 Spiritus,

161 4537 231 4579 non
256 4536 531 4591 materialis
570 4546 887 4606 generasset
912 4537 1124 4592 humor.
1158 4539 1401 4610 Denique
1430 4538 1572 4609 quod
1604 4554 1691 4593 sc-

1792 3324 1992 3379 ctelum
2028 3324 2248 3394 petiisse
2293 3326 2555 3380 victorem
2578 3364 2593 3392 ,
2634 3324 2828 3381 sedere
2866 3326 2931 3379 ad
2965 3326 3213 3380 dextram
3245 3326 3384 3391 Dei,

1792 3428 2080 3472 venturum
2124 3432 2222 3471 suo
2252 3426 2497 3488 tempore
2527 3416 2595 3471 ad
2620 3416 2883 3486 judicium
2913 3417 3217 3473 iaciendum
3249 3435 3261 3471 :
3316 3417 3386 3471 il-

1792 3508 1900 3563 lum
1930 3508 2121 3577 spiritu
2154 3509 2249 3564 Dei
2278 3525 2373 3578 per
2398 3518 2711 3564 sanctorum
2755 3525 2976 3567 suorum
3008 3526 3101 3566 ora
3139 3510 3385 3582 quotidie

1792 3602 2079 3657 celebrari.
2116 3602 2243 3657 Hrec
2271 3602 2539 3673 cogitasse
2569 3602 2770 3658 vixisse
2805 3613 2889 3660 est
2914 3645 2928 3671 ,
2968 3604 3087 3659 hrec
3124 3604 3387 3673 cogitatio

1793 3703 1977 3764 pastus
2006 3694 2198 3749 anima:
2222 3705 2305 3749 est
2335 3713 2347 3747 :
2382 3696 2433 3749 in
2463 3694 2578 3749 hmo
2609 3694 2778 3749 relabi
2809 3695 2891 3750 vel
2922 3711 3235 3759 recurrere,
3261 3710 3384 3748 cum

1797 3788 2023 3843 Domino
2057 3786 2206 3858 jungi
2237 3797 2322 3842 est
2347 3828 2361 3853 ,
2393 3797 2447 3842 ct
2479 3803 2602 3841 cum
2636 3787 2754 3855 ipso
2784 3803 2877 3856 per
2911 3787 3025 3840 iure
3065 3786 3341 3841 humiliari
3368 3828 3383 3850 ,

1793 3894 1874 3936 est
1902 3898 2021 3935 cum
2055 3883 2170 3951 ipso
2199 3882 2327 3949 pati,
2359 3898 2480 3936 cum
2512 3882 2630 3951 ipso
2656 3883 2815 3947 mori,
2846 3891 2899 3935 et
2925 3898 3046 3935 cum
3077 3882 3196 3950 ipso
3222 3881 3385 3935 etiam

1793 3982 2066 4036 suscitari.
2094 3980 2234 4049 Quid
2270 3980 2443 4034 dicam
2487 3979 2555 4035 de
2592 3980 2706 4049 ipsa
2741 3978 3134 4035 resurrectione
3158 4019 3170 4039 ,
3201 3978 3255 4030 in
3281 3993 3387 4046 qua

1792 4089 1912 4129 curn
1939 4074 2211 4129 rideamur
2232 4090 2262 4128 a
2290 4073 2565 4143 gentibus,
2594 4087 2702 4128 non
2725 4088 3040 4142 separamur
3070 4088 3100 4126 a
3120 4069 3341 4126 Christo
3368 4090 3379 4123 :

1794 4166 1918 4221 licet
1948 4175 2001 4219 et
2028 4166 2181 4222 multi
2212 4166 2303 4233 qui
2342 4182 2400 4221 se
2433 4164 2776 4221 Christianos
2805 4166 2993 4221 dieunt
3024 4166 3375 4220 resurrectio

1795 4275 1915 4314 nem
1944 4259 2125 4314 carnis
2151 4258 2462 4315 excludant.
2493 4259 2599 4313 Sed
2625 4259 2705 4313 sic
2735 4260 2848 4313 sint
2879 4259 2957 4312 illi
2985 4260 3101 4312 sine
3132 4272 3379 4325 corpore,

1793 4350 1990 4418 quibus
2015 4350 2156 4405 forte
2181 4352 2517 4416 conceditur,
2542 4352 2585 4404 si
2616 4338 2703 4404 fasi
2724 4362 2806 4405 est
2828 4350 2933 4405 dici
2953 4392 2968 4417 ,
2998 4352 3154 4405 aliter
3182 4364 3387 4419 reprm-

1794 4445 1993 4499 sentari
2027 4444 2276 4505 Domino,
2300 4460 2457 4515 quam
2476 4445 2738 4500 Dominus
2766 4444 3029 4499 remeavit
3054 4442 3118 4498 ad
3150 4453 3381 4513 patrem,

1795 4552 1892 4591 nos
1920 4546 1977 4590 ut
2007 4538 2299 4597 credimus,
2328 4546 2385 4592 et
2404 4537 2711 4606 loquamur.

161 4616 291 4682 quitur
330 4624 587 4693 majorem
618 4628 687 4679 ah
719 4627 938 4683 hemine
969 4627 1193 4699 virginis
1225 4630 1492 4697 promittit
1530 4628 1690 4683 ellec-
1718 4620 1767 4679 1)
1868 4628 3109 4699 V'lll.Quid,inquam,haccogitatiouelzctius?
3130 4626 3269 4696 Quid
3292 4627 3392 4683 hac

159 4716 262 4771 lum,
288 4716 505 4773 dicendo
530 4738 545 4773 :
589 4718 715 4793 Ipsa
746 4731 890 4773 tuum
914 4720 1131 4775 culcabit
1154 4732 1309 4790 caput
1336 4720 1493 4793 (Gen.
1525 4739 1571 4786 ι,
1600 4723 1687 4786 15,

162 4818 225 4855 ιίί.
248 4805 423 4883 LXX):
451 4817 573 4885 quis
603 4817 849 4885 ambigit,
877 4816 1019 4886 quod
1050 4828 1246 4886 praeter
1271 4817 1559 4870 Dominum
1589 4832 1688 4870 no-

162 4906 279 4953 Situm
297 4920 441 4976 caput
466 4913 739 4980 serpentis
758 4927 917 4967 nemo
942 4912 1209 4965 calcavit?
1235 4908 1355 4981 Ipse
1377 4911 1521 4966 enim
1544 4912 1693 4965 solus

164 4996 276 5058 Nlper
292 4993 542 5054 dracones
581 5011 634 5055 et
662 5003 977 5072 scorpiones
1007 5003 1300 5057 ambulavit
1327 5021 1337 5056 :
1374 5004 1491 5072 ipse
1520 5004 1686 5070 capti-

161 5094 242 5137 littn
263 5084 398 5146 duxit
424 5097 819 5165 captivitatem.
851 5098 982 5151 Nam
1031 5099 1175 5168 quod
1200 5097 1452 5153 subditur
1484 5112 1499 5152 :
1533 5095 1603 5150 Et
1634 5108 1689 5151 tu

166 5178 240 5243 εἰη
258 5184 528 5245 observabis
570 5192 868 5248 raleaneum
889 5235 903 5257 ,
938 5192 1004 5247 ad
1036 5209 1193 5264 quem
1219 5194 1389 5249 alium
1418 5192 1694 5248 credimus

164 5276 410 5335 Ptrtinere?
454 5284 762 5340 Calcaneus
800 5286 1017 5356 quidem
1054 5301 1175 5354 pars
1202 5294 1445 5340 extrema
1479 5286 1694 5356 vestigii

166 5374 234 5415 εει.
257 5368 310 5422 Et
338 5372 592 5430 Dominus
620 5387 739 5441 post
765 5376 991 5431 Joannis
1024 5377 1346 5447 baptismum
1374 5422 1387 5445 ,
1430 5387 1552 5446 post
1579 5377 1694 5431 die-

171 5472 247 5512 m!
290 5468 638 5540 quadraginta
693 5471 991 5541 jejunium,
1034 5487 1152 5526 cum
1218 5473 1284 5528 ab
1340 5474 1533 5527 eodem
1574 5488 1694 5527 ser-

173 5562 553 5630 mtentatnr,
607 5567 777 5621 tertiae
826 5567 968 5622 illius
1006 5565 1310 5621 dolositatis
1355 5566 1466 5636 jam
1499 5568 1691 5629 vietor,

171 5646 398 5709 “tinniat:
433 5658 581 5713 Vade
607 5672 739 5714 retro
760 5671 871 5731 post
896 5679 992 5725 me,
1016 5661 1217 5717 Salaria
1238 5662 1457 5727 (Manli.
1484 5677 1597 5720 xvr.
1622 5702 1691 5727 ..μ

175 5734 267 5800 ίὲῑίιι
291 5746 416 5803 aliud
443 5752 547 5807 nisi
578 5770 604 5806 a
630 5764 775 5825 tergo
801 5756 1064 5825 posituro,
1097 5754 1178 5807 vel
1218 5753 1463 5807 relictum
1488 5798 1501 5821 ,
1548 5756 1697 5821 ξυντιικ(

172 5847 281 5892 “III
302 5842 583 5903 observare
609 5848 954 5905 calcancum?
985 5846 1109 5903 llaec
1136 5859 1301 5914 supra
1324 5846 1461 5913 dixi,
1492 5855 1547 5901 ct
1576 5847 1701 5902 inue

1797 4736 1895 4792 spe
1920 4736 2039 4775 esse
2074 4722 2267 4789 poterit
2289 4721 2559 4777 erectius?
2586 4721 2857 4792 ﬁxumque
2892 4723 3063 4792 magis
3111 4722 3163 4776 in
3197 4723 3397 4777 nostris

1798 4814 1993 4866 animis
2047 4812 2311 4867 inluerere
2363 4813 2542 4879 debet,
2605 4830 2704 4869 nos
2754 4814 3042 4884 aliquando
3097 4830 3219 4869 cum
3270 4814 3395 4868 hinc

1799 4907 2088 4959 exieritnus
2115 4904 2179 4958 ad
2206 4920 2431 4974 corpora
2451 4915 2634 4960 nostra
2659 4922 2779 4962 esse
2808 4908 3103 4968 redituros,
3126 4916 3180 4962 et
3200 4908 3398 4963 animm

1800 4998 2012 5053 inti-rint
2042 5010 2093 5051 cl
2122 5001 2367 5068 corporis
2397 4999 2708 5063 divortium,
2741 5017 2845 5055 non
2877 5002 2927 5055 id
2958 5017 3118 5069 agere
3149 5009 3207 5055 ut
3259 5001 3394 5055 nihil

1799 5092 1963 5144 simus
1992 5093 2234 5158 omnino,
2277 5092 2370 5148 sed
2418 5104 2476 5148 ut
2502 5094 2755 5149 meliores
2780 5109 2872 5162 per
2902 5095 2995 5147 Dei
3020 5094 3268 5164 spiritum
3300 5110 3391 5149 re-

1798 5184 2092 5239 formentur
2127 5204 2139 5238 :
2169 5186 2423 5256 quoniam
2463 5188 2573 5257 jam
2606 5186 2692 5241 hic
2746 5186 3029 5242 Dominum
3089 5188 3141 5242 id
3202 5189 3397 5259 pignus

1798 5280 1951 5335 nobis
1983 5280 2316 5347 promisisse,
2346 5284 2670 5351 accepimus.
2699 5282 2763 5335 Et
2792 5281 2892 5335 hoc
2936 5297 3140 5350 corpus
3168 5282 3310 5351 quod
3345 5282 3395 5335 in

1798 5371 1879 5425 sui
1913 5382 2101 5425 natura
2124 5372 2384 5426 caducum
2409 5382 2509 5435 est,
2535 5384 2586 5426 et
2607 5374 2799 5427 mcrito
2828 5373 3067 5440 pristina?
3093 5383 3397 5441 transgres-

1797 5462 1966 5515 sionis
2012 5471 2312 5533 gravatum,
2362 5473 2418 5516 tit
2470 5464 2847 5520 maledictione
2894 5464 3073 5519 divina
3105 5468 3291 5527 fertur,
3323 5464 3391 5515 ad

1791 5564 1985 5612 terram
2015 5556 2105 5611 ibit
2126 5558 2145 5629 (
2169 5556 2297 5611 Gen.
2327 5573 2385 5621 rt,
2408 5558 2537 5625 “27):
2564 5557 2613 5610 id
2659 5573 2867 5613 rursum
2904 5567 3022 5627 post
3050 5557 3214 5609 multa
3248 5565 3386 5609 tem-

1810 5670 1957 5717 wra,
1992 5653 2045 5706 id
2072 5663 2175 5711 est.
2211 5654 2259 5705 in
2314 5652 2415 5706 "me
2466 5682 2469 5687 ~
2505 5652 2805 5715 t..tlittt'um,
2838 5669 2957 5708 ctnn
3005 5652 3226 5704 minima
3268 5665 3396 5721 pars

1805 5750 1997 5805 favilla:
2025 5748 2113 5813 sit,
2147 5757 2239 5801 aut
2269 5756 2405 5802 torte
2421 5748 2531 5816 jam
2566 5749 2735 5815 nulla,
2781 5748 2847 5800 ab
2870 5746 3053 5801 eadem
3078 5754 3246 5811 terra,
3273 5760 3397 5817 qua:

1803 5844 1933 5900 illud
1958 5844 2257 5912 Corrumpit
2285 5842 2335 5897 in
2362 5840 2590 5899 nihilum
2624 5859 2636 5894 :
2668 5840 2917 5911 quoniam
2955 5838 3070 5907 ipsa
3117 5836 3399 5897 liberanda
