3916 6288
478 311 548 370 87
1507 310 1570 371 S.
1607 306 1993 368 HIERONYMI
2033 307 2316 369 OPERUM
2356 308 2726 369 MANTISSA.
3680 313 3741 375 88

480 439 567 487 est
594 446 624 485 a
654 430 922 487 servitute
942 428 1324 500 corruptionis,
1345 428 1397 483 in
1419 427 1681 499 integram
1711 427 2083 483 membrorum
2108 434 2161 494 Α
2189 436 2393 483 malum
2421 429 2639 499 corpori
2674 429 2940 484 claritatis
2988 428 3201 484 Domini
3250 430 3302 483 in
3344 427 3566 485 lucentia
3590 443 3743 488 mem-

484 540 707 580 suorum
738 525 1085 589 soliditatem,
1103 532 1157 578 et
1178 523 1231 577 in
1256 530 1452 577 statum
1477 520 1892 590 pulchritudinis
1920 520 2082 575 deco-

484 633 713 687 remque
739 615 1130 671 renovandum.
1180 616 1349 684 Quem
1381 614 1507 670 talis
1534 613 1791 683 cogitatio
1827 628 1932 668 non
1960 630 2082 669 cum

484 708 845 764 admiratione
877 707 1145 762 delectet?
1174 706 1475 778 Reliquias,
1510 706 1750 777 inquam,
1792 721 2083 776 corporum

482 810 819 867 nostrorum,
851 809 942 853 aut
972 801 1152 857 nullas
1177 810 1271 855 aut
1294 800 1548 855 minimas
1566 804 1734 866 certe,
1766 809 1821 855 et
1849 808 2084 869 quantu-

480 896 795 963 lascumque
826 910 840 945 :
875 902 1113 949 attamen
1142 894 1413 959 sordidas,
1464 905 1520 949 et
1569 894 1737 949 animi
1790 909 2082 965 numquam

478 988 853 1042 sinehorrore
905 987 1203 1058 inspectas,
1240 990 1291 1043 in
1343 1004 1499 1045 suum
1544 990 1738 1043 iterum
1782 990 2082 1057 hominem,

480 1096 586 1135 non
616 1089 671 1133 ut
696 1079 1035 1149 Pythagoras
1066 1082 1332 1136 mentiens
1353 1089 1410 1135 et
1457 1080 1694 1136 delirans
1716 1082 1768 1136 in
1790 1081 2086 1150 Euphorbo

475 1193 596 1232 esse
608 1178 879 1243 credatur,
898 1174 996 1230 sed
1019 1174 1071 1229 in
1092 1175 1365 1245 proprium
1386 1189 1542 1229 suum
1566 1190 1764 1244 corpus
1785 1184 1841 1229 et
1863 1189 2081 1240 nomen,

474 1285 572 1339 per
586 1280 805 1336 ossa,et
833 1283 1167 1338 nervos,per
1194 1283 1385 1335 venas,
1407 1284 1502 1338 per
1519 1278 1711 1323 cuncta
1749 1268 1949 1337 vitalia,
1975 1284 2083 1324 non

475 1364 642 1417 modo
674 1363 954 1426 artuatim,
987 1376 1176 1415 verum
1210 1361 1371 1415 etiam
1401 1361 1729 1416 articulatim
1751 1360 2085 1432 recompagi-

473 1456 734 1510 nandum.
763 1455 875 1510 Hoc
901 1463 1084 1509 autem
1114 1468 1220 1508 non
1253 1464 1337 1509 est
1358 1465 1669 1523 angustum,
1693 1468 1815 1508 cum
1839 1455 2082 1508 omnium

470 1549 557 1603 vel
603 1548 839 1618 frugum,
900 1547 985 1602 vel
1010 1547 1257 1616 stirpium
1307 1547 1541 1614 semina,
1589 1546 1794 1616 majora
1848 1556 1902 1601 et
1958 1546 2081 1616 pul-

473 1642 687 1698 chriora
720 1642 772 1695 in
826 1642 1161 1711 graminibus
1214 1640 1463 1707 redeant,
1517 1655 1676 1711 quam
1708 1641 1760 1695 in
1796 1650 1944 1695 terra
1994 1640 2085 1695 vel

479 1736 549 1790 ab
592 1735 909 1790 hominibus
940 1744 1061 1789 sata
1087 1743 1231 1800 sunt,
1266 1734 1349 1788 vel
1380 1748 1474 1789 sua
1505 1743 1699 1803 sponte
1742 1732 2076 1788 ceciderunt.

2185 520 2281 576 bra
2309 522 2608 577 rediturum
2639 523 2715 576 ait
2745 522 2813 593 (ll
2839 522 2959 576 Cor.
3002 537 3082 588 ιιι,
3124 522 3212 593 18)
3246 541 3257 575 :
3292 536 3385 592 per
3428 523 3742 581 Salomonem

2186 628 2401 684 quoque
2426 613 2571 668 istud
2601 613 2869 684 sapientia
2899 613 3274 683 promittente,
3299 628 3417 668 cum
3440 614 3602 669 dicit:
3632 615 3747 670 Ful-

2184 704 2375 777 gebunt
2390 707 2547 777 justi,
2574 716 2621 759 et
2643 715 2903 775 tamquam
2916 704 3160 758 scintilla:
3183 707 3237 757 in
3258 705 3556 760 arundineta
3572 708 3748 761 discur-

2186 808 2317 851 rent.
2353 798 2423 851 Et
2462 798 2588 853 ideo
2615 798 2669 853 in
2716 798 2856 853 hanc
2882 814 3068 853 vocem
3101 818 3116 854 :
3150 798 3285 852 Mihi
3328 799 3488 852 vivere
3540 798 3749 856 Christus

2186 900 2261 944 est
2293 888 2465 959 (Phil.
2496 906 2536 955 ι,
2566 892 2687 963 21),
2716 906 2943 947 securus
2969 890 3168 961 erupit,
3202 892 3256 946 in
3292 905 3395 963 qua
3442 892 3618 963 utique
3644 910 3749 964 qua:

2188 984 2410 1040 fuerunt
2452 988 2643 1041 merita
2696 989 2904 1043 victura
2954 996 3081 1040 sunt
3133 1003 3147 1040 :
3205 987 3299 1057 qui
3355 994 3527 1042 autem
3570 987 3747 1058 longe,

2188 1087 2248 1133 ut
2276 1080 2681 1150 ignoraverunt,
2716 1080 2790 1134 ita
2816 1091 2871 1134 et
2912 1079 3326 1149 ignorabuntur.
3354 1077 3505 1133 Nunc
3549 1078 3591 1133 si
3620 1080 3755 1136 vide-

2188 1180 2295 1238 tur,
2329 1172 2457 1243 quid
2505 1173 2774 1227 sententia
2818 1173 2908 1228 illa
2949 1172 3299 1227 Salomonica
3331 1172 3649 1241 promiserit,
3679 1173 3752 1227 in-

2187 1265 2506 1336 quiramus?
2543 1266 2836 1338 Fulgebunt
2872 1267 3029 1340 justi,
3058 1274 3105 1319 et
3138 1277 3398 1335 tamquam
3439 1264 3671 1321 scintilla:
3708 1269 3754 1321 in

2187 1361 2503 1415 arundineta
2534 1360 2825 1415 discurrant
2860 1360 3019 1432 (Sap.
3055 1376 3134 1426 ιιι,
3167 1361 3235 1425 7;
3268 1359 3456 1414 Matth.
3508 1376 3616 1426 xm,
3652 1361 3754 1432 45).

2188 1452 2330 1521 Quid
2358 1461 2444 1509 est
2476 1466 2531 1509 ut
2559 1454 2758 1525 quibus
2788 1454 3129 1509 flammarum
3157 1454 3379 1509 claritas
3423 1454 3756 1522 contionatur,

2190 1545 2277 1599 his
2305 1555 2414 1600 tam
2440 1546 2663 1601 humilis
2690 1547 2845 1600 locus
2876 1546 2968 1600 ubi
2989 1545 3323 1611 discurrant,
3354 1553 3411 1601 et
3432 1545 3664 1616 abiectus
3687 1546 3759 1600 oi-

2189 1638 2385 1707 fertur,
2434 1649 2493 1694 ut
2544 1639 2646 1694 loci
2695 1639 2957 1710 despectu
2998 1638 3324 1695 decrescere
3357 1638 3653 1703 videantur,
3681 1640 3759 1710 qui

2190 1746 2479 1801 corporqu
2510 1734 2636 1787 luce
2684 1732 3014 1787 creverunt?
3059 1731 3198 1798 Quid
3229 1741 3335 1799 est,
3372 1731 3609 1802 inquam,
3636 1731 3762 1800 quod

474 1828 609 1896 Quis
639 1842 749 1883 non
779 1827 1040 1882 seminari
1071 1842 1130 1880 se
1162 1827 1216 1882 in
1249 1835 1419 1895 terra,
1452 1834 1511 1879 ut
1534 1825 1606 1879 ita
1632 1825 1889 1892 dixerim,
1930 1826 2080 1880 laete-
2108 1826 2155 1887 B
2185 1824 2349 1878 astris
2380 1839 2477 1894 per
2499 1824 2822 1879 arundineta
2851 1825 3150 1894 comparati
3183 1823 3509 1890 volitabunt,
3534 1832 3589 1879 et
3616 1823 3665 1878 in
3697 1824 3761 1878 si-

477 1930 594 1987 tur,
626 1936 749 1991 quae
781 1935 877 1975 nos
907 1921 1166 1975 meliores
1207 1936 1368 1990 quam
1406 1928 1725 1989 acceperat,
1760 1918 1973 1985 reddet,
2003 1919 2087 1974 di-

481 2024 639 2070 cente
663 2014 927 2085 Apostolo
957 2031 972 2069 :
1002 2014 1335 2068 Resurrectio
1364 2022 1690 2067 mortuorum
1719 2013 2005 2068 seminatur
2030 2013 2084 2066 in

479 2109 834 2181 corruptione,
860 2118 1035 2177 surget
1064 2118 1235 2161 autem
1255 2108 1309 2160 in
1341 2108 1730 2177 incorruptione
1770 2106 1815 2178 (Ι
1845 2105 1966 2161 Cor.
1990 2121 2081 2174 xv,

478 2200 597 2272 49.).
646 2202 777 2267 Quae
824 2200 1101 2271 possessio
1152 2200 1501 2270 przesentium
1556 2200 1681 2255 huic
1729 2201 1844 2269 spei
1886 2199 2087 2270 poterit

478 2294 835 2366 comparari?
864 2298 972 2351 Aut
1018 2294 1146 2365 quid
1198 2295 1307 2349 erit
1354 2294 1503 2348 aliud
1552 2294 1695 2363 quod
1728 2294 1796 2349 ad
1838 2305 2086 2350 contem-

476 2397 630 2461 ptum
665 2388 862 2443 mortis
896 2387 1115 2441 attollat
1141 2430 1155 2454 ,
1199 2401 1361 2458 quam
1407 2385 1522 2440 haec
1563 2385 1849 2440 meditatio
1887 2387 2088 2442 divinis

478 2483 941 2555 promissionibus
993 2492 1049 2537 et
1092 2482 1483 2553 prephetarum
1540 2482 1768 2537 vocibus
1814 2483 2089 2538 excitata?

481 2576 623 2644 Quid
652 2576 761 2631 tale
790 2574 1176 2631 Cleombrotus
1209 2576 1554 2630 Ambraciota
1586 2575 1640 2630 in
1672 2576 1915 2632 Platonis
1948 2577 2088 2633 libro

480 2670 795 2741 disputante
839 2668 1126 2735 didicerat,
1162 2669 1253 2739 qui
1285 2668 1554 2724 homicida
1587 2670 1669 2724 sui
1702 2685 1823 2726 esse
1851 2686 1957 2724 non
2006 2672 2075 2726 tio

478 2765 640 2829 muit,
672 2779 736 2819 ac
763 2779 823 2818 se
854 2763 1122 2818 altissimo
1160 2762 1524 2835 przecipitavit
1569 2777 1600 2818 e
1646 2778 1824 2830 muro,
1859 2764 1986 2819 dum
2034 2774 2090 2819 et

486 2856 695 2911 nullum
728 2865 849 2926 post
886 2865 1121 2911 mortem
1172 2864 1481 2911 autumaret
1522 2871 1646 2911 esse
1685 2855 1951 2926 judicium
1987 2874 2000 2912 :
2034 2866 2091 2912 et

483 2950 604 3005 sine
652 2948 971 3005 discrimine
1020 2949 1340 3004 meritorum
1390 2948 1596 3019 aliquo,
1636 2963 1826 3005 omnes
1879 2951 2091 3005 animas

481 3050 608 3114 post
635 3056 869 3112 corpora
912 3042 1194 3111 aequaliter
1225 3041 1352 3096 ferri
1381 3040 1742 3097 arbitraretur
1768 3041 1835 3096 ad
1868 3044 2086 3098 (mlum.

485 3136 641 3203 Quod
678 3136 816 3191 adeo
844 3150 1035 3190 omnes
1067 3151 1165 3205 pro
1196 3150 1327 3189 vero
1362 3141 1677 3202 tenuerunt,
1709 3145 1764 3190 et
1792 3136 1871 3190 sic
1899 3151 2090 3192 omnes

2188 1919 2339 1976 derei
2371 1920 2539 1974 forma
2570 1920 2800 1991 fulgoris
2826 1962 2840 1985 ,
2887 1920 3087 1988 stirpes
3128 1929 3401 1976 terrarum
3450 1918 3764 1974 miserrimus

2186 2012 2553 2082 permeabunt
2579 2028 2592 2066 :
2619 2027 2742 2067 cum
2774 2012 2937 2083 longe
2968 2012 3264 2082 incongrue
3294 2013 3641 2077 misceantur,
3687 2010 3763 2065 vel

2190 2103 2433 2175 fulgores
2460 2105 2820 2170 arundinetis,
2849 2106 2934 2159 vel
2958 2105 3283 2160 arundineta
3306 2104 3634 2177 fulgoribus?
3654 2105 3767 2159 Ani.

2188 2196 2495 2265 madverte,
2529 2213 2628 2251 oro
2655 2208 2732 2263 te,
2761 2197 2932 2251 divini
2960 2197 3126 2251 verba
3155 2196 3405 2267 mysterii
3426 2239 3441 2265 ,
3486 2197 3571 2253 cui
3595 2207 3646 2252 ut
3675 2211 3766 2251 non

2188 2288 2258 2343 de
2311 2289 2529 2354 bobus,
2581 2289 2652 2343 ita
2697 2304 2796 2344 nec
2851 2289 2918 2343 de
2969 2290 3295 2345 arundineto
3347 2304 3479 2344 cura
3527 2298 3645 2357 est,
3690 2299 3770 2344 aut

2190 2383 2243 2437 in
2278 2383 2686 2437 resurrectione
2726 2383 3049 2438 arundineta
3088 2384 3215 2455 quid
3247 2383 3484 2451 faciunt,
3516 2383 3617 2439 nisi
3643 2383 3768 2455 quod

2192 2491 2293 2530 nos
2321 2490 2419 2547 per
2467 2475 2706 2531 omnium
2758 2474 2982 2540 formas,
3034 2476 3119 2531 vel
3161 2477 3463 2546 pecudum,
3523 2477 3607 2532 vel
3656 2476 3767 2530 stir-

2191 2571 2337 2639 pium
2391 2568 2602 2624 laborat
2637 2569 2948 2634 ostendere,
2989 2584 3057 2625 ac
3101 2585 3198 2640 per
3237 2571 3364 2641 hoc,
3400 2581 3462 2625 ut
3503 2570 3769 2642 Aposrolus

2192 2661 2290 2728 ait,
2326 2678 2421 2732 pro
2446 2662 2598 2717 nobis
2628 2673 2811 2717 cuncta
2840 2664 3035 2734 scripta
3058 2674 3177 2718 sunt
3203 2663 3385 2735 (Rom.
3409 2682 3501 2732 xv,
3525 2666 3600 2738 h).
3624 2664 3769 2719 Intel-

2191 2755 2297 2825 lige
2326 2770 2420 2826 per
2448 2754 2756 2811 arundineti
2784 2756 3073 2826 imagines,
3102 2755 3351 2813 infideles
3379 2757 3625 2814 homines
3641 2758 3771 2813 etio-

2192 2848 2446 2905 credulos
2471 2848 2832 2904 demonstrari
2859 2867 2872 2903 :
2900 2854 3201 2921 eorumque
3227 2867 3486 2922 corpora,
3512 2850 3771 2923 superficie

2192 2951 2344 3011 grata
2372 2949 2427 2995 et
2457 2941 2685 2996 interius
2715 2957 2869 2997 cassa
2897 2943 3225 3011 virtutibus,
3267 2960 3393 3015 qua:
3425 2945 3513 3000 ubi
3557 2946 3768 3016 primum

2201 3032 2425 3104 spiritus
2454 3036 2714 3090 vanitatis
2745 3034 2969 3099 inflarit,
2998 3037 3158 3093 sibila
3189 3039 3465 3107 serpentis
3492 3038 3769 3100 imitentur,

2194 3137 2250 3183 et
2292 3142 2454 3183 sanos
2482 3137 2687 3198 partus,
2718 3130 3033 3201 viperarum
3073 3131 3368 3202 progenies
3400 3132 3768 3201 obsequantur.

486 3228 613 3283 illos
651 3227 835 3283 seaculi
879 3228 1153 3297 sapientes
1196 3243 1304 3282 una
1346 3227 1540 3283 nebula
1574 3227 1735 3298 hujus
1763 3229 1968 3284 erroris
1999 3230 2087 3283 in-
2113 3210 2160 3275 C
2195 3220 2472 3289 Scintillae,
2518 3221 2733 3293 inquit,
2766 3223 2821 3277 in
2858 3222 3189 3277 arundineta.
3238 3223 3429 3279 Sancti
3479 3239 3608 3295 ergo
3651 3225 3772 3277 inter

488 3320 703 3375 volvit:
738 3328 799 3375 ut
826 3328 881 3375 et
908 3320 1026 3390 ipse
1053 3330 1159 3373 tam
1190 3318 1499 3387 laudabilis,
1545 3328 1605 3373 ut
1645 3328 1855 3389 putant,
1898 3321 2090 3376 doctor

490 3414 770 3481 Socrates,
817 3413 1148 3469 homicidam
1181 3414 1357 3484 ipsum
1387 3428 1446 3468 se
1474 3413 1748 3483 privatim,
1781 3430 1848 3470 ne
1879 3414 2090 3485 publice

489 3507 857 3577 occideretur,
887 3506 1175 3561 occiderit.
1201 3505 1362 3561 Aliud
1391 3506 1551 3576 longe
1578 3507 1767 3561 beatus
1797 3508 2089 3577 Apostolus

487 3600 926 3672 praemeditatum
971 3600 1210 3655 habebat
1248 3608 1304 3655 et
1352 3601 1629 3670 cognitum
1669 3616 1681 3653 :
1729 3600 1834 3667 Qui
1882 3617 1983 3655 non
2025 3600 2088 3655 ab

492 3693 807 3759 hominibus,
860 3694 949 3747 sed
979 3709 1069 3764 per
1100 3693 1459 3746 reuelationem
1511 3692 1724 3746 Domini
1763 3694 1924 3748 nostri
1961 3693 2091 3749 Jesu

487 3786 683 3839 Christi
728 3782 875 3857 (Gal.
921 3802 958 3852 ι,
1006 3786 1122 3855 12),
1170 3784 1313 3856 quod
1354 3782 1610 3851 docebat,
1649 3795 1956 3855 acceperat,
1990 3802 2091 3843 nec

492 3878 801 3934 Academiae
827 3894 1115 3933 nemorosc
1140 3877 1385 3933 obscuris
1415 3886 1591 3932 tectus
1614 3876 1967 3946 umbraculis,
1992 3879 2088 3934 sed

490 3972 701 4027 caelesti
727 3973 1025 4027 illustratus
1059 3972 1261 4026 lumine
1290 3989 1304 4025 :
1339 3987 1439 4027 nec
1473 3971 1525 4025 in
1561 3971 1690 4026 ludo
1721 3953 1903 4042 aliquo
1935 3973 2084 4028 litte-

494 4067 698 4121 ratorio
726 4067 871 4120 inter
900 4065 1157 4135 puerulos
1198 4067 1513 4134 oscitantes,
1548 4064 1643 4119 sed
1684 4065 1733 4119 in
1765 4067 1923 4121 tertio
1946 4067 2088 4121 cmlo

496 4162 642 4214 inter
682 4159 911 4228 angelos
942 4168 1294 4214 coruscantes
1324 4160 1585 4225 imbutus,
1622 4159 1673 4211 in
1718 4168 2088 4229 contemptum

494 4255 620 4306 vitae
652 4251 933 4323 prtrsentis
962 4252 1232 4306 exclamat
1257 4267 1272 4305 :
1308 4249 1441 4304 Mihi
1463 4252 1628 4305 vivere
1652 4251 1886 4307 Christus
1913 4264 2003 4320 est,
2040 4264 2088 4306 et

492 4348 624 4402 mori
656 4348 857 4401 lucrum
889 4344 1059 4418 (Phil.
1093 4362 1132 4412 ι,
1163 4346 1281 4417 9.1).
1328 4345 1446 4401 Non
1475 4356 1623 4401 certe
1661 4363 1870 4401 murum
1894 4349 1959 4404 de
1981 4365 2088 4418 quo

494 4458 555 4497 sc
592 4442 892 4511 praecipitet
930 4440 995 4493 ad
1042 4448 1297 4504 mortem,
1341 4439 1436 4493 sed
1468 4437 1742 4494 Christum
1776 4440 2081 4511 Dominum,

493 4549 593 4603 per
619 4548 777 4602 quem
804 4533 906 4586 hoc
935 4533 1167 4586 mortale
1189 4530 1257 4586 ab
1278 4531 1685 4587 immortalitate
1707 4534 2083 4599 absorbeatur,

2191 3325 2533 3386 peccatores,
2564 3315 2823 3386 quoniam
2870 3331 2978 3371 non
3027 3316 3206 3372 omnis
3244 3331 3377 3371 caro
3419 3316 3605 3373 eadem
3637 3332 3769 3371 caro.

2190 3406 2260 3462 In
2307 3409 2643 3475 arundineta,
2684 3410 2781 3476 ait,
2813 3409 2867 3465 id
2913 3418 3019 3477 est,
3067 3424 3236 3465 vacua
3284 3410 3407 3467 luce
3455 3425 3698 3482 corpora,
3727 3416 3773 3462 et

2191 3500 2386 3556 alienis
2414 3516 2603 3556 arsura
2631 3501 2953 3573 fulgoribus,
2983 3503 3177 3573 quibus
3222 3514 3544 3560 sanctorum
3576 3504 3773 3560 claritas

2190 3593 2367 3649 futura
2396 3609 2496 3664 pro
2538 3608 2697 3664 paena
2726 3604 2880 3665 (est:
2918 3596 3175 3666 quoniam
3218 3597 3367 3652 Deus
3412 3597 3555 3668 ignis
3598 3611 3773 3651 consu-

2192 3701 2347 3741 mens
2376 3696 2479 3752 est,
2513 3696 2570 3741 et
2594 3689 2730 3757 justi
2781 3690 2835 3742 in
2888 3688 3175 3759 imaginem
3225 3688 3447 3745 deitatis
3484 3687 3770 3744 advenient.

2194 3780 2343 3835 Fecit
2373 3784 2508 3836 enim
2547 3781 2690 3838 Deus
2734 3782 3012 3849 hominem,
3061 3785 3129 3838 ad
3175 3785 3458 3855 imaginem
3489 3801 3634 3839 suam
3670 3782 3772 3853 fecit

2194 3878 2344 3929 illum
2376 3876 2534 3947 (Gen.
2566 3894 2603 3940 ι.
2651 3877 2744 3949 9.7)
2793 3894 2806 3931 :
2861 3886 2916 3931 et
2947 3878 3242 3947 Apostolus
3276 3887 3516 3933 testatur
3545 3877 3769 3935 credere.

2193 3984 2271 4033 se,
2298 3970 2441 4039 quod
2475 3971 2552 4025 illi
2584 3972 2779 4026 similis
2808 3972 2879 4026 sit
2919 3973 3149 4027 futurus.
3182 3972 3527 4029 Necessarie.
3559 3973 3613 4028 Si
3644 3972 3770 4025 enim

2192 4060 2385 4116 similis
2431 4061 2545 4117 Deo
2590 4061 2691 4117 fuit
2740 4079 2863 4117 eum
2912 4064 3087 4119 factus
3116 4075 3220 4131 est,
3249 4073 3305 4119 et
3334 4066 3531 4123 similis
3581 4064 3772 4137 futurus

2194 4166 2274 4208 est
2303 4171 2425 4209 cum
2470 4168 2713 4227 resurget
2743 4174 2756 4211 :
2787 4159 3038 4226 quoniam
3081 4160 3339 4229 quidquid
3374 4176 3521 4216 nunc
3552 4163 3601 4215 in
3634 4158 3771 4213 nobis

2191 4247 2453 4304 dissimile
2482 4249 2693 4305 videtur
2717 4252 2947 4320 auctori,
2987 4251 3037 4306 id
3067 4267 3229 4307 omne
3254 4255 3383 4307 vitio
3408 4251 3772 4324 transgressio-

2193 4342 2277 4397 nis
2323 4344 2647 4411 impressum
2678 4354 2765 4399 est
2796 4363 2809 4399 :
2843 4356 2897 4400 et
2926 4346 3104 4400 vivam
3132 4346 3378 4401 veritatis
3405 4347 3649 4413 formam,
3690 4359 3769 4397 ar-

2193 4434 2325 4490 tifex
2366 4436 2772 4492 mendaciorum
2826 4438 3112 4494 strumosis
3163 4438 3375 4493 actibus
3422 4435 3767 4499 deformavit,

2191 4545 2454 4601 suamque
2494 4532 2849 4601 pravitatem,
2885 4533 3086 4587 nostris
3130 4530 3294 4587 etiam
3346 4533 3625 4600 membris,
3658 4530 3768 4584 dum

492 4623 744 4695 inquirit.
775 4623 986 4679 Etenim
1019 4623 1268 4695 intelligit
1298 4625 1347 4679 ei
1374 4625 1586 4681 lucrum
1618 4642 1740 4682 esse
1790 4626 1949 4695 mori,
1998 4631 2083 4684 eui
2112 4606 2165 4667 D
2190 4636 2401 4682 mentes
2435 4627 2694 4697 corrupit,
2728 4627 3006 4697 inscripsit
3040 4646 3051 4679 :
3086 4643 3207 4697 quae
3249 4642 3345 4696 per
3374 4621 3769 4683 resurrectionis

492 4720 565 4774 sit
591 4718 700 4771 vita
734 4716 911 4771 futura
947 4732 1070 4771 cum
1099 4717 1338 4773 Christo.
1370 4717 1499 4773 Sine
1529 4720 1757 4774 Domino
1784 4729 1966 4775 autem
1998 4722 2082 4776 ni-

490 4813 566 4867 hil
597 4812 840 4883 prodest,
902 4810 1117 4865 etiamsi
1166 4820 1335 4865 totum
1366 4812 1627 4867 mundum
1669 4813 1931 4879 lucretur,
1964 4815 2082 4869 ani-

489 4922 597 4961 mae
623 4918 804 4962 autem
832 4921 945 4959 suae
974 4904 1361 4960 detrimentum
1392 4922 1512 4962 esse
1543 4923 1853 4978 passurum.
1884 4907 2085 4965 Crede—

491 4999 584 5053 bat
615 5000 778 5069 igitur
806 4999 890 5054 vir
936 4998 1051 5063 ille,
1082 5014 1175 5053 vas
1222 5000 1525 5067 electionis,
1575 5015 1634 5054 se
1679 5017 1775 5071 per
1803 5001 2079 5057 Christum

494 5093 781 5147 Dominum
815 5101 1061 5147 nostrum
1089 5091 1155 5146 de
1178 5091 1277 5147 hac
1302 5100 1471 5159 terra,
1496 5110 1619 5163 qua:
1644 5111 1934 5166 numquam
1963 5099 2082 5152 sine

490 5200 657 5240 usura
687 5184 863 5240 reddit
884 5184 1027 5254 quod
1058 5184 1291 5254 accipit:
1324 5186 1422 5242 sed
1447 5185 1545 5241 alia
1574 5190 1806 5257 minore,
1845 5191 1946 5244 alia
1973 5192 2085 5261 ple-

491 5292 721 5348 rumque
764 5279 972 5345 majore
993 5293 1115 5332 cum
1147 5278 1366 5335 fenore:
1395 5292 1454 5335 ut
1483 5281 1812 5337 tricesimum
1845 5292 1900 5338 et
1929 5299 2084 5338 sexa-

487 5372 754 5443 gesimum
783 5380 837 5425 et
862 5372 1218 5428 centesimum
1248 5418 1261 5441 ,
1295 5374 1527 5429 Domino
1556 5375 1671 5445 ipso
1706 5376 1756 5430 iu
1791 5377 2083 5449 Evangelio

488 5466 731 5538 germina
763 5480 883 5535 qua:
918 5464 1255 5533 plautaverat
1278 5469 1355 5522 sic
1386 5470 1598 5538 legente
1634 5488 1646 5523 :
1681 5470 1747 5525 de
1773 5487 1879 5542 qua
1911 5482 2079 5539 terra,

487 5560 650 5615 etiam
680 5560 898 5625 veritas,
926 5560 1092 5627 quam
1125 5559 1330 5614 Pilatus
1359 5562 1647 5630 ignorabat
1680 5581 1693 5616 :
1726 5580 1884 5633 quam
1922 5580 2079 5619 nemo

487 5652 673 5722 utique
701 5653 1004 5722 principum
1037 5651 1198 5721 hujus
1225 5656 1407 5707 saeculi
1431 5654 1607 5709 vidit:
1638 5656 1699 5712 Si
1726 5659 1861 5710 enim
1889 5673 2078 5728 σος]ηο-

482 5746 711 5814 vissent,
780 5762 1060 5817 numquam
1114 5744 1396 5799 Domiuum
1460 5749 1638 5821 gloria:
1696 5750 2075 5820 cruciﬁxissent

2186 4720 2414 4791 gloriam
2445 4722 2586 4776 male
2610 4720 2839 4791 adjecta,
2869 4731 2958 4775 aut
2985 4722 3273 4776 imminuta
3297 4722 3573 4778 diluentur
3603 4738 3616 4774 :
3647 4728 3696 4775 et
3722 4716 3766 4771 id

2188 4814 2362 4868 solum
2403 4814 2547 4885 quod
2598 4824 2873 4870 auctorem
2908 4830 3089 4869 rerum
3144 4824 3419 4887 tamquam
3455 4817 3510 4871 in
3558 4809 3763 4883 speculo

2186 4906 2406 4973 reddat,
2441 4907 2697 4962 emicabit
2732 4896 2748 4961 ἐ
2774 4918 2827 4963 ιιι
2860 4909 3216 4979 interpolator
3240 4925 3378 4979 opus
3408 4923 3561 4965 suum
3590 4921 3644 4962 se
3671 4905 3761 4959 do-

2186 5002 2293 5058 leat
2335 5003 2675 5073 perdidisse,
2711 5013 2767 5059 et
2795 5004 2958 5058 homo
3010 5004 3229 5059 tandem
3273 5019 3333 5059 se
3363 5005 3626 5074 integrum
3654 5012 3764 5055 esse

2185 5097 2466 5166 glorietur.
2497 5097 2613 5153 Non
2654 5109 2829 5154 tamen
2877 5098 2982 5153 hoc
3009 5114 3199 5154 omnes
3222 5141 3235 5163 ,
3266 5108 3322 5152 ut
3364 5099 3475 5169 jam
3520 5098 3759 5157 diximus,

2187 5191 2280 5245 sed
2306 5191 2435 5261 justi
2465 5200 2669 5247 tantum
2697 5194 2746 5246 in
2777 5192 2901 5247 luce
2922 5193 3158 5247 erimus:
3188 5192 3445 5259 Quoniam
3468 5208 3634 5245 omnes
3658 5188 3759 5257 qui-

2186 5286 2299 5340 dem
2327 5304 2675 5359 resurgemus,
2714 5288 2803 5341 sed
2831 5304 2934 5342 non
2964 5304 3135 5341 omnes
3172 5287 3555 5341 immutabimur
3578 5286 3598 5359 (
3615 5282 3757 5338 Thes.

2186 5393 2261 5441 vr,
2307 5379 2394 5450 15)
2421 5397 2435 5433 :
2465 5379 2847 5436 discretionem
2895 5381 3036 5435 enim
3070 5380 3231 5436 faciet
3260 5393 3643 5451 personarum,
3676 5374 3754 5428 di-

2187 5474 2416 5529 versitas
2446 5477 2783 5530 meritorum.
2808 5474 2941 5530 Nam
2963 5475 3067 5531 etsi
3089 5475 3231 5530 inter
3259 5476 3406 5547 ipsos
3432 5481 3643 5529 sanctos
3663 5466 3761 5523 erit

2185 5567 2362 5636 aliqua
2407 5567 2476 5623 de
2516 5567 2833 5637 operatione
2881 5568 3157 5638 distantia,
3202 5568 3417 5624 dicente
3464 5561 3753 5638 Apostolo:

2186 5657 2351 5712 Stella
2376 5675 2408 5711 a
2428 5659 2577 5714 stella
2602 5658 2776 5726 (li/fert
2794 5660 2849 5713 in
2865 5658 3106 5714 claritate
3126 5659 3171 5715 ll
3193 5660 3310 5715 Cor.
3338 5675 3431 5724 XV,
3453 5657 3548 5727 Η)
3572 5675 3583 5708 :
3603 5666 3749 5723 quam

2180 5754 2548 5810 diversitatem
2577 5755 2657 5809 vel
2691 5757 2757 5809 dc
2802 5754 3004 5826 impiis,
3038 5755 3118 5810 vel
3149 5754 3215 5810 de
3245 5752 3609 5826 peccatoribus
3635 5762 3745 5802 sen-

483 5837 532 5917 (ι
554 5834 675 5893 Cor.
705 5838 836 5917 11,8)
862 5860 872 5893 :
897 5840 963 5897 de
986 5839 1121 5927 ipsa,
1148 5841 1466 5921 inquam,se
1494 5843 1782 5934 Apostolus
1808 5844 2067 5915 transfor-
2177 5848 2373 5919 tlemus
2404 5867 2417 5919 ς
2454 5865 2683 5937 quorum
2726 5848 2819 5921 alii
2862 5849 2915 5924 in
2944 5850 3170 5931 judicio,
3218 5850 3305 5907 alii
3353 5850 3403 5925 in
3444 5854 3734 5917 sanctorum
