3916 6288
258 265 301 322 89
1126 263 1461 322 EPISTOLA
1506 262 1591 319 Vl.
1635 263 1726 319 AD
1764 259 2030 322 AMICUM
2073 264 2453 324 IEGROTUM.

3373 264 3445 322 90

252 377 417 438 consilio
457 374 767 446 resurgunt?
814 373 915 445 Qui
961 374 1065 431 etsi
1122 375 1541 432 resurrectionis
1587 373 1756 445 ipsius
1783 374 1840 434 Α
1865 374 2280 446 mancipandam
2312 376 2419 432 illis
2444 390 2566 433 esse
2591 377 2875 441 credatur,
2898 375 3094 450 quibus
3114 385 3165 435 et
3190 376 3448 449 spiritua-

252 484 423 543 tetnpore
453 478 793 540 segregantur
815 511 830 534 ,
887 468 1014 539 quid
1041 468 1112 526 de
1138 468 1328 524 habitu
1358 468 1640 539 formaque
1666 465 1755 522 di-

255 560 567 629 ceuusiQuze,
606 567 664 613 ut
686 557 820 613 mihi
849 558 1086 626 videtur,
1114 573 1221 614 non
1249 567 1400 615 veste
1423 557 1601 626 aliqua
1640 564 1757 611 tex-

259 658 325 721 tili,
344 666 482 722 neque
507 650 789 705 mulierum
820 650 1098 707 elaborata
1129 651 1338 722 pensis,
1372 649 1469 707 sed
1498 652 1610 704 suis
1632 664 1753 704 me-

258 749 327 805 ritis
344 756 382 800 et
403 741 724 800 orationibus
767 742 875 798 erit
914 743 1175 799 inventa:
1208 744 1370 798 beato
1407 743 1618 799 Joanne
1649 741 1754 798 hoc

256 838 572 905 iaretelatioue
604 844 972 904 monstrante,
1003 836 1093 905 qui
1124 846 1342 893 sanctos
1362 877 1376 903 ,
1408 837 1512 902 ait,
1540 834 1749 890 indutos

250 933 432 1003 Mum
451 944 506 984 se
524 928 727 984 vidisse
755 927 939 1002 (Apoc.
968 944 1083 996 xxx,
1114 928 1228 999 M).
1255 929 1325 984 Et
1354 944 1421 985 ne
1450 929 1591 985 forte
1620 930 1750 984 sub-

247 1023 422 1094 tegimina
441 1019 658 1092 byssini,
692 1030 787 1075 aut
807 1020 1040 1078 stamina
1066 1036 1463 1092 quaereremus,
1492 1030 1546 1076 et
1574 1030 1746 1076 mate-

241 1114 428 1181 riale,vel
451 1114 802 1184 corruptibile
832 1129 895 1170 ac
922 1115 1122 1171 fluxum
1163 1115 1368 1184 aliquid
1409 1116 1656 1172 exerceri
1689 1117 1744 1172 in

239 1207 466 1264 celestibus
503 1207 880 1278 opinarentur,
913 1207 1156 1263 subdidit
1187 1226 1200 1262 :
1234 1207 1522 1281 Byssinum
1564 1217 1743 1264 autem

238 1301 560 1372 iustificationes
588 1309 907 1356 sanctorum
939 1310 1086 1358 sunt.
1121 1302 1275 1359 Tunc
1311 1319 1465 1374 ergo,
1498 1312 1557 1360 ut
1588 1303 1747 1359 intel-

244 1399 320 1466 ligo,
342 1396 383 1449 in
408 1394 686 1466 superﬁcie
710 1396 957 1467 corporis
987 1397 1159 1453 nostri
1189 1397 1435 1463 venient,
1459 1414 1578 1466 quae
1600 1413 1747 1454 nunc

240 1499 315 1545 sunt
328 1497 434 1545 testa
454 1489 549 1544 sub
566 1504 826 1560 corpore.
841 1489 994 1546 Tunc
1017 1489 1327 1562 unicuique,
1349 1491 1605 1547 miserum
1632 1507 1740 1558 me,

237 1581 478 1637 conscientia
506 1596 600 1637 sua
634 1584 808 1636 vestis
836 1581 949 1639 flet.
985 1581 1136 1638 Tunc
1173 1598 1234 1637 ea
1258 1624 1273 1649 ,
1305 1598 1426 1654 quae
1455 1582 1523 1638 de
1552 1584 1746 1640 funda-

235 1674 629 1745 mentoillo,quate
654 1673 805 1729 aliud
821 1690 925 1729 non
952 1684 1114 1747 potest
1129 1675 1256 1748 poni
1274 1674 1315 1747 (Ι
1337 1676 1456 1730 Cor.
1482 1692 1595 1744 xui,
1622 1676 1739 1747 11),

1862 467 1927 522 lis
1956 468 2046 522 illa
2079 471 2442 541 nequitiarum
2473 480 2660 526 natura
2690 472 3023 541 subjicienda
3049 472 3167 529 est?
3187 472 3327 541 Quid
3357 490 3448 529 er-

1857 575 1926 630 go
1960 570 2083 615 tunc
2119 560 2351 628 facient,
2385 564 2473 634 qui
2506 578 2649 619 nunc
2688 566 2740 619 in
2774 564 3069 621 honoribus
3098 566 3401 636 gloriantur
3430 584 3442 619 :

1856 653 1948 723 qui
1975 670 2069 723 per
2092 655 2361 711 terribiles
2386 657 2730 725 praefecturas
2747 697 2763 723 ,
2789 666 2843 712 et
2869 656 3044 713 fasces
3061 698 3077 725 ,
3105 668 3157 715 et
3182 666 3441 728 aeternos,

1855 758 1916 802 ut
1942 748 2286 817 existimant,
2311 750 2625 805 consulatus
2645 790 2660 815 ,
2688 750 2800 805 Deo
2825 765 2885 805 se
2916 766 3233 821 comparare
3263 752 3446 806 nitun-

1856 853 1944 896 tur
1970 842 2153 912 rapina
2171 882 2186 908 ,
2210 857 2316 898 non
2346 845 2573 899 natura?
2594 843 2733 911 Quid
2758 844 2921 900 faciet
2939 846 3027 916 qui
3053 848 3324 918 conjungit
3347 846 3442 900 do-

1855 953 1994 990 mum
2022 938 2091 990 ad
2132 937 2342 991 domum
2376 936 2511 1010 (Ira.
2539 955 2593 1003 v,
2617 938 2700 1009 '5)?
2729 939 2819 1009 qui
2847 939 3158 1009 perturbata
3194 941 3438 1009 civitate,

1850 1038 1907 1083 et
1933 1030 2141 1085 cunctis
2172 1030 2365 1101 quibus
2415 1030 2788 1099 stringebatur
2832 1031 2956 1086 hinc
3000 1031 3128 1087 inde
3172 1032 3438 1089 limitibus

1850 1121 2057 1189 fractis,
2081 1131 2312 1187 montes,
2336 1122 2577 1188 ﬂumina,
2603 1125 2881 1195 mariaque
2904 1126 3432 1198 transiliens,quau-

1849 1222 1959 1268 tum
1984 1214 2050 1268 ad
2072 1214 2247 1285 ipsum
2272 1216 2528 1284 pertinet,
2549 1231 2711 1271 unam
2736 1217 2849 1270 vult
2870 1215 3265 1286 possessionem
3286 1233 3431 1285 esse,

1849 1324 1969 1377 quae
2036 1309 2339 1363 communis
2382 1309 2623 1364 omnium
2681 1319 2823 1365 terra
2873 1320 2989 1375 est,
3043 1317 3100 1365 et
3147 1311 3439 1368 insatiabili

1850 1401 2148 1472 cupiditate
2199 1402 2538 1459 latitudinem
2590 1404 2844 1459 immensi
2894 1404 3048 1459 orbis
3084 1406 3356 1461 excedens
3386 1407 3438 1463 in

1848 1493 2147 1549 Alexandri
2184 1494 2495 1552 Macedonis
2526 1497 2856 1551 anxietatem
2878 1540 2893 1564 ,
2926 1505 2981 1551 et
3012 1497 3435 1554 innumerabiles

1847 1587 2249 1656 Epicureorum
2272 1589 2499 1644 mundos
2525 1587 2842 1644 diﬂunditur
2869 1606 2881 1642 :
2914 1588 3310 1660 acquisitisqne
3338 1604 3434 1659 per

1845 1679 2161 1734 aviditatem
2184 1680 2368 1735 mundi
2395 1680 2557 1751 hujus
2584 1681 2878 1751 angustiis,
2905 1681 2960 1735 in
2990 1681 3154 1735 alium
3178 1680 3435 1736 credulus

235 1768 278 1821 ab
301 1780 573 1836 unoquoque
622 1765 1059 1837 supermdificata
1099 1777 1225 1822 sunt
1264 1768 1697 1837 praeeminebunt
1721 1812 1735 1836 ,
1772 1773 1819 1835 Β
1848 1787 1954 1824 non
1987 1772 2253 1826 mstimata
2288 1773 2489 1843 proprii
2513 1774 2764 1844 corporis
2792 1771 3159 1843 possibilitate
3182 1771 3433 1827 accendi-

236 1870 344 1916 ttaut
362 1861 649 1917 mercedem
669 1863 921 1931 accipiat,
943 1864 1034 1933 qui
1052 1879 1303 1918 mansura
1318 1864 1632 1930 constituit;
1648 1872 1740 1920 aut

237 1954 517 2008 detrimentum
533 1954 795 2025 patiatur,
823 1956 911 2025 qui
926 1971 1114 2011 arsura
1133 1957 1456 2012 construxit.
1472 1956 1590 2012 .lam
1609 1957 1738 2029 quid

244 2048 298 2101 illa
310 2063 674 2105 commemorem
690 2066 809 2121 qua:
827 2059 1150 2122 sequuntur,
1164 2067 1287 2123 quae
1299 2059 1409 2107 tota
1422 2062 1735 2107 sanctorum

241 2150 315 2191 sunt
335 2156 516 2196 carnem
540 2143 665 2198 sine
702 2151 876 2210 terra,
909 2158 1109 2215 corpus
1138 2145 1260 2201 sine
1304 2144 1507 2201 doloris
1534 2161 1731 2215 sensu,

235 2233 382 2287 animam
419 2234 531 2291 sine
580 2246 769 2303 metu,
801 2235 966 2293 vitam
999 2239 1117 2294 sine
1159 2238 1299 2304 fine,
1344 2247 1559 2294 aetatem
1608 2240 1730 2299 sine

230 2336 420 2397 tmpore,
446 2329 622 2387 lucem
656 2332 775 2387 sine
815 2341 1004 2396 nocte,
1034 2332 1427 2390 beatitudinem
1458 2335 1576 2390 sine
1601 2334 1730 2391 line.

226 2417 335 2475 Video
357 2424 603 2481 hominem
621 2467 638 2492 ,
670 2437 725 2481 et
754 2427 810 2482 in
838 2426 1060 2483 homine
1087 2427 1257 2483 Deum
1285 2448 1298 2485 :
1324 2430 1567 2501 quoniam
1591 2429 1733 2485 Deus

221 2515 335 2567 anxia
353 2516 396 2569 in
427 2519 657 2574 omnibus
678 2528 752 2573 est
773 2519 967 2591 (Ibid.,
992 2537 1082 2587 xv,
1106 2519 1222 2593 28).
1249 2521 1445 2577 Totum
1470 2522 1733 2594 quidquid

217 2620 311 2659 nunc
326 2606 627 2678 impossibile
647 2610 855 2667 homini
873 2613 1196 2680 cernitur,id
1222 2623 1333 2669 tum
1356 2614 1472 2670 fieri
1496 2631 1593 2687 per
1614 2632 1732 2673 mu-

214 2699 458 2758 niﬁcentiam
491 2708 740 2776 perpetui
783 2707 927 2777 regis
954 2707 1137 2764 velare
1164 2715 1220 2765 et
1250 2709 1526 2777 revelare,
1553 2706 1745 2781 lique?

212 2807 315 2849 were
334 2810 385 2850 ac
408 2798 725 2865 resolidare,
751 2814 985 2871 eumque
1009 2800 1123 2857 fieri
1151 2788 1313 2871 quem
1345 2808 1401 2856 et
1423 2801 1632 2857 intrare
1659 2802 1727 2859 ad

212 2887 431 2959 discipulos
442 2903 688 2949 concreta
705 2904 759 2948 et
774 2907 1035 2964 corporea
1055 2894 1319 2964 parietum
1338 2895 1557 2950 valvaru
1566 2910 1727 2964 mque

209 2995 278 3034 non
300 2996 553 3040 senserunt
577 3004 591 3039 :
624 2995 683 3042 et
710 2987 960 3059 discipuli
986 2997 1166 3043 tamen
1199 2998 1347 3044 stare
1376 3004 1567 3045 omnes
1596 3000 1726 3047 ante

207 3077 371 3131 seintus
395 3090 826 3150 conspexerunt:
853 3089 908 3135 et
945 3080 1127 3137 omnia
1171 3098 1291 3153 qua:
1322 3083 1441 3137 sine
1469 3082 1575 3139 hoc
1605 3099 1727 3139 cor-

1846 1876 1954 1930 tur,
1975 1876 2266 1923 autumans
2295 1882 2582 1938 passurum
2612 1881 2673 1922 se
2697 1867 2956 1922 damnum
2981 1880 3104 1922 esse
3128 1865 3194 1922 de
3221 1867 3361 1936 jure,
3387 1866 3431 1921 si

1840 1960 2003 2015 fidem
2044 1975 2152 2014 non
2191 1960 2504 2016 adhibuerit
2541 1960 2609 2016 de
2654 1960 2879 2015 furore?
2918 1959 3059 2029 Quid
3098 1958 3155 2014 hi
3200 1958 3425 2027 facient,

1839 2054 1928 2126 qui
1962 2062 2233 2125 tamquam
2275 2062 2624 2124 correptores
2648 2068 2883 2121 morum,
2918 2053 3132 2108 Domini
3170 2054 3431 2109 familiam

1836 2147 2103 2205 attentius
2146 2147 2576 2217 castigatiusque
2618 2148 2928 2213 viventem,
2962 2154 3057 2201 aut
3087 2146 3142 2200 in
3180 2146 3430 2202 vestibus

1836 2238 2029 2293 humili
2057 2239 2267 2306 colore,
2294 2248 2388 2294 aut
2413 2240 2463 2292 in
2487 2237 2595 2293 cibi
2628 2237 2776 2293 arida
2813 2238 3099 2308 parcitate,
3130 2246 3228 2293 aut
3259 2239 3312 2293 in
3344 2239 3427 2294 vi-

1834 2331 2085 2402 giliarum
2112 2347 2219 2387 non
2251 2333 2428 2387 otiosa
2448 2332 2767 2396 sobrietate,
2796 2331 2949 2387 velut
2973 2341 3066 2385 aut
3092 2330 3429 2388 indumentis

1834 2423 2183 2480 mollioribus
2214 2424 2528 2490 delicatam,
2559 2434 2655 2478 aut
2689 2424 2867 2495 epulis
2906 2424 3307 2493 copiosioribus
3334 2439 3428 2479 sa-

1833 2518 2071 2590 ginatam
2098 2558 2114 2583 ,
2140 2527 2235 2572 aut
2267 2517 2439 2573 thoris
2478 2517 2834 2573 calidioribus
2866 2517 3224 2587 oscitantem,
3254 2517 3429 2574 divel-

1833 2613 1951 2667 lunt
1979 2627 2042 2666 ac
2063 2622 2286 2679 vexant,
2317 2612 2625 2667 nescientes
2652 2611 2796 2682 quod
2822 2612 2874 2667 in
2906 2612 3114 2666 sanctis
3138 2611 3256 2680 Dei,
3284 2627 3428 2666 mar-

1834 2707 2069 2777 tyribus,
2093 2704 2606 2775 confessoribusque
2627 2704 2768 2759 oculi
2788 2704 2906 2773 ejus
2935 2703 3137 2773 pupilla
3162 2702 3427 2759 feriatur?

1831 2798 2100 2853 Peribunt
2129 2799 2250 2853 sine
2278 2797 2471 2863 dubio,
2502 2797 2757 2867 peribunt
2786 2797 2840 2851 in
2868 2796 2958 2851 illa
2990 2796 3077 2851 die
3098 2811 3287 2851 omnes
3325 2811 3421 2851 co-

1828 2891 2126 2963 gitationes
2159 2906 2349 2946 eorum
2384 2909 2397 2945 :
2440 2904 2539 2946 nec
2579 2905 2674 2946 eos
2708 2889 2847 2959 apud
2889 2889 3125 2945 tribunal
3162 2888 3296 2944 illud
3331 2898 3425 2946 aut

1829 2984 2029 3040 Lucius
2060 2982 2290 3038 Crassus
2323 2983 2599 3048 defendet,
2632 2994 2724 3037 aut
2750 2982 2822 3038 Μ.
2853 2982 3146 3047 Antonius,
3180 2992 3271 3036 aut
3302 2980 3422 3037 istis

1828 3075 2172 3148 eloquentior
2199 3075 2408 3131 Tullius
2440 3094 2452 3129 :
2478 3075 2735 3147 quoniam
2762 3075 2938 3130 omnis
2963 3084 3093 3129 tunc
3116 3074 3302 3129 saeculi
3324 3074 3424 3129 lin-

206 3181 294 3234 Dore
317 3170 392 3225 Dei
438 3173 663 3243 spiritus
695 3174 943 3243 fovebat,
994 3191 1194 3246 corpus
1220 3192 1342 3233 cum
1384 3179 1481 3235 Dei
1530 3179 1723 3249 spiritu
1751 3163 1797 3228 C
1828 3189 1931 3244 gua
1958 3173 2321 3239 obmutescet,
2349 3181 2404 3228 et
2426 3174 2540 3228 sola
2578 3173 2681 3228 erit
2713 3172 2765 3226 in
2794 3172 3076 3227 rusticulis
3095 3173 3209 3228 suis
3234 3171 3423 3227 facun-

204 3272 285 3314 esse
306 3260 560 3319 facturum.
588 3266 790 3321 Satiari
814 3266 1177 3323 delectatione
1204 3269 1400 3325 harum
1431 3270 1725 3343 cogitatio-

204 3366 290 3406 num
311 3354 669 3414 Cltristianilas
700 3375 807 3415 non
843 3370 1043 3429 potest.
1069 3362 1199 3417 Haec
1228 3363 1305 3418 illi
1333 3362 1582 3434 requies,
1616 3363 1722 3420 hoc

201 3442 575 3504 oblectamentum
615 3460 731 3515 est,
772 3451 893 3507 haec
929 3453 1215 3523 voluptas,
1267 3455 1352 3510 hic
1386 3455 1614 3512 'deliciae
1644 3457 1724 3514 ire

202 3539 380 3595 mentein
400 3543 574 3598 sedem
596 3544 718 3611 Dei,
736 3545 917 3617 ibique
936 3545 1041 3601 sibi
1057 3546 1237 3602 locum
1250 3557 1305 3603 et
1322 3558 1528 3619 partem
1548 3549 1717 3619 sedis,

202 3642 272 3682 non
294 3645 369 3686 sua
393 3636 845 3706 praesumptione,
887 3637 980 3693 sed
1007 3638 1302 3695 divinitatis
1331 3641 1723 3711 pollicitatione

202 3734 411 3791 usurpare.
429 3726 533 3782 Nec
552 3728 661 3784 hoc
688 3728 766 3784 illi
793 3729 1021 3786 arduum
1045 3731 1279 3799 videtur,
1304 3743 1585 3805 postquam
1608 3736 1720 3805 jam

204 3812 249 3864 ibi
268 3815 309 3871 in
324 3817 521 3876 Christo
542 3822 775 3879 Domino
796 3839 953 3881 suum
977 3841 1099 3881 esse
1121 3827 1394 3883 hominem
1420 3830 1717 3900 cognoscit.

211 3903 396 3966 lmdicat
412 3913 508 3968 sibi
528 3930 744 3988 aequum
762 3918 857 3988 jus
873 3918 941 3974 de
958 3924 1284 3992 cognatione
1307 3938 1401 3993 per
1413 3923 1581 3978 Deum
1604 3941 1721 3980 car-

206 3998 259 4051 nis
273 4016 524 4074 assumpta
544 4025 559 4062 :
580 4011 837 4079 quoniam
852 4011 918 4067 de
935 4027 1100 4068 carne
1118 4013 1233 4083 ejus
1251 4031 1459 4077 sumus,
1482 4028 1533 4069 et
1548 4017 1616 4072 de
1631 4034 1721 4073 os-

204 4089 303 4146 sibus
318 4096 435 4165 ejus.
452 4098 569 4172 Ipse
585 4104 721 4156 enim
742 4113 816 4158 est
836 4114 989 4177 caput
1009 4108 1242 4178 corporis
1259 4106 1510 4162 Ecclesia!
1523 4108 1660 4180 (Col.
1678 4127 1716 4177 ι,

206 4184 385 4255 l8l,ipse
400 4195 716 4265 principium
739 4198 915 4252 omnis
939 4200 1275 4270 principatus
1288 4209 1344 4255 et
1368 4212 1716 4270 potestatum,

203 4284 525 4351 cvangelizante
544 4288 626 4343 sic
660 4289 922 4360 Apostolo
948 4310 960 4344 :
992 4291 1078 4346 Ea:
1105 4310 1205 4364 quo
1232 4303 1393 4349 totum
1431 4311 1615 4367 corpus
1646 4298 1719 4351 sic

204 4387 446 4445 “alipedum
462 4392 509 4435 et
532 4381 839 4452 productum
864 4400 954 4455 per
974 4386 1385 4455 conjunctionem
1403 4431 1417 4455 ,
1437 4396 1486 4441 et
1505 4389 1719 4457 copula-

205 4472 462 4529 κωμικὰ
494 4474 547 4527 in
573 4485 905 4547 augmentum
935 4476 1051 4532 Dei.
1084 4477 1224 4546 Quid
1268 4494 1398 4550 ergo
1428 4491 1715 4535 venturum

1831 3267 1901 3321 da
1929 3266 2139 3335 justitia
2171 3284 2183 3318 :
2216 3281 2333 3336 qua:
2360 3265 2646 3321 infantium
2677 3265 2807 3321 fecit
2835 3281 2928 3320 ora
2958 3265 3185 3329 diserta,
3209 3277 3263 3320 et
3296 3281 3419 3319 tnu-

1812 3368 2008 3416 ‘torum
2043 3360 2254 3429 linguas
2285 3374 2483 3414 novum
2514 3359 2678 3413 solvit
2708 3359 2759 3413 in
2789 3358 3080 3420 canticum,
3108 3359 3421 3413 caelestem-

1826 3469 1934 3521 que
1960 3453 2066 3508 sibi
2109 3452 2445 3508 harmoaiam
2477 3468 2573 3523 per
2604 3452 2691 3507 sui
2732 3452 3160 3508 misericordiam
3202 3452 3270 3508 dc
3307 3452 3419 3507 suis

1826 3547 2057 3603 oviculis
2091 3546 2407 3617 acquisivit.
2437 3546 2517 3601 Ad
2545 3546 2703 3617 cujus
2734 3546 2961 3614 gloriam
2998 3544 3380 3600 celebrandam
3400 3587 3415 3610 ,

1825 3640 1986 3696 etiam
2018 3641 2060 3695 si
2081 3639 2360 3694 hominum
2386 3640 2560 3694 studia
2583 3640 2943 3704 cessaverint,
2968 3638 3022 3693 in
3046 3639 3415 3695 confusionem

1824 3735 2043 3806 generis
2072 3734 2317 3798 humani,
2345 3733 2555 3804 lapides
2576 3733 2857 3788 clamaturi
2886 3741 3282 3786 monstrantur.
3309 3731 3417 3787 Sed

1824 3845 1932 3901 quo
1967 3845 2068 3900 ego
2104 3844 2131 3881 a
2171 3829 2398 3882 materia
2442 3827 2717 3897 pr0posita
2741 3868 2754 3890 ,
2790 3826 2939 3881 velut
2975 3826 3287 3882 mortalium
3317 3827 3419 3881 im-

1825 3922 2149 3992 probitatem
2179 3922 2555 3987 increpaturus
2589 3919 2839 3975 excessi?
2863 3928 2917 3972 et
2947 3919 3237 3974 uniformis
3262 3920 3415 3983 mali,

1826 4024 2094 4082 tamquam
2138 4012 2381 4082 publicus
2421 4021 2722 4079 accusator,
2766 4010 3052 4065 mundanis
3093 4011 3257 4075 vitiis,
3285 4010 3413 4066 dum

1823 4120 1908 4161 me
1940 4104 2240 4174 aliquorum
2296 4105 2558 4171 miseret,
2604 4118 2709 4155 non
2740 4103 2959 4172 peperci
2995 4119 3009 4154 :
3040 4118 3160 4157 cum
3202 4102 3304 4156 etsi
3328 4100 3416 4171 ju-

1821 4198 2035 4253 dicandi
2078 4207 2291 4269 tempus
2318 4205 2493 4261 esset,
2522 4196 2748 4267 lapidem
2793 4207 2968 4249 tamen
3000 4197 3216 4250 mittere
3253 4210 3417 4264 super

1822 4291 2122 4346 adulteram
2151 4307 2256 4345 non
2280 4291 2532 4345 auderem
2556 4306 2568 4342 :
2593 4298 2647 4343 et
2668 4290 2711 4343 si
2738 4289 2802 4341 ad
2831 4287 3412 4357 innocentisjudicium

1824 4384 2062 4453 purioris
2088 4384 2440 4439 conscientiae
2469 4397 2554 4436 me
2581 4392 2821 4435 armaret
2850 4380 3169 4443 auctoritas,
3205 4392 3415 4450 tempus

1823 4484 2000 4532 tamen
2043 4487 2356 4546 exspectare
2397 4475 2696 4543 debebam,
2737 4474 2964 4529 docente
3003 4474 3294 4544 Apustolo,
3323 4475 3413 4545 qui

201 4553 419 4628 judicium,
445 4577 493 4623 et
518 4567 659 4625 diem
694 4570 939 4637 Domini,
970 4572 1070 4640 piis
1099 4572 1420 4641 optabilem,
1453 4582 1508 4628 et
1535 4574 1714 4644 impiis
1746 4559 1794 4620 Β
1823 4570 2024 4625 sanctis
2054 4586 2158 4625 non
2182 4569 2444 4641 judicium
2476 4570 2714 4631 sustulit,
2740 4569 2832 4623 sed
2863 4568 3090 4623 distulit.
3118 4568 3205 4623 Ait
3228 4568 3412 4623 enim:

204 4651 607 4731 fugiendummuid
631 4664 762 4719 illud
786 4664 999 4735 igneum
1018 4664 1280 4720 diluvium
1301 4682 1407 4722 non
1427 4682 1711 4739 aquarum,

206 4740 374 4807 fumante
397 4763 553 4823 terra,
582 4756 820 4829 fugleute
852 4759 989 4813 mari
1016 4801 1030 4823 ,
1056 4760 1196 4815 caelo
1226 4760 1280 4815 in
1311 4759 1432 4815 libri
1474 4762 1711 4831 speciem

206 4842 460 4911 complicato,
482 4848 703 4919 loquar?

249 4930 312 4987 IX.
342 4937 519 4995 Tristia
549 4944 665 4998 haec
693 4952 821 4999 sunt
846 4944 1106 5000 divitibus
1134 4947 1340 5014 saeculi,
1360 4946 1455 5002 sed
1478 4962 1712 5018 exspec-

208 5027 312 5082 tanda
330 5036 631 5103 panperibus
656 5037 883 5103 Christi,
909 5054 1006 5109 pro
1034 5041 1233 5110 quibus
1266 5041 1321 5094 in
1352 5041 1567 5096 Psalmo
1596 5044 1708 5097 Do-

211 5116 329 5175 minus
352 5129 597 5197 suspirat.
630 5130 852 5186 dicens:
885 5129 1112 5201 Propter
1142 5134 1398 5188 miseriam
1452 5134 1705 5207 inopum,

212 5216 240 5255 ίι
269 5218 460 5280 gemitum
508 5238 792 5292 pauperum
854 5240 993 5277 nunc
1043 5240 1311 5294 exsurgant
1358 5224 1529 5299 (Psal.
1581 5229 1705 5293 xu).

214 5300 299 5362 Qlid
330 5312 536 5369 tribunal
566 5314 691 5370 illud
722 5332 788 5373 ex
822 5317 1109 5386 majestate
1136 5319 1433 5388 judicantis
1478 5320 1708 5376 immen-

216 5406 309 5485 illa,
345 5413 388 5457 et
410 5406 683 5464 duodecim
734 5410 957 5466 sedibus
986 5412 1361 5479 adorandum,
1390 5420 1707 5485 tantamque

217 5482 333 5546 dalant
355 5510 378 5549 a
410 5498 511 5555 ﬁlio
564 5511 885 5572 potestatem
906 5546 922 5571 ,
953 5516 1012 5560 ut
1063 5506 1114 5560 in
1141 5506 1438 5576 judicando
1467 5482 1705 5565 habeant

220 5582 319 5671 etiam
343 5595 631 5663 angelorum
677 5599 1039 5668 substantias,
1071 5603 1225 5671 quasi
1258 5618 1449 5659 eorum
1488 5614 1702 5659 creator

220 5670 407 5751 “dictas,
426 5685 632 5746 dicente
652 5688 913 5762 Apostolo
938 5710 951 5747 :
986 5670 1236 5761 Nescitis,
1258 5698 1504 5767 quoniam
1528 5708 1573 5752 et
1606 5715 1699 5751 an-

223 5766 307 5837 tlia
322 5778 626 5845 iudicabimus
648 5784 687 5855 (l
711 5782 832 5843 Cor.
857 5802 909 5856 v,
930 5786 1011 5859 δη
1038 5787 1107 5858 Et
1135 5788 1261 5871 quid
1293 5790 1397 5863 erit
1421 5790 1566 5865 quod
1590 5807 1697 5861 non

1824 4664 2002 4719 Nolite
2037 4665 2281 4737 judicare
2338 4674 2458 4718 ante
2502 4673 2705 4733 tempus
2745 4665 2795 4732 (l
2844 4663 2966 4718 Cor.
3010 4680 3084 4725 tv.
3135 4665 3221 4737 5).
3279 4662 3413 4718 Illud

1822 4774 2015 4829 nempe
2046 4757 2462 4813 resurrectionis
2485 4765 2698 4827 tempus
2715 4757 2948 4812 innucns
2964 4756 3409 4827 exspectandum,

1819 4867 1927 4924 quo
1965 4867 2059 4922 per
2101 4851 2525 4920 incorruptionis
2576 4851 2799 4921 gloriam
2854 4851 3088 4907 rediviva
3139 4866 3267 4906 caro
3314 4852 3417 4907 mi-

1820 4946 1989 5000 randa
2036 4944 2256 4999 assistet
2306 4944 2496 5013 judici.
2549 4943 2625 4997 De
2665 4943 2967 4998 :cternitate
3004 4944 3114 5011 jam
3160 4954 3414 5001 manente

1820 5039 2143 5104 constantia,
2170 5054 2292 5093 cum
2322 5038 2552 5093 absistet
2588 5036 2819 5092 formido
2846 5035 2914 5091 de
2944 5036 3117 5107 lapsu,
3156 5053 3262 5092 non
3296 5048 3409 5094 tre-

1815 5132 2018 5205 pidabit
2063 5144 2187 5187 tunc
2238 5131 2291 5187 in
2324 5131 2489 5186 alium
2523 5132 2661 5185 ferre
2703 5130 3050 5195 sententiam,
3081 5146 3203 5186 cum
3240 5131 3307 5185 dc
3352 5148 3411 5187 se

1813 5225 2073 5281 meruerit
2108 5241 2229 5280 esse
2277 5240 2519 5279 securus.
2563 5225 2835 5279 Caeterum
2880 5238 3021 5279 nunc
3050 5236 3241 5280 cuncta
3282 5234 3405 5279 sunt

1810 5318 1994 5385 dubia,
2026 5328 2218 5373 cuncta
2253 5317 2591 5383 nutabunda,
2621 5316 2837 5371 dicente
2882 5316 3148 5386 Apostolo
3179 5336 3191 5371 :
3222 5316 3407 5373 Consi-

1812 5416 1996 5469 derans
2037 5425 2083 5468 te
2120 5415 2315 5483 ipsum,
2359 5428 2437 5465 me
2478 5421 2528 5466 et
2570 5422 2621 5464 tu
2657 5412 2867 5466 tenteris
2899 5411 3043 5483 (Cal.
3082 5426 3155 5476 vr,
3196 5410 3274 5482 5),
3313 5412 3405 5481 qui

1807 5508 1971 5563 alium
2021 5509 2205 5577 utique
2235 5515 2410 5562 status
2451 5506 2523 5561 tui
2572 5507 2808 5573 nescius,
2861 5506 3020 5561 facile
3078 5506 3290 5574 judicas
3336 5506 3406 5562 de

1807 5602 1981 5656 ruina.
2015 5599 2153 5669 Quid
2193 5610 2248 5654 et
2291 5600 2335 5653 si
2381 5599 2593 5655 miseris
2641 5600 2913 5667 fiduciam,
2950 5608 3004 5651 ut
3051 5597 3229 5653 beatis
3264 5598 3403 5655 Deus

1804 5694 1947 5753 det?
2006 5694 2233 5749 Praemia
2307 5695 2488 5765 potius
2556 5703 2899 5758 sanctorum,
2971 5691 3019 5747 id
3097 5700 3216 5762 cst,
3275 5708 3401 5749 vera

1804 5789 2133 5863 laudemus,
2204 5804 2367 5862 quam
2428 5789 2757 5873 improvidi,
2830 5794 2922 5857 aut
2984 5786 3401 5873 intempestivi,
