  <div class='ocr_page' id='page_1' title='image "/cluster/home/n/w/nwhite01/storage/ocr_20150623/30/hvd.32044096580535/055.png"; bbox 0 0 3916 6288; ppageno 0'>
   <div class='ocr_carea' id='block_1_1' title="bbox 486 258 3746 342">
    <p class='ocr_par' dir='ltr' id='par_1_1' title="bbox 486 258 3746 342">
     <span class='ocr_line' id='line_1_1' title="bbox 486 258 3746 342; baseline -0.002 0"><span class='ocrx_word' id='word_1_1' title='bbox 486 285 550 342; x_wconf 84' lang='lat' dir='ltr'><strong>at</strong></span> <span class='ocrx_word' id='word_1_2' title='bbox 1519 281 1578 338; x_wconf 90' lang='lat' dir='ltr'><strong>s.</strong></span> <span class='ocrx_word' id='word_1_3' title='bbox 1619 277 2002 338; x_wconf 77' lang='lat' dir='ltr'><strong>lilERONYMl</strong></span> <span class='ocrx_word' id='word_1_4' title='bbox 2036 274 2326 334; x_wconf 78' lang='lat' dir='ltr'><strong>OPERUM</strong></span> <span class='ocrx_word' id='word_1_5' title='bbox 2363 275 2725 336; x_wconf 76' lang='lat' dir='ltr'><strong>MANTISSA.</strong></span> <span class='ocrx_word' id='word_1_6' title='bbox 3445 258 3453 268; x_wconf 83' lang='lat'>&#39;</span> <span class='ocrx_word' id='word_1_7' title='bbox 3677 280 3746 338; x_wconf 70' lang='lat'><strong>92</strong></span> 
     </span>
    </p>
   </div>
   <div class='ocr_carea' id='block_1_2' title="bbox 491 390 3748 472">
    <p class='ocr_par' dir='ltr' id='par_1_2' title="bbox 491 390 3748 472">
     <span class='ocr_line' id='line_1_2' title="bbox 491 390 3748 472; baseline -0.003 -14"><span class='ocrx_word' id='word_1_8' title='bbox 491 403 580 460; x_wconf 85' lang='lat' dir='ltr'><strong>vel</strong></span> <span class='ocrx_word' id='word_1_9' title='bbox 627 401 702 460; x_wconf 86' lang='lat' dir='ltr'><strong>de</strong></span> <span class='ocrx_word' id='word_1_10' title='bbox 757 400 1112 471; x_wconf 77' lang='lat' dir='ltr'><strong>conscientia,</strong></span> <span class='ocrx_word' id='word_1_11' title='bbox 1173 399 1258 457; x_wconf 91' lang='lat' dir='ltr'><strong>vel</strong></span> <span class='ocrx_word' id='word_1_12' title='bbox 1315 397 1386 456; x_wconf 89' lang='lat' dir='ltr'><strong>de</strong></span> <span class='ocrx_word' id='word_1_13' title='bbox 1438 406 1682 472; x_wconf 90' lang='lat' dir='ltr'><strong>tempore</strong></span> <span class='ocrx_word' id='word_1_14' title='bbox 1737 397 2082 454; x_wconf 88' lang='lat' dir='ltr'><strong>denotemur.</strong></span> <span class='ocrx_word' id='word_1_15' title='bbox 2110 395 2161 456; x_wconf 77' lang='grc' dir='ltr'>Α</span> <span class='ocrx_word' id='word_1_16' title='bbox 2191 408 2294 450; x_wconf 89' lang='lat' dir='ltr'><strong>nec</strong></span> <span class='ocrx_word' id='word_1_17' title='bbox 2319 393 2452 464; x_wconf 87' lang='lat' dir='ltr'><strong>ipsis</strong></span> <span class='ocrx_word' id='word_1_18' title='bbox 2481 409 2698 462; x_wconf 88' lang='lat' dir='ltr'><strong>quoque</strong></span> <span class='ocrx_word' id='word_1_19' title='bbox 2727 392 2850 450; x_wconf 90' lang='lat' dir='ltr'><strong>tiliis</strong></span> <span class='ocrx_word' id='word_1_20' title='bbox 2881 397 3128 464; x_wconf 86' lang='lat' dir='ltr'><strong>parcant,</strong></span> <span class='ocrx_word' id='word_1_21' title='bbox 3156 404 3294 463; x_wconf 87' lang='lat' dir='ltr'><strong>quos</strong></span> <span class='ocrx_word' id='word_1_22' title='bbox 3319 391 3478 448; x_wconf 84' lang='lat' dir='ltr'><strong>etiam</strong></span> <span class='ocrx_word' id='word_1_23' title='bbox 3503 390 3569 449; x_wconf 90' lang='lat' dir='ltr'><strong>de</strong></span> <span class='ocrx_word' id='word_1_24' title='bbox 3592 396 3748 448; x_wconf 85' lang='lat' dir='ltr'><strong>avari-</strong></span> 
     </span>
    </p>
   </div>
   <div class='ocr_carea' id='block_1_3' title="bbox 562 491 2080 566">
    <p class='ocr_par' dir='ltr' id='par_1_3' title="bbox 562 491 2080 566">
     <span class='ocr_line' id='line_1_3' title="bbox 562 491 2080 566; baseline -0.007 -12"><span class='ocrx_word' id='word_1_25' title='bbox 562 496 632 554; x_wconf 78' lang='grc' dir='ltr'><strong>Χ.</strong></span> <span class='ocrx_word' id='word_1_26' title='bbox 665 497 972 554; x_wconf 75' lang='lat' dir='ltr'><strong>Redeamus</strong></span> <span class='ocrx_word' id='word_1_27' title='bbox 995 511 1124 566; x_wconf 87' lang='lat' dir='ltr'><strong>ergo</strong></span> <span class='ocrx_word' id='word_1_28' title='bbox 1150 494 1216 550; x_wconf 90' lang='lat' dir='ltr'><strong>ad</strong></span> <span class='ocrx_word' id='word_1_29' title='bbox 1238 494 1361 551; x_wconf 90' lang='lat' dir='ltr'><strong>illas</strong></span> <span class='ocrx_word' id='word_1_30' title='bbox 1379 503 1689 550; x_wconf 89' lang='lat' dir='ltr'><strong>sanctorum</strong></span> <span class='ocrx_word' id='word_1_31' title='bbox 1713 491 2080 548; x_wconf 88' lang='lat' dir='ltr'><strong>nobilissimas</strong></span> 
     </span>
    </p>
   </div>
   <div class='ocr_carea' id='block_1_4' title="bbox 487 586 2078 660">
    <p class='ocr_par' dir='ltr' id='par_1_4' title="bbox 487 586 2078 660">
     <span class='ocr_line' id='line_1_4' title="bbox 487 586 2078 660; baseline -0.006 -12"><span class='ocrx_word' id='word_1_32' title='bbox 487 601 544 648; x_wconf 88' lang='lat' dir='ltr'><strong>et</strong></span> <span class='ocrx_word' id='word_1_33' title='bbox 588 592 900 648; x_wconf 69' lang='lat' dir='ltr'><strong>laetissimas</strong></span> <span class='ocrx_word' id='word_1_34' title='bbox 943 589 1351 660; x_wconf 87' lang='lat' dir='ltr'><strong>cogitationes:</strong></span> <span class='ocrx_word' id='word_1_35' title='bbox 1393 604 1518 644; x_wconf 87' lang='lat' dir='ltr'><strong>nam</strong></span> <span class='ocrx_word' id='word_1_36' title='bbox 1569 586 1700 643; x_wconf 89' lang='lat' dir='ltr'><strong>nihil</strong></span> <span class='ocrx_word' id='word_1_37' title='bbox 1746 587 1922 652; x_wconf 69' lang='lat' dir='ltr'><strong>lanius</strong></span> <span class='ocrx_word' id='word_1_38' title='bbox 1972 592 2078 652; x_wconf 87' lang='lat' dir='ltr'><strong>est,</strong></span> 
     </span>
    </p>
   </div>
   <div class='ocr_carea' id='block_1_5' title="bbox 487 677 2084 757">
    <p class='ocr_par' dir='ltr' id='par_1_5' title="bbox 487 677 2084 757">
     <span class='ocr_line' id='line_1_5' title="bbox 487 677 2084 757; baseline -0.004 -17"><span class='ocrx_word' id='word_1_39' title='bbox 487 700 650 757; x_wconf 90' lang='lat' dir='ltr'><strong>quam</strong></span> <span class='ocrx_word' id='word_1_40' title='bbox 687 684 972 740; x_wconf 73' lang='lat' dir='ltr'><strong>mortalem</strong></span> <span class='ocrx_word' id='word_1_41' title='bbox 1013 682 1080 738; x_wconf 91' lang='lat' dir='ltr'><strong>de</strong></span> <span class='ocrx_word' id='word_1_42' title='bbox 1123 681 1389 751; x_wconf 88' lang='lat' dir='ltr'><strong>promissa</strong></span> <span class='ocrx_word' id='word_1_43' title='bbox 1431 681 1534 736; x_wconf 93' lang='lat' dir='ltr'><strong>sibi</strong></span> <span class='ocrx_word' id='word_1_44' title='bbox 1569 679 1881 736; x_wconf 59' lang='lat' dir='ltr'><strong>haereditate</strong></span> <span class='ocrx_word' id='word_1_45' title='bbox 1913 677 2084 734; x_wconf 86' lang='lat' dir='ltr'><strong>medi-</strong></span> 
     </span>
    </p>
   </div>
   <div class='ocr_carea' id='block_1_6' title="bbox 489 772 2083 848">
    <p class='ocr_par' dir='ltr' id='par_1_6' title="bbox 489 772 2083 848">
     <span class='ocr_line' id='line_1_6' title="bbox 489 772 2083 848; baseline -0.003 -16"><span class='ocrx_word' id='word_1_46' title='bbox 489 781 612 835; x_wconf 90' lang='lat' dir='ltr'><strong>tari.</strong></span> <span class='ocrx_word' id='word_1_47' title='bbox 646 778 798 834; x_wconf 90' lang='lat' dir='ltr'><strong>illum</strong></span> <span class='ocrx_word' id='word_1_48' title='bbox 826 777 1044 848; x_wconf 88' lang='lat' dir='ltr'><strong>quidem</strong></span> <span class='ocrx_word' id='word_1_49' title='bbox 1073 793 1234 842; x_wconf 85' lang='lat' dir='ltr'><strong>quem</strong></span> <span class='ocrx_word' id='word_1_50' title='bbox 1262 776 1518 842; x_wconf 79' lang='lat' dir='ltr'><strong>diximus,</strong></span> <span class='ocrx_word' id='word_1_51' title='bbox 1547 785 1671 830; x_wconf 84' lang='lat' dir='ltr'><strong>ante</strong></span> <span class='ocrx_word' id='word_1_52' title='bbox 1699 777 1886 829; x_wconf 90' lang='lat' dir='ltr'><strong>oculos</strong></span> <span class='ocrx_word' id='word_1_53' title='bbox 1910 772 2083 828; x_wconf 89' lang='lat' dir='ltr'><strong>collo-</strong></span> 
     </span>
    </p>
   </div>
   <div class='ocr_carea' id='block_1_7' title="bbox 489 865 2077 942">
    <p class='ocr_par' dir='ltr' id='par_1_7' title="bbox 489 865 2077 942">
     <span class='ocr_line' id='line_1_7' title="bbox 489 865 2077 942; baseline -0.006 -14"><span class='ocrx_word' id='word_1_54' title='bbox 489 887 717 928; x_wconf 89' lang='lat' dir='ltr'><strong>cemus:</strong></span> <span class='ocrx_word' id='word_1_55' title='bbox 749 869 1187 942; x_wconf 89' lang='lat' dir='ltr'><strong>quandoquidem</strong></span> <span class='ocrx_word' id='word_1_56' title='bbox 1221 868 1468 924; x_wconf 86' lang='lat' dir='ltr'><strong>securius</strong></span> <span class='ocrx_word' id='word_1_57' title='bbox 1499 877 1581 924; x_wconf 86' lang='lat' dir='ltr'><strong>est</strong></span> <span class='ocrx_word' id='word_1_58' title='bbox 1620 882 1745 922; x_wconf 88' lang='lat' dir='ltr'><strong>vera</strong></span> <span class='ocrx_word' id='word_1_59' title='bbox 1774 865 2077 932; x_wconf 85' lang='lat' dir='ltr'><strong>celebrare,</strong></span> 
     </span>
    </p>
   </div>
   <div class='ocr_carea' id='block_1_8' title="bbox 489 957 2082 1038">
    <p class='ocr_par' dir='ltr' id='par_1_8' title="bbox 489 957 2082 1038">
     <span class='ocr_line' id='line_1_8' title="bbox 489 957 2082 1038; baseline -0.006 -17"><span class='ocrx_word' id='word_1_60' title='bbox 489 981 648 1038; x_wconf 86' lang='lat' dir='ltr'><strong>quam</strong></span> <span class='ocrx_word' id='word_1_61' title='bbox 679 964 992 1021; x_wconf 86' lang='lat' dir='ltr'><strong>miseranda</strong></span> <span class='ocrx_word' id='word_1_62' title='bbox 1015 963 1238 1034; x_wconf 80' lang='lat' dir='ltr'><strong>culpare</strong></span> <span class='ocrx_word' id='word_1_63' title='bbox 1263 980 1278 1016; x_wconf 91' lang='lat'>:</span> <span class='ocrx_word' id='word_1_64' title='bbox 1304 963 1430 1017; x_wconf 90' lang='lat' dir='ltr'><strong>licet</strong></span> <span class='ocrx_word' id='word_1_65' title='bbox 1455 976 1579 1016; x_wconf 91' lang='lat' dir='ltr'><strong>vera</strong></span> <span class='ocrx_word' id='word_1_66' title='bbox 1609 959 1786 1016; x_wconf 81' lang='lat' dir='ltr'><strong>felicia</strong></span> <span class='ocrx_word' id='word_1_67' title='bbox 1815 957 1932 1013; x_wconf 88' lang='lat' dir='ltr'><strong>sine</strong></span> <span class='ocrx_word' id='word_1_68' title='bbox 1959 971 2082 1026; x_wconf 87' lang='lat' dir='ltr'><strong>pec-</strong></span> 
     </span>
    </p>
   </div>
   <div class='ocr_carea' id='block_1_9' title="bbox 489 1050 2082 1127">
    <p class='ocr_par' dir='ltr' id='par_1_9' title="bbox 489 1050 2082 1127">
     <span class='ocr_line' id='line_1_9' title="bbox 489 1050 2082 1127; baseline -0.006 -12"><span class='ocrx_word' id='word_1_69' title='bbox 489 1067 734 1115; x_wconf 88' lang='lat' dir='ltr'><strong>catorum</strong></span> <span class='ocrx_word' id='word_1_70' title='bbox 767 1073 873 1112; x_wconf 89' lang='lat' dir='ltr'><strong>non</strong></span> <span class='ocrx_word' id='word_1_71' title='bbox 911 1057 1125 1127; x_wconf 81' lang='lat' dir='ltr'><strong>possint</strong></span> <span class='ocrx_word' id='word_1_72' title='bbox 1168 1055 1485 1112; x_wconf 85' lang='lat' dir='ltr'><strong>infelicitate</strong></span> <span class='ocrx_word' id='word_1_73' title='bbox 1516 1052 1746 1108; x_wconf 89' lang='lat' dir='ltr'><strong>narrari.</strong></span> <span class='ocrx_word' id='word_1_74' title='bbox 1780 1050 2082 1106; x_wconf 86' lang='lat' dir='ltr'><strong>Cernamus</strong></span> 
     </span>
    </p>
   </div>
   <div class='ocr_carea' id='block_1_10' title="bbox 490 1142 2082 1223">
    <p class='ocr_par' dir='ltr' id='par_1_10' title="bbox 490 1142 2082 1223">
     <span class='ocr_line' id='line_1_10' title="bbox 490 1142 2082 1223; baseline -0.006 -17"><span class='ocrx_word' id='word_1_75' title='bbox 490 1151 711 1223; x_wconf 86' lang='lat' dir='ltr'><strong>utique,</strong></span> <span class='ocrx_word' id='word_1_76' title='bbox 747 1163 805 1206; x_wconf 87' lang='lat' dir='ltr'><strong>ut</strong></span> <span class='ocrx_word' id='word_1_77' title='bbox 849 1149 1266 1215; x_wconf 81' lang='lat' dir='ltr'><strong>constituimus,</strong></span> <span class='ocrx_word' id='word_1_78' title='bbox 1309 1148 1403 1203; x_wconf 89' lang='lat' dir='ltr'><strong>Dei</strong></span> <span class='ocrx_word' id='word_1_79' title='bbox 1453 1153 1670 1202; x_wconf 87' lang='lat' dir='ltr'><strong>sanctos</strong></span> <span class='ocrx_word' id='word_1_80' title='bbox 1702 1159 1826 1199; x_wconf 90' lang='lat' dir='ltr'><strong>cum</strong></span> <span class='ocrx_word' id='word_1_81' title='bbox 1876 1142 2082 1197; x_wconf 82' lang='lat' dir='ltr'><strong>facibus</strong></span> 
     </span>
    </p>
   </div>
   <div class='ocr_carea' id='block_1_11' title="bbox 491 1235 2077 1314">
    <p class='ocr_par' dir='ltr' id='par_1_11' title="bbox 491 1235 2077 1314">
     <span class='ocr_line' id='line_1_11' title="bbox 491 1235 2077 1314; baseline -0.007 -15"><span class='ocrx_word' id='word_1_82' title='bbox 491 1259 589 1314; x_wconf 89' lang='lat' dir='ltr'><strong>per</strong></span> <span class='ocrx_word' id='word_1_83' title='bbox 619 1245 798 1300; x_wconf 83' lang='lat' dir='ltr'><strong>omnia</strong></span> <span class='ocrx_word' id='word_1_84' title='bbox 831 1242 1098 1311; x_wconf 85' lang='lat' dir='ltr'><strong>volitare,</strong></span> <span class='ocrx_word' id='word_1_85' title='bbox 1131 1250 1187 1298; x_wconf 88' lang='lat' dir='ltr'><strong>et</strong></span> <span class='ocrx_word' id='word_1_86' title='bbox 1217 1239 1628 1297; x_wconf 86' lang='lat' dir='ltr'><strong>coruscantibus</strong></span> <span class='ocrx_word' id='word_1_87' title='bbox 1673 1237 1741 1292; x_wconf 92' lang='lat' dir='ltr'><strong>ad</strong></span> <span class='ocrx_word' id='word_1_88' title='bbox 1785 1235 2077 1291; x_wconf 84' lang='lat' dir='ltr'><strong>vindictam</strong></span> 
     </span>
    </p>
   </div>
   <div class='ocr_carea' id='block_1_12' title="bbox 490 1329 2084 1407">
    <p class='ocr_par' dir='ltr' id='par_1_12' title="bbox 490 1329 2084 1407">
     <span class='ocr_line' id='line_1_12' title="bbox 490 1329 2084 1407; baseline -0.008 -13"><span class='ocrx_word' id='word_1_89' title='bbox 490 1339 718 1407; x_wconf 76' lang='lat' dir='ltr'><strong>dextris,</strong></span> <span class='ocrx_word' id='word_1_90' title='bbox 765 1337 1033 1406; x_wconf 85' lang='lat' dir='ltr'><strong>ancipites</strong></span> <span class='ocrx_word' id='word_1_91' title='bbox 1074 1336 1280 1407; x_wconf 84' lang='lat' dir='ltr'><strong>gladios</strong></span> <span class='ocrx_word' id='word_1_92' title='bbox 1320 1335 1610 1403; x_wconf 78' lang='lat' dir='ltr'><strong>stringere.</strong></span> <span class='ocrx_word' id='word_1_93' title='bbox 1643 1331 1772 1388; x_wconf 58' lang='lat' dir='ltr'><strong>Haec</strong></span> <span class='ocrx_word' id='word_1_94' title='bbox 1819 1329 1962 1386; x_wconf 90' lang='lat' dir='ltr'><strong>enim</strong></span> <span class='ocrx_word' id='word_1_95' title='bbox 2000 1336 2084 1383; x_wconf 90' lang='lat' dir='ltr'><strong>est</strong></span> 
     </span>
    </p>
   </div>
   <div class='ocr_carea' id='block_1_13' title="bbox 489 1422 2084 1504">
    <p class='ocr_par' dir='ltr' id='par_1_13' title="bbox 489 1422 2084 1504">
     <span class='ocr_line' id='line_1_13' title="bbox 489 1422 2084 1504; baseline -0.008 -16"><span class='ocrx_word' id='word_1_96' title='bbox 489 1435 662 1504; x_wconf 87' lang='lat' dir='ltr'><strong>gloria</strong></span> <span class='ocrx_word' id='word_1_97' title='bbox 709 1442 1023 1489; x_wconf 88' lang='lat' dir='ltr'><strong>sanctorum</strong></span> <span class='ocrx_word' id='word_1_98' title='bbox 1073 1431 1204 1496; x_wconf 86' lang='lat' dir='ltr'><strong>Dei;</strong></span> <span class='ocrx_word' id='word_1_99' title='bbox 1249 1429 1365 1485; x_wconf 60' lang='lat' dir='ltr'><strong>haec</strong></span> <span class='ocrx_word' id='word_1_100' title='bbox 1397 1429 1451 1484; x_wconf 90' lang='lat' dir='ltr'><strong>in</strong></span> <span class='ocrx_word' id='word_1_101' title='bbox 1507 1428 1608 1482; x_wconf 90' lang='lat' dir='ltr'><strong>hoc</strong></span> <span class='ocrx_word' id='word_1_102' title='bbox 1657 1425 1856 1480; x_wconf 59' lang='lat' dir='ltr'><strong>saeulo</strong></span> <span class='ocrx_word' id='word_1_103' title='bbox 1900 1422 2084 1491; x_wconf 83' lang='lat' dir='ltr'><strong>despi-</strong></span> 
     </span>
    </p>
   </div>
   <div class='ocr_carea' id='block_1_14' title="bbox 491 1517 2082 1600">
    <p class='ocr_par' dir='ltr' id='par_1_14' title="bbox 491 1517 2082 1600">
     <span class='ocr_line' id='line_1_14' title="bbox 491 1517 2082 1600; baseline -0.008 -17"><span class='ocrx_word' id='word_1_104' title='bbox 491 1527 676 1583; x_wconf 74' lang='lat' dir='ltr'><strong>cabilis</strong></span> <span class='ocrx_word' id='word_1_105' title='bbox 721 1527 911 1581; x_wconf 87' lang='lat' dir='ltr'><strong>militia</strong></span> <span class='ocrx_word' id='word_1_106' title='bbox 940 1543 955 1580; x_wconf 92' lang='lat'><strong>:</strong></span> <span class='ocrx_word' id='word_1_107' title='bbox 988 1526 1104 1582; x_wconf 74' lang='lat' dir='ltr'><strong>haec</strong></span> <span class='ocrx_word' id='word_1_108' title='bbox 1145 1523 1342 1596; x_wconf 76' lang='lat' dir='ltr'><strong>linguis</strong></span> <span class='ocrx_word' id='word_1_109' title='bbox 1373 1522 1616 1600; x_wconf 81' lang='lat' dir='ltr'><strong>omnium</strong></span> <span class='ocrx_word' id='word_1_110' title='bbox 1647 1521 1702 1574; x_wconf 89' lang='lat' dir='ltr'><strong>in</strong></span> <span class='ocrx_word' id='word_1_111' title='bbox 1730 1517 2082 1574; x_wconf 90' lang='lat' dir='ltr'><strong>detractioni-</strong></span> 
     </span>
    </p>
   </div>
   <div class='ocr_carea' id='block_1_15' title="bbox 490 1612 2080 1688">
    <p class='ocr_par' dir='ltr' id='par_1_15' title="bbox 490 1612 2080 1688">
     <span class='ocr_line' id='line_1_15' title="bbox 490 1612 2080 1688; baseline -0.009 -12"><span class='ocrx_word' id='word_1_112' title='bbox 490 1619 590 1676; x_wconf 81' lang='lat' dir='ltr'><strong>bus</strong></span> <span class='ocrx_word' id='word_1_113' title='bbox 636 1618 920 1688; x_wconf 88' lang='lat' dir='ltr'><strong>dissipata.</strong></span> <span class='ocrx_word' id='word_1_114' title='bbox 966 1618 1064 1674; x_wconf 85' lang='lat' dir='ltr'><strong>Hic</strong></span> <span class='ocrx_word' id='word_1_115' title='bbox 1113 1627 1241 1673; x_wconf 88' lang='lat' dir='ltr'><strong>tunc</strong></span> <span class='ocrx_word' id='word_1_116' title='bbox 1287 1616 1558 1684; x_wconf 68' lang='lat' dir='ltr'><strong>patientiae</strong></span> <span class='ocrx_word' id='word_1_117' title='bbox 1608 1626 1808 1668; x_wconf 76' lang='lat' dir='ltr'><strong>nostra:</strong></span> <span class='ocrx_word' id='word_1_118' title='bbox 1855 1612 2080 1674; x_wconf 87' lang='lat' dir='ltr'><strong>fructus,</strong></span> 
     </span>
    </p>
   </div>
   <div class='ocr_carea' id='block_1_16' title="bbox 494 1705 2080 1776">
    <p class='ocr_par' dir='ltr' id='par_1_16' title="bbox 494 1705 2080 1776">
     <span class='ocr_line' id='line_1_16' title="bbox 494 1705 2080 1776; baseline -0.006 -11"><span class='ocrx_word' id='word_1_119' title='bbox 494 1709 612 1765; x_wconf 79' lang='lat' dir='ltr'><strong>haec</strong></span> <span class='ocrx_word' id='word_1_120' title='bbox 650 1708 984 1766; x_wconf 68' lang='lat' dir='ltr'><strong>suffer-entia:</strong></span> <span class='ocrx_word' id='word_1_121' title='bbox 1015 1723 1226 1765; x_wconf 86' lang='lat' dir='ltr'><strong>merces</strong></span> <span class='ocrx_word' id='word_1_122' title='bbox 1265 1708 1390 1763; x_wconf 89' lang='lat' dir='ltr'><strong>erit.</strong></span> <span class='ocrx_word' id='word_1_123' title='bbox 1440 1708 1564 1761; x_wconf 83' lang='lat' dir='ltr'><strong>llaec</strong></span> <span class='ocrx_word' id='word_1_124' title='bbox 1589 1705 1810 1776; x_wconf 71' lang='lat' dir='ltr'><strong>prtemia</strong></span> <span class='ocrx_word' id='word_1_125' title='bbox 1845 1720 1941 1774; x_wconf 87' lang='lat' dir='ltr'><strong>pro</strong></span> <span class='ocrx_word' id='word_1_126' title='bbox 1980 1717 2080 1756; x_wconf 89' lang='lat' dir='ltr'><strong>no-</strong></span> 
     </span>
    </p>
   </div>
   <div class='ocr_carea' id='block_1_17' title="bbox 2187 483 3746 556">
    <p class='ocr_par' dir='ltr' id='par_1_17' title="bbox 2187 483 3746 556">
     <span class='ocr_line' id='line_1_17' title="bbox 2187 483 3746 556; baseline 0.001 -17"><span class='ocrx_word' id='word_1_127' title='bbox 2187 485 2258 539; x_wconf 86' lang='lat' dir='ltr'><strong>tia</strong></span> <span class='ocrx_word' id='word_1_128' title='bbox 2291 487 2529 539; x_wconf 90' lang='lat' dir='ltr'><strong>accusati</strong></span> <span class='ocrx_word' id='word_1_129' title='bbox 2563 500 2837 556; x_wconf 89' lang='lat' dir='ltr'><strong>opponere</strong></span> <span class='ocrx_word' id='word_1_130' title='bbox 2865 493 3296 552; x_wconf 87' lang='lat' dir='ltr'><strong>consueverunt,</strong></span> <span class='ocrx_word' id='word_1_131' title='bbox 3333 483 3456 539; x_wconf 92' lang='lat' dir='ltr'><strong>dum</strong></span> <span class='ocrx_word' id='word_1_132' title='bbox 3482 484 3746 554; x_wconf 67' lang='lat' dir='ltr'><strong>prmiectu-</strong></span> 
     </span>
    </p>
   </div>
   <div class='ocr_carea' id='block_1_18' title="bbox 2184 579 3751 648">
    <p class='ocr_par' dir='ltr' id='par_1_18' title="bbox 2184 579 3751 648">
     <span class='ocr_line' id='line_1_18' title="bbox 2184 579 3751 648; baseline 0.002 -15"><span class='ocrx_word' id='word_1_133' title='bbox 2184 594 2275 634; x_wconf 83' lang='lat' dir='ltr'><strong>ras</strong></span> <span class='ocrx_word' id='word_1_134' title='bbox 2305 579 2834 648; x_wconf 90' lang='lat' dir='ltr'><strong>consularitatesque</strong></span> <span class='ocrx_word' id='word_1_135' title='bbox 2860 587 3173 635; x_wconf 88' lang='lat' dir='ltr'><strong>mercentur</strong></span> <span class='ocrx_word' id='word_1_136' title='bbox 3191 618 3208 645; x_wconf 94' lang='lat'><strong>,</strong></span> <span class='ocrx_word' id='word_1_137' title='bbox 3236 591 3368 648; x_wconf 89' lang='lat' dir='ltr'><strong>quas</strong></span> <span class='ocrx_word' id='word_1_138' title='bbox 3393 587 3675 648; x_wconf 85' lang='lat' dir='ltr'><strong>potestates</strong></span> <span class='ocrx_word' id='word_1_139' title='bbox 3703 591 3751 636; x_wconf 90' lang='lat' dir='ltr'><strong>et</strong></span> 
     </span>
    </p>
   </div>
   <div class='ocr_carea' id='block_1_19' title="bbox 2184 670 3751 741">
    <p class='ocr_par' dir='ltr' id='par_1_19' title="bbox 2184 670 3751 741">
     <span class='ocr_line' id='line_1_19' title="bbox 2184 670 3751 741; baseline -0.001 -13"><span class='ocrx_word' id='word_1_140' title='bbox 2184 687 2334 728; x_wconf 90' lang='lat' dir='ltr'><strong>mors</strong></span> <span class='ocrx_word' id='word_1_141' title='bbox 2358 672 2614 741; x_wconf 86' lang='lat' dir='ltr'><strong>admittit,</strong></span> <span class='ocrx_word' id='word_1_142' title='bbox 2639 682 2697 728; x_wconf 89' lang='lat' dir='ltr'><strong>et</strong></span> <span class='ocrx_word' id='word_1_143' title='bbox 2725 686 3015 728; x_wconf 74' lang='lat' dir='ltr'><strong>successor</strong></span> <span class='ocrx_word' id='word_1_144' title='bbox 3040 671 3289 726; x_wconf 73' lang='lat' dir='ltr'><strong>excludit</strong></span> <span class='ocrx_word' id='word_1_145' title='bbox 3316 688 3327 722; x_wconf 90' lang='lat'>:</span> <span class='ocrx_word' id='word_1_146' title='bbox 3359 685 3476 741; x_wconf 66' lang='lat' dir='ltr'><strong>quae</strong></span> <span class='ocrx_word' id='word_1_147' title='bbox 3501 670 3751 726; x_wconf 83' lang='lat' dir='ltr'><strong>dementia</strong></span> 
     </span>
    </p>
   </div>
   <div class='ocr_carea' id='block_1_20' title="bbox 2185 762 3752 836">
    <p class='ocr_par' dir='ltr' id='par_1_20' title="bbox 2185 762 3752 836">
     <span class='ocr_line' id='line_1_20' title="bbox 2185 762 3752 836; baseline 0 -16"><span class='ocrx_word' id='word_1_148' title='bbox 2185 774 2270 820; x_wconf 89' lang='lat' dir='ltr'><strong>est</strong></span> <span class='ocrx_word' id='word_1_149' title='bbox 2320 780 2424 821; x_wconf 90' lang='lat' dir='ltr'><strong>non</strong></span> <span class='ocrx_word' id='word_1_150' title='bbox 2472 781 2535 820; x_wconf 90' lang='lat' dir='ltr'><strong>ea</strong></span> <span class='ocrx_word' id='word_1_151' title='bbox 2575 766 2754 836; x_wconf 87' lang='lat' dir='ltr'><strong>potius</strong></span> <span class='ocrx_word' id='word_1_152' title='bbox 2785 767 3051 834; x_wconf 89' lang='lat' dir='ltr'><strong>impensis</strong></span> <span class='ocrx_word' id='word_1_153' title='bbox 3081 762 3332 818; x_wconf 90' lang='lat' dir='ltr'><strong>omnibus</strong></span> <span class='ocrx_word' id='word_1_154' title='bbox 3361 772 3415 818; x_wconf 90' lang='lat' dir='ltr'><strong>et</strong></span> <span class='ocrx_word' id='word_1_155' title='bbox 3453 762 3752 821; x_wconf 87' lang='lat' dir='ltr'><strong>detrimento</strong></span> 
     </span>
    </p>
   </div>
   <div class='ocr_carea' id='block_1_21' title="bbox 2185 855 3752 930">
    <p class='ocr_par' dir='ltr' id='par_1_21' title="bbox 2185 855 3752 930">
     <span class='ocr_line' id='line_1_21' title="bbox 2185 855 3752 930; baseline 0.001 -20"><span class='ocrx_word' id='word_1_156' title='bbox 2185 859 2310 914; x_wconf 68' lang='lat' dir='ltr'><strong>vita}</strong></span> <span class='ocrx_word' id='word_1_157' title='bbox 2342 859 2512 929; x_wconf 86' lang='lat' dir='ltr'><strong>ipsius</strong></span> <span class='ocrx_word' id='word_1_158' title='bbox 2541 872 2882 930; x_wconf 87' lang='lat' dir='ltr'><strong>comparare,</strong></span> <span class='ocrx_word' id='word_1_159' title='bbox 2919 874 3038 928; x_wconf 65' lang='lat' dir='ltr'><strong>(tuae</strong></span> <span class='ocrx_word' id='word_1_160' title='bbox 3065 866 3341 926; x_wconf 88' lang='lat' dir='ltr'><strong>promotos</strong></span> <span class='ocrx_word' id='word_1_161' title='bbox 3368 855 3568 912; x_wconf 81' lang='lat' dir='ltr'><strong>faciant</strong></span> <span class='ocrx_word' id='word_1_162' title='bbox 3595 856 3670 912; x_wconf 87' lang='lat' dir='ltr'><strong>vel</strong></span> <span class='ocrx_word' id='word_1_163' title='bbox 3693 859 3752 912; x_wconf 88' lang='lat' dir='ltr'><strong>de</strong></span> 
     </span>
    </p>
   </div>
   <div class='ocr_carea' id='block_1_22' title="bbox 2187 949 3754 1023">
    <p class='ocr_par' dir='ltr' id='par_1_22' title="bbox 2187 949 3754 1023">
     <span class='ocr_line' id='line_1_22' title="bbox 2187 949 3754 1023; baseline 0.003 -18"><span class='ocrx_word' id='word_1_164' title='bbox 2187 953 2312 1007; x_wconf 67' lang='lat' dir='ltr'><strong>vita:</strong></span> <span class='ocrx_word' id='word_1_165' title='bbox 2365 954 2670 1009; x_wconf 62' lang='lat' dir='ltr'><strong>aeternitate</strong></span> <span class='ocrx_word' id='word_1_166' title='bbox 2720 967 2965 1020; x_wconf 91' lang='lat' dir='ltr'><strong>securos,</strong></span> <span class='ocrx_word' id='word_1_167' title='bbox 3023 952 3108 1008; x_wconf 78' lang='lat' dir='ltr'><strong>vel</strong></span> <span class='ocrx_word' id='word_1_168' title='bbox 3164 951 3235 1009; x_wconf 92' lang='lat' dir='ltr'><strong>de</strong></span> <span class='ocrx_word' id='word_1_169' title='bbox 3281 949 3472 1021; x_wconf 85' lang='lat' dir='ltr'><strong>judicii</strong></span> <span class='ocrx_word' id='word_1_170' title='bbox 3519 960 3754 1023; x_wconf 89' lang='lat' dir='ltr'><strong>perpetua</strong></span> 
     </span>
    </p>
   </div>
   <div class='ocr_carea' id='block_1_23' title="bbox 2185 1044 2782 1116">
    <p class='ocr_par' dir='ltr' id='par_1_23' title="bbox 2185 1044 2782 1116">
     <span class='ocr_line' id='line_1_23' title="bbox 2185 1044 2782 1116; baseline 0 -18"><span class='ocrx_word' id='word_1_171' title='bbox 2185 1044 2448 1115; x_wconf 85' lang='lat' dir='ltr'><strong>dignitate</strong></span> <span class='ocrx_word' id='word_1_172' title='bbox 2477 1045 2782 1116; x_wconf 88' lang='lat' dir='ltr'><strong>gloriosos?</strong></span> 
     </span>
    </p>
   </div>
   <div class='ocr_carea' id='block_1_24' title="bbox 2260 1137 3758 1209">
    <p class='ocr_par' dir='ltr' id='par_1_24' title="bbox 2260 1137 3758 1209">
     <span class='ocr_line' id='line_1_24' title="bbox 2260 1137 3758 1209; baseline 0.001 -15"><span class='ocrx_word' id='word_1_173' title='bbox 2260 1138 2350 1194; x_wconf 81' lang='lat' dir='ltr'><strong>XI.</strong></span> <span class='ocrx_word' id='word_1_174' title='bbox 2384 1139 2622 1208; x_wconf 87' lang='lat' dir='ltr'><strong>Tempus</strong></span> <span class='ocrx_word' id='word_1_175' title='bbox 2660 1139 2940 1205; x_wconf 90' lang='lat' dir='ltr'><strong>admonet,</strong></span> <span class='ocrx_word' id='word_1_176' title='bbox 2969 1148 3024 1194; x_wconf 87' lang='lat' dir='ltr'><strong>et</strong></span> <span class='ocrx_word' id='word_1_177' title='bbox 3055 1140 3207 1195; x_wconf 90' lang='lat' dir='ltr'><strong>locus</strong></span> <span class='ocrx_word' id='word_1_178' title='bbox 3234 1138 3352 1208; x_wconf 89' lang='lat' dir='ltr'><strong>ipse</strong></span> <span class='ocrx_word' id='word_1_179' title='bbox 3385 1137 3639 1209; x_wconf 73' lang='lat' dir='ltr'><strong>suggerit,</strong></span> <span class='ocrx_word' id='word_1_180' title='bbox 3667 1154 3758 1196; x_wconf 85' lang='lat' dir='ltr'><strong>nec</strong></span> 
     </span>
    </p>
   </div>
   <div class='ocr_carea' id='block_1_25' title="bbox 2185 1229 3758 1300">
    <p class='ocr_par' dir='ltr' id='par_1_25' title="bbox 2185 1229 3758 1300">
     <span class='ocr_line' id='line_1_25' title="bbox 2185 1229 3758 1300; baseline -0.001 -12"><span class='ocrx_word' id='word_1_181' title='bbox 2185 1231 2412 1288; x_wconf 84' lang='lat' dir='ltr'><strong>materia</strong></span> <span class='ocrx_word' id='word_1_182' title='bbox 2445 1229 2659 1285; x_wconf 90' lang='lat' dir='ltr'><strong>videtur</strong></span> <span class='ocrx_word' id='word_1_183' title='bbox 2681 1231 2883 1300; x_wconf 88' lang='lat' dir='ltr'><strong>aliena,</strong></span> <span class='ocrx_word' id='word_1_184' title='bbox 2906 1230 3161 1300; x_wconf 89' lang='lat' dir='ltr'><strong>qu0niam</strong></span> <span class='ocrx_word' id='word_1_185' title='bbox 3186 1230 3254 1286; x_wconf 91' lang='lat' dir='ltr'><strong>de</strong></span> <span class='ocrx_word' id='word_1_186' title='bbox 3281 1229 3489 1286; x_wconf 87' lang='lat' dir='ltr'><strong>meritis</strong></span> <span class='ocrx_word' id='word_1_187' title='bbox 3517 1231 3758 1300; x_wconf 74' lang='lat' dir='ltr'><strong>cmpimus</strong></span> 
     </span>
    </p>
   </div>
   <div class='ocr_carea' id='block_1_26' title="bbox 2184 1322 3761 1386">
    <p class='ocr_par' dir='ltr' id='par_1_26' title="bbox 2184 1322 3761 1386">
     <span class='ocr_line' id='line_1_26' title="bbox 2184 1322 3761 1386; baseline 0.001 -8"><span class='ocrx_word' id='word_1_188' title='bbox 2184 1331 2419 1380; x_wconf 86' lang='lat' dir='ltr'><strong>tractare</strong></span> <span class='ocrx_word' id='word_1_189' title='bbox 2479 1334 2831 1386; x_wconf 84' lang='lat' dir='ltr'><strong>sanctorum,</strong></span> <span class='ocrx_word' id='word_1_190' title='bbox 2894 1334 2953 1378; x_wconf 88' lang='lat' dir='ltr'><strong>ut</strong></span> <span class='ocrx_word' id='word_1_191' title='bbox 3010 1322 3399 1379; x_wconf 71' lang='lat' dir='ltr'><strong>infelicissima:</strong></span> <span class='ocrx_word' id='word_1_192' title='bbox 3449 1322 3761 1380; x_wconf 89' lang='lat' dir='ltr'><strong>infelicitatis</strong></span> 
     </span>
    </p>
   </div>
   <div class='ocr_carea' id='block_1_27' title="bbox 2185 1414 3758 1486">
    <p class='ocr_par' dir='ltr' id='par_1_27' title="bbox 2185 1414 3758 1486">
     <span class='ocr_line' id='line_1_27' title="bbox 2185 1414 3758 1486; baseline -0.003 -14"><span class='ocrx_word' id='word_1_193' title='bbox 2185 1415 2553 1486; x_wconf 73' lang='lat' dir='ltr'><strong>biaSpbemias</strong></span> <span class='ocrx_word' id='word_1_194' title='bbox 2579 1416 2869 1481; x_wconf 88' lang='lat' dir='ltr'><strong>diluamus,</strong></span> <span class='ocrx_word' id='word_1_195' title='bbox 2898 1432 3020 1486; x_wconf 78' lang='lat' dir='ltr'><strong>qua:</strong></span> <span class='ocrx_word' id='word_1_196' title='bbox 3048 1415 3115 1470; x_wconf 88' lang='lat' dir='ltr'><strong>ad</strong></span> <span class='ocrx_word' id='word_1_197' title='bbox 3148 1416 3287 1470; x_wconf 87' lang='lat' dir='ltr'><strong>hanc</strong></span> <span class='ocrx_word' id='word_1_198' title='bbox 3309 1414 3525 1470; x_wconf 88' lang='lat' dir='ltr'><strong>videtur</strong></span> <span class='ocrx_word' id='word_1_199' title='bbox 3545 1415 3758 1485; x_wconf 84' lang='lat' dir='ltr'><strong>speciem</strong></span> 
     </span>
    </p>
   </div>
   <div class='ocr_carea' id='block_1_28' title="bbox 2186 1507 3762 1581">
    <p class='ocr_par' dir='ltr' id='par_1_28' title="bbox 2186 1507 3762 1581">
     <span class='ocr_line' id='line_1_28' title="bbox 2186 1507 3762 1581; baseline -0.002 -16"><span class='ocrx_word' id='word_1_200' title='bbox 2186 1511 2484 1581; x_wconf 86' lang='lat' dir='ltr'><strong>pertinere.</strong></span> <span class='ocrx_word' id='word_1_201' title='bbox 2523 1509 2863 1565; x_wconf 74' lang='lat' dir='ltr'><strong>Exstiterunt</strong></span> <span class='ocrx_word' id='word_1_202' title='bbox 2905 1507 3048 1563; x_wconf 90' lang='lat' dir='ltr'><strong>enim</strong></span> <span class='ocrx_word' id='word_1_203' title='bbox 3079 1508 3171 1579; x_wconf 91' lang='lat' dir='ltr'><strong>qui</strong></span> <span class='ocrx_word' id='word_1_204' title='bbox 3201 1509 3433 1564; x_wconf 81' lang='lat' dir='ltr'><strong>virtutes</strong></span> <span class='ocrx_word' id='word_1_205' title='bbox 3460 1509 3694 1578; x_wconf 82' lang='lat' dir='ltr'><strong>egregias</strong></span> <span class='ocrx_word' id='word_1_206' title='bbox 3716 1518 3762 1562; x_wconf 90' lang='lat' dir='ltr'><strong>et</strong></span> 
     </span>
    </p>
   </div>
   <div class='ocr_carea' id='block_1_29' title="bbox 2191 1599 3764 1671">
    <p class='ocr_par' dir='ltr' id='par_1_29' title="bbox 2191 1599 3764 1671">
     <span class='ocr_line' id='line_1_29' title="bbox 2191 1599 3764 1671; baseline -0.003 -13"><span class='ocrx_word' id='word_1_207' title='bbox 2191 1602 2444 1658; x_wconf 72' lang='lat' dir='ltr'><strong>cmiestes</strong></span> <span class='ocrx_word' id='word_1_208' title='bbox 2484 1618 2581 1671; x_wconf 92' lang='lat' dir='ltr'><strong>per</strong></span> <span class='ocrx_word' id='word_1_209' title='bbox 2608 1612 2920 1658; x_wconf 90' lang='lat' dir='ltr'><strong>sanctorum</strong></span> <span class='ocrx_word' id='word_1_210' title='bbox 2953 1600 3210 1670; x_wconf 88' lang='lat' dir='ltr'><strong>reliquias</strong></span> <span class='ocrx_word' id='word_1_211' title='bbox 3249 1601 3363 1668; x_wconf 72' lang='lat' dir='ltr'><strong>iam</strong></span> <span class='ocrx_word' id='word_1_212' title='bbox 3396 1599 3577 1670; x_wconf 89' lang='lat' dir='ltr'><strong>utique</strong></span> <span class='ocrx_word' id='word_1_213' title='bbox 3615 1613 3764 1668; x_wconf 86' lang='lat' dir='ltr'><strong>prope</strong></span> 
     </span>
    </p>
   </div>
   <div class='ocr_carea' id='block_1_30' title="bbox 2187 1691 3762 1766">
    <p class='ocr_par' dir='ltr' id='par_1_30' title="bbox 2187 1691 3762 1766">
     <span class='ocr_line' id='line_1_30' title="bbox 2187 1691 3762 1766; baseline -0.003 -16"><span class='ocrx_word' id='word_1_214' title='bbox 2187 1697 2390 1751; x_wconf 81' lang='lat' dir='ltr'><strong>noSIris</strong></span> <span class='ocrx_word' id='word_1_215' title='bbox 2414 1695 2748 1764; x_wconf 87' lang='lat' dir='ltr'><strong>temporibus</strong></span> <span class='ocrx_word' id='word_1_216' title='bbox 2771 1703 3084 1766; x_wconf 88' lang='lat' dir='ltr'><strong>operantcs,</strong></span> <span class='ocrx_word' id='word_1_217' title='bbox 3112 1693 3424 1748; x_wconf 87' lang='lat' dir='ltr'><strong>maluerunt</strong></span> <span class='ocrx_word' id='word_1_218' title='bbox 3449 1691 3762 1749; x_wconf 84' lang='lat' dir='ltr'><strong>detractione</strong></span> 
     </span>
    </p>
   </div>
   <div class='ocr_carea' id='block_1_31' title="bbox 493 1786 2087 1874">
    <p class='ocr_par' dir='ltr' id='par_1_31' title="bbox 493 1798 2081 1874">
     <span class='ocr_line' id='line_1_31' title="bbox 493 1798 2081 1874; baseline -0.001 -17"><span class='ocrx_word' id='word_1_219' title='bbox 493 1805 641 1859; x_wconf 90' lang='lat' dir='ltr'><strong>mine</strong></span> <span class='ocrx_word' id='word_1_220' title='bbox 667 1803 1185 1874; x_wconf 86' lang='lat' dir='ltr'><strong>biusphematorum,</strong></span> <span class='ocrx_word' id='word_1_221' title='bbox 1222 1801 1467 1870; x_wconf 84' lang='lat' dir='ltr'><strong>subjecta</strong></span> <span class='ocrx_word' id='word_1_222' title='bbox 1501 1801 1602 1856; x_wconf 88' lang='lat' dir='ltr'><strong>sibi</strong></span> <span class='ocrx_word' id='word_1_223' title='bbox 1635 1798 1835 1856; x_wconf 79' lang='lat' dir='ltr'><strong>habere</strong></span> <span class='ocrx_word' id='word_1_224' title='bbox 1862 1814 2081 1856; x_wconf 90' lang='lat' dir='ltr'><strong>omnem</strong></span> 
     </span>
    </p>
   </div>
   <div class='ocr_carea' id='block_1_32' title="bbox 2192 1786 3761 1874">
    <p class='ocr_par' dir='ltr' id='par_1_32' title="bbox 2192 1786 3761 1859">
     <span class='ocr_line' id='line_1_32' title="bbox 2192 1786 3761 1859; baseline -0.002 -16"><span class='ocrx_word' id='word_1_225' title='bbox 2192 1788 2487 1856; x_wconf 84' lang='lat' dir='ltr'><strong>mordere,</strong></span> <span class='ocrx_word' id='word_1_226' title='bbox 2536 1803 2696 1858; x_wconf 90' lang='lat' dir='ltr'><strong>quam</strong></span> <span class='ocrx_word' id='word_1_227' title='bbox 2747 1786 3100 1844; x_wconf 83' lang='lat' dir='ltr'><strong>veneratione</strong></span> <span class='ocrx_word' id='word_1_228' title='bbox 3141 1787 3462 1859; x_wconf 88' lang='lat' dir='ltr'><strong>suscipere:</strong></span> <span class='ocrx_word' id='word_1_229' title='bbox 3505 1786 3761 1858; x_wconf 87' lang='lat' dir='ltr'><strong>antiquum</strong></span> 
     </span>
    </p>
   </div>
   <div class='ocr_carea' id='block_1_33' title="bbox 491 1892 2082 1966">
    <p class='ocr_par' dir='ltr' id='par_1_33' title="bbox 491 1892 2082 1966">
     <span class='ocr_line' id='line_1_33' title="bbox 491 1892 2082 1966; baseline 0.001 -20"><span class='ocrx_word' id='word_1_230' title='bbox 491 1894 726 1949; x_wconf 86' lang='lat' dir='ltr'><strong>animam</strong></span> <span class='ocrx_word' id='word_1_231' title='bbox 749 1894 1060 1966; x_wconf 87' lang='lat' dir='ltr'><strong>superbam,</strong></span> <span class='ocrx_word' id='word_1_232' title='bbox 1085 1903 1142 1951; x_wconf 93' lang='lat' dir='ltr'><strong>et</strong></span> <span class='ocrx_word' id='word_1_233' title='bbox 1162 1907 1376 1950; x_wconf 90' lang='lat' dir='ltr'><strong>omnem</strong></span> <span class='ocrx_word' id='word_1_234' title='bbox 1401 1893 1753 1948; x_wconf 77' lang='lat' dir='ltr'><strong>extollentem</strong></span> <span class='ocrx_word' id='word_1_235' title='bbox 1784 1892 2082 1954; x_wconf 76' lang='lat' dir='ltr'><strong>hominem.</strong></span> 
     </span>
    </p>
   </div>
   <div class='ocr_carea' id='block_1_34' title="bbox 496 1986 2086 2060">
    <p class='ocr_par' dir='ltr' id='par_1_34' title="bbox 496 1986 2086 2060">
     <span class='ocr_line' id='line_1_34' title="bbox 496 1986 2086 2060; baseline -0.001 -17"><span class='ocrx_word' id='word_1_236' title='bbox 496 1988 908 2060; x_wconf 86' lang='lat' dir='ltr'><strong>potentissimos</strong></span> <span class='ocrx_word' id='word_1_237' title='bbox 937 1988 1208 2060; x_wconf 89' lang='lat' dir='ltr'><strong>quondam</strong></span> <span class='ocrx_word' id='word_1_238' title='bbox 1240 2004 1398 2058; x_wconf 81' lang='lat' dir='ltr'><strong>reges</strong></span> <span class='ocrx_word' id='word_1_239' title='bbox 1425 1987 1632 2052; x_wconf 87' lang='lat' dir='ltr'><strong>tnundi,</strong></span> <span class='ocrx_word' id='word_1_240' title='bbox 1665 1998 1719 2040; x_wconf 89' lang='lat' dir='ltr'><strong>et</strong></span> <span class='ocrx_word' id='word_1_241' title='bbox 1748 1995 1862 2042; x_wconf 91' lang='lat' dir='ltr'><strong>toto</strong></span> <span class='ocrx_word' id='word_1_242' title='bbox 1890 1986 2086 2043; x_wconf 82' lang='lat' dir='ltr'><strong>adora-</strong></span> 
     </span>
    </p>
   </div>
   <div class='ocr_carea' id='block_1_35' title="bbox 495 2081 2080 2150">
    <p class='ocr_par' dir='ltr' id='par_1_35' title="bbox 495 2081 2080 2150">
     <span class='ocr_line' id='line_1_35' title="bbox 495 2081 2080 2150; baseline -0.001 -12"><span class='ocrx_word' id='word_1_243' title='bbox 495 2089 576 2138; x_wconf 89' lang='lat' dir='ltr'><strong>tos</strong></span> <span class='ocrx_word' id='word_1_244' title='bbox 603 2082 738 2138; x_wconf 89' lang='lat' dir='ltr'><strong>orbe</strong></span> <span class='ocrx_word' id='word_1_245' title='bbox 759 2097 880 2138; x_wconf 92' lang='lat' dir='ltr'><strong>cum</strong></span> <span class='ocrx_word' id='word_1_246' title='bbox 915 2081 1145 2139; x_wconf 89' lang='lat' dir='ltr'><strong>manicis</strong></span> <span class='ocrx_word' id='word_1_247' title='bbox 1169 2081 1360 2137; x_wconf 79' lang='lat' dir='ltr'><strong>ferreis</strong></span> <span class='ocrx_word' id='word_1_248' title='bbox 1389 2081 1852 2150; x_wconf 81' lang='lat' dir='ltr'><strong>compedibusque</strong></span> <span class='ocrx_word' id='word_1_249' title='bbox 1882 2083 2080 2138; x_wconf 88' lang='lat' dir='ltr'><strong>sisten-</strong></span> 
     </span>
    </p>
   </div>
   <div class='ocr_carea' id='block_1_36' title="bbox 493 2173 2085 2244">
    <p class='ocr_par' dir='ltr' id='par_1_36' title="bbox 493 2173 2085 2244">
     <span class='ocr_line' id='line_1_36' title="bbox 493 2173 2085 2244; baseline 0 -16"><span class='ocrx_word' id='word_1_250' title='bbox 493 2173 627 2240; x_wconf 89' lang='lat' dir='ltr'><strong>dos,</strong></span> <span class='ocrx_word' id='word_1_251' title='bbox 674 2173 991 2244; x_wconf 85' lang='lat' dir='ltr'><strong>nobilesque</strong></span> <span class='ocrx_word' id='word_1_252' title='bbox 1026 2189 1213 2229; x_wconf 84' lang='lat' dir='ltr'><strong>eorum</strong></span> <span class='ocrx_word' id='word_1_253' title='bbox 1252 2174 1565 2229; x_wconf 89' lang='lat' dir='ltr'><strong>immanium</strong></span> <span class='ocrx_word' id='word_1_254' title='bbox 1597 2173 1835 2244; x_wconf 84' lang='lat' dir='ltr'><strong>pondera</strong></span> <span class='ocrx_word' id='word_1_255' title='bbox 1866 2182 2085 2228; x_wconf 81' lang='lat' dir='ltr'><strong>catena-</strong></span> 
     </span>
    </p>
   </div>
   <div class='ocr_carea' id='block_1_37' title="bbox 499 2265 2082 2336">
    <p class='ocr_par' dir='ltr' id='par_1_37' title="bbox 499 2265 2082 2336">
     <span class='ocr_line' id='line_1_37' title="bbox 499 2265 2082 2336; baseline 0.003 -16"><span class='ocrx_word' id='word_1_256' title='bbox 499 2281 640 2335; x_wconf 90' lang='lat' dir='ltr'><strong>rum,</strong></span> <span class='ocrx_word' id='word_1_257' title='bbox 675 2266 816 2321; x_wconf 88' lang='lat' dir='ltr'><strong>collo</strong></span> <span class='ocrx_word' id='word_1_258' title='bbox 843 2275 898 2322; x_wconf 91' lang='lat' dir='ltr'><strong>et</strong></span> <span class='ocrx_word' id='word_1_259' title='bbox 926 2265 1230 2324; x_wconf 88' lang='lat' dir='ltr'><strong>cervicibus</strong></span> <span class='ocrx_word' id='word_1_260' title='bbox 1267 2267 1630 2329; x_wconf 86' lang='lat' dir='ltr'><strong>sustinentes.</strong></span> <span class='ocrx_word' id='word_1_261' title='bbox 1661 2276 1787 2321; x_wconf 86' lang='lat' dir='ltr'><strong>ante</strong></span> <span class='ocrx_word' id='word_1_262' title='bbox 1818 2265 2082 2336; x_wconf 75' lang='lat' dir='ltr'><strong>fulgorem</strong></span> 
     </span>
    </p>
   </div>
   <div class='ocr_carea' id='block_1_38' title="bbox 490 2357 2084 2428">
    <p class='ocr_par' dir='ltr' id='par_1_38' title="bbox 490 2357 2084 2428">
     <span class='ocr_line' id='line_1_38' title="bbox 490 2357 2084 2428; baseline -0.001 -14"><span class='ocrx_word' id='word_1_263' title='bbox 490 2357 637 2414; x_wconf 84' lang='lat' dir='ltr'><strong>illius</strong></span> <span class='ocrx_word' id='word_1_264' title='bbox 671 2357 890 2428; x_wconf 76' lang='lat' dir='ltr'><strong>augusti</strong></span> <span class='ocrx_word' id='word_1_265' title='bbox 934 2357 1245 2424; x_wconf 89' lang='lat' dir='ltr'><strong>tribunalis,</strong></span> <span class='ocrx_word' id='word_1_266' title='bbox 1280 2359 1361 2412; x_wconf 82' lang='lat' dir='ltr'><strong>his</strong></span> <span class='ocrx_word' id='word_1_267' title='bbox 1395 2358 1594 2428; x_wconf 89' lang='lat' dir='ltr'><strong>quibus</strong></span> <span class='ocrx_word' id='word_1_268' title='bbox 1635 2359 1924 2428; x_wconf 73' lang='lat' dir='ltr'><strong>aliquando</strong></span> <span class='ocrx_word' id='word_1_269' title='bbox 1954 2373 2084 2413; x_wconf 88' lang='lat' dir='ltr'><strong>cou-</strong></span> 
     </span>
    </p>
   </div>
   <div class='ocr_carea' id='block_1_39' title="bbox 493 2450 2080 2520">
    <p class='ocr_par' dir='ltr' id='par_1_39' title="bbox 493 2450 2080 2520">
     <span class='ocr_line' id='line_1_39' title="bbox 493 2450 2080 2520; baseline 0.002 -16"><span class='ocrx_word' id='word_1_270' title='bbox 493 2457 867 2520; x_wconf 87' lang='lat' dir='ltr'><strong>tempserant.</strong></span> <span class='ocrx_word' id='word_1_271' title='bbox 920 2450 1324 2520; x_wconf 75' lang='lat' dir='ltr'><strong>despexerunt,</strong></span> <span class='ocrx_word' id='word_1_272' title='bbox 1377 2451 1699 2515; x_wconf 87' lang='lat' dir='ltr'><strong>irriserant,</strong></span> <span class='ocrx_word' id='word_1_273' title='bbox 1752 2452 2080 2508; x_wconf 80' lang='lat' dir='ltr'><strong>oliercndos.</strong></span> 
     </span>
    </p>
   </div>
   <div class='ocr_carea' id='block_1_40' title="bbox 495 2541 2081 2613">
    <p class='ocr_par' dir='ltr' id='par_1_40' title="bbox 495 2541 2081 2613">
     <span class='ocr_line' id='line_1_40' title="bbox 495 2541 2081 2613; baseline 0.002 -17"><span class='ocrx_word' id='word_1_274' title='bbox 495 2541 695 2598; x_wconf 80' lang='lat' dir='ltr'><strong>Mutata</strong></span> <span class='ocrx_word' id='word_1_275' title='bbox 747 2545 894 2597; x_wconf 87' lang='lat' dir='ltr'><strong>enim</strong></span> <span class='ocrx_word' id='word_1_276' title='bbox 945 2542 1083 2608; x_wconf 90' lang='lat' dir='ltr'><strong>vice,</strong></span> <span class='ocrx_word' id='word_1_277' title='bbox 1115 2554 1170 2597; x_wconf 88' lang='lat' dir='ltr'><strong>ut</strong></span> <span class='ocrx_word' id='word_1_278' title='bbox 1221 2544 1324 2599; x_wconf 84' lang='lat' dir='ltr'><strong>hoc</strong></span> <span class='ocrx_word' id='word_1_279' title='bbox 1367 2544 1626 2599; x_wconf 73' lang='lat' dir='ltr'><strong>sarculum</strong></span> <span class='ocrx_word' id='word_1_280' title='bbox 1676 2546 1944 2600; x_wconf 85' lang='lat' dir='ltr'><strong>lautorum</strong></span> <span class='ocrx_word' id='word_1_281' title='bbox 1991 2548 2081 2613; x_wconf 89' lang='lat' dir='ltr'><strong>sit,</strong></span> 
     </span>
    </p>
   </div>
   <div class='ocr_carea' id='block_1_41' title="bbox 491 2633 2086 2693">
    <p class='ocr_par' dir='ltr' id='par_1_41' title="bbox 491 2633 2086 2693">
     <span class='ocr_line' id='line_1_41' title="bbox 491 2633 2086 2693; baseline 0.004 -7"><span class='ocrx_word' id='word_1_282' title='bbox 491 2634 635 2688; x_wconf 84' lang='lat' dir='ltr'><strong>aliud</strong></span> <span class='ocrx_word' id='word_1_283' title='bbox 668 2633 905 2689; x_wconf 78' lang='lat' dir='ltr'><strong>futurum</strong></span> <span class='ocrx_word' id='word_1_284' title='bbox 938 2635 1170 2690; x_wconf 87' lang='lat' dir='ltr'><strong>credere</strong></span> <span class='ocrx_word' id='word_1_285' title='bbox 1206 2635 1550 2693; x_wconf 87' lang='lat' dir='ltr'><strong>miscrorum.</strong></span> <span class='ocrx_word' id='word_1_286' title='bbox 1584 2635 1676 2690; x_wconf 67' lang='lat' dir='ltr'><strong>Vae</strong></span> <span class='ocrx_word' id='word_1_287' title='bbox 1715 2639 1860 2692; x_wconf 89' lang='lat' dir='ltr'><strong>enim</strong></span> <span class='ocrx_word' id='word_1_288' title='bbox 1901 2637 2086 2692; x_wconf 89' lang='lat' dir='ltr'><strong>diviti-</strong></span> 
     </span>
    </p>
   </div>
   <div class='ocr_carea' id='block_1_42' title="bbox 493 2725 2082 2799">
    <p class='ocr_par' dir='ltr' id='par_1_42' title="bbox 493 2725 2082 2799">
     <span class='ocr_line' id='line_1_42' title="bbox 493 2725 2082 2799; baseline 0.004 -17"><span class='ocrx_word' id='word_1_289' title='bbox 493 2725 617 2790; x_wconf 87' lang='lat' dir='ltr'><strong>bus,</strong></span> <span class='ocrx_word' id='word_1_290' title='bbox 643 2728 895 2798; x_wconf 89' lang='lat' dir='ltr'><strong>quoniam</strong></span> <span class='ocrx_word' id='word_1_291' title='bbox 921 2739 1285 2799; x_wconf 86' lang='lat' dir='ltr'><strong>perceperunt</strong></span> <span class='ocrx_word' id='word_1_292' title='bbox 1309 2730 1737 2786; x_wconf 81' lang='lat' dir='ltr'><strong>consolationem</strong></span> <span class='ocrx_word' id='word_1_293' title='bbox 1762 2747 1911 2784; x_wconf 89' lang='lat' dir='ltr'><strong>suam</strong></span> <span class='ocrx_word' id='word_1_294' title='bbox 1939 2749 1954 2786; x_wconf 90' lang='lat'><strong>:</strong></span> <span class='ocrx_word' id='word_1_295' title='bbox 1987 2733 2082 2788; x_wconf 92' lang='lat' dir='ltr'><strong>sed</strong></span> 
     </span>
    </p>
   </div>
   <div class='ocr_carea' id='block_1_43' title="bbox 497 2819 2086 2891">
    <p class='ocr_par' dir='ltr' id='par_1_43' title="bbox 497 2819 2086 2891">
     <span class='ocr_line' id='line_1_43' title="bbox 497 2819 2086 2891; baseline 0.007 -18"><span class='ocrx_word' id='word_1_296' title='bbox 497 2819 607 2874; x_wconf 83' lang='lat' dir='ltr'><strong>illis</strong></span> <span class='ocrx_word' id='word_1_297' title='bbox 638 2819 914 2888; x_wconf 80' lang='lat' dir='ltr'><strong>divitibus,</strong></span> <span class='ocrx_word' id='word_1_298' title='bbox 946 2822 1142 2891; x_wconf 88' lang='lat' dir='ltr'><strong>quibus</strong></span> <span class='ocrx_word' id='word_1_299' title='bbox 1168 2823 1454 2880; x_wconf 88' lang='lat' dir='ltr'><strong>dicendum</strong></span> <span class='ocrx_word' id='word_1_300' title='bbox 1477 2825 1582 2880; x_wconf 91' lang='lat' dir='ltr'><strong>erit</strong></span> <span class='ocrx_word' id='word_1_301' title='bbox 1608 2841 1622 2878; x_wconf 89' lang='lat'><strong>:</strong></span> <span class='ocrx_word' id='word_1_302' title='bbox 1650 2823 1881 2890; x_wconf 82' lang='lat' dir='ltr'><strong>Esurivi,</strong></span> <span class='ocrx_word' id='word_1_303' title='bbox 1914 2835 1962 2879; x_wconf 83' lang='lat' dir='ltr'><strong>et</strong></span> <span class='ocrx_word' id='word_1_304' title='bbox 1983 2837 2086 2884; x_wconf 74' lang='lat' dir='ltr'><strong>non</strong></span> 
     </span>
    </p>
   </div>
   <div class='ocr_carea' id='block_1_44' title="bbox 495 2913 2087 2984">
    <p class='ocr_par' dir='ltr' id='par_1_44' title="bbox 495 2913 2087 2984">
     <span class='ocr_line' id='line_1_44' title="bbox 495 2913 2087 2984; baseline 0.006 -17"><span class='ocrx_word' id='word_1_305' title='bbox 495 2913 713 2968; x_wconf 73' lang='lat' dir='ltr'><strong>dedistis</strong></span> <span class='ocrx_word' id='word_1_306' title='bbox 755 2915 880 2969; x_wconf 80' lang='lat' dir='ltr'><strong>mihi</strong></span> <span class='ocrx_word' id='word_1_307' title='bbox 921 2914 1242 2970; x_wconf 79' lang='lat' dir='ltr'><strong>manducare</strong></span> <span class='ocrx_word' id='word_1_308' title='bbox 1267 2931 1287 2970; x_wconf 90' lang='lat'><strong><em>:</em></strong></span> <span class='ocrx_word' id='word_1_309' title='bbox 1327 2917 1488 2984; x_wconf 82' lang='lat' dir='ltr'><strong>siliui,</strong></span> <span class='ocrx_word' id='word_1_310' title='bbox 1519 2925 1566 2970; x_wconf 89' lang='lat' dir='ltr'><strong>et</strong></span> <span class='ocrx_word' id='word_1_311' title='bbox 1604 2933 1710 2971; x_wconf 86' lang='lat' dir='ltr'><strong>non</strong></span> <span class='ocrx_word' id='word_1_312' title='bbox 1743 2921 1962 2984; x_wconf 86' lang='lat' dir='ltr'><strong>potastis</strong></span> <span class='ocrx_word' id='word_1_313' title='bbox 2007 2936 2087 2976; x_wconf 89' lang='lat' dir='ltr'><strong>me</strong></span> 
     </span>
    </p>
   </div>
   <div class='ocr_carea' id='block_1_45' title="bbox 494 3006 2087 3080">
    <p class='ocr_par' dir='ltr' id='par_1_45' title="bbox 494 3006 2087 3080">
     <span class='ocr_line' id='line_1_45' title="bbox 494 3006 2087 3080; baseline 0.004 -20"><span class='ocrx_word' id='word_1_314' title='bbox 494 3006 713 3078; x_wconf 79' lang='lat' dir='ltr'><strong>(Matth.</strong></span> <span class='ocrx_word' id='word_1_315' title='bbox 747 3025 888 3076; x_wconf 78' lang='lat' dir='ltr'><strong>xxv,</strong></span> <span class='ocrx_word' id='word_1_316' title='bbox 917 3008 1034 3080; x_wconf 82' lang='lat'><strong>55).</strong></span> <span class='ocrx_word' id='word_1_317' title='bbox 1070 3008 1181 3064; x_wconf 91' lang='lat' dir='ltr'><strong>Illis</strong></span> <span class='ocrx_word' id='word_1_318' title='bbox 1213 3009 1399 3079; x_wconf 85' lang='lat' dir='ltr'><strong>utique</strong></span> <span class='ocrx_word' id='word_1_319' title='bbox 1438 3008 1718 3075; x_wconf 86' lang='lat' dir='ltr'><strong>divitibus,</strong></span> <span class='ocrx_word' id='word_1_320' title='bbox 1753 3011 1846 3078; x_wconf 92' lang='lat' dir='ltr'><strong>qui</strong></span> <span class='ocrx_word' id='word_1_321' title='bbox 1897 3011 1965 3065; x_wconf 91' lang='lat' dir='ltr'><strong>de</strong></span> <span class='ocrx_word' id='word_1_322' title='bbox 2007 3013 2087 3066; x_wconf 90' lang='lat' dir='ltr'><strong>in-</strong></span> 
     </span>
    </p>
   </div>
   <div class='ocr_carea' id='block_1_46' title="bbox 489 3100 2088 3174">
    <p class='ocr_par' dir='ltr' id='par_1_46' title="bbox 489 3100 2088 3174">
     <span class='ocr_line' id='line_1_46' title="bbox 489 3100 2088 3174; baseline 0.006 -21"><span class='ocrx_word' id='word_1_323' title='bbox 489 3100 639 3168; x_wconf 87' lang='lat' dir='ltr'><strong>justo</strong></span> <span class='ocrx_word' id='word_1_324' title='bbox 668 3116 971 3156; x_wconf 89' lang='lat' dir='ltr'><strong>mammona</strong></span> <span class='ocrx_word' id='word_1_325' title='bbox 1002 3103 1208 3158; x_wconf 90' lang='lat' dir='ltr'><strong>amicos</strong></span> <span class='ocrx_word' id='word_1_326' title='bbox 1234 3103 1409 3158; x_wconf 80' lang='lat' dir='ltr'><strong>facere</strong></span> <span class='ocrx_word' id='word_1_327' title='bbox 1437 3105 1728 3160; x_wconf 90' lang='lat' dir='ltr'><strong>noluerunt</strong></span> <span class='ocrx_word' id='word_1_328' title='bbox 1753 3123 1766 3158; x_wconf 89' lang='lat'><strong>:</strong></span> <span class='ocrx_word' id='word_1_329' title='bbox 1795 3107 1884 3174; x_wconf 92' lang='lat' dir='ltr'><strong>qui</strong></span> <span class='ocrx_word' id='word_1_330' title='bbox 1919 3107 2088 3161; x_wconf 79' lang='lat' dir='ltr'><strong>medi-</strong></span> 
     </span>
    </p>
   </div>
   <div class='ocr_carea' id='block_1_47' title="bbox 2187 1879 3764 1938">
    <p class='ocr_par' dir='ltr' id='par_1_47' title="bbox 2187 1879 3764 1938">
     <span class='ocr_line' id='line_1_47' title="bbox 2187 1879 3764 1938; baseline -0.003 0"><span class='ocrx_word' id='word_1_331' title='bbox 2187 1883 2315 1938; x_wconf 88' lang='lat' dir='ltr'><strong>illud</strong></span> <span class='ocrx_word' id='word_1_332' title='bbox 2361 1898 2630 1938; x_wconf 85' lang='lat' dir='ltr'><strong>venenum</strong></span> <span class='ocrx_word' id='word_1_333' title='bbox 2675 1883 2730 1938; x_wconf 92' lang='lat' dir='ltr'><strong>in</strong></span> <span class='ocrx_word' id='word_1_334' title='bbox 2776 1882 2874 1938; x_wconf 90' lang='lat' dir='ltr'><strong>Dei</strong></span> <span class='ocrx_word' id='word_1_335' title='bbox 2919 1881 3148 1936; x_wconf 88' lang='lat' dir='ltr'><strong>famulos</strong></span> <span class='ocrx_word' id='word_1_336' title='bbox 3175 1880 3414 1937; x_wconf 69' lang='lat' dir='ltr'><strong>Iudaica:</strong></span> <span class='ocrx_word' id='word_1_337' title='bbox 3455 1879 3764 1938; x_wconf 74' lang='lat' dir='ltr'><strong>infidelitatis</strong></span> 
     </span>
    </p>
   </div>
   <div class='ocr_carea' id='block_1_48' title="bbox 2186 1974 3762 2046">
    <p class='ocr_par' dir='ltr' id='par_1_48' title="bbox 2186 1974 3762 2046">
     <span class='ocr_line' id='line_1_48' title="bbox 2186 1974 3762 2046; baseline -0.003 -15"><span class='ocrx_word' id='word_1_338' title='bbox 2186 1987 2526 2045; x_wconf 88' lang='lat' dir='ltr'><strong>evomentes,</strong></span> <span class='ocrx_word' id='word_1_339' title='bbox 2558 1976 2699 2043; x_wconf 89' lang='lat' dir='ltr'><strong>quod</strong></span> <span class='ocrx_word' id='word_1_340' title='bbox 2750 1976 2826 2030; x_wconf 90' lang='lat' dir='ltr'><strong>illi</strong></span> <span class='ocrx_word' id='word_1_341' title='bbox 2867 1975 3137 2046; x_wconf 88' lang='lat' dir='ltr'><strong>quondam</strong></span> <span class='ocrx_word' id='word_1_342' title='bbox 3185 1974 3238 2029; x_wconf 92' lang='lat' dir='ltr'><strong>in</strong></span> <span class='ocrx_word' id='word_1_343' title='bbox 3280 1975 3458 2044; x_wconf 85' lang='lat' dir='ltr'><strong>ipsum</strong></span> <span class='ocrx_word' id='word_1_344' title='bbox 3500 1974 3762 2028; x_wconf 84' lang='lat' dir='ltr'><strong>Dominum</strong></span> 
     </span>
    </p>
   </div>
   <div class='ocr_carea' id='block_1_49' title="bbox 2185 2068 3766 2142">
    <p class='ocr_par' dir='ltr' id='par_1_49' title="bbox 2185 2068 3766 2142">
     <span class='ocr_line' id='line_1_49' title="bbox 2185 2068 3766 2142; baseline -0.003 -17"><span class='ocrx_word' id='word_1_345' title='bbox 2185 2071 2448 2142; x_wconf 85' lang='lat' dir='ltr'><strong>viperinis</strong></span> <span class='ocrx_word' id='word_1_346' title='bbox 2478 2072 2671 2137; x_wconf 64' lang='lat' dir='ltr'><strong>linguis</strong></span> <span class='ocrx_word' id='word_1_347' title='bbox 2689 2082 2750 2126; x_wconf 87' lang='lat' dir='ltr'><strong>et</strong></span> <span class='ocrx_word' id='word_1_348' title='bbox 2791 2071 3090 2125; x_wconf 81' lang='lat' dir='ltr'><strong>mortiferis</strong></span> <span class='ocrx_word' id='word_1_349' title='bbox 3133 2069 3307 2126; x_wconf 85' lang='lat' dir='ltr'><strong>sibilis</strong></span> <span class='ocrx_word' id='word_1_350' title='bbox 3349 2068 3671 2131; x_wconf 85' lang='lat' dir='ltr'><strong>etTuderunt,</strong></span> <span class='ocrx_word' id='word_1_351' title='bbox 3697 2069 3766 2122; x_wconf 84' lang='lat' dir='ltr'><strong>tli-</strong></span> 
     </span>
    </p>
   </div>
   <div class='ocr_carea' id='block_1_50' title="bbox 2185 2163 3767 2236">
    <p class='ocr_par' dir='ltr' id='par_1_50' title="bbox 2185 2163 3767 2236">
     <span class='ocr_line' id='line_1_50' title="bbox 2185 2163 3767 2236; baseline -0.003 -16"><span class='ocrx_word' id='word_1_352' title='bbox 2185 2175 2400 2220; x_wconf 86' lang='lat' dir='ltr'><strong>centes:</strong></span> <span class='ocrx_word' id='word_1_353' title='bbox 2436 2163 2504 2219; x_wconf 84' lang='lat' dir='ltr'><strong>In</strong></span> <span class='ocrx_word' id='word_1_354' title='bbox 2527 2183 2630 2236; x_wconf 75' lang='lat' dir='ltr'><strong>qua</strong></span> <span class='ocrx_word' id='word_1_355' title='bbox 2660 2173 2909 2234; x_wconf 74' lang='lat' dir='ltr'><strong>potestate</strong></span> <span class='ocrx_word' id='word_1_356' title='bbox 2939 2166 3033 2217; x_wconf 82' lang='lat' dir='ltr'><strong>hoc</strong></span> <span class='ocrx_word' id='word_1_357' title='bbox 3073 2163 3237 2234; x_wconf 76' lang='lat' dir='ltr'><strong>facit?</strong></span> <span class='ocrx_word' id='word_1_358' title='bbox 3265 2164 3351 2229; x_wconf 82' lang='lat' dir='ltr'><strong>Et,</strong></span> <span class='ocrx_word' id='word_1_359' title='bbox 3382 2164 3497 2234; x_wconf 86' lang='lat' dir='ltr'><strong>quis</strong></span> <span class='ocrx_word' id='word_1_360' title='bbox 3529 2164 3619 2216; x_wconf 84' lang='lat' dir='ltr'><strong>tibi</strong></span> <span class='ocrx_word' id='word_1_361' title='bbox 3646 2163 3767 2216; x_wconf 72' lang='lat' dir='ltr'><strong>dedit</strong></span> 
     </span>
    </p>
   </div>
   <div class='ocr_carea' id='block_1_51' title="bbox 2186 2255 3768 2328">
    <p class='ocr_par' dir='ltr' id='par_1_51' title="bbox 2186 2255 3768 2328">
     <span class='ocr_line' id='line_1_51' title="bbox 2186 2255 3768 2328; baseline -0.001 -18"><span class='ocrx_word' id='word_1_362' title='bbox 2186 2255 2323 2310; x_wconf 79' lang='lat' dir='ltr'><strong>hanc</strong></span> <span class='ocrx_word' id='word_1_363' title='bbox 2351 2257 2687 2328; x_wconf 83' lang='lat' dir='ltr'><strong>potestatem?</strong></span> <span class='ocrx_word' id='word_1_364' title='bbox 2719 2256 3040 2311; x_wconf 72' lang='lat' dir='ltr'><strong>ltecitaliaut</strong></span> <span class='ocrx_word' id='word_1_365' title='bbox 3068 2269 3303 2324; x_wconf 86' lang='lat' dir='ltr'><strong>namque</strong></span> <span class='ocrx_word' id='word_1_366' title='bbox 3334 2255 3490 2311; x_wconf 90' lang='lat' dir='ltr'><strong>nobis</strong></span> <span class='ocrx_word' id='word_1_367' title='bbox 3513 2255 3661 2324; x_wconf 80' lang='lat' dir='ltr'><strong>juxta</strong></span> <span class='ocrx_word' id='word_1_368' title='bbox 3686 2271 3768 2325; x_wconf 82' lang='lat' dir='ltr'><strong>po-</strong></span> 
     </span>
    </p>
   </div>
   <div class='ocr_carea' id='block_1_52' title="bbox 2185 2349 3768 2420">
    <p class='ocr_par' dir='ltr' id='par_1_52' title="bbox 2185 2349 3768 2420">
     <span class='ocr_line' id='line_1_52' title="bbox 2185 2349 3768 2420; baseline -0.002 -14"><span class='ocrx_word' id='word_1_369' title='bbox 2185 2350 2326 2415; x_wconf 89' lang='lat' dir='ltr'><strong>sitis,</strong></span> <span class='ocrx_word' id='word_1_370' title='bbox 2353 2367 2470 2420; x_wconf 86' lang='lat' dir='ltr'><strong>quae</strong></span> <span class='ocrx_word' id='word_1_371' title='bbox 2494 2350 2692 2406; x_wconf 88' lang='lat' dir='ltr'><strong>divinis</strong></span> <span class='ocrx_word' id='word_1_372' title='bbox 2724 2360 2778 2404; x_wconf 90' lang='lat' dir='ltr'><strong>et</strong></span> <span class='ocrx_word' id='word_1_373' title='bbox 2805 2349 3138 2405; x_wconf 82' lang='lat' dir='ltr'><strong>beatissimis</strong></span> <span class='ocrx_word' id='word_1_374' title='bbox 3165 2349 3437 2406; x_wconf 80' lang='lat' dir='ltr'><strong>Gervasio</strong></span> <span class='ocrx_word' id='word_1_375' title='bbox 3460 2359 3514 2405; x_wconf 91' lang='lat' dir='ltr'><strong>et</strong></span> <span class='ocrx_word' id='word_1_376' title='bbox 3548 2350 3768 2406; x_wconf 86' lang='lat' dir='ltr'><strong>Protasio</strong></span> 
     </span>
    </p>
   </div>
   <div class='ocr_carea' id='block_1_53' title="bbox 2187 2443 3768 2516">
    <p class='ocr_par' dir='ltr' id='par_1_53' title="bbox 2187 2443 3768 2516">
     <span class='ocr_line' id='line_1_53' title="bbox 2187 2443 3768 2516; baseline 0 -18"><span class='ocrx_word' id='word_1_377' title='bbox 2187 2443 2473 2498; x_wconf 89' lang='lat' dir='ltr'><strong>inlidelitas</strong></span> <span class='ocrx_word' id='word_1_378' title='bbox 2514 2444 2672 2497; x_wconf 87' lang='lat' dir='ltr'><strong>stulta</strong></span> <span class='ocrx_word' id='word_1_379' title='bbox 2727 2444 3064 2514; x_wconf 85' lang='lat' dir='ltr'><strong>loquebatur,</strong></span> <span class='ocrx_word' id='word_1_380' title='bbox 3096 2459 3232 2513; x_wconf 90' lang='lat' dir='ltr'><strong>quos</strong></span> <span class='ocrx_word' id='word_1_381' title='bbox 3277 2444 3407 2500; x_wconf 90' lang='lat' dir='ltr'><strong>dum</strong></span> <span class='ocrx_word' id='word_1_382' title='bbox 3460 2461 3609 2516; x_wconf 72' lang='lat' dir='ltr'><strong>papa:</strong></span> <span class='ocrx_word' id='word_1_383' title='bbox 3655 2448 3768 2498; x_wconf 80' lang='lat' dir='ltr'><strong>Ani-</strong></span> 
     </span>
    </p>
   </div>
   <div class='ocr_carea' id='block_1_54' title="bbox 2187 2537 3766 2610">
    <p class='ocr_par' dir='ltr' id='par_1_54' title="bbox 2187 2537 3766 2610">
     <span class='ocr_line' id='line_1_54' title="bbox 2187 2537 3766 2610; baseline -0.003 -17"><span class='ocrx_word' id='word_1_384' title='bbox 2187 2537 2373 2594; x_wconf 89' lang='lat' dir='ltr'><strong>brosio</strong></span> <span class='ocrx_word' id='word_1_385' title='bbox 2418 2538 2584 2608; x_wconf 89' lang='lat' dir='ltr'><strong>aliqui</strong></span> <span class='ocrx_word' id='word_1_386' title='bbox 2618 2540 2912 2610; x_wconf 84' lang='lat' dir='ltr'><strong>decerpere</strong></span> <span class='ocrx_word' id='word_1_387' title='bbox 2956 2538 3357 2605; x_wconf 87' lang='lat' dir='ltr'><strong>machinantur,</strong></span> <span class='ocrx_word' id='word_1_388' title='bbox 3385 2539 3589 2594; x_wconf 90' lang='lat' dir='ltr'><strong>violare</strong></span> <span class='ocrx_word' id='word_1_389' title='bbox 3612 2538 3766 2592; x_wconf 75' lang='lat' dir='ltr'><strong>sacri.</strong></span> 
     </span>
    </p>
   </div>
   <div class='ocr_carea' id='block_1_55' title="bbox 2187 2632 3761 2702">
    <p class='ocr_par' dir='ltr' id='par_1_55' title="bbox 2187 2632 3761 2702">
     <span class='ocr_line' id='line_1_55' title="bbox 2187 2632 3761 2702; baseline -0.002 -17"><span class='ocrx_word' id='word_1_390' title='bbox 2187 2632 2321 2702; x_wconf 89' lang='lat' dir='ltr'><strong>legis</strong></span> <span class='ocrx_word' id='word_1_391' title='bbox 2346 2632 2688 2688; x_wconf 89' lang='lat' dir='ltr'><strong>sermonibus</strong></span> <span class='ocrx_word' id='word_1_392' title='bbox 2731 2647 2835 2686; x_wconf 91' lang='lat' dir='ltr'><strong>non</strong></span> <span class='ocrx_word' id='word_1_393' title='bbox 2869 2633 3129 2695; x_wconf 87' lang='lat' dir='ltr'><strong>timeant,</strong></span> <span class='ocrx_word' id='word_1_394' title='bbox 3170 2632 3274 2688; x_wconf 88' lang='lat' dir='ltr'><strong>hoc</strong></span> <span class='ocrx_word' id='word_1_395' title='bbox 3319 2633 3482 2686; x_wconf 90' lang='lat' dir='ltr'><strong>modo</strong></span> <span class='ocrx_word' id='word_1_396' title='bbox 3520 2632 3761 2686; x_wconf 86' lang='lat' dir='ltr'><strong>rationem</strong></span> 
     </span>
    </p>
   </div>
   <div class='ocr_carea' id='block_1_56' title="bbox 2187 2723 3758 2793">
    <p class='ocr_par' dir='ltr' id='par_1_56' title="bbox 2187 2723 3758 2793">
     <span class='ocr_line' id='line_1_56' title="bbox 2187 2723 3758 2793; baseline -0.001 -17"><span class='ocrx_word' id='word_1_397' title='bbox 2187 2723 2570 2778; x_wconf 90' lang='lat' dir='ltr'><strong>miraculorum</strong></span> <span class='ocrx_word' id='word_1_398' title='bbox 2601 2723 3008 2793; x_wconf 86' lang='lat' dir='ltr'><strong>conquirentcs.</strong></span> <span class='ocrx_word' id='word_1_399' title='bbox 3039 2723 3178 2791; x_wconf 86' lang='lat' dir='ltr'><strong>Quid</strong></span> <span class='ocrx_word' id='word_1_400' title='bbox 3209 2733 3293 2778; x_wconf 87' lang='lat' dir='ltr'><strong>est</strong></span> <span class='ocrx_word' id='word_1_401' title='bbox 3324 2723 3468 2778; x_wconf 87' lang='lat' dir='ltr'><strong>istud</strong></span> <span class='ocrx_word' id='word_1_402' title='bbox 3491 2763 3508 2789; x_wconf 93' lang='lat'><strong>,</strong></span> <span class='ocrx_word' id='word_1_403' title='bbox 3538 2723 3674 2792; x_wconf 90' lang='lat' dir='ltr'><strong>quod</strong></span> <span class='ocrx_word' id='word_1_404' title='bbox 3701 2737 3758 2775; x_wconf 80' lang='lat' dir='ltr'><strong>ex</strong></span> 
     </span>
    </p>
   </div>
   <div class='ocr_carea' id='block_1_57' title="bbox 2186 2815 3764 2889">
    <p class='ocr_par' dir='ltr' id='par_1_57' title="bbox 2186 2815 3764 2889">
     <span class='ocr_line' id='line_1_57' title="bbox 2186 2815 3764 2889; baseline -0.005 -15"><span class='ocrx_word' id='word_1_405' title='bbox 2186 2832 2252 2874; x_wconf 90' lang='lat' dir='ltr'><strong>eo</strong></span> <span class='ocrx_word' id='word_1_406' title='bbox 2277 2817 2418 2888; x_wconf 91' lang='lat' dir='ltr'><strong>quod</strong></span> <span class='ocrx_word' id='word_1_407' title='bbox 2464 2828 2732 2889; x_wconf 79' lang='lat' dir='ltr'><strong>martyres</strong></span> <span class='ocrx_word' id='word_1_408' title='bbox 2761 2825 2916 2884; x_wconf 89' lang='lat' dir='ltr'><strong>sunt,</strong></span> <span class='ocrx_word' id='word_1_409' title='bbox 2949 2817 3206 2873; x_wconf 89' lang='lat' dir='ltr'><strong>virtutum</strong></span> <span class='ocrx_word' id='word_1_410' title='bbox 3248 2816 3390 2872; x_wconf 87' lang='lat' dir='ltr'><strong>dona</strong></span> <span class='ocrx_word' id='word_1_411' title='bbox 3432 2815 3764 2872; x_wconf 85' lang='lat' dir='ltr'><strong>meruerunt?</strong></span> 
     </span>
    </p>
   </div>
   <div class='ocr_carea' id='block_1_58' title="bbox 2189 2908 3764 2980">
    <p class='ocr_par' dir='ltr' id='par_1_58' title="bbox 2189 2908 3764 2980">
     <span class='ocr_line' id='line_1_58' title="bbox 2189 2908 3764 2980; baseline -0.004 -15"><span class='ocrx_word' id='word_1_412' title='bbox 2189 2911 2296 2965; x_wconf 85' lang='lat' dir='ltr'><strong>Cur</strong></span> <span class='ocrx_word' id='word_1_413' title='bbox 2354 2920 2460 2964; x_wconf 92' lang='lat' dir='ltr'><strong>tam</strong></span> <span class='ocrx_word' id='word_1_414' title='bbox 2523 2909 2698 2972; x_wconf 89' lang='lat' dir='ltr'><strong>tarde,</strong></span> <span class='ocrx_word' id='word_1_415' title='bbox 2730 2909 2874 2980; x_wconf 91' lang='lat' dir='ltr'><strong>quod</strong></span> <span class='ocrx_word' id='word_1_416' title='bbox 2917 2909 3027 2979; x_wconf 89' lang='lat' dir='ltr'><strong>jam</strong></span> <span class='ocrx_word' id='word_1_417' title='bbox 3070 2908 3276 2978; x_wconf 88' lang='lat' dir='ltr'><strong>pridem</strong></span> <span class='ocrx_word' id='word_1_418' title='bbox 3319 2908 3430 2965; x_wconf 89' lang='lat' dir='ltr'><strong>illis</strong></span> <span class='ocrx_word' id='word_1_419' title='bbox 3471 2922 3764 2963; x_wconf 87' lang='lat' dir='ltr'><strong>concessum</strong></span> 
     </span>
    </p>
   </div>
   <div class='ocr_carea' id='block_1_59' title="bbox 2187 2999 3765 3072">
    <p class='ocr_par' dir='ltr' id='par_1_59' title="bbox 2187 2999 3765 3072">
     <span class='ocr_line' id='line_1_59' title="bbox 2187 2999 3765 3072; baseline -0.003 -16"><span class='ocrx_word' id='word_1_420' title='bbox 2187 3012 2293 3072; x_wconf 90' lang='lat' dir='ltr'><strong>est,</strong></span> <span class='ocrx_word' id='word_1_421' title='bbox 2319 3002 2643 3057; x_wconf 85' lang='lat' dir='ltr'><strong>exercetur?</strong></span> <span class='ocrx_word' id='word_1_422' title='bbox 2673 3001 2781 3057; x_wconf 80' lang='lat' dir='ltr'><strong>Aut</strong></span> <span class='ocrx_word' id='word_1_423' title='bbox 2809 3003 2852 3055; x_wconf 89' lang='lat' dir='ltr'><strong>si</strong></span> <span class='ocrx_word' id='word_1_424' title='bbox 2881 3016 2945 3056; x_wconf 91' lang='lat' dir='ltr'><strong>ea</strong></span> <span class='ocrx_word' id='word_1_425' title='bbox 2982 3008 3299 3071; x_wconf 89' lang='lat' dir='ltr'><strong>tempestate</strong></span> <span class='ocrx_word' id='word_1_426' title='bbox 3323 3016 3446 3055; x_wconf 89' lang='lat' dir='ltr'><strong>cum</strong></span> <span class='ocrx_word' id='word_1_427' title='bbox 3472 2999 3613 3071; x_wconf 86' lang='lat' dir='ltr'><strong>passi</strong></span> <span class='ocrx_word' id='word_1_428' title='bbox 3637 3008 3765 3062; x_wconf 89' lang='lat' dir='ltr'><strong>sttnt,</strong></span> 
     </span>
    </p>
   </div>
   <div class='ocr_carea' id='block_1_60' title="bbox 2191 3091 3764 3166">
    <p class='ocr_par' dir='ltr' id='par_1_60' title="bbox 2191 3091 3764 3166">
     <span class='ocr_line' id='line_1_60' title="bbox 2191 3091 3764 3166; baseline -0.003 -18"><span class='ocrx_word' id='word_1_429' title='bbox 2191 3110 2298 3148; x_wconf 80' lang='lat' dir='ltr'><strong>non</strong></span> <span class='ocrx_word' id='word_1_430' title='bbox 2329 3095 2708 3161; x_wconf 79' lang='lat' dir='ltr'><strong>ostenderunt,</strong></span> <span class='ocrx_word' id='word_1_431' title='bbox 2740 3095 3011 3165; x_wconf 85' lang='lat' dir='ltr'><strong>quomodo</strong></span> <span class='ocrx_word' id='word_1_432' title='bbox 3051 3109 3194 3152; x_wconf 91' lang='lat' dir='ltr'><strong>nunc</strong></span> <span class='ocrx_word' id='word_1_433' title='bbox 3227 3095 3441 3166; x_wconf 84' lang='lat' dir='ltr'><strong>operati</strong></span> <span class='ocrx_word' id='word_1_434' title='bbox 3471 3092 3627 3150; x_wconf 89' lang='lat' dir='ltr'><strong>sunt?</strong></span> <span class='ocrx_word' id='word_1_435' title='bbox 3655 3091 3764 3164; x_wconf 88' lang='lat' dir='ltr'><strong>quid</strong></span> 
     </span>
    </p>
   </div>
   <div class='ocr_carea' id='block_1_61' title="bbox 493 3183 2087 3266">
    <p class='ocr_par' dir='ltr' id='par_1_61' title="bbox 493 3195 2084 3266">
     <span class='ocr_line' id='line_1_61' title="bbox 493 3195 2084 3266; baseline 0.003 -18"><span class='ocrx_word' id='word_1_436' title='bbox 493 3195 587 3248; x_wconf 91' lang='lat' dir='ltr'><strong>tati</strong></span> <span class='ocrx_word' id='word_1_437' title='bbox 644 3205 771 3250; x_wconf 87' lang='lat' dir='ltr'><strong>sunt.</strong></span> <span class='ocrx_word' id='word_1_438' title='bbox 818 3197 870 3250; x_wconf 91' lang='lat' dir='ltr'><strong>in</strong></span> <span class='ocrx_word' id='word_1_439' title='bbox 917 3195 1336 3266; x_wconf 83' lang='lat' dir='ltr'><strong>cogitationibus</strong></span> <span class='ocrx_word' id='word_1_440' title='bbox 1381 3195 1494 3252; x_wconf 91' lang='lat' dir='ltr'><strong>suis</strong></span> <span class='ocrx_word' id='word_1_441' title='bbox 1521 3197 1856 3253; x_wconf 85' lang='lat' dir='ltr'><strong>exuberante</strong></span> <span class='ocrx_word' id='word_1_442' title='bbox 1887 3199 2084 3266; x_wconf 76' lang='lat' dir='ltr'><strong>fructu,</strong></span> 
     </span>
    </p>
   </div>
   <div class='ocr_carea' id='block_1_62' title="bbox 2192 3183 3766 3266">
    <p class='ocr_par' dir='ltr' id='par_1_62' title="bbox 2193 3184 3766 3258">
     <span class='ocr_line' id='line_1_62' title="bbox 2193 3184 3766 3258; baseline -0.004 -16"><span class='ocrx_word' id='word_1_443' title='bbox 2193 3197 2277 3242; x_wconf 92' lang='lat' dir='ltr'><strong>est</strong></span> <span class='ocrx_word' id='word_1_444' title='bbox 2317 3185 2441 3253; x_wconf 87' lang='lat' dir='ltr'><strong>hoc,</strong></span> <span class='ocrx_word' id='word_1_445' title='bbox 2471 3188 2612 3258; x_wconf 87' lang='lat' dir='ltr'><strong>quod</strong></span> <span class='ocrx_word' id='word_1_446' title='bbox 2657 3188 2817 3242; x_wconf 90' lang='lat' dir='ltr'><strong>modo</strong></span> <span class='ocrx_word' id='word_1_447' title='bbox 2850 3187 3102 3242; x_wconf 84' lang='lat' dir='ltr'><strong>videntur</strong></span> <span class='ocrx_word' id='word_1_448' title='bbox 3145 3185 3477 3244; x_wconf 89' lang='lat' dir='ltr'><strong>ostendere?</strong></span> <span class='ocrx_word' id='word_1_449' title='bbox 3522 3187 3625 3242; x_wconf 86' lang='lat' dir='ltr'><strong>Aut</strong></span> <span class='ocrx_word' id='word_1_450' title='bbox 3663 3184 3766 3238; x_wconf 81' lang='lat' dir='ltr'><strong>illos</strong></span> 
     </span>
    </p>
   </div>
   <div class='ocr_carea' id='block_1_63' title="bbox 493 3287 2088 3357">
    <p class='ocr_par' dir='ltr' id='par_1_63' title="bbox 493 3287 2088 3357">
     <span class='ocr_line' id='line_1_63' title="bbox 493 3287 2088 3357; baseline 0.003 -15"><span class='ocrx_word' id='word_1_451' title='bbox 493 3301 600 3357; x_wconf 91' lang='lat' dir='ltr'><strong>quo</strong></span> <span class='ocrx_word' id='word_1_452' title='bbox 625 3287 898 3342; x_wconf 88' lang='lat' dir='ltr'><strong>nemiuem</strong></span> <span class='ocrx_word' id='word_1_453' title='bbox 918 3287 1338 3356; x_wconf 80' lang='lat' dir='ltr'><strong>reirigerabant,</strong></span> <span class='ocrx_word' id='word_1_454' title='bbox 1361 3304 1495 3344; x_wconf 87' lang='lat' dir='ltr'><strong>nova</strong></span> <span class='ocrx_word' id='word_1_455' title='bbox 1519 3289 1800 3344; x_wconf 84' lang='lat' dir='ltr'><strong>immensis</strong></span> <span class='ocrx_word' id='word_1_456' title='bbox 1827 3290 2088 3347; x_wconf 84' lang='lat' dir='ltr'><strong>fructibus</strong></span> 
     </span>
    </p>
   </div>
   <div class='ocr_carea' id='block_1_64' title="bbox 494 3379 2085 3452">
    <p class='ocr_par' dir='ltr' id='par_1_64' title="bbox 494 3379 2085 3452">
     <span class='ocr_line' id='line_1_64' title="bbox 494 3379 2085 3452; baseline 0.003 -18"><span class='ocrx_word' id='word_1_457' title='bbox 494 3380 834 3449; x_wconf 86' lang='lat' dir='ltr'><strong>receptacula</strong></span> <span class='ocrx_word' id='word_1_458' title='bbox 875 3379 1098 3436; x_wconf 91' lang='lat' dir='ltr'><strong>moliri:</strong></span> <span class='ocrx_word' id='word_1_459' title='bbox 1146 3380 1236 3449; x_wconf 88' lang='lat' dir='ltr'><strong>qtti</strong></span> <span class='ocrx_word' id='word_1_460' title='bbox 1275 3381 1327 3436; x_wconf 91' lang='lat' dir='ltr'><strong>in</strong></span> <span class='ocrx_word' id='word_1_461' title='bbox 1365 3381 1662 3438; x_wconf 87' lang='lat' dir='ltr'><strong>crastinum</strong></span> <span class='ocrx_word' id='word_1_462' title='bbox 1707 3382 2085 3452; x_wconf 87' lang='lat' dir='ltr'><strong>comederent,</strong></span> 
     </span>
    </p>
   </div>
   <div class='ocr_carea' id='block_1_65' title="bbox 493 3473 2086 3544">
    <p class='ocr_par' dir='ltr' id='par_1_65' title="bbox 493 3473 2086 3544">
     <span class='ocr_line' id='line_1_65' title="bbox 493 3473 2086 3544; baseline 0.003 -16"><span class='ocrx_word' id='word_1_463' title='bbox 493 3473 833 3542; x_wconf 78' lang='lat' dir='ltr'><strong>ignorabant.</strong></span> <span class='ocrx_word' id='word_1_464' title='bbox 849 3473 1041 3530; x_wconf 85' lang='lat' dir='ltr'><strong>Anima</strong></span> <span class='ocrx_word' id='word_1_465' title='bbox 1063 3488 1248 3527; x_wconf 91' lang='lat' dir='ltr'><strong>corum</strong></span> <span class='ocrx_word' id='word_1_466' title='bbox 1264 3489 1328 3528; x_wconf 89' lang='lat' dir='ltr'><strong>eo</strong></span> <span class='ocrx_word' id='word_1_467' title='bbox 1349 3483 1591 3542; x_wconf 90' lang='lat' dir='ltr'><strong>tempore</strong></span> <span class='ocrx_word' id='word_1_468' title='bbox 1611 3490 1676 3529; x_wconf 80' lang='lat' dir='ltr'><strong>ex</strong></span> <span class='ocrx_word' id='word_1_469' title='bbox 1689 3475 2086 3544; x_wconf 86' lang='lat' dir='ltr'><strong>postulabatur,</strong></span> 
     </span>
    </p>
   </div>
   <div class='ocr_carea' id='block_1_66' title="bbox 495 3567 2088 3640">
    <p class='ocr_par' dir='ltr' id='par_1_66' title="bbox 495 3567 2088 3640">
     <span class='ocr_line' id='line_1_66' title="bbox 495 3567 2088 3640; baseline 0.001 -18"><span class='ocrx_word' id='word_1_470' title='bbox 495 3567 597 3622; x_wconf 91' lang='lat' dir='ltr'><strong>sub</strong></span> <span class='ocrx_word' id='word_1_471' title='bbox 621 3584 724 3622; x_wconf 89' lang='lat' dir='ltr'><strong>una</strong></span> <span class='ocrx_word' id='word_1_472' title='bbox 756 3575 938 3624; x_wconf 84' lang='lat' dir='ltr'><strong>tamen</strong></span> <span class='ocrx_word' id='word_1_473' title='bbox 971 3578 1131 3624; x_wconf 85' lang='lat' dir='ltr'><strong>nocte</strong></span> <span class='ocrx_word' id='word_1_474' title='bbox 1170 3584 1305 3622; x_wconf 88' lang='lat' dir='ltr'><strong>vana</strong></span> <span class='ocrx_word' id='word_1_475' title='bbox 1338 3568 1628 3623; x_wconf 89' lang='lat' dir='ltr'><strong>solitudine</strong></span> <span class='ocrx_word' id='word_1_476' title='bbox 1651 3580 1932 3640; x_wconf 85' lang='lat' dir='ltr'><strong>occupata.</strong></span> <span class='ocrx_word' id='word_1_477' title='bbox 1964 3584 2088 3623; x_wconf 84' lang='lat' dir='ltr'><strong>cum</strong></span> 
     </span>
    </p>
   </div>
   <div class='ocr_carea' id='block_1_67' title="bbox 497 3658 2090 3731">
    <p class='ocr_par' dir='ltr' id='par_1_67' title="bbox 497 3658 2090 3731">
     <span class='ocr_line' id='line_1_67' title="bbox 497 3658 2090 3731; baseline 0.003 -19"><span class='ocrx_word' id='word_1_478' title='bbox 497 3658 863 3716; x_wconf 87' lang='lat' dir='ltr'><strong>tbesaurizare</strong></span> <span class='ocrx_word' id='word_1_479' title='bbox 909 3675 1015 3716; x_wconf 88' lang='lat' dir='ltr'><strong>non</strong></span> <span class='ocrx_word' id='word_1_480' title='bbox 1066 3661 1427 3727; x_wconf 85' lang='lat' dir='ltr'><strong>cessaverint,</strong></span> <span class='ocrx_word' id='word_1_481' title='bbox 1472 3677 1570 3716; x_wconf 88' lang='lat' dir='ltr'><strong>nec</strong></span> <span class='ocrx_word' id='word_1_482' title='bbox 1609 3661 1837 3717; x_wconf 84' lang='lat' dir='ltr'><strong>defossis</strong></span> <span class='ocrx_word' id='word_1_483' title='bbox 1867 3662 2090 3731; x_wconf 64' lang='lat' dir='ltr'><strong>vigilare</strong></span> 
     </span>
    </p>
   </div>
   <div class='ocr_carea' id='block_1_68' title="bbox 493 3752 2089 3824">
    <p class='ocr_par' dir='ltr' id='par_1_68' title="bbox 493 3752 2089 3824">
     <span class='ocr_line' id='line_1_68' title="bbox 493 3752 2089 3824; baseline -0.001 -16"><span class='ocrx_word' id='word_1_484' title='bbox 493 3752 692 3822; x_wconf 91' lang='lat' dir='ltr'><strong>opibus</strong></span> <span class='ocrx_word' id='word_1_485' title='bbox 723 3752 1025 3808; x_wconf 87' lang='lat' dir='ltr'><strong>omiserint.</strong></span> <span class='ocrx_word' id='word_1_486' title='bbox 1066 3752 1202 3809; x_wconf 80' lang='lat' dir='ltr'><strong>l-iiuc</strong></span> <span class='ocrx_word' id='word_1_487' title='bbox 1240 3753 1476 3809; x_wconf 85' lang='lat' dir='ltr'><strong>Lazarus</strong></span> <span class='ocrx_word' id='word_1_488' title='bbox 1508 3770 1711 3824; x_wconf 83' lang='lat' dir='ltr'><strong>pauper</strong></span> <span class='ocrx_word' id='word_1_489' title='bbox 1743 3769 1865 3808; x_wconf 90' lang='lat' dir='ltr'><strong>cum</strong></span> <span class='ocrx_word' id='word_1_490' title='bbox 1897 3769 1963 3810; x_wconf 91' lang='lat' dir='ltr'><strong>eo</strong></span> <span class='ocrx_word' id='word_1_491' title='bbox 1992 3770 2089 3824; x_wconf 89' lang='lat' dir='ltr'><strong>pa-</strong></span> 
     </span>
    </p>
   </div>
   <div class='ocr_carea' id='block_1_69' title="bbox 495 3846 2088 3918">
    <p class='ocr_par' dir='ltr' id='par_1_69' title="bbox 495 3846 2088 3918">
     <span class='ocr_line' id='line_1_69' title="bbox 495 3846 2088 3918; baseline 0.001 -18"><span class='ocrx_word' id='word_1_492' title='bbox 495 3846 752 3913; x_wconf 87' lang='lat' dir='ltr'><strong>triarcha,</strong></span> <span class='ocrx_word' id='word_1_493' title='bbox 786 3848 873 3917; x_wconf 90' lang='lat' dir='ltr'><strong>qui</strong></span> <span class='ocrx_word' id='word_1_494' title='bbox 910 3847 1230 3918; x_wconf 84' lang='lat' dir='ltr'><strong>peregrinus</strong></span> <span class='ocrx_word' id='word_1_495' title='bbox 1271 3847 1408 3902; x_wconf 78' lang='lat' dir='ltr'><strong>vixit</strong></span> <span class='ocrx_word' id='word_1_496' title='bbox 1442 3847 1494 3902; x_wconf 90' lang='lat' dir='ltr'><strong>in</strong></span> <span class='ocrx_word' id='word_1_497' title='bbox 1530 3849 1762 3912; x_wconf 89' lang='lat' dir='ltr'><strong>mundo,</strong></span> <span class='ocrx_word' id='word_1_498' title='bbox 1796 3849 2008 3903; x_wconf 67' lang='lat' dir='ltr'><strong>ittrtatur</strong></span> <span class='ocrx_word' id='word_1_499' title='bbox 2034 3847 2088 3903; x_wconf 91' lang='lat' dir='ltr'><strong>in</strong></span> 
     </span>
    </p>
   </div>
   <div class='ocr_carea' id='block_1_70' title="bbox 493 3937 2092 4010">
    <p class='ocr_par' dir='ltr' id='par_1_70' title="bbox 493 3937 2092 4010">
     <span class='ocr_line' id='line_1_70' title="bbox 493 3937 2092 4010; baseline 0.004 -21"><span class='ocrx_word' id='word_1_500' title='bbox 493 3937 660 3992; x_wconf 87' lang='lat' dir='ltr'><strong>cubili</strong></span> <span class='ocrx_word' id='word_1_501' title='bbox 701 3952 822 3992; x_wconf 91' lang='lat' dir='ltr'><strong>suo.</strong></span> <span class='ocrx_word' id='word_1_502' title='bbox 851 3937 924 3992; x_wconf 81' lang='lat' dir='ltr'><strong>At</strong></span> <span class='ocrx_word' id='word_1_503' title='bbox 944 3937 1094 3994; x_wconf 89' lang='lat' dir='ltr'><strong>dives</strong></span> <span class='ocrx_word' id='word_1_504' title='bbox 1122 3947 1341 3994; x_wconf 90' lang='lat' dir='ltr'><strong>econtra</strong></span> <span class='ocrx_word' id='word_1_505' title='bbox 1367 3939 1420 3993; x_wconf 88' lang='lat' dir='ltr'><strong>itt</strong></span> <span class='ocrx_word' id='word_1_506' title='bbox 1443 3940 1663 3994; x_wconf 71' lang='lat' dir='ltr'><strong>trientis</strong></span> <span class='ocrx_word' id='word_1_507' title='bbox 1687 3940 1878 4010; x_wconf 83' lang='lat' dir='ltr'><strong>ﬂagrat</strong></span> <span class='ocrx_word' id='word_1_508' title='bbox 1908 3941 2092 3997; x_wconf 88' lang='lat' dir='ltr'><strong>incen-</strong></span> 
     </span>
    </p>
   </div>
   <div class='ocr_carea' id='block_1_71' title="bbox 495 4028 2088 4102">
    <p class='ocr_par' dir='ltr' id='par_1_71' title="bbox 495 4028 2088 4102">
     <span class='ocr_line' id='line_1_71' title="bbox 495 4028 2088 4102; baseline 0.003 -18"><span class='ocrx_word' id='word_1_509' title='bbox 495 4028 622 4093; x_wconf 87' lang='lat' dir='ltr'><strong>diis,</strong></span> <span class='ocrx_word' id='word_1_510' title='bbox 652 4038 706 4084; x_wconf 87' lang='lat' dir='ltr'><strong>et</strong></span> <span class='ocrx_word' id='word_1_511' title='bbox 733 4032 913 4086; x_wconf 84' lang='lat' dir='ltr'><strong>omnis</strong></span> <span class='ocrx_word' id='word_1_512' title='bbox 932 4031 1263 4101; x_wconf 80' lang='lat' dir='ltr'><strong>cxspoiiatus</strong></span> <span class='ocrx_word' id='word_1_513' title='bbox 1289 4031 1549 4102; x_wconf 85' lang='lat' dir='ltr'><strong>dignitate</strong></span> <span class='ocrx_word' id='word_1_514' title='bbox 1571 4043 1736 4100; x_wconf 87' lang='lat' dir='ltr'><strong>atque</strong></span> <span class='ocrx_word' id='word_1_515' title='bbox 1767 4034 2088 4099; x_wconf 88' lang='lat' dir='ltr'><strong>substantia,</strong></span> 
     </span>
    </p>
   </div>
   <div class='ocr_carea' id='block_1_72' title="bbox 497 4123 2089 4198">
    <p class='ocr_par' dir='ltr' id='par_1_72' title="bbox 497 4123 2089 4198">
     <span class='ocr_line' id='line_1_72' title="bbox 497 4123 2089 4198; baseline 0.003 -20"><span class='ocrx_word' id='word_1_516' title='bbox 497 4123 742 4194; x_wconf 89' lang='lat' dir='ltr'><strong>despecti</strong></span> <span class='ocrx_word' id='word_1_517' title='bbox 772 4124 1043 4194; x_wconf 89' lang='lat' dir='ltr'><strong>quondam</strong></span> <span class='ocrx_word' id='word_1_518' title='bbox 1072 4125 1246 4196; x_wconf 89' lang='lat' dir='ltr'><strong>inopis</strong></span> <span class='ocrx_word' id='word_1_519' title='bbox 1266 4128 1502 4181; x_wconf 89' lang='lat' dir='ltr'><strong>divinum</strong></span> <span class='ocrx_word' id='word_1_520' title='bbox 1537 4127 1789 4198; x_wconf 88' lang='lat' dir='ltr'><strong>implorat</strong></span> <span class='ocrx_word' id='word_1_521' title='bbox 1809 4129 2089 4195; x_wconf 83' lang='lat' dir='ltr'><strong>auxilium,</strong></span> 
     </span>
    </p>
   </div>
   <div class='ocr_carea' id='block_1_73' title="bbox 493 4217 2091 4292">
    <p class='ocr_par' dir='ltr' id='par_1_73' title="bbox 493 4217 2091 4292">
     <span class='ocr_line' id='line_1_73' title="bbox 493 4217 2091 4292; baseline 0.004 -21"><span class='ocrx_word' id='word_1_522' title='bbox 493 4217 721 4289; x_wconf 79' lang='lat' dir='ltr'><strong>ejusque</strong></span> <span class='ocrx_word' id='word_1_523' title='bbox 753 4219 840 4273; x_wconf 89' lang='lat' dir='ltr'><strong>vel</strong></span> <span class='ocrx_word' id='word_1_524' title='bbox 884 4219 1107 4273; x_wconf 90' lang='lat' dir='ltr'><strong>tninimo</strong></span> <span class='ocrx_word' id='word_1_525' title='bbox 1154 4229 1377 4286; x_wconf 79' lang='lat' dir='ltr'><strong>exoptat</strong></span> <span class='ocrx_word' id='word_1_526' title='bbox 1420 4219 1644 4290; x_wconf 87' lang='lat' dir='ltr'><strong>digitulo</strong></span> <span class='ocrx_word' id='word_1_527' title='bbox 1676 4223 1904 4292; x_wconf 85' lang='lat' dir='ltr'><strong>contigi,</strong></span> <span class='ocrx_word' id='word_1_528' title='bbox 1939 4222 2091 4292; x_wconf 90' lang='lat' dir='ltr'><strong>cujus</strong></span> 
     </span>
    </p>
   </div>
   <div class='ocr_carea' id='block_1_74' title="bbox 496 4311 2092 4384">
    <p class='ocr_par' dir='ltr' id='par_1_74' title="bbox 496 4311 2092 4384">
     <span class='ocr_line' id='line_1_74' title="bbox 496 4311 2092 4384; baseline 0.003 -18"><span class='ocrx_word' id='word_1_529' title='bbox 496 4318 792 4379; x_wconf 65' lang='lat' dir='ltr'><strong>egestatem</strong></span> <span class='ocrx_word' id='word_1_530' title='bbox 819 4311 957 4366; x_wconf 90' lang='lat' dir='ltr'><strong>inter</strong></span> <span class='ocrx_word' id='word_1_531' title='bbox 979 4311 1186 4376; x_wconf 82' lang='lat' dir='ltr'><strong>Opimas</strong></span> <span class='ocrx_word' id='word_1_532' title='bbox 1212 4313 1377 4380; x_wconf 78' lang='lat' dir='ltr'><strong>dapes</strong></span> <span class='ocrx_word' id='word_1_533' title='bbox 1403 4326 1550 4376; x_wconf 87' lang='lat' dir='ltr'><strong>suas,</strong></span> <span class='ocrx_word' id='word_1_534' title='bbox 1575 4323 1629 4367; x_wconf 92' lang='lat' dir='ltr'><strong>et</strong></span> <span class='ocrx_word' id='word_1_535' title='bbox 1657 4315 1874 4384; x_wconf 86' lang='lat' dir='ltr'><strong>copiosa</strong></span> <span class='ocrx_word' id='word_1_536' title='bbox 1900 4315 2092 4370; x_wconf 87' lang='lat' dir='ltr'><strong>eonvi-</strong></span> 
     </span>
    </p>
   </div>
   <div class='ocr_carea' id='block_1_75' title="bbox 497 4400 2090 4472">
    <p class='ocr_par' dir='ltr' id='par_1_75' title="bbox 497 4400 2090 4472">
     <span class='ocr_line' id='line_1_75' title="bbox 497 4400 2090 4472; baseline 0.006 -16"><span class='ocrx_word' id='word_1_537' title='bbox 497 4401 580 4456; x_wconf 90' lang='lat' dir='ltr'><strong>via</strong></span> <span class='ocrx_word' id='word_1_538' title='bbox 614 4417 683 4456; x_wconf 91' lang='lat' dir='ltr'><strong>ne</strong></span> <span class='ocrx_word' id='word_1_539' title='bbox 723 4400 876 4456; x_wconf 87' lang='lat' dir='ltr'><strong>micis</strong></span> <span class='ocrx_word' id='word_1_540' title='bbox 904 4400 1122 4472; x_wconf 80' lang='lat' dir='ltr'><strong>quidem</strong></span> <span class='ocrx_word' id='word_1_541' title='bbox 1151 4400 1220 4457; x_wconf 91' lang='lat' dir='ltr'><strong>de</strong></span> <span class='ocrx_word' id='word_1_542' title='bbox 1249 4417 1434 4458; x_wconf 90' lang='lat' dir='ltr'><strong>mensa</strong></span> <span class='ocrx_word' id='word_1_543' title='bbox 1467 4404 1842 4462; x_wconf 87' lang='lat' dir='ltr'><strong>decidentibus</strong></span> <span class='ocrx_word' id='word_1_544' title='bbox 1871 4417 2090 4464; x_wconf 89' lang='lat' dir='ltr'><strong>susten-</strong></span> 
     </span>
    </p>
   </div>
   <div class='ocr_carea' id='block_1_76' title="bbox 499 4489 2089 4568">
    <p class='ocr_par' dir='ltr' id='par_1_76' title="bbox 499 4489 2089 4568">
     <span class='ocr_line' id='line_1_76' title="bbox 499 4489 2089 4568; baseline 0.005 -20"><span class='ocrx_word' id='word_1_545' title='bbox 499 4495 665 4548; x_wconf 86' lang='lat' dir='ltr'><strong>tabat.</strong></span> <span class='ocrx_word' id='word_1_546' title='bbox 697 4489 831 4546; x_wconf 88' lang='lat' dir='ltr'><strong>Cum</strong></span> <span class='ocrx_word' id='word_1_547' title='bbox 863 4493 1043 4562; x_wconf 88' lang='lat' dir='ltr'><strong>itaque</strong></span> <span class='ocrx_word' id='word_1_548' title='bbox 1075 4495 1448 4564; x_wconf 68' lang='lat' dir='ltr'><strong>praescriptum</strong></span> <span class='ocrx_word' id='word_1_549' title='bbox 1476 4495 1738 4566; x_wconf 86' lang='lat' dir='ltr'><strong>judicium</strong></span> <span class='ocrx_word' id='word_1_550' title='bbox 1771 4513 1864 4568; x_wconf 91' lang='lat' dir='ltr'><strong>per</strong></span> <span class='ocrx_word' id='word_1_551' title='bbox 1889 4514 2009 4567; x_wconf 87' lang='lat' dir='ltr'><strong>nos,</strong></span> <span class='ocrx_word' id='word_1_552' title='bbox 2038 4499 2089 4556; x_wconf 90' lang='lat' dir='ltr'><strong>id</strong></span> 
     </span>
    </p>
   </div>
   <div class='ocr_carea' id='block_1_77' title="bbox 2194 3277 3768 3352">
    <p class='ocr_par' dir='ltr' id='par_1_77' title="bbox 2194 3277 3768 3352">
     <span class='ocr_line' id='line_1_77' title="bbox 2194 3277 3768 3352; baseline -0.005 -19"><span class='ocrx_word' id='word_1_553' title='bbox 2194 3277 2426 3348; x_wconf 83' lang='lat' dir='ltr'><strong>majores</strong></span> <span class='ocrx_word' id='word_1_554' title='bbox 2459 3278 2790 3333; x_wconf 87' lang='lat' dir='ltr'><strong>revelatione</strong></span> <span class='ocrx_word' id='word_1_555' title='bbox 2819 3279 3143 3335; x_wconf 89' lang='lat' dir='ltr'><strong>Ambrosius</strong></span> <span class='ocrx_word' id='word_1_556' title='bbox 3172 3278 3322 3347; x_wconf 85' lang='lat' dir='ltr'><strong>fecit,</strong></span> <span class='ocrx_word' id='word_1_557' title='bbox 3358 3294 3522 3352; x_wconf 89' lang='lat' dir='ltr'><strong>quam</strong></span> <span class='ocrx_word' id='word_1_558' title='bbox 3546 3277 3768 3347; x_wconf 82' lang='lat' dir='ltr'><strong>dignatio</strong></span> 
     </span>
    </p>
   </div>
   <div class='ocr_carea' id='block_1_78' title="bbox 2191 3369 3768 3444">
    <p class='ocr_par' dir='ltr' id='par_1_78' title="bbox 2191 3369 3768 3444">
     <span class='ocr_line' id='line_1_78' title="bbox 2191 3369 3768 3444; baseline -0.001 -16"><span class='ocrx_word' id='word_1_559' title='bbox 2191 3371 2470 3444; x_wconf 79' lang='lat' dir='ltr'><strong>martyrii?</strong></span> <span class='ocrx_word' id='word_1_560' title='bbox 2497 3373 2874 3442; x_wconf 82' lang='lat' dir='ltr'><strong>Agnoscitisne</strong></span> <span class='ocrx_word' id='word_1_561' title='bbox 2905 3374 3028 3430; x_wconf 91' lang='lat' dir='ltr'><strong>aliis</strong></span> <span class='ocrx_word' id='word_1_562' title='bbox 3067 3374 3194 3429; x_wconf 87' lang='lat' dir='ltr'><strong>licet</strong></span> <span class='ocrx_word' id='word_1_563' title='bbox 3233 3375 3441 3440; x_wconf 88' lang='lat' dir='ltr'><strong>verbis,</strong></span> <span class='ocrx_word' id='word_1_564' title='bbox 3477 3372 3546 3429; x_wconf 89' lang='lat' dir='ltr'><strong>ita</strong></span> <span class='ocrx_word' id='word_1_565' title='bbox 3573 3369 3768 3428; x_wconf 79' lang='lat' dir='ltr'><strong>menda-</strong></span> 
     </span>
    </p>
   </div>
   <div class='ocr_carea' id='block_1_79' title="bbox 2191 3469 3770 3544">
    <p class='ocr_par' dir='ltr' id='par_1_79' title="bbox 2191 3469 3770 3544">
     <span class='ocr_line' id='line_1_79' title="bbox 2191 3469 3770 3544; baseline -0.002 -20"><span class='ocrx_word' id='word_1_566' title='bbox 2191 3469 2329 3524; x_wconf 90' lang='lat' dir='ltr'><strong>citer</strong></span> <span class='ocrx_word' id='word_1_567' title='bbox 2358 3469 2501 3538; x_wconf 89' lang='lat' dir='ltr'><strong>quod</strong></span> <span class='ocrx_word' id='word_1_568' title='bbox 2533 3469 2601 3526; x_wconf 91' lang='lat' dir='ltr'><strong>de</strong></span> <span class='ocrx_word' id='word_1_569' title='bbox 2643 3470 2872 3525; x_wconf 85' lang='lat' dir='ltr'><strong>Domino</strong></span> <span class='ocrx_word' id='word_1_570' title='bbox 2919 3471 3287 3539; x_wconf 88' lang='lat' dir='ltr'><strong>prodidimus,</strong></span> <span class='ocrx_word' id='word_1_571' title='bbox 3339 3471 3664 3544; x_wconf 83' lang='lat' dir='ltr'><strong>martyribus</strong></span> <span class='ocrx_word' id='word_1_572' title='bbox 3700 3469 3770 3522; x_wconf 90' lang='lat' dir='ltr'><strong>in-</strong></span> 
     </span>
    </p>
   </div>
   <div class='ocr_carea' id='block_1_80' title="bbox 2189 3563 3770 3637">
    <p class='ocr_par' dir='ltr' id='par_1_80' title="bbox 2189 3563 3770 3637">
     <span class='ocr_line' id='line_1_80' title="bbox 2189 3563 3770 3637; baseline 0 -19"><span class='ocrx_word' id='word_1_573' title='bbox 2189 3574 2398 3634; x_wconf 87' lang='lat' dir='ltr'><strong>gestum</strong></span> <span class='ocrx_word' id='word_1_574' title='bbox 2436 3584 2450 3620; x_wconf 89' lang='lat'><strong>:</strong></span> <span class='ocrx_word' id='word_1_575' title='bbox 2507 3563 2574 3618; x_wconf 87' lang='lat' dir='ltr'><strong>In</strong></span> <span class='ocrx_word' id='word_1_576' title='bbox 2623 3582 2726 3636; x_wconf 84' lang='lat' dir='ltr'><strong>qua</strong></span> <span class='ocrx_word' id='word_1_577' title='bbox 2757 3575 3004 3635; x_wconf 72' lang='lat' dir='ltr'><strong>potestate</strong></span> <span class='ocrx_word' id='word_1_578' title='bbox 3047 3566 3144 3620; x_wconf 87' lang='lat' dir='ltr'><strong>hoc</strong></span> <span class='ocrx_word' id='word_1_579' title='bbox 3195 3567 3363 3637; x_wconf 74' lang='lat' dir='ltr'><strong>facis?</strong></span> <span class='ocrx_word' id='word_1_580' title='bbox 3394 3569 3479 3635; x_wconf 85' lang='lat' dir='ltr'><strong>Et,</strong></span> <span class='ocrx_word' id='word_1_581' title='bbox 3534 3569 3656 3635; x_wconf 81' lang='lat' dir='ltr'><strong>Quis</strong></span> <span class='ocrx_word' id='word_1_582' title='bbox 3696 3565 3770 3618; x_wconf 83' lang='lat' dir='ltr'><strong>tibi</strong></span> 
     </span>
    </p>
   </div>
   <div class='ocr_carea' id='block_1_81' title="bbox 2191 3657 3773 3732">
    <p class='ocr_par' dir='ltr' id='par_1_81' title="bbox 2191 3657 3773 3732">
     <span class='ocr_line' id='line_1_81' title="bbox 2191 3657 3773 3732; baseline 0.001 -22"><span class='ocrx_word' id='word_1_583' title='bbox 2191 3661 2322 3711; x_wconf 81' lang='lat' dir='ltr'><strong>hanc</strong></span> <span class='ocrx_word' id='word_1_584' title='bbox 2369 3657 2510 3712; x_wconf 84' lang='lat' dir='ltr'><strong>dedit</strong></span> <span class='ocrx_word' id='word_1_585' title='bbox 2553 3667 2852 3728; x_wconf 84' lang='lat' dir='ltr'><strong>potestatem</strong></span> <span class='ocrx_word' id='word_1_586' title='bbox 2882 3658 3099 3728; x_wconf 79' lang='lat' dir='ltr'><strong>(Matth.</strong></span> <span class='ocrx_word' id='word_1_587' title='bbox 3135 3675 3225 3715; x_wconf 73' lang='lat' dir='ltr'><strong>ut</strong></span> <span class='ocrx_word' id='word_1_588' title='bbox 3247 3703 3262 3728; x_wconf 90' lang='lat'><strong>,</strong></span> <span class='ocrx_word' id='word_1_589' title='bbox 3291 3660 3430 3732; x_wconf 74' lang='lat'><strong>25)?</strong></span> <span class='ocrx_word' id='word_1_590' title='bbox 3461 3659 3689 3731; x_wconf 81' lang='lat' dir='ltr'><strong>Tepi&#39;da,</strong></span> <span class='ocrx_word' id='word_1_591' title='bbox 3724 3665 3773 3712; x_wconf 84' lang='lat' dir='ltr'><strong>ut</strong></span> 
     </span>
    </p>
   </div>
   <div class='ocr_carea' id='block_1_82' title="bbox 2191 3749 3836 3822">
    <p class='ocr_par' dir='ltr' id='par_1_82' title="bbox 2191 3749 3836 3822">
     <span class='ocr_line' id='line_1_82' title="bbox 2191 3749 3836 3822; baseline 0 -22"><span class='ocrx_word' id='word_1_592' title='bbox 2191 3749 2446 3813; x_wconf 83' lang='lat' dir='ltr'><strong>arbitror,</strong></span> <span class='ocrx_word' id='word_1_593' title='bbox 2477 3750 2801 3816; x_wconf 87' lang='lat' dir='ltr'><strong>consolatio,</strong></span> <span class='ocrx_word' id='word_1_594' title='bbox 2835 3761 2890 3806; x_wconf 90' lang='lat' dir='ltr'><strong>et</strong></span> <span class='ocrx_word' id='word_1_595' title='bbox 2910 3750 2978 3806; x_wconf 87' lang='lat' dir='ltr'><strong>de</strong></span> <span class='ocrx_word' id='word_1_596' title='bbox 3010 3751 3177 3806; x_wconf 73' lang='lat' dir='ltr'><strong>livore</strong></span> <span class='ocrx_word' id='word_1_597' title='bbox 3205 3763 3487 3822; x_wconf 87' lang='lat' dir='ltr'><strong>generata,</strong></span> <span class='ocrx_word' id='word_1_598' title='bbox 3517 3764 3770 3822; x_wconf 67' lang='lat' dir='ltr'><strong>quaerere,</strong></span> <span class='ocrx_word' id='word_1_599' title='bbox 3828 3775 3836 3786; x_wconf 71' lang='grc' dir='ltr'><strong>ι</strong></span> 
     </span>
    </p>
   </div>
   <div class='ocr_carea' id='block_1_83' title="bbox 2192 3845 3771 3915">
    <p class='ocr_par' dir='ltr' id='par_1_83' title="bbox 2192 3845 3771 3915">
     <span class='ocr_line' id='line_1_83' title="bbox 2192 3845 3771 3915; baseline -0.002 -19"><span class='ocrx_word' id='word_1_600' title='bbox 2192 3858 2259 3898; x_wconf 86' lang='lat' dir='ltr'><strong>an</strong></span> <span class='ocrx_word' id='word_1_601' title='bbox 2290 3845 2533 3898; x_wconf 85' lang='lat' dir='ltr'><strong>divinum</strong></span> <span class='ocrx_word' id='word_1_602' title='bbox 2578 3845 2670 3909; x_wconf 82' lang='lat' dir='ltr'><strong>sit,</strong></span> <span class='ocrx_word' id='word_1_603' title='bbox 2705 3847 2850 3915; x_wconf 87' lang='lat' dir='ltr'><strong>quod</strong></span> <span class='ocrx_word' id='word_1_604' title='bbox 2886 3846 3070 3901; x_wconf 85' lang='lat' dir='ltr'><strong>videas</strong></span> <span class='ocrx_word' id='word_1_605' title='bbox 3097 3861 3220 3901; x_wconf 86' lang='lat' dir='ltr'><strong>esse</strong></span> <span class='ocrx_word' id='word_1_606' title='bbox 3250 3847 3496 3902; x_wconf 87' lang='lat' dir='ltr'><strong>divinum</strong></span> <span class='ocrx_word' id='word_1_607' title='bbox 3527 3856 3580 3901; x_wconf 90' lang='lat' dir='ltr'><strong>et</strong></span> <span class='ocrx_word' id='word_1_608' title='bbox 3621 3845 3771 3910; x_wconf 69' lang='lat' dir='ltr'><strong>ratio-</strong></span> 
     </span>
    </p>
   </div>
   <div class='ocr_carea' id='block_1_84' title="bbox 2192 3938 3773 4007">
    <p class='ocr_par' dir='ltr' id='par_1_84' title="bbox 2192 3938 3773 4007">
     <span class='ocr_line' id='line_1_84' title="bbox 2192 3938 3773 4007; baseline -0.003 -15"><span class='ocrx_word' id='word_1_609' title='bbox 2192 3954 2315 3993; x_wconf 91' lang='lat' dir='ltr'><strong>nem</strong></span> <span class='ocrx_word' id='word_1_610' title='bbox 2349 3953 2593 4007; x_wconf 82' lang='lat' dir='ltr'><strong>poscere,</strong></span> <span class='ocrx_word' id='word_1_611' title='bbox 2625 3955 2746 3994; x_wconf 89' lang='lat' dir='ltr'><strong>cum</strong></span> <span class='ocrx_word' id='word_1_612' title='bbox 2769 3939 2995 3995; x_wconf 87' lang='lat' dir='ltr'><strong>credere</strong></span> <span class='ocrx_word' id='word_1_613' title='bbox 3018 3941 3094 3994; x_wconf 88' lang='lat' dir='ltr'><strong>sit</strong></span> <span class='ocrx_word' id='word_1_614' title='bbox 3134 3955 3382 3996; x_wconf 86' lang='lat' dir='ltr'><strong>necesse.</strong></span> <span class='ocrx_word' id='word_1_615' title='bbox 3415 3941 3624 3994; x_wconf 82' lang='lat' dir='ltr'><strong>Etcum</strong></span> <span class='ocrx_word' id='word_1_616' title='bbox 3649 3938 3773 4006; x_wconf 86' lang='lat' dir='ltr'><strong>Apo-</strong></span> 
     </span>
    </p>
   </div>
   <div class='ocr_carea' id='block_1_85' title="bbox 2191 4029 3768 4102">
    <p class='ocr_par' dir='ltr' id='par_1_85' title="bbox 2191 4029 3768 4102">
     <span class='ocr_line' id='line_1_85' title="bbox 2191 4029 3768 4102; baseline -0.006 -14"><span class='ocrx_word' id='word_1_617' title='bbox 2191 4033 2363 4088; x_wconf 88' lang='lat' dir='ltr'><strong>stolus</strong></span> <span class='ocrx_word' id='word_1_618' title='bbox 2395 4032 2538 4087; x_wconf 89' lang='lat' dir='ltr'><strong>dicat</strong></span> <span class='ocrx_word' id='word_1_619' title='bbox 2569 4053 2579 4086; x_wconf 88' lang='lat'><strong>:</strong></span> <span class='ocrx_word' id='word_1_620' title='bbox 2615 4031 2856 4086; x_wconf 81' lang='lat' dir='ltr'><strong>Charitas</strong></span> <span class='ocrx_word' id='word_1_621' title='bbox 2887 4034 3060 4086; x_wconf 82' lang='lat' dir='ltr'><strong>omnia</strong></span> <span class='ocrx_word' id='word_1_622' title='bbox 3088 4032 3251 4088; x_wconf 79' lang='lat' dir='ltr'><strong>credit</strong></span> <span class='ocrx_word' id='word_1_623' title='bbox 3285 4032 3305 4102; x_wconf 96' lang='lat'><strong>(</strong></span> <span class='ocrx_word' id='word_1_624' title='bbox 3323 4033 3337 4086; x_wconf 94' lang='lat' dir='ltr'><strong>i</strong></span> <span class='ocrx_word' id='word_1_625' title='bbox 3382 4031 3501 4086; x_wconf 87' lang='lat' dir='ltr'><strong>Cor.</strong></span> <span class='ocrx_word' id='word_1_626' title='bbox 3535 4047 3624 4086; x_wconf 76' lang='lat' dir='ltr'><strong>xm</strong></span> <span class='ocrx_word' id='word_1_627' title='bbox 3645 4072 3659 4090; x_wconf 86' lang='lat'><strong>,</strong></span> <span class='ocrx_word' id='word_1_628' title='bbox 3684 4029 3732 4095; x_wconf 82' lang='lat'><strong>7)</strong></span> <span class='ocrx_word' id='word_1_629' title='bbox 3758 4044 3768 4080; x_wconf 91' lang='lat'><strong>:</strong></span> 
     </span>
    </p>
   </div>
   <div class='ocr_carea' id='block_1_86' title="bbox 2193 4123 3766 4198">
    <p class='ocr_par' dir='ltr' id='par_1_86' title="bbox 2193 4123 3766 4198">
     <span class='ocr_line' id='line_1_86' title="bbox 2193 4123 3766 4198; baseline -0.005 -17"><span class='ocrx_word' id='word_1_630' title='bbox 2193 4127 2314 4198; x_wconf 91' lang='lat' dir='ltr'><strong>quis</strong></span> <span class='ocrx_word' id='word_1_631' title='bbox 2341 4127 2571 4192; x_wconf 86' lang='lat' dir='ltr'><strong>dubitat,</strong></span> <span class='ocrx_word' id='word_1_632' title='bbox 2605 4127 2746 4197; x_wconf 86' lang='lat' dir='ltr'><strong>quod</strong></span> <span class='ocrx_word' id='word_1_633' title='bbox 2775 4132 2894 4181; x_wconf 83' lang='lat' dir='ltr'><strong>sine</strong></span> <span class='ocrx_word' id='word_1_634' title='bbox 2918 4127 3184 4181; x_wconf 86' lang='lat' dir='ltr'><strong>charitate</strong></span> <span class='ocrx_word' id='word_1_635' title='bbox 3216 4127 3314 4181; x_wconf 88' lang='lat' dir='ltr'><strong>Dei</strong></span> <span class='ocrx_word' id='word_1_636' title='bbox 3353 4134 3484 4181; x_wconf 90' lang='lat' dir='ltr'><strong>sunt</strong></span> <span class='ocrx_word' id='word_1_637' title='bbox 3509 4125 3596 4196; x_wconf 90' lang='lat' dir='ltr'><strong>qui</strong></span> <span class='ocrx_word' id='word_1_638' title='bbox 3623 4123 3766 4177; x_wconf 86' lang='lat' dir='ltr'><strong>tidem</strong></span> 
     </span>
    </p>
   </div>
   <div class='ocr_carea' id='block_1_87' title="bbox 2197 4221 3768 4295">
    <p class='ocr_par' dir='ltr' id='par_1_87' title="bbox 2197 4221 3768 4295">
     <span class='ocr_line' id='line_1_87' title="bbox 2197 4221 3768 4295; baseline -0.004 -15"><span class='ocrx_word' id='word_1_639' title='bbox 2197 4225 2364 4280; x_wconf 88' lang='lat' dir='ltr'><strong>tantis</strong></span> <span class='ocrx_word' id='word_1_640' title='bbox 2396 4241 2501 4280; x_wconf 87' lang='lat' dir='ltr'><strong>non</strong></span> <span class='ocrx_word' id='word_1_641' title='bbox 2531 4225 2838 4294; x_wconf 80' lang='lat' dir='ltr'><strong>applicucre</strong></span> <span class='ocrx_word' id='word_1_642' title='bbox 2865 4224 3190 4281; x_wconf 87' lang='lat' dir='ltr'><strong>virtutibus?</strong></span> <span class='ocrx_word' id='word_1_643' title='bbox 3213 4223 3383 4295; x_wconf 83' lang='lat' dir='ltr'><strong>Negat</strong></span> <span class='ocrx_word' id='word_1_644' title='bbox 3405 4236 3583 4279; x_wconf 88' lang='lat' dir='ltr'><strong>autem</strong></span> <span class='ocrx_word' id='word_1_645' title='bbox 3604 4221 3768 4282; x_wconf 83' lang='lat' dir='ltr'><strong>ﬁdem.</strong></span> 
     </span>
    </p>
   </div>
   <div class='ocr_carea' id='block_1_88' title="bbox 2195 4312 3772 4388">
    <p class='ocr_par' dir='ltr' id='par_1_88' title="bbox 2195 4312 3772 4388">
     <span class='ocr_line' id='line_1_88' title="bbox 2195 4312 3772 4388; baseline -0.002 -16"><span class='ocrx_word' id='word_1_646' title='bbox 2195 4318 2286 4388; x_wconf 93' lang='lat' dir='ltr'><strong>qui</strong></span> <span class='ocrx_word' id='word_1_647' title='bbox 2333 4318 2489 4387; x_wconf 82' lang='lat' dir='ltr'><strong>quasi</strong></span> <span class='ocrx_word' id='word_1_648' title='bbox 2546 4327 2783 4373; x_wconf 87' lang='lat' dir='ltr'><strong>tentator</strong></span> <span class='ocrx_word' id='word_1_649' title='bbox 2835 4318 3079 4388; x_wconf 89' lang='lat' dir='ltr'><strong>inquirit.</strong></span> <span class='ocrx_word' id='word_1_650' title='bbox 3136 4316 3289 4372; x_wconf 90' lang='lat' dir='ltr'><strong>Unde</strong></span> <span class='ocrx_word' id='word_1_651' title='bbox 3346 4319 3464 4373; x_wconf 72' lang='lat' dir='ltr'><strong>haec</strong></span> <span class='ocrx_word' id='word_1_652' title='bbox 3519 4312 3772 4388; x_wconf 80' lang='lat' dir='ltr'><strong>potestas?</strong></span> 
     </span>
    </p>
   </div>
   <div class='ocr_carea' id='block_1_89' title="bbox 2193 4411 3771 4482">
    <p class='ocr_par' dir='ltr' id='par_1_89' title="bbox 2193 4411 3771 4482">
     <span class='ocr_line' id='line_1_89' title="bbox 2193 4411 3771 4482; baseline -0.006 -15"><span class='ocrx_word' id='word_1_653' title='bbox 2193 4413 2358 4479; x_wconf 80' lang='lat' dir='ltr'><strong>Quasi</strong></span> <span class='ocrx_word' id='word_1_654' title='bbox 2398 4428 2504 4467; x_wconf 89' lang='lat' dir='ltr'><strong>non</strong></span> <span class='ocrx_word' id='word_1_655' title='bbox 2547 4411 2895 4467; x_wconf 86' lang='lat' dir='ltr'><strong>manifestum</strong></span> <span class='ocrx_word' id='word_1_656' title='bbox 2945 4412 3014 4466; x_wconf 85' lang='lat' dir='ltr'><strong>sit</strong></span> <span class='ocrx_word' id='word_1_657' title='bbox 3059 4413 3109 4466; x_wconf 93' lang='lat' dir='ltr'><strong>in</strong></span> <span class='ocrx_word' id='word_1_658' title='bbox 3152 4427 3215 4466; x_wconf 92' lang='lat' dir='ltr'><strong>ea</strong></span> <span class='ocrx_word' id='word_1_659' title='bbox 3264 4422 3490 4466; x_wconf 88' lang='lat' dir='ltr'><strong>sanctos</strong></span> <span class='ocrx_word' id='word_1_660' title='bbox 3531 4418 3771 4482; x_wconf 82' lang='lat' dir='ltr'><strong>martyres</strong></span> 
     </span>
    </p>
   </div>
   <div class='ocr_carea' id='block_1_90' title="bbox 2197 4501 3771 4576">
    <p class='ocr_par' dir='ltr' id='par_1_90' title="bbox 2197 4501 3771 4576">
     <span class='ocr_line' id='line_1_90' title="bbox 2197 4501 3771 4576; baseline -0.004 -16"><span class='ocrx_word' id='word_1_661' title='bbox 2197 4507 2412 4561; x_wconf 90' lang='lat' dir='ltr'><strong>nuncin</strong></span> <span class='ocrx_word' id='word_1_662' title='bbox 2438 4506 2636 4576; x_wconf 88' lang='lat' dir='ltr'><strong>spiritu</strong></span> <span class='ocrx_word' id='word_1_663' title='bbox 2664 4505 2922 4561; x_wconf 86' lang='lat' dir='ltr'><strong>miracula</strong></span> <span class='ocrx_word' id='word_1_664' title='bbox 2952 4506 3153 4568; x_wconf 83' lang='lat' dir='ltr'><strong>facere,</strong></span> <span class='ocrx_word' id='word_1_665' title='bbox 3187 4505 3237 4560; x_wconf 88' lang='lat' dir='ltr'><strong>in</strong></span> <span class='ocrx_word' id='word_1_666' title='bbox 3269 4520 3374 4576; x_wconf 89' lang='lat' dir='ltr'><strong>qua</strong></span> <span class='ocrx_word' id='word_1_667' title='bbox 3406 4513 3665 4575; x_wconf 83' lang='lat' dir='ltr'><strong>potestate</strong></span> <span class='ocrx_word' id='word_1_668' title='bbox 3690 4501 3771 4555; x_wconf 88' lang='lat' dir='ltr'><strong>ad-</strong></span> 
     </span>
    </p>
   </div>
   <div class='ocr_carea' id='block_1_91' title="bbox 497 4570 2087 4669">
    <p class='ocr_par' dir='ltr' id='par_1_91' title="bbox 497 4587 2087 4656">
     <span class='ocr_line' id='line_1_91' title="bbox 497 4587 2087 4656; baseline 0.006 -15"><span class='ocrx_word' id='word_1_669' title='bbox 497 4595 601 4653; x_wconf 78' lang='lat' dir='ltr'><strong>est,</strong></span> <span class='ocrx_word' id='word_1_670' title='bbox 634 4601 731 4656; x_wconf 90' lang='lat' dir='ltr'><strong>per</strong></span> <span class='ocrx_word' id='word_1_671' title='bbox 756 4594 974 4642; x_wconf 84' lang='lat' dir='ltr'><strong>sanctos</strong></span> <span class='ocrx_word' id='word_1_672' title='bbox 1007 4596 1092 4642; x_wconf 88' lang='lat' dir='ltr'><strong>est</strong></span> <span class='ocrx_word' id='word_1_673' title='bbox 1123 4587 1538 4655; x_wconf 88' lang='lat' dir='ltr'><strong>celebrandum,</strong></span> <span class='ocrx_word' id='word_1_674' title='bbox 1581 4590 1740 4646; x_wconf 90' lang='lat' dir='ltr'><strong>nobis</strong></span> <span class='ocrx_word' id='word_1_675' title='bbox 1772 4593 2004 4648; x_wconf 86' lang='lat' dir='ltr'><strong>vindicta</strong></span> <span class='ocrx_word' id='word_1_676' title='bbox 2038 4597 2087 4650; x_wconf 89' lang='lat' dir='ltr'><strong>in</strong></span> 
     </span>
    </p>
   </div>
   <div class='ocr_carea' id='block_1_92' title="bbox 2192 4570 3763 4669">
    <p class='ocr_par' dir='ltr' id='par_1_92' title="bbox 2200 4599 3763 4669">
     <span class='ocr_line' id='line_1_92' title="bbox 2200 4599 3763 4669; baseline -0.007 -12"><span class='ocrx_word' id='word_1_677' title='bbox 2200 4601 2466 4657; x_wconf 83' lang='lat' dir='ltr'><strong>versarios</strong></span> <span class='ocrx_word' id='word_1_678' title='bbox 2494 4613 2621 4654; x_wconf 91' lang='lat' dir='ltr'><strong>suos</strong></span> <span class='ocrx_word' id='word_1_679' title='bbox 2645 4600 2792 4668; x_wconf 87' lang='lat' dir='ltr'><strong>prius</strong></span> <span class='ocrx_word' id='word_1_680' title='bbox 2814 4599 2866 4653; x_wconf 90' lang='lat' dir='ltr'><strong>in</strong></span> <span class='ocrx_word' id='word_1_681' title='bbox 2888 4613 3052 4655; x_wconf 89' lang='lat' dir='ltr'><strong>carne</strong></span> <span class='ocrx_word' id='word_1_682' title='bbox 3077 4608 3132 4654; x_wconf 87' lang='lat' dir='ltr'><strong>et</strong></span> <span class='ocrx_word' id='word_1_683' title='bbox 3156 4599 3212 4654; x_wconf 89' lang='lat' dir='ltr'><strong>in</strong></span> <span class='ocrx_word' id='word_1_684' title='bbox 3236 4599 3494 4669; x_wconf 88' lang='lat' dir='ltr'><strong>passione</strong></span> <span class='ocrx_word' id='word_1_685' title='bbox 3518 4601 3763 4653; x_wconf 90' lang='lat' dir='ltr'><strong>vicerunt.</strong></span> 
     </span>
    </p>
   </div>
   <div class='ocr_carea' id='block_1_93' title="bbox 497 4679 2091 4755">
    <p class='ocr_par' dir='ltr' id='par_1_93' title="bbox 497 4679 2091 4755">
     <span class='ocr_line' id='line_1_93' title="bbox 497 4679 2091 4755; baseline 0.004 -21"><span class='ocrx_word' id='word_1_686' title='bbox 497 4679 746 4734; x_wconf 88' lang='lat' dir='ltr'><strong>nationes</strong></span> <span class='ocrx_word' id='word_1_687' title='bbox 759 4687 815 4734; x_wconf 89' lang='lat' dir='ltr'><strong>et</strong></span> <span class='ocrx_word' id='word_1_688' title='bbox 834 4681 885 4734; x_wconf 91' lang='lat' dir='ltr'><strong>in</strong></span> <span class='ocrx_word' id='word_1_689' title='bbox 901 4680 1132 4750; x_wconf 83' lang='lat' dir='ltr'><strong>pupulas</strong></span> <span class='ocrx_word' id='word_1_690' title='bbox 1149 4692 1232 4736; x_wconf 92' lang='lat' dir='ltr'><strong>est</strong></span> <span class='ocrx_word' id='word_1_691' title='bbox 1253 4682 1471 4736; x_wconf 89' lang='lat' dir='ltr'><strong>donata.</strong></span> <span class='ocrx_word' id='word_1_692' title='bbox 1488 4683 1643 4752; x_wconf 80' lang='lat' dir='ltr'><strong>Quod</strong></span> <span class='ocrx_word' id='word_1_693' title='bbox 1657 4700 1776 4738; x_wconf 86' lang='lat' dir='ltr'><strong>cum</strong></span> <span class='ocrx_word' id='word_1_694' title='bbox 1803 4687 2091 4755; x_wconf 81' lang='lat' dir='ltr'><strong>cogitatur,</strong></span> 
     </span>
    </p>
   </div>
   <div class='ocr_carea' id='block_1_94' title="bbox 497 4773 2097 4850">
    <p class='ocr_par' dir='ltr' id='par_1_94' title="bbox 497 4773 2097 4850">
     <span class='ocr_line' id='line_1_94' title="bbox 497 4773 2097 4850; baseline 0.006 -24"><span class='ocrx_word' id='word_1_695' title='bbox 497 4788 620 4846; x_wconf 60' lang='lat' dir='ltr'><strong>quae</strong></span> <span class='ocrx_word' id='word_1_696' title='bbox 652 4775 704 4828; x_wconf 92' lang='lat' dir='ltr'><strong>in</strong></span> <span class='ocrx_word' id='word_1_697' title='bbox 734 4773 888 4828; x_wconf 80' lang='lat' dir='ltr'><strong>nobis</strong></span> <span class='ocrx_word' id='word_1_698' title='bbox 928 4775 1117 4829; x_wconf 85' lang='lat' dir='ltr'><strong>meus?</strong></span> <span class='ocrx_word' id='word_1_699' title='bbox 1146 4775 1268 4846; x_wconf 90' lang='lat' dir='ltr'><strong>quis</strong></span> <span class='ocrx_word' id='word_1_700' title='bbox 1307 4776 1470 4833; x_wconf 86' lang='lat' dir='ltr'><strong>ardor</strong></span> <span class='ocrx_word' id='word_1_701' title='bbox 1495 4777 1696 4832; x_wconf 87' lang='lat' dir='ltr'><strong>anitni?</strong></span> <span class='ocrx_word' id='word_1_702' title='bbox 1721 4779 1862 4850; x_wconf 92' lang='lat' dir='ltr'><strong>quod</strong></span> <span class='ocrx_word' id='word_1_703' title='bbox 1881 4779 2097 4835; x_wconf 79' lang='lat' dir='ltr'><strong>deside-</strong></span> 
     </span>
    </p>
   </div>
   <div class='ocr_carea' id='block_1_95' title="bbox 499 4866 2098 4943">
    <p class='ocr_par' dir='ltr' id='par_1_95' title="bbox 499 4866 2098 4943">
     <span class='ocr_line' id='line_1_95' title="bbox 499 4866 2098 4943; baseline 0.004 -19"><span class='ocrx_word' id='word_1_704' title='bbox 499 4869 636 4924; x_wconf 88' lang='lat' dir='ltr'><strong>rium</strong></span> <span class='ocrx_word' id='word_1_705' title='bbox 666 4866 1015 4924; x_wconf 91' lang='lat' dir='ltr'><strong>futurorum?</strong></span> <span class='ocrx_word' id='word_1_706' title='bbox 1043 4869 1164 4940; x_wconf 90' lang='lat' dir='ltr'><strong>quis</strong></span> <span class='ocrx_word' id='word_1_707' title='bbox 1191 4871 1534 4940; x_wconf 69' lang='lat' dir='ltr'><strong>praesentium</strong></span> <span class='ocrx_word' id='word_1_708' title='bbox 1557 4874 1937 4943; x_wconf 88' lang='lat' dir='ltr'><strong>contemptus?</strong></span> <span class='ocrx_word' id='word_1_709' title='bbox 1968 4874 2098 4930; x_wconf 84' lang='lat' dir='ltr'><strong>faci-</strong></span> 
     </span>
    </p>
   </div>
   <div class='ocr_carea' id='block_1_96' title="bbox 497 4959 2096 5038">
    <p class='ocr_par' dir='ltr' id='par_1_96' title="bbox 497 4959 2096 5038">
     <span class='ocr_line' id='line_1_96' title="bbox 497 4959 2096 5038; baseline 0.006 -23"><span class='ocrx_word' id='word_1_710' title='bbox 497 4959 602 5018; x_wconf 90' lang='lat' dir='ltr'><strong>lius</strong></span> <span class='ocrx_word' id='word_1_711' title='bbox 630 4961 820 5018; x_wconf 89' lang='lat' dir='ltr'><strong>sentiri</strong></span> <span class='ocrx_word' id='word_1_712' title='bbox 850 4977 1011 5033; x_wconf 89' lang='lat' dir='ltr'><strong>quam</strong></span> <span class='ocrx_word' id='word_1_713' title='bbox 1034 4961 1141 5018; x_wconf 91' lang='lat' dir='ltr'><strong>dici</strong></span> <span class='ocrx_word' id='word_1_714' title='bbox 1166 4970 1362 5034; x_wconf 88' lang='lat' dir='ltr'><strong>potest.</strong></span> <span class='ocrx_word' id='word_1_715' title='bbox 1380 4964 1482 5019; x_wconf 84' lang='lat' dir='ltr'><strong>Aut</strong></span> <span class='ocrx_word' id='word_1_716' title='bbox 1516 4967 1636 5036; x_wconf 92' lang='lat' dir='ltr'><strong>quis</strong></span> <span class='ocrx_word' id='word_1_717' title='bbox 1665 4976 1771 5032; x_wconf 85' lang='lat' dir='ltr'><strong>est,</strong></span> <span class='ocrx_word' id='word_1_718' title='bbox 1787 4968 1877 5038; x_wconf 90' lang='lat' dir='ltr'><strong>qui</strong></span> <span class='ocrx_word' id='word_1_719' title='bbox 1901 4985 2006 5024; x_wconf 91' lang='lat' dir='ltr'><strong>non</strong></span> <span class='ocrx_word' id='word_1_720' title='bbox 2028 4968 2096 5024; x_wconf 90' lang='lat' dir='ltr'><strong>ad</strong></span> 
     </span>
    </p>
   </div>
   <div class='ocr_carea' id='block_1_97' title="bbox 500 5053 2091 5127">
    <p class='ocr_par' dir='ltr' id='par_1_97' title="bbox 500 5053 2091 5127">
     <span class='ocr_line' id='line_1_97' title="bbox 500 5053 2091 5127; baseline 0.005 -17"><span class='ocrx_word' id='word_1_721' title='bbox 500 5053 601 5110; x_wconf 91' lang='lat' dir='ltr'><strong>ista</strong></span> <span class='ocrx_word' id='word_1_722' title='bbox 632 5055 888 5112; x_wconf 87' lang='lat' dir='ltr'><strong>festinans</strong></span> <span class='ocrx_word' id='word_1_723' title='bbox 915 5055 1138 5112; x_wconf 91' lang='lat' dir='ltr'><strong>dissolvi</strong></span> <span class='ocrx_word' id='word_1_724' title='bbox 1170 5071 1229 5112; x_wconf 89' lang='lat' dir='ltr'><strong>se</strong></span> <span class='ocrx_word' id='word_1_725' title='bbox 1257 5059 1460 5127; x_wconf 86' lang='lat' dir='ltr'><strong>cupiat,</strong></span> <span class='ocrx_word' id='word_1_726' title='bbox 1493 5068 1548 5114; x_wconf 90' lang='lat' dir='ltr'><strong>et</strong></span> <span class='ocrx_word' id='word_1_727' title='bbox 1575 5074 1696 5116; x_wconf 91' lang='lat' dir='ltr'><strong>esse</strong></span> <span class='ocrx_word' id='word_1_728' title='bbox 1718 5075 1837 5116; x_wconf 90' lang='lat' dir='ltr'><strong>cum</strong></span> <span class='ocrx_word' id='word_1_729' title='bbox 1871 5061 2091 5118; x_wconf 89' lang='lat' dir='ltr'><strong>Christo</strong></span> 
     </span>
    </p>
   </div>
   <div class='ocr_carea' id='block_1_98' title="bbox 500 5147 2094 5226">
    <p class='ocr_par' dir='ltr' id='par_1_98' title="bbox 500 5147 2094 5226">
     <span class='ocr_line' id='line_1_98' title="bbox 500 5147 2094 5226; baseline 0.005 -22"><span class='ocrx_word' id='word_1_730' title='bbox 500 5147 765 5220; x_wconf 75' lang='lat' dir='ltr'><strong>(Philipp.</strong></span> <span class='ocrx_word' id='word_1_731' title='bbox 792 5166 831 5215; x_wconf 90' lang='grc' dir='ltr'><strong>ι,</strong></span> <span class='ocrx_word' id='word_1_732' title='bbox 861 5150 991 5222; x_wconf 70' lang='lat'><strong>25)?</strong></span> <span class='ocrx_word' id='word_1_733' title='bbox 1021 5149 1129 5206; x_wconf 78' lang='lat' dir='ltr'><strong>Aut</strong></span> <span class='ocrx_word' id='word_1_734' title='bbox 1158 5150 1286 5222; x_wconf 91' lang='lat' dir='ltr'><strong>quid</strong></span> <span class='ocrx_word' id='word_1_735' title='bbox 1331 5167 1584 5223; x_wconf 87' lang='lat' dir='ltr'><strong>magnum</strong></span> <span class='ocrx_word' id='word_1_736' title='bbox 1617 5165 1699 5210; x_wconf 89' lang='lat' dir='ltr'><strong>est</strong></span> <span class='ocrx_word' id='word_1_737' title='bbox 1726 5155 1774 5210; x_wconf 91' lang='lat' dir='ltr'><strong>si</strong></span> <span class='ocrx_word' id='word_1_738' title='bbox 1802 5171 1898 5226; x_wconf 90' lang='lat' dir='ltr'><strong>pro</strong></span> <span class='ocrx_word' id='word_1_739' title='bbox 1929 5157 2094 5212; x_wconf 85' lang='lat' dir='ltr'><strong>tantis</strong></span> 
     </span>
    </p>
   </div>
   <div class='ocr_carea' id='block_1_99' title="bbox 501 5243 2096 5322">
    <p class='ocr_par' dir='ltr' id='par_1_99' title="bbox 501 5243 2096 5322">
     <span class='ocr_line' id='line_1_99' title="bbox 501 5243 2096 5322; baseline 0.006 -24"><span class='ocrx_word' id='word_1_740' title='bbox 501 5259 565 5299; x_wconf 87' lang='lat' dir='ltr'><strong>ac</strong></span> <span class='ocrx_word' id='word_1_741' title='bbox 620 5243 818 5300; x_wconf 89' lang='lat' dir='ltr'><strong>talibus</strong></span> <span class='ocrx_word' id='word_1_742' title='bbox 883 5244 1039 5300; x_wconf 83' lang='lat' dir='ltr'><strong>bonis</strong></span> <span class='ocrx_word' id='word_1_743' title='bbox 1106 5261 1255 5302; x_wconf 90' lang='lat' dir='ltr'><strong>mors</strong></span> <span class='ocrx_word' id='word_1_744' title='bbox 1328 5255 1743 5314; x_wconf 89' lang='lat' dir='ltr'><strong>contemnatur,</strong></span> <span class='ocrx_word' id='word_1_745' title='bbox 1805 5266 1903 5319; x_wconf 90' lang='lat' dir='ltr'><strong>pro</strong></span> <span class='ocrx_word' id='word_1_746' title='bbox 1975 5253 2096 5322; x_wconf 91' lang='lat' dir='ltr'><strong>qui-</strong></span> 
     </span>
    </p>
   </div>
   <div class='ocr_carea' id='block_1_100' title="bbox 501 5336 2097 5413">
    <p class='ocr_par' dir='ltr' id='par_1_100' title="bbox 501 5336 2097 5413">
     <span class='ocr_line' id='line_1_100' title="bbox 501 5336 2097 5413; baseline 0.004 -22"><span class='ocrx_word' id='word_1_747' title='bbox 501 5336 602 5392; x_wconf 88' lang='lat' dir='ltr'><strong>bus</strong></span> <span class='ocrx_word' id='word_1_748' title='bbox 630 5336 794 5391; x_wconf 87' lang='lat' dir='ltr'><strong>etiam</strong></span> <span class='ocrx_word' id='word_1_749' title='bbox 835 5337 952 5390; x_wconf 76' lang='lat' dir='ltr'><strong>lucc</strong></span> <span class='ocrx_word' id='word_1_750' title='bbox 992 5339 1098 5391; x_wconf 87' lang='lat' dir='ltr'><strong>vita</strong></span> <span class='ocrx_word' id='word_1_751' title='bbox 1137 5339 1534 5394; x_wconf 88' lang='lat' dir='ltr'><strong>contemnenda</strong></span> <span class='ocrx_word' id='word_1_752' title='bbox 1563 5350 1684 5396; x_wconf 89' lang='lat' dir='ltr'><strong>est:</strong></span> <span class='ocrx_word' id='word_1_753' title='bbox 1712 5341 1967 5411; x_wconf 88' lang='lat' dir='ltr'><strong>quoniam</strong></span> <span class='ocrx_word' id='word_1_754' title='bbox 1997 5357 2097 5413; x_wconf 88' lang='lat' dir='ltr'><strong>pro</strong></span> 
     </span>
    </p>
   </div>
   <div class='ocr_carea' id='block_1_101' title="bbox 501 5428 2095 5503">
    <p class='ocr_par' dir='ltr' id='par_1_101' title="bbox 501 5428 2095 5503">
     <span class='ocr_line' id='line_1_101' title="bbox 501 5428 2095 5503; baseline 0.003 -17"><span class='ocrx_word' id='word_1_755' title='bbox 501 5431 568 5486; x_wconf 90' lang='lat' dir='ltr'><strong>iis</strong></span> <span class='ocrx_word' id='word_1_756' title='bbox 611 5434 704 5503; x_wconf 91' lang='lat' dir='ltr'><strong>qui</strong></span> <span class='ocrx_word' id='word_1_757' title='bbox 761 5428 1057 5500; x_wconf 86' lang='lat' dir='ltr'><strong>perdiderit</strong></span> <span class='ocrx_word' id='word_1_758' title='bbox 1106 5431 1341 5488; x_wconf 90' lang='lat' dir='ltr'><strong>animam</strong></span> <span class='ocrx_word' id='word_1_759' title='bbox 1381 5447 1554 5500; x_wconf 91' lang='lat' dir='ltr'><strong>suam,</strong></span> <span class='ocrx_word' id='word_1_760' title='bbox 1589 5433 1762 5490; x_wconf 88' lang='lat' dir='ltr'><strong>salvat</strong></span> <span class='ocrx_word' id='word_1_761' title='bbox 1811 5434 1975 5490; x_wconf 89' lang='lat' dir='ltr'><strong>illam.</strong></span> <span class='ocrx_word' id='word_1_762' title='bbox 2024 5436 2095 5491; x_wconf 87' lang='lat' dir='ltr'><strong>At</strong></span> 
     </span>
    </p>
   </div>
   <div class='ocr_carea' id='block_1_102' title="bbox 504 5523 2094 5598">
    <p class='ocr_par' dir='ltr' id='par_1_102' title="bbox 504 5523 2094 5598">
     <span class='ocr_line' id='line_1_102' title="bbox 504 5523 2094 5598; baseline 0.004 -18"><span class='ocrx_word' id='word_1_763' title='bbox 504 5532 694 5580; x_wconf 88' lang='lat' dir='ltr'><strong>contra</strong></span> <span class='ocrx_word' id='word_1_764' title='bbox 724 5525 812 5595; x_wconf 92' lang='lat' dir='ltr'><strong>qui</strong></span> <span class='ocrx_word' id='word_1_765' title='bbox 847 5524 934 5580; x_wconf 89' lang='lat' dir='ltr'><strong>hic</strong></span> <span class='ocrx_word' id='word_1_766' title='bbox 968 5523 1258 5580; x_wconf 87' lang='lat' dir='ltr'><strong>salvaverit</strong></span> <span class='ocrx_word' id='word_1_767' title='bbox 1286 5525 1520 5583; x_wconf 88' lang='lat' dir='ltr'><strong>animam</strong></span> <span class='ocrx_word' id='word_1_768' title='bbox 1551 5543 1726 5592; x_wconf 89' lang='lat' dir='ltr'><strong>suam,</strong></span> <span class='ocrx_word' id='word_1_769' title='bbox 1761 5529 1951 5598; x_wconf 87' lang='lat' dir='ltr'><strong>perdet</strong></span> <span class='ocrx_word' id='word_1_770' title='bbox 1975 5546 2094 5586; x_wconf 82' lang='lat' dir='ltr'><strong>eam</strong></span> 
     </span>
    </p>
   </div>
   <div class='ocr_carea' id='block_1_103' title="bbox 509 5615 2096 5690">
    <p class='ocr_par' dir='ltr' id='par_1_103' title="bbox 509 5615 2096 5690">
     <span class='ocr_line' id='line_1_103' title="bbox 509 5615 2096 5690; baseline 0.005 -19"><span class='ocrx_word' id='word_1_771' title='bbox 509 5616 724 5687; x_wconf 84' lang='lat' dir='ltr'><strong>(Matth.</strong></span> <span class='ocrx_word' id='word_1_772' title='bbox 755 5634 813 5688; x_wconf 76' lang='grc' dir='ltr'><strong>ι,</strong></span> <span class='ocrx_word' id='word_1_773' title='bbox 847 5617 962 5688; x_wconf 77' lang='lat'><strong>59).</strong></span> <span class='ocrx_word' id='word_1_774' title='bbox 995 5615 1210 5673; x_wconf 84' lang='lat' dir='ltr'><strong>Etenim</strong></span> <span class='ocrx_word' id='word_1_775' title='bbox 1241 5633 1363 5674; x_wconf 91' lang='lat' dir='ltr'><strong>cum</strong></span> <span class='ocrx_word' id='word_1_776' title='bbox 1407 5621 1648 5690; x_wconf 87' lang='lat' dir='ltr'><strong>plerique</strong></span> <span class='ocrx_word' id='word_1_777' title='bbox 1679 5621 1730 5676; x_wconf 91' lang='lat' dir='ltr'><strong>in</strong></span> <span class='ocrx_word' id='word_1_778' title='bbox 1762 5621 1865 5676; x_wconf 87' lang='lat' dir='ltr'><strong>hoc</strong></span> <span class='ocrx_word' id='word_1_779' title='bbox 1897 5625 2096 5679; x_wconf 88' lang='lat' dir='ltr'><strong>mundo</strong></span> 
     </span>
    </p>
   </div>
   <div class='ocr_carea' id='block_1_104' title="bbox 505 5711 2098 5779">
    <p class='ocr_par' dir='ltr' id='par_1_104' title="bbox 505 5711 2098 5779">
     <span class='ocr_line' id='line_1_104' title="bbox 505 5711 2098 5779; baseline 0.005 -13"><span class='ocrx_word' id='word_1_780' title='bbox 505 5713 651 5767; x_wconf 89' lang='lat' dir='ltr'><strong>velut</strong></span> <span class='ocrx_word' id='word_1_781' title='bbox 693 5711 977 5768; x_wconf 89' lang='lat' dir='ltr'><strong>furialibus</strong></span> <span class='ocrx_word' id='word_1_782' title='bbox 1021 5711 1272 5779; x_wconf 82' lang='lat' dir='ltr'><strong>flammis,</strong></span> <span class='ocrx_word' id='word_1_783' title='bbox 1321 5713 1393 5766; x_wconf 91' lang='lat' dir='ltr'><strong>ita</strong></span> <span class='ocrx_word' id='word_1_784' title='bbox 1439 5713 1550 5768; x_wconf 88' lang='lat' dir='ltr'><strong>sint</strong></span> <span class='ocrx_word' id='word_1_785' title='bbox 1594 5715 1757 5770; x_wconf 90' lang='lat' dir='ltr'><strong>animi</strong></span> <span class='ocrx_word' id='word_1_786' title='bbox 1797 5716 2098 5775; x_wconf 90' lang='lat' dir='ltr'><strong>ambitione</strong></span> 
     </span>
    </p>
   </div>
   <div class='ocr_carea' id='block_1_105' title="bbox 505 5806 2094 5881">
    <p class='ocr_par' dir='ltr' id='par_1_105' title="bbox 505 5806 2094 5881">
     <span class='ocr_line' id='line_1_105' title="bbox 505 5806 2094 5881; baseline 0.004 -19"><span class='ocrx_word' id='word_1_787' title='bbox 505 5806 780 5875; x_wconf 84' lang='lat' dir='ltr'><strong>succensi,</strong></span> <span class='ocrx_word' id='word_1_788' title='bbox 827 5815 886 5864; x_wconf 87' lang='lat' dir='ltr'><strong>ut</strong></span> <span class='ocrx_word' id='word_1_789' title='bbox 923 5822 1036 5865; x_wconf 91' lang='lat' dir='ltr'><strong>non</strong></span> <span class='ocrx_word' id='word_1_790' title='bbox 1067 5806 1260 5879; x_wconf 84' lang='lat' dir='ltr'><strong>opibus</strong></span> <span class='ocrx_word' id='word_1_791' title='bbox 1303 5807 1560 5879; x_wconf 84' lang='lat' dir='ltr'><strong>conditis,</strong></span> <span class='ocrx_word' id='word_1_792' title='bbox 1605 5824 1707 5870; x_wconf 85' lang='lat' dir='ltr'><strong>nec</strong></span> <span class='ocrx_word' id='word_1_793' title='bbox 1736 5810 2094 5881; x_wconf 77' lang='lat' dir='ltr'><strong>patrimoniis,</strong></span> 
     </span>
    </p>
   </div>
   <div class='ocr_carea' id='block_1_106' title="bbox 2200 4689 3770 4764">
    <p class='ocr_par' dir='ltr' id='par_1_106' title="bbox 2200 4689 3770 4764">
     <span class='ocr_line' id='line_1_106' title="bbox 2200 4689 3770 4764; baseline -0.009 -12"><span class='ocrx_word' id='word_1_794' title='bbox 2200 4697 2554 4752; x_wconf 90' lang='lat' dir='ltr'><strong>Conferamus</strong></span> <span class='ocrx_word' id='word_1_795' title='bbox 2584 4694 2774 4764; x_wconf 87' lang='lat' dir='ltr'><strong>pedem</strong></span> <span class='ocrx_word' id='word_1_796' title='bbox 2806 4705 2997 4750; x_wconf 88' lang='lat' dir='ltr'><strong>contra</strong></span> <span class='ocrx_word' id='word_1_797' title='bbox 3031 4695 3183 4757; x_wconf 91' lang='lat' dir='ltr'><strong>istos,</strong></span> <span class='ocrx_word' id='word_1_798' title='bbox 3217 4694 3260 4748; x_wconf 90' lang='lat' dir='ltr'><strong>si</strong></span> <span class='ocrx_word' id='word_1_799' title='bbox 3288 4693 3395 4749; x_wconf 92' lang='lat' dir='ltr'><strong>dici</strong></span> <span class='ocrx_word' id='word_1_800' title='bbox 3424 4693 3503 4749; x_wconf 77' lang='lat' dir='ltr'><strong>fas</strong></span> <span class='ocrx_word' id='word_1_801' title='bbox 3523 4701 3624 4759; x_wconf 89' lang='lat' dir='ltr'><strong>est,</strong></span> <span class='ocrx_word' id='word_1_802' title='bbox 3649 4689 3770 4744; x_wconf 87' lang='lat' dir='ltr'><strong>tilios</strong></span> 
     </span>
    </p>
   </div>
   <div class='ocr_carea' id='block_1_107' title="bbox 2196 4776 3773 4855">
    <p class='ocr_par' dir='ltr' id='par_1_107' title="bbox 2196 4776 3773 4855">
     <span class='ocr_line' id='line_1_107' title="bbox 2196 4776 3773 4855; baseline -0.008 -12"><span class='ocrx_word' id='word_1_803' title='bbox 2196 4786 2534 4854; x_wconf 64' lang='lat' dir='ltr'><strong>Judazorum,</strong></span> <span class='ocrx_word' id='word_1_804' title='bbox 2565 4797 2620 4840; x_wconf 87' lang='lat' dir='ltr'><strong>et</strong></span> <span class='ocrx_word' id='word_1_805' title='bbox 2646 4799 2704 4841; x_wconf 86' lang='lat' dir='ltr'><strong>ut</strong></span> <span class='ocrx_word' id='word_1_806' title='bbox 2733 4801 2905 4855; x_wconf 80' lang='lat' dir='ltr'><strong>nuper</strong></span> <span class='ocrx_word' id='word_1_807' title='bbox 2931 4801 3118 4838; x_wconf 85' lang='lat' dir='ltr'><strong>eorum</strong></span> <span class='ocrx_word' id='word_1_808' title='bbox 3151 4797 3460 4853; x_wconf 85' lang='lat' dir='ltr'><strong>parentem,</strong></span> <span class='ocrx_word' id='word_1_809' title='bbox 3496 4782 3546 4838; x_wconf 93' lang='lat' dir='ltr'><strong>id</strong></span> <span class='ocrx_word' id='word_1_810' title='bbox 3574 4789 3670 4843; x_wconf 88' lang='lat' dir='ltr'><strong>est,</strong></span> <span class='ocrx_word' id='word_1_811' title='bbox 3692 4776 3773 4832; x_wconf 80' lang='lat' dir='ltr'><strong>Ju-</strong></span> 
     </span>
    </p>
   </div>
   <div class='ocr_carea' id='block_1_108' title="bbox 2200 4874 3771 4949">
    <p class='ocr_par' dir='ltr' id='par_1_108' title="bbox 2200 4874 3771 4949">
     <span class='ocr_line' id='line_1_108' title="bbox 2200 4874 3771 4949; baseline -0.009 -15"><span class='ocrx_word' id='word_1_812' title='bbox 2200 4879 2372 4934; x_wconf 62' lang='lat' dir='ltr'><strong>daeum</strong></span> <span class='ocrx_word' id='word_1_813' title='bbox 2403 4879 2491 4949; x_wconf 92' lang='lat' dir='ltr'><strong>qui</strong></span> <span class='ocrx_word' id='word_1_814' title='bbox 2539 4893 2599 4933; x_wconf 91' lang='lat' dir='ltr'><strong>se</strong></span> <span class='ocrx_word' id='word_1_815' title='bbox 2643 4879 2696 4933; x_wconf 91' lang='lat' dir='ltr'><strong>in</strong></span> <span class='ocrx_word' id='word_1_816' title='bbox 2727 4878 3015 4946; x_wconf 72' lang='lat' dir='ltr'><strong>sacrilegio</strong></span> <span class='ocrx_word' id='word_1_817' title='bbox 3043 4877 3365 4946; x_wconf 88' lang='lat' dir='ltr'><strong>prudentem</strong></span> <span class='ocrx_word' id='word_1_818' title='bbox 3395 4874 3612 4929; x_wconf 91' lang='lat' dir='ltr'><strong>nimium</strong></span> <span class='ocrx_word' id='word_1_819' title='bbox 3640 4881 3771 4941; x_wconf 81' lang='lat' dir='ltr'><strong>puta-</strong></span> 
     </span>
    </p>
   </div>
   <div class='ocr_carea' id='block_1_109' title="bbox 2201 4957 3769 5039">
    <p class='ocr_par' dir='ltr' id='par_1_109' title="bbox 2201 4957 3769 5039">
     <span class='ocr_line' id='line_1_109' title="bbox 2201 4957 3769 5039; baseline -0.008 -12"><span class='ocrx_word' id='word_1_820' title='bbox 2201 4971 2312 5033; x_wconf 88' lang='lat' dir='ltr'><strong>bat.</strong></span> <span class='ocrx_word' id='word_1_821' title='bbox 2370 4971 2512 5026; x_wconf 88' lang='lat' dir='ltr'><strong>dono</strong></span> <span class='ocrx_word' id='word_1_822' title='bbox 2562 4971 2784 5024; x_wconf 88' lang='lat' dir='ltr'><strong>Deitatis</strong></span> <span class='ocrx_word' id='word_1_823' title='bbox 2823 4969 3240 5039; x_wconf 91' lang='lat' dir='ltr'><strong>oppressimus:</strong></span> <span class='ocrx_word' id='word_1_824' title='bbox 3284 4970 3354 5023; x_wconf 81' lang='lat' dir='ltr'><strong>ita</strong></span> <span class='ocrx_word' id='word_1_825' title='bbox 3402 4977 3456 5024; x_wconf 90' lang='lat' dir='ltr'><strong>et</strong></span> <span class='ocrx_word' id='word_1_826' title='bbox 3499 4968 3632 5020; x_wconf 89' lang='lat' dir='ltr'><strong>banc</strong></span> <span class='ocrx_word' id='word_1_827' title='bbox 3681 4957 3769 5015; x_wconf 88' lang='lat' dir='ltr'><strong>sub</strong></span> 
     </span>
    </p>
   </div>
   <div class='ocr_carea' id='block_1_110' title="bbox 2201 5059 3770 5133">
    <p class='ocr_par' dir='ltr' id='par_1_110' title="bbox 2201 5059 3770 5133">
     <span class='ocr_line' id='line_1_110' title="bbox 2201 5059 3770 5133; baseline -0.01 -13"><span class='ocrx_word' id='word_1_828' title='bbox 2201 5063 2510 5120; x_wconf 87' lang='lat' dir='ltr'><strong>Christiano</strong></span> <span class='ocrx_word' id='word_1_829' title='bbox 2539 5064 2758 5117; x_wconf 85' lang='lat' dir='ltr'><strong>nomine</strong></span> <span class='ocrx_word' id='word_1_830' title='bbox 2784 5065 3262 5133; x_wconf 83' lang='lat' dir='ltr'><strong>blaspttetniarium</strong></span> <span class='ocrx_word' id='word_1_831' title='bbox 3289 5061 3528 5116; x_wconf 87' lang='lat' dir='ltr'><strong>sobolem</strong></span> <span class='ocrx_word' id='word_1_832' title='bbox 3547 5059 3770 5114; x_wconf 87' lang='lat' dir='ltr'><strong>destrua-</strong></span> 
     </span>
    </p>
   </div>
   <div class='ocr_carea' id='block_1_111' title="bbox 2203 5149 3767 5228">
    <p class='ocr_par' dir='ltr' id='par_1_111' title="bbox 2203 5149 3767 5228">
     <span class='ocr_line' id='line_1_111' title="bbox 2203 5149 3767 5228; baseline -0.01 -15"><span class='ocrx_word' id='word_1_833' title='bbox 2203 5174 2346 5224; x_wconf 88' lang='lat' dir='ltr'><strong>mus,</strong></span> <span class='ocrx_word' id='word_1_834' title='bbox 2383 5173 2478 5228; x_wconf 85' lang='lat' dir='ltr'><strong>per</strong></span> <span class='ocrx_word' id='word_1_835' title='bbox 2514 5173 2636 5212; x_wconf 91' lang='lat' dir='ltr'><strong>eum</strong></span> <span class='ocrx_word' id='word_1_836' title='bbox 2664 5157 2753 5226; x_wconf 89' lang='lat' dir='ltr'><strong>qui</strong></span> <span class='ocrx_word' id='word_1_837' title='bbox 2802 5156 2938 5210; x_wconf 78' lang='lat' dir='ltr'><strong>dixit</strong></span> <span class='ocrx_word' id='word_1_838' title='bbox 2966 5173 2982 5213; x_wconf 70' lang='grc' dir='ltr'>ς</span> <span class='ocrx_word' id='word_1_839' title='bbox 3011 5155 3238 5210; x_wconf 82' lang='lat' dir='ltr'><strong>Perdant</strong></span> <span class='ocrx_word' id='word_1_840' title='bbox 3257 5156 3559 5222; x_wconf 82' lang='lat' dir='ltr'><strong>sapientiam</strong></span> <span class='ocrx_word' id='word_1_841' title='bbox 3586 5149 3767 5220; x_wconf 81' lang='lat' dir='ltr'><strong>sapien-</strong></span> 
     </span>
    </p>
   </div>
   <div class='ocr_carea' id='block_1_112' title="bbox 2202 5242 3767 5322">
    <p class='ocr_par' dir='ltr' id='par_1_112' title="bbox 2202 5242 3767 5322">
     <span class='ocr_line' id='line_1_112' title="bbox 2202 5242 3767 5322; baseline -0.003 -17"><span class='ocrx_word' id='word_1_842' title='bbox 2202 5253 2350 5319; x_wconf 89' lang='lat' dir='ltr'><strong>tium,</strong></span> <span class='ocrx_word' id='word_1_843' title='bbox 2379 5260 2426 5305; x_wconf 87' lang='lat' dir='ltr'><strong>et</strong></span> <span class='ocrx_word' id='word_1_844' title='bbox 2452 5249 2778 5322; x_wconf 81' lang='lat' dir='ltr'><strong>prudentiam</strong></span> <span class='ocrx_word' id='word_1_845' title='bbox 2812 5248 3145 5321; x_wconf 78' lang='lat' dir='ltr'><strong>prudentium</strong></span> <span class='ocrx_word' id='word_1_846' title='bbox 3175 5248 3484 5317; x_wconf 83' lang='lat' dir='ltr'><strong>reprobrabo</strong></span> <span class='ocrx_word' id='word_1_847' title='bbox 3514 5248 3531 5313; x_wconf 86' lang='lat'><strong>(</strong></span> <span class='ocrx_word' id='word_1_848' title='bbox 3549 5246 3570 5300; x_wconf 91' lang='lat' dir='ltr'><strong>l</strong></span> <span class='ocrx_word' id='word_1_849' title='bbox 3597 5242 3704 5298; x_wconf 82' lang='lat' dir='ltr'><strong>Cor.</strong></span> <span class='ocrx_word' id='word_1_850' title='bbox 3735 5253 3767 5300; x_wconf 78' lang='grc' dir='ltr'><strong>ι.</strong></span> 
     </span>
    </p>
   </div>
   <div class='ocr_carea' id='block_1_113' title="bbox 2203 5333 3767 5413">
    <p class='ocr_par' dir='ltr' id='par_1_113' title="bbox 2203 5333 3767 5413">
     <span class='ocr_line' id='line_1_113' title="bbox 2203 5333 3767 5413; baseline -0.013 -13"><span class='ocrx_word' id='word_1_851' title='bbox 2203 5345 2296 5413; x_wconf 75' lang='grc'><strong>17)</strong></span> <span class='ocrx_word' id='word_1_852' title='bbox 2325 5361 2338 5398; x_wconf 90' lang='lat'><strong>:</strong></span> <span class='ocrx_word' id='word_1_853' title='bbox 2371 5351 2428 5398; x_wconf 89' lang='lat' dir='ltr'><strong>ut</strong></span> <span class='ocrx_word' id='word_1_854' title='bbox 2469 5351 2524 5397; x_wconf 87' lang='lat' dir='ltr'><strong>et</strong></span> <span class='ocrx_word' id='word_1_855' title='bbox 2571 5358 2672 5399; x_wconf 87' lang='lat' dir='ltr'><strong>nos</strong></span> <span class='ocrx_word' id='word_1_856' title='bbox 2716 5341 2770 5397; x_wconf 87' lang='lat' dir='ltr'><strong>itt</strong></span> <span class='ocrx_word' id='word_1_857' title='bbox 2817 5341 3093 5412; x_wconf 82' lang='lat' dir='ltr'><strong>triumpho</strong></span> <span class='ocrx_word' id='word_1_858' title='bbox 3122 5341 3336 5411; x_wconf 88' lang='lat' dir='ltr'><strong>gemino</strong></span> <span class='ocrx_word' id='word_1_859' title='bbox 3378 5355 3468 5408; x_wconf 88' lang='lat' dir='ltr'><strong>per</strong></span> <span class='ocrx_word' id='word_1_860' title='bbox 3506 5333 3767 5392; x_wconf 86' lang='lat' dir='ltr'><strong>Dominum</strong></span> 
     </span>
    </p>
   </div>
   <div class='ocr_carea' id='block_1_114' title="bbox 2201 5429 3766 5507">
    <p class='ocr_par' dir='ltr' id='par_1_114' title="bbox 2201 5429 3766 5507">
     <span class='ocr_line' id='line_1_114' title="bbox 2201 5429 3766 5507; baseline -0.01 -17"><span class='ocrx_word' id='word_1_861' title='bbox 2201 5435 2530 5507; x_wconf 87' lang='lat' dir='ltr'><strong>gloriemur;</strong></span> <span class='ocrx_word' id='word_1_862' title='bbox 2581 5445 2634 5489; x_wconf 87' lang='lat' dir='ltr'><strong>et</strong></span> <span class='ocrx_word' id='word_1_863' title='bbox 2679 5433 2754 5488; x_wconf 90' lang='lat' dir='ltr'><strong>illi</strong></span> <span class='ocrx_word' id='word_1_864' title='bbox 2813 5442 3114 5503; x_wconf 80' lang='lat' dir='ltr'><strong>agnoscant</strong></span> <span class='ocrx_word' id='word_1_865' title='bbox 3159 5429 3565 5502; x_wconf 85' lang='lat' dir='ltr'><strong>intelligentiam</strong></span> <span class='ocrx_word' id='word_1_866' title='bbox 3609 5434 3766 5480; x_wconf 89' lang='lat' dir='ltr'><strong>rerum</strong></span> 
     </span>
    </p>
   </div>
   <div class='ocr_carea' id='block_1_115' title="bbox 2197 5511 3769 5594">
    <p class='ocr_par' dir='ltr' id='par_1_115' title="bbox 2197 5511 3769 5594">
     <span class='ocr_line' id='line_1_115' title="bbox 2197 5511 3769 5594; baseline -0.01 -9"><span class='ocrx_word' id='word_1_867' title='bbox 2197 5529 2502 5585; x_wconf 84' lang='lat' dir='ltr'><strong>divinarum</strong></span> <span class='ocrx_word' id='word_1_868' title='bbox 2527 5529 2580 5584; x_wconf 87' lang='lat' dir='ltr'><strong>in</strong></span> <span class='ocrx_word' id='word_1_869' title='bbox 2615 5526 2719 5583; x_wconf 82' lang='lat' dir='ltr'><strong>ﬁde</strong></span> <span class='ocrx_word' id='word_1_870' title='bbox 2744 5526 3009 5582; x_wconf 89' lang='lat' dir='ltr'><strong>catholica</strong></span> <span class='ocrx_word' id='word_1_871' title='bbox 3029 5565 3044 5594; x_wconf 88' lang='lat'><strong>,</strong></span> <span class='ocrx_word' id='word_1_872' title='bbox 3094 5543 3200 5580; x_wconf 86' lang='lat' dir='ltr'><strong>non</strong></span> <span class='ocrx_word' id='word_1_873' title='bbox 3232 5526 3284 5581; x_wconf 93' lang='lat' dir='ltr'><strong>in</strong></span> <span class='ocrx_word' id='word_1_874' title='bbox 3315 5523 3571 5594; x_wconf 87' lang='lat' dir='ltr'><strong>sapientia</strong></span> <span class='ocrx_word' id='word_1_875' title='bbox 3605 5511 3769 5572; x_wconf 65' lang='grc' dir='ltr'><strong>δεηθειιί</strong></span> 
     </span>
    </p>
   </div>
   <div class='ocr_carea' id='block_1_116' title="bbox 2196 5611 3766 5690">
    <p class='ocr_par' dir='ltr' id='par_1_116' title="bbox 2196 5611 3766 5690">
     <span class='ocr_line' id='line_1_116' title="bbox 2196 5611 3766 5690; baseline -0.01 -11"><span class='ocrx_word' id='word_1_876' title='bbox 2196 5625 2571 5690; x_wconf 74' lang='lat' dir='ltr'><strong>consumtum,</strong></span> <span class='ocrx_word' id='word_1_877' title='bbox 2632 5632 2886 5677; x_wconf 89' lang='lat' dir='ltr'><strong>monente</strong></span> <span class='ocrx_word' id='word_1_878' title='bbox 2939 5621 3167 5677; x_wconf 90' lang='lat' dir='ltr'><strong>Domino</strong></span> <span class='ocrx_word' id='word_1_879' title='bbox 3212 5639 3224 5674; x_wconf 77' lang='lat'><strong>.</strong></span> <span class='ocrx_word' id='word_1_880' title='bbox 3286 5617 3405 5675; x_wconf 83' lang='lat' dir='ltr'><strong>Nisi</strong></span> <span class='ocrx_word' id='word_1_881' title='bbox 3458 5611 3766 5671; x_wconf 80' lang='lat' dir='ltr'><strong>credideritis,</strong></span> 
     </span>
    </p>
   </div>
   <div class='ocr_carea' id='block_1_117' title="bbox 2199 5714 3766 5789">
    <p class='ocr_par' dir='ltr' id='par_1_117' title="bbox 2199 5714 3766 5789">
     <span class='ocr_line' id='line_1_117' title="bbox 2199 5714 3766 5789; baseline -0.006 -15"><span class='ocrx_word' id='word_1_882' title='bbox 2199 5736 2300 5774; x_wconf 84' lang='lat' dir='ltr'><strong>non</strong></span> <span class='ocrx_word' id='word_1_883' title='bbox 2337 5718 2632 5789; x_wconf 83' lang='lat' dir='ltr'><strong>intelligetis</strong></span> <span class='ocrx_word' id='word_1_884' title='bbox 2663 5714 2820 5788; x_wconf 84' lang='lat' dir='ltr'><strong>(Isai.</strong></span> <span class='ocrx_word' id='word_1_885' title='bbox 2854 5732 2966 5782; x_wconf 85' lang='lat' dir='ltr'><strong>vlt,</strong></span> <span class='ocrx_word' id='word_1_886' title='bbox 2997 5716 3054 5786; x_wconf 84' lang='lat'><strong>9)</strong></span> <span class='ocrx_word' id='word_1_887' title='bbox 3095 5735 3107 5772; x_wconf 92' lang='lat'><strong>:</strong></span> <span class='ocrx_word' id='word_1_888' title='bbox 3164 5725 3222 5770; x_wconf 91' lang='lat' dir='ltr'><strong>ut</strong></span> <span class='ocrx_word' id='word_1_889' title='bbox 3275 5714 3603 5770; x_wconf 81' lang='lat' dir='ltr'><strong>manifeStius</strong></span> <span class='ocrx_word' id='word_1_890' title='bbox 3648 5722 3766 5764; x_wconf 82' lang='lat' dir='ltr'><strong>con-</strong></span> 
     </span>
    </p>
   </div>
   <div class='ocr_carea' id='block_1_118' title="bbox 2199 5791 3767 5881">
    <p class='ocr_par' dir='ltr' id='par_1_118' title="bbox 2199 5791 3767 5881">
     <span class='ocr_line' id='line_1_118' title="bbox 2199 5791 3767 5881; baseline -0.01 -10"><span class='ocrx_word' id='word_1_891' title='bbox 2199 5822 2343 5879; x_wconf 83' lang='lat' dir='ltr'><strong>stet,</strong></span> <span class='ocrx_word' id='word_1_892' title='bbox 2381 5821 2434 5870; x_wconf 83' lang='lat' dir='ltr'><strong>ct</strong></span> <span class='ocrx_word' id='word_1_893' title='bbox 2491 5791 2742 5868; x_wconf 80' lang='lat' dir='ltr'><strong>ﬁdelibus</strong></span> <span class='ocrx_word' id='word_1_894' title='bbox 2798 5818 2986 5881; x_wconf 86' lang='lat' dir='ltr'><strong>patere</strong></span> <span class='ocrx_word' id='word_1_895' title='bbox 3040 5808 3376 5867; x_wconf 82' lang='lat' dir='ltr'><strong>inﬁdelitatis</strong></span> <span class='ocrx_word' id='word_1_896' title='bbox 3423 5806 3669 5866; x_wconf 85' lang='lat' dir='ltr'><strong>obscura,</strong></span> <span class='ocrx_word' id='word_1_897' title='bbox 3719 5804 3767 5850; x_wconf 79' lang='grc' dir='ltr'><strong>οι</strong></span> 
     </span>
    </p>
   </div>
  </div>
