3916 6288
150 326 155 333 ι
211 286 256 342 95
1064 268 1405 329 EPISTULA
1445 269 1533 327 Vl.
1577 267 1669 324 AD
1706 265 1972 327 AMICUM
2014 267 2395 328 IEGBOTUM.
3326 271 3398 328 94

200 400 245 458 ab
281 391 539 453 intidelibus
593 388 865 446 ﬁdelitatis
920 387 1087 443 etiam
1135 384 1293 458 plana
1353 402 1459 441 non
1525 383 1698 440 cerni.
1728 385 1785 448 Α
1808 384 1905 441 Dei
1934 385 2275 443 invocatione
2303 403 2408 444 non
2441 390 2610 459 potuit
2640 387 2708 459 (ll
2741 390 2866 464 Reg.
2897 406 2955 456 tt,
2994 390 3073 462 ιι).
3098 391 3202 448 Sed
3227 391 3397 449 fateor

246 489 334 547 Xll.
359 486 580 543 Forsitan
609 500 821 554 (ωαξης
852 499 951 555 pro
987 490 1078 538 tua
1106 482 1502 547 sollicitudine,
1536 482 1589 535 et
1620 482 1694 534 vi-

203 582 371 658 gilantia,
391 578 781 649 diligentiaque,
804 576 977 639 vitali,
999 591 1118 647 qua:
1139 574 1303 631 fuerit
1324 573 1414 629 illa
1437 574 1689 643 qurestio,

208 681 244 733 in
265 690 327 746 qua
361 672 634 741 lropltarum
674 671 835 725 nobis
869 669 1130 724 Dominus
1160 668 1226 723 de
1274 668 1409 722 falso
1449 665 1689 721 Israelita

212 768 364 825 donarit.
392 764 624 819 Referam
651 804 665 827 ,
699 777 801 816 nec
851 761 1076 827 tacebo,
1110 760 1365 831 quoniam
1398 760 1480 811 his
1525 760 1691 811 rebus

210 864 364 931 paginam
389 855 471 914 tibi
496 866 640 910 amas
663 852 901 910 extendi.
934 854 999 908 Et
1019 852 1061 907 si
1096 853 1240 908 enim
1272 866 1377 906 non
1409 864 1684 919 congrue,

206 952 351 1011 necdum
376 948 632 1021 prioribus
661 948 945 1014 absolutis,
972 947 1076 1001 alia
1105 954 1284 1015 coepta
1312 942 1592 998 videantur
1612 941 1689 996 in-

200 1045 529 1100 terseriztamen
580 1056 679 1111 pro
725 1049 778 1095 te
820 1040 965 1095 malo
1013 1039 1188 1108 aliqua
1218 1037 1381 1093 etiam
1430 1052 1537 1091 non
1589 1040 1688 1089 suo

195 1142 317 1197 ordine
340 1138 494 1207 laqui,
524 1151 684 1205 quam
732 1136 837 1190 tuis
867 1135 999 1190 mihi
1034 1133 1194 1189 modo
1221 1131 1556 1189 orationibus
1583 1128 1688 1184 do-

193 1246 269 1290 nata
304 1232 561 1303 przeterire.
594 1229 824 1298 Quidam
865 1230 931 1283 de
973 1226 1207 1283 inimicis
1243 1228 1420 1281 crucis
1448 1223 1684 1289 Christi,

192 1330 281 1385 inter
316 1326 570 1381 familiares
603 1323 724 1389 Dei,
757 1335 810 1378 et
838 1322 1058 1395 quidem
1103 1320 1379 1385 doctores,
1412 1318 1480 1373 de
1529 1332 1687 1373 scan-

194 1422 269 1475 tian
299 1418 370 1472 illa
412 1417 581 1488 gentis
631 1431 767 1483 sum,
800 1414 943 1486 quod
995 1416 1046 1469 in
1098 1412 1385 1468 Dominum
1437 1421 1682 1465 nostrum

195 1522 461 1582 susceperunt,
492 1510 688 1583 spiritu
724 1510 1075 1580 blasphemia)
1109 1508 1390 1562 Dominum
1435 1507 1681 1576 pulsans,

193 1608 333 1677 protulit
357 1607 585 1676 exempla
616 1604 685 1660 de
711 1604 850 1677 lege.
888 1603 955 1658 Et
982 1612 1039 1658 ut
1063 1602 1338 1675 quondam
1382 1608 1537 1673 pater
1566 1598 1683 1669 ejus

190 1698 371 1755 homicida
388 1699 431 1750 in
458 1698 622 1766 pinna
652 1695 864 1767 Templi
888 1694 1178 1751 Dominum
1200 1702 1436 1762 tentans,
1464 1692 1590 1763 quid
1613 1690 1683 1747 de

1796 478 1962 549 ipsius
1996 476 2132 534 hanc
2162 496 2280 551 quze
2327 483 2596 551 preposita
2644 493 2726 537 est
2756 482 2973 539 interim
3019 485 3187 540 fuisse
3226 472 3398 540 virtu-

1797 581 1921 638 tem,
1959 582 2016 627 ut
2053 574 2226 643 major
2268 574 2438 644 gloria
2471 585 2671 630 nostrae
2704 574 2829 632 fidei
2858 576 2949 637 sit.
2988 578 3033 632 si
3072 584 3395 632 tentatorem

1795 667 1958 722 etiam
1989 668 2115 722 dum
2141 669 2435 734 credimus,
2460 669 2850 741 upprimamus.
2878 668 3018 737 Quid
3046 671 3148 739 ais,
3182 660 3394 726 Domini

1792 754 2237 828 blasnhemator?
2276 761 2529 827 Eliszeuse
2558 762 2748 833 inquit,
2795 764 2908 833 ipse
2952 764 3196 819 mortuus
3227 750 3392 820 alium

1792 865 2066 908 mortuum
2109 865 2361 911 contactu
2401 856 2483 909 sui
2513 855 2760 924 curporis
2799 854 3098 911 suscitavit.
3128 848 3243 911 Hoc
3271 846 3393 911 loco

1792 947 1970 1015 plene,
2012 958 2070 1003 ut
2111 948 2162 1003 in
2192 949 2469 1015 omnibus,
2519 949 2747 1005 Domino
2777 964 2876 1005 suo
2909 949 3185 1021 prephctm
3214 950 3389 1006 virtus

1792 1059 2077 1119 assurgat,
2124 1065 2245 1120 quae
2292 1048 2345 1104 in
2381 1051 2609 1104 Domino
2634 1049 2761 1105 Jesu
2796 1049 3015 1104 Christo
3059 1040 3181 1105 cum
3212 1050 3395 1123 sepub-

1793 1158 1944 1197 crum
1989 1142 2105 1215 ejtts
2139 1133 2406 1215 lapidibus
2437 1143 2729 1199 infidelitas
2755 1150 2934 1197 vestra
2964 1128 3224 1208 munirei,
3257 1140 3393 1214 lapi-

1790 1234 1911 1289 dem
1961 1235 2165 1291 milites
2214 1235 2558 1302 obsiderent,
2597 1236 2762 1291 credo
2801 1250 2868 1290 ne
2918 1228 3242 1309 resurrectio
3271 1234 3391 1305 ejus

1787 1324 2000 1380 idoneis
2023 1325 2250 1381 testibus
2275 1324 2563 1396 indigeret.
2591 1314 2721 1380 Nam
2752 1330 3188 1381 resurrecturum
3216 1312 3263 1380 si
3297 1340 3391 1379 vo-

1789 1414 1984 1469 lebatls
2011 1416 2264 1484 credere,
2298 1418 2600 1473 noveratis.
2640 1416 2835 1472 Subito
2862 1418 3005 1472 enim
3036 1415 3125 1471 ille
3165 1402 3391 1472 infernis

1787 1518 1950 1566 terrae
1977 1511 2296 1567 cardinibus
2337 1512 2638 1577 concussis,
2669 1527 2790 1567 cum
2828 1519 3053 1583 stupore
3083 1500 3307 1566 militum
3336 1514 3393 1567 ct

1787 1603 1943 1659 ruina
1982 1620 2265 1671 saxorum,
2309 1621 2419 1662 non
2450 1607 2611 1661 alium
2644 1606 2912 1677 aliquem,
2946 1605 3041 1660 sed
3072 1620 3132 1660 se
3162 1604 3393 1660 suscita-

1786 1698 1858 1753 vit
1887 1697 1939 1753 in
1977 1699 2175 1754 lucem.
2213 1698 2395 1755 Elisaei
2440 1696 2556 1753 haec
2605 1698 2821 1767 propria
2865 1697 3005 1753 dona
3047 1698 3090 1752 si
3134 1696 3391 1766 fuissent,

188 1796 261 1861 ipso
294 1791 572 1859 promissum
619 1800 764 1847 esset
805 1788 859 1845 in
912 1787 1031 1860 lege
1088 1788 1369 1859 improbus
1413 1785 1678 1856 praedica-
1710 1784 1760 1846 B
1789 1789 1889 1845 sibi
1920 1790 2052 1847 dare
2099 1793 2381 1847 maluisset
2410 1808 2424 1849 :
2456 1806 2555 1847 nec
2586 1792 2847 1861 praestare
2887 1790 2978 1845 alii
3011 1799 3245 1860 puterat,
3281 1804 3388 1858 quo

188 1884 337 1937 ietzita
360 1881 433 1938 hic
455 1897 521 1938 ne
548 1892 647 1937 aut
670 1883 851 1937 minus
887 1881 1065 1937 docta:
1105 1878 1346 1951 perfidiae
1377 1878 1677 1947 videretur,

188 1976 404 2031 tutandum
436 1984 648 2047 pateret
689 1976 808 2031 sine
851 1974 1043 2047 majori
1092 1971 1417 2030 auctoritate
1459 1972 1680 2029 menda-

193 2072 282 2123 cium
298 2068 473 2136 :Plura,
501 2069 599 2131 ait,
621 2067 883 2125 miracula
906 2066 1171 2140 propheta
1193 2079 1379 2123 numer
1409 2065 1539 2121 fecit
1567 2065 1679 2121 Eli-

197 2177 432 2231 tamquam
465 2164 731 2219 Dominus
754 2171 933 2218 vester
960 2160 1232 2218 Christus.
1264 2160 1394 2217 Nam
1428 2176 1551 2215 cum
1582 2175 1679 2230 pro

192 2270 308 2324 nngno
324 2255 559 2310 Lazarum
593 2256 665 2311 de
696 2265 871 2311 morte
905 2253 961 2311 in
996 2255 1168 2309 lucem
1214 2266 1531 2311 revocatum
1561 2266 1681 2309 esse

187 2346 345 2402 referatis
367 2349 535 2416 (Joan.
568 2364 651 2414 ιι,
684 2347 798 2419 14),
829 2348 956 2418 quid
999 2347 1233 2418 amplius
1259 2344 1440 2402 dicere
1471 2346 1677 2416 poteri-

182 2440 236 2504 tis,
263 2456 382 2510 quam
426 2456 451 2494 a
496 2442 627 2497 vivo
677 2454 948 2497 mortuum
993 2441 1411 2497 resuscitatum?
1456 2439 1680 2496 Profero

177 2536 266 2601 quod
286 2550 436 2591 verum
462 2552 606 2605 esse,
639 2537 800 2592 etiam
828 2547 1007 2592 vestra
1036 2537 1380 2592 confessione
1400 2544 1674 2591 censetur.

175 2626 328 2682 Eliszens
348 2631 475 2684 enim
520 2639 713 2685 noster
733 2631 844 2700 jam
878 2643 1124 2685 mortuus
1163 2624 1424 2701 apposilis
1467 2629 1679 2685 ossibus

171 2720 263 2787 ejus,
295 2734 535 2778 mortuum
577 2726 765 2797 (quem
792 2722 950 2793 juxta
992 2739 1191 2793 corpus
1232 2723 1349 2794 ejus
1380 2724 1675 2794 piratarum

169 2812 316 2883 lugiens
356 2815 663 2883 adventum,
697 2818 942 2887 supremi
971 2816 1137 2872 cilicii
1178 2816 1438 2872 deserens
1483 2820 1680 2870 munus

169 2908 272 2962 turba
312 2910 620 2981 projecerat)
654 2909 924 2965 exanimis
951 2910 1232 2977 animavit,
1261 2917 1317 2964 et
1361 2907 1429 2964 de
1472 2907 1678 2979 frigidis

168 3000 315 3055 ossibus
335 3013 479 3074 atque
500 3004 770 3075 exsangui
802 3012 1051 3074 corpore,
1085 3004 1317 3059 alienum
1347 3002 1578 3057 cadaver
1603 3004 1680 3055 vi-

167 3093 383 3149 talicalorc
404 3096 643 3166 perfudit
669 3115 679 3149 :
703 3110 801 3151 nec
823 3096 963 3166 quod
990 3086 1197 3164 habuit,
1223 3095 1373 3150 dedit
1399 3115 1410 3150 :
1437 3095 1531 3151 sed
1561 3095 1674 3160 alii,

1789 1881 2051 1954 indigeret
2078 1882 2200 1939 sibi.
2249 1883 2486 1955 Denique
2537 1884 2639 1938 hoc
2670 1882 2846 1952 majus
2872 1897 2995 1938 esse
3021 1880 3184 1937 vestri
3217 1881 3379 1937 etiam

1788 1975 2145 2045 prodiderunt
2189 1977 2445 2046 majores,
2486 1976 2613 2031 dum
2644 1975 2930 2031 Dominum
2959 1973 3015 2029 in
3046 1988 3209 2029 cruce
3237 1972 3384 2028 deri-

1786 2073 1997 2142 tierent,
2031 2073 2277 2129 dicentes
2307 2092 2319 2127 :
2360 2064 2505 2128 Alios
2531 2073 2701 2127 salvos
2741 2071 2880 2141 fecit,
2925 2071 3152 2140 seipsum
3187 2064 3386 2122 saltant

1786 2166 1964 2234 faciat,
1997 2165 2269 2219 descendat
2287 2166 2349 2221 de
2371 2180 2539 2229 cruce,
2558 2175 2606 2219 et
2627 2163 2883 2219 credimus
2903 2162 2950 2217 ei
2972 2159 3188 2231 (Matth.
3217 2176 3384 2227 xxvii,

1784 2250 1877 2327 42)
1909 2274 1922 2312 :
1958 2266 2261 2313 vestrorum
2292 2266 2421 2328 ergo
2451 2254 2719 2312 sententia
2744 2256 3031 2311 vincimus.
3062 2254 3237 2309 Vestri
3262 2269 3389 2324 pro-

1786 2346 2051 2407 miserunt
2067 2366 2125 2406 se
2151 2350 2453 2406 credituros
2475 2354 2617 2417 es-e,
2641 2351 2684 2404 si
2713 2338 3057 2421 praestitisset
3086 2347 3215 2413 sibi,
3239 2342 3385 2417 quod

1784 2444 1905 2499 aliis
1932 2454 2192 2514 praestare
2232 2444 2625 2499 consuevisset.
2660 2442 2769 2497 Cur
2810 2455 2915 2495 non
2960 2438 3199 2504 creditis,
3234 2438 3379 2509 quod

1783 2548 1905 2590 esse
1931 2537 2277 2606 praestantius
2309 2550 2414 2589 non
2450 2535 2692 2605 negatis?
2721 2531 2894 2589 Nemo
2924 2542 3071 2588 certe
3112 2531 3252 2585 hanc
3283 2528 3383 2585 ha-

1786 2631 1900 2684 buit
1932 2639 2274 2699 putestatem.
2308 2629 2547 2701 Denique
2576 2636 2631 2684 et
2658 2628 2919 2683 Dominus
2948 2626 3079 2682 dicit
3111 2626 3179 2681 de
3204 2625 3386 2679 anima

1784 2740 1876 2778 sua
1910 2741 1922 2778 :
1950 2721 2267 2778 Potestatem
2294 2724 2454 2777 habeo
2481 2720 2707 2794 ponendi
2732 2736 2864 2786 cam,
2885 2730 2931 2775 et
2958 2720 3258 2793 potestatem
3286 2716 3386 2771 Ita-

1784 2820 1874 2873 beo
1903 2817 2195 2873 resumeudi
2241 2834 2358 2871 eam
2390 2814 2572 2889 (Joan.
2606 2831 2660 2880 ι,
2704 2813 2818 2886 18).
2848 2812 3096 2869 Recense
3125 2812 3389 2882 superbas

1784 2910 2050 2981 majorum
2082 2922 2293 2965 tuorum
2332 2911 2617 2980 imagines.
2647 2918 2701 2964 et
2738 2907 3168 2978 patriarcharum
3199 2894 3390 2963 retexe

1785 3004 2036 3069 virtutes,
2087 3012 2141 3059 et
2190 3003 2374 3057 inveni
2422 3002 2543 3073 quis
2590 3001 2752 3055 talem
2800 3000 2985 3056 habuit
3037 3006 3385 3070 potestatem.

1782 3096 1960 3161 Quare
1988 3113 2091 3152 non
2123 3096 2171 3152 ei
2199 3096 2442 3163 credam,
2469 3095 2611 3165 ίιιυιᾶ
2662 3095 2837 3164 possit
2886 3093 3117 3148 liberare
3145 3094 3381 3146 animam

164 3187 256 3252 qxtod
280 3188 506 3257 ipsetunc
531 3208 643 3246 non
670 3180 921 3255 habebat,
945 3191 1167 3246 indulsit
1192 3189 1253 3262 (ll
1274 3186 1400 3262 Reg.
1426 3188 1672 3259 χιιιἫ).
1705 3179 1751 3243 C
1786 3198 1981 3255 meam,
2017 3190 2106 3260 qui
2137 3190 2313 3260 potuit
2346 3200 2398 3243 et
2430 3189 2618 3242 suam?
2653 3186 2812 3242 Plura
2857 3186 3089 3248 dicturo.
3122 3186 3389 3256 suggessit

162 3280 238 3337 Hoc
260 3284 397 3340 credo
427 3284 579 3341 vobis
616 3286 792 3355 majus
835 3284 1049 3341 caeteris
1088 3285 1379 3339 virtutibus
1409 3284 1676 3350 videatur,

161 3382 360 3431 mortuum
403 3379 453 3432 iu
493 3393 661 3434 auras
689 3379 883 3433 vitales
916 3379 1206 3435 remissum
1258 3392 1377 3433 esse
1408 3394 1505 3448 per
1532 3364 1683 3433 mori

160 3474 262 3522 tuum
297 3480 379 3525 :et
406 3485 467 3526 eo
506 3470 759 3541 tempore
806 3486 911 3540 quo
959 3472 1077 3540 ipse
1118 3478 1262 3525 esset
1300 3470 1526 3523 naturali
1559 3469 1682 3539 lege

159 3564 430 3627 mnstrictus,
453 3564 616 3620 alteri
646 3566 816 3636 legem
839 3562 1069 3618 solvisse
1100 3570 1321 3619 naturae.
1342 3563 1452 3617 lloc
1474 3564 1518 3617 si
1544 3579 1682 3633 prae-

159 3663 229 3709 stat
250 3658 427 3714 cunctis
452 3657 888 3727 uperationihus,
913 3674 1011 3713 cur
1038 3658 1123 3712 hic
1146 3658 1322 3729 potior
1346 3674 1451 3711 non
1486 3657 1677 3711 habea-

160 3757 233 3812 tur,
253 3765 383 3820 quem
410 3764 589 3807 tamen
627 3752 973 3823 prophetam,
1003 3766 1105 3806 non
1143 3752 1423 3805 Dominum
1456 3751 1683 3805 cuttlitco‘

159 3855 241 3896 mur
265 3853 374 3899 :aut
398 3846 441 3901 si
469 3845 561 3901 vel
594 3846 779 3900 simile
830 3845 954 3899 huic
996 3842 1195 3916 aliquid
1227 3844 1417 3909 nostis,
1461 3844 1676 3911 eilieite,

161 3946 199 3986 vt
218 3946 257 3991 et
278 3936 463 3995 honore
487 3938 785 4010 praecellat,
815 3940 903 4009 qui
929 3938 1093 3993 fuerit
1124 3938 1317 3992 merito
1342 3936 1557 3991 virtutis
1586 3952 1683 3991 ex-

162 4027 389 4089 cellentior.
409 4034 756 4101 Obstt‘rpuere
788 4033 855 4086 ad
891 4032 1006 4088 liceo
1036 4031 1176 4087 dicta
1210 4040 1465 4101 proceres
1488 4030 1677 4098 nostri,

160 4124 375 4179 etnullum
396 4128 695 4182 referentes
726 4141 1069 4196 responsum,
1100 4139 1198 4181 nec
1228 4122 1368 4195 quod
1401 4124 1562 4179 telum
1588 4140 1677 4179 re-

161 4226 398 4285 percuteret
425 4221 811 4292 producentes,
857 4235 998 4293 pene
1039 4220 1139 4274 sub
1188 4218 1335 4274 inani
1382 4216 1680 4274 adversarii

160 4310 363 4379 machina,
392 4314 676 4382 inutiliqtte
712 4312 883 4369 ariete
912 4310 1267 4368 conciderunt
1298 4328 1311 4366 ε
1338 4311 1476 4367 adeo
1507 4322 1562 4366 ut
1592 4312 1679 4367 ille

161 4403 219 4471 qui
240 4406 429 4479 profuga
457 4410 729 4473 omnium,
763 4415 820 4459 ut
845 4409 1016 4473 aiunt,
1044 4420 1164 4461 esse
1190 4404 1489 4471 debuisset,
1515 4406 1676 4459 etiam

162 4494 319 4551 victoris
342 4500 559 4570 gloriam
586 4502 703 4554 sine
724 4499 1024 4555 certamine
1051 4509 1378 4567 reportaret.
1403 4497 1555 4566 Quod
1589 4496 1675 4551 ubi

1784 3282 2116 3349 recordatio,
2148 3285 2397 3337 volumen
2425 3297 2695 3349 crescere,
2733 3290 2788 3337 et
2822 3276 2944 3337 ideo
2972 3296 3186 3336 cursum
3226 3279 3387 3347 hujus

1782 3375 2094 3445 qttzrstionis
2123 3389 2243 3430 esse
2273 3375 2636 3430 revocandum
2672 3392 2686 3428 :
2717 3375 2972 3445 quoniam
3020 3371 3202 3429 adhuc
3231 3374 3384 3442 prior

1782 3467 1870 3522 illa
1901 3475 2040 3521 astat
2070 3467 2121 3521 in
2150 3467 2353 3537 jauuis,
2387 3467 2472 3522 eui
2507 3482 2659 3538 mque
2688 3482 2782 3519 sua
2814 3466 2986 3533 Spatia
3023 3467 3123 3522 etsi
3159 3465 3385 3521 halsenis

1783 3559 2239 3623 restrictioribus,
2294 3568 2471 3614 tamen
2525 3560 2700 3614 adhuc
2750 3558 2954 3613 illibata
2997 3556 3284 3615 debentur.
3316 3556 3385 3613 Et

1782 3667 1911 3707 vere
1960 3656 2067 3707 non
2112 3652 2330 3707 fuerunt
2373 3653 2683 3707 necessario
2714 3651 2765 3705 in
2796 3650 2897 3707 hac
2927 3660 3080 3721 parte
3110 3652 3273 3705 multa
3301 3650 3386 3704 di—

1782 3744 1977 3812 cenda,
2021 3761 2088 3801 ne
2116 3754 2170 3800 et
2202 3745 2290 3800 ille
2320 3752 2597 3801 cresceret
2631 3764 2641 3800 :
2677 3744 2721 3801 si
2751 3757 2928 3801 tamen
2977 3760 3227 3815 magnum
3259 3759 3388 3814 pro-

1786 3840 1972 3894 tulisse
2000 3836 2203 3909 aliquid
2234 3844 2447 3906 putaret
2476 3837 2715 3908 se,’quod
2739 3848 3005 3906 quaereret
3039 3833 3247 3907 prolixa
3275 3834 3384 3889 dis-

1785 3938 2062 4007 putatione
2086 3938 2362 3992 victoriam
2382 3938 2562 4004 :cujus
2585 3952 2691 3992 non
2715 3936 3056 4007 sapientiam,
3082 3951 3201 4005 qua:
3233 3932 3377 3987 nulla

1782 4032 1835 4085 in
1861 4042 1926 4084 eti
1945 4036 2081 4096 erat,
2102 4030 2195 4085 sed
2214 4030 2539 4098 superbiam.
2565 4046 2681 4100 quae
2700 4029 3024 4096 abundabat,
3044 4028 3377 4099 infregitnus.

1853 4126 1993 4183 XIII.
2028 4128 2329 4201 Repudiato
2368 4145 2494 4183 vero
2535 4128 2639 4183 isto
2674 4127 2914 4183 Israelita
2964 4142 2979 4177 :
3031 4125 3114 4180 vel
3162 4140 3229 4179 ne
3280 4137 3378 4191 pu-

1783 4226 1943 4293 gnam
1993 4238 2052 4279 se
2098 4222 2298 4278 fecisse
2367 4221 2688 4293 gloriaretur
2736 4218 3215 4295 (quandoquidem
3262 4231 3384 4287 qua:

1782 4316 2017 4372 diximus
2046 4317 2112 4371 ad
2146 4316 2557 4372 instructionem
2606 4326 2915 4369 noStrorum
2962 4314 3173 4382 putius,
3216 4324 3377 4380 quam

1780 4410 1845 4465 ad
1880 4410 2094 4465 illorum
2142 4410 2424 4466 certamen
2454 4409 2876 4479 cunilictumque
2908 4406 3253 4477 promlimus,
3286 4404 3378 4471 qui

1782 4522 1882 4561 nec
1912 4506 2038 4561 tunc
2065 4506 2179 4559 vult
2220 4505 2446 4562 credere
2476 4521 2598 4561 cum
2625 4502 2887 4575 vincitur)
2931 4519 2997 4558 ne
3025 4511 3119 4557 aut
3148 4512 3383 4556 sanctum

163 4585 249 4641 mihi
271 4600 339 4645 est
376 4593 698 4659 nuntiatum,
743 4591 1001 4662 ingemui,
1051 4598 1255 4645 tantum
1298 4591 1453 4645 nobis
1497 4590 1675 4645 inesse
1703 4569 1994 4653 Dcauibus
2041 4596 2381 4668 impudenter
2428 4598 2678 4661 dedisse,
2720 4605 2812 4650 aut
2854 4596 3162 4667 margaritas
3210 4594 3381 4666 porcis

164 4681 482 4753 :qligentiam,
534 4693 593 4740 ut
639 4701 737 4740 nec
777 4685 1061 4739 veritatem
1096 4685 1363 4753 possimus
1405 4690 1673 4748 astruere,

164 4786 241 4828 cum
261 4776 333 4831 alii
361 4780 566 4835 valeant
599 4780 868 4834 inculcare
904 4792 1003 4849 pro
1031 4779 1259 4832 veritate
1285 4775 1622 4831 mendacium
1660 4792 1675 4829 :

166 4878 384 4943 fugatoque
412 4872 665 4943 Domino,
697 4872 950 4944 quoniam
1001 4872 1133 4927 nihil
1179 4882 1424 4927 nostrum
1469 4881 1573 4939 est,
1619 4878 1675 4924 ut

168 4962 236 5016 suis
255 4978 384 5022 arma
426 4977 764 5040 suggereret,
796 4983 903 5037 quo
947 4970 1066 5036 ejus
1104 4967 1337 5037 ignaviae
1375 4964 1677 5022 auferretur

167 5058 621 5124 opprobriumﬁedo
646 5062 800 5124 mihi,
820 5064 1061 5133 inquam,
1087 5062 1249 5117 istum
1275 5061 1677 5132 magniloquum

169 5144 363 5207 dicentem
392 5173 407 5209 :
436 5153 598 5210 Labia
625 5165 799 5211 nostra
820 5172 851 5208 a
877 5154 1025 5209 nobis
1062 5166 1205 5220 sunt,
1234 5154 1348 5225 quis
1376 5163 1544 5208 noster
1570 5152 1681 5207 Do-

169 5242 361 5298 minum
383 5244 549 5318 (Paul.
575 5260 669 5311 ιιι,
710 5244 804 5319 5)?
845 5245 1122 5301 Proferam
1166 5246 1406 5317 profecto
1432 5262 1527 5314 per
1555 5262 1676 5299 eum

172 5331 473 5407 pidisperdit
510 5341 747 5411 linguam
778 5338 1214 5411 magniloquam,
1267 5349 1321 5394 ut
1372 5339 1677 5410 intellgant

173 5419 335 5483 Domino
368 5430 616 5486 famulum
659 5448 766 5488 non
797 5432 1121 5503 aequandum
1158 5448 1171 5485 τ
1211 5431 1338 5486 liuet
1379 5434 1480 5502 ipsi
1512 5449 1679 5487 nove-

176 5513 406 5587 ﬁltludati,
438 5523 723 5593 prophetas
744 5534 956 5580 veteres
984 5524 1129 5578 nulla
1158 5524 1415 5579 miracula
1443 5526 1678 5595 propriis

177 5606 336 5665 edidisse
360 5616 653 5671 virtutibus.
679 5618 919 5687 Denique
947 5618 1061 5688 ipse
1087 5616 1311 5672 Elismus
1336 5632 1455 5671 cum
1480 5617 1677 5686 spiritu

180 5700 346 5768 magistri
371 5704 712 5776 hereditatis,
756 5709 907 5765 Velut
937 5709 1263 5765 insolentior
1288 5710 1553 5764 donorum
1586 5724 1671 5764 re-

180 5801 467 5858 muneratione
518 5803 785 5871 venisset,
837 5802 1089 5861 scindere
1146 5810 1325 5859 tamen
1365 5814 1534 5873 aquas
1575 5802 1676 5860 nisi

1779 4691 2374 4761 sparsissejudicemur
2400 4686 2620 4761 (Matth.
2647 4705 2740 4750 vn.
2777 4689 2858 4761 6),
2889 4687 3271 4743 revertendum
3301 4694 3384 4741 est

1779 4788 1926 4853 illuc,
1979 4783 2124 4841 unde
2155 4784 2220 4838 ad
2254 4785 2406 4839 illum
2439 4785 2620 4839 locum
2668 4800 2808 4855 pene
2842 4782 3084 4854 praecisis
3123 4792 3379 4837 sensuum

1782 4876 2083 4933 tramitibus
2134 4874 2340 4931 deviavi
2379 4894 2392 4930 :
2439 4884 2493 4932 et
2532 4890 2665 4931 oves
2695 4876 2889 4930 domus
2942 4864 3111 4929 lsrael
3146 4870 3382 4945 diligen-

1782 4970 1887 5025 tius
1918 4967 2320 5024 circumeundae
2364 4976 2491 5022 sunt
2521 4983 2536 5023 :
2570 4966 2824 5039 quoniam
2853 4966 2899 5022 si
2934 4966 3173 5022 charitas
3207 4967 3299 5021 Dei
3331 4969 3385 5022 in

1785 5061 1939 5117 nobis
1962 5070 2070 5126 est,
2116 5062 2231 5134 quis
2260 5062 2581 5132 inﬁrmatur,
2624 5070 2671 5116 et
2699 5079 2790 5133 ego
2822 5078 2923 5114 non
2967 5060 3244 5130 inﬁrmor?
3276 5060 3389 5130 quis

1779 5155 2185 5225 scandalizatur,
2209 5164 2255 5209 et
2272 5172 2365 5230 ego
2387 5172 2488 5210 non
2520 5173 2645 5210 uror
2676 5154 2744 5228 (II
2766 5154 2883 5210 Cor.
2913 5171 2986 5218 an,
3009 5153 3145 5224 εον
3172 5154 3385 5211 Docen-

1783 5252 1944 5324 dique
1972 5252 2147 5323 magis
2179 5259 2327 5318 Sunt,
2360 5264 2429 5308 ne
2457 5268 2628 5322 usque
2659 5250 2726 5306 ad
2760 5250 3129 5323 blaSphemias
3160 5250 3387 5322 loquan-

1783 5356 1892 5413 tur,
1918 5346 1961 5401 si
1986 5343 2125 5401 forte
2147 5353 2240 5400 aut
2261 5360 2367 5400 non
2404 5354 2647 5413 teneant,
2679 5354 2771 5399 aut
2797 5358 2906 5399 non
2936 5340 3242 5415 intelligant
3268 5357 3389 5410 pro-

1784 5440 2028 5511 phetata.
2076 5439 2335 5506 Qumruut
2379 5454 2446 5492 an
2493 5437 2674 5492 divina
2725 5438 2902 5492 virtus
2951 5440 3059 5497 sit.
3092 5453 3214 5508 quin
3245 5451 3387 5491 nunc

1781 5531 1945 5599 erepit
1987 5529 2039 5583 in
2074 5528 2404 5600 martyribus
2436 5542 2724 5597 apparere.
2759 5529 2927 5599 Cujus
2966 5528 3100 5599 legis
3140 5528 3387 5583 homines

1785 5623 1889 5678 hoc
1920 5620 2237 5692 requirunt?
2260 5621 2468 5691 Nempe
2498 5621 2827 5677 Christiana:
2855 5637 2869 5678 :
2896 5638 3016 5690 qum
3046 5620 3123 5673 sic
3150 5629 3234 5676 est
3260 5636 3385 5690 pro.

1782 5716 2194 5787 phetationihus
2240 5717 2525 5779 instructa,
2558 5725 2615 5769 nt
2668 5716 2799 5770 nihil
2844 5724 2950 5767 tam
3002 5728 3225 5780 novum,
3276 5722 3382 5769 tam

1780 5812 2120 5882 inopinatum
2144 5808 2348 5868 ndstris
2376 5808 2714 5877 temporibus
2742 5807 2915 5879 possit
2939 5806 3216 5879 ingruere,
3243 5807 3384 5881 quod
