3916 6288
427 291 499 347 93

1469 289 1526 345 S.
1570 288 1945 346 lllERONYMl
1982 289 2267 350 OPERUM
2310 291 2677 352 MANTISSA.
3620 348 3621 351 η
3656 300 3719 360 96

426 406 565 479 ﬁdes
588 413 681 481 aut
711 405 1014 463 admiretur
1044 404 1293 472 electior,
1318 412 1410 460 aut
1451 403 1858 475 blasphematur
1916 406 2022 479 [Αι.
2052 411 2105 472 Α
2132 407 2564 479 cvangelizatum
2599 416 2682 463 est
2710 407 2869 463 nobis
2907 426 2917 461 :
2947 407 3079 464 licet
3105 408 3237 479 ipsa:
3267 424 3384 481 quas
3412 410 3544 467 ﬁunt
3564 412 3723 469 virtu-

427 498 806 571 blasphemet]
838 499 1126 554 inﬁrmior.
1171 498 1364 553 Omnia
1393 514 1567 568 usque
1595 499 1663 554 ad
1713 500 2026 567 Dominum,

428 592 711 661 prophetae
752 598 964 647 veteres
1008 589 1403 660 praedixerunt.
1445 589 1639 646 Omnia
1688 600 1810 662 post
1850 592 2032 647 Domi-

408 698 562 739 ‘num
589 726 605 750 ,
648 700 769 756 qua:
799 684 1051 748 deerant,
1105 683 1363 763 apostoli
1398 683 1791 755 prophetarunt
1826 703 1835 736 :
1873 684 2032 739 beato

2137 509 2216 554 tes
2243 500 2457 555 Domini
2476 516 2570 571 per
2589 500 2896 557 dmmonum
2920 511 3192 559 tormenta
3218 515 3501 571 testentur,
3526 509 3725 578 quando

2135 593 2364 649 Satanas
2394 610 2499 648 non
2529 593 2749 664 dejiciat
2792 594 3047 650 Satanam
3080 614 3094 651 :
3121 596 3246 666 quia
3273 596 3612 654 uniformitas
3641 616 3729 656 ne-

2141 687 2358 757 quitias,
2392 687 2619 742 indivisa
2651 688 2971 742 naturaliter
3000 688 3265 744 societate
3309 689 3567 756 conﬂata,
3594 692 3730 747 simi-

430 778 600 835 Paulo
652 793 747 850 per
799 777 1105 834 libertatem
1149 779 1320 833 sancti
1367 777 1603 848 Spiritus
1643 794 1751 833 non
1798 788 2031 843 tacente,
2085 774 2091 778 ’
2138 778 2383 834 litudinis
2409 779 2721 834 accessione
2739 793 2847 833 non
2876 779 3265 836 detrimentum
3294 781 3375 835 sui
3402 791 3621 850 metuat,
3645 782 3732 838 sed

440 873 533 943 qui
572 872 692 927 ait:
736 869 819 926 Ea:
863 879 1012 944 parte
1048 871 1239 925 scimus
1287 880 1335 925 et
1367 887 1429 925 ca:
1475 880 1621 942 parte
1670 871 2037 943 propltctamus

445 963 489 1036 (l
518 961 636 1017 Cor.
675 977 788 1031 xm,
825 962 913 1033 12)
950 978 964 1016 :
996 977 1103 1017 non
1150 962 1292 1033 quod
1324 964 1502 1018 omnia
1535 964 1764 1029 nesciat,
1796 974 1887 1017 aut
1922 979 2041 1017 om-

446 1040 679 1134 nianrn
710 1054 1026 1127 prophetet,
1063 1055 1114 1109 in
1146 1070 1252 1126 quo
1282 1055 1584 1127 praesertim
1617 1055 1855 1127 loquitur
1882 1054 2043 1111 Chri-

445 1156 563 1213 stus
596 1167 607 1200 :
649 1148 742 1203 scd
775 1164 840 1203 ex
872 1158 1023 1218 parte
1054 1147 1122 1203 de
1158 1156 1270 1203 toto
1312 1147 1631 1219 prophetat,
1680 1156 1737 1202 et
1784 1163 1848 1203 ex
1890 1156 2044 1216 parte

445 1240 515 1297 de
558 1248 676 1296 toto
723 1241 845 1295 scit.
888 1239 1186 1310 Prophetat
1227 1240 1384 1295 nobis
1432 1240 1505 1307 id,
1562 1239 1705 1310 quod
1758 1239 1858 1295 scit
1900 1240 2044 1294 illius

450 1334 715 1404 temporis
746 1348 887 1399 esse,
931 1332 1073 1404 quod
1105 1332 1342 1389 futurum
1385 1343 1520 1388 erat.
1567 1331 1722 1400 Quod
1755 1346 1884 1397 vero
1913 1347 2043 1403 pro-

444 1428 654 1500 phetat,
702 1437 946 1483 venturae
988 1428 1173 1500 utique
1212 1426 1551 1499 prophetizat
1592 1427 1758 1483 aetati.
1808 1426 2047 1498 PrOphc-

443 1535 522 1583 tat
545 1536 725 1584 autem
759 1538 952 1593 totum,
981 1528 1083 1582 etsi
1126 1527 1411 1600 prophetat
1435 1543 1499 1584 ex
1539 1534 1709 1597 parte.
1747 1524 1872 1581 Haec
1900 1527 2047 1581 enim

441 1624 750 1693 prophetat,
774 1637 1003 1690 quorum
1025 1619 1307 1691 apertione
1331 1636 1457 1690 pars
1479 1620 1597 1690 ejus
1620 1621 1902 1691 temporis,
1928 1635 2048 1691 qua:

442 1731 615 1787 usque
652 1715 718 1771 ad
748 1714 910 1771 ﬁnem
953 1724 1235 1786 superest,
1282 1714 1572 1786 indigebat.
1617 1714 1694 1768 Ex
1738 1722 1890 1783 parte
1919 1728 2047 1782 ergo

2139 871 2319 942 capiat
2348 880 2717 941 augmentum.
2748 870 2880 926 Nam
2911 881 2965 925 et
3006 872 3208 926 multos
3240 874 3290 927 in
3336 874 3495 927 unius
3521 872 3730 929 fortnam

2142 964 2371 1037 legionis
2400 966 2681 1035 pravitatis
2712 966 2936 1035 spiritus
2964 964 3071 1038 [ΑΙ.
3109 975 3241 1022 tacet
3271 965 3538 1038 spiritus],
3568 978 3619 1024 et
3645 967 3733 1023 ini-

2144 1057 2365 1128 quitatis
2407 1057 2663 1128 viperina:
2706 1057 3099 1114 confoederatio
3142 1059 3604 1130 conglobaverat:
3647 1077 3735 1117 nec

2146 1149 2249 1204 sibi
2283 1150 2473 1204 oberat
2495 1148 2806 1217 multitudo,
2836 1165 2957 1221 qua:
2984 1150 3475 1220 sicutfacquirebat
3502 1154 3737 1211 miseram

2146 1243 2348 1298 sociata
2373 1242 2686 1299 inﬁrmitate
2710 1244 2999 1300 virtutem:
3028 1246 3098 1299 ita
3127 1246 3447 1303 formidabat
3476 1248 3740 1307 incurrere

2147 1337 2315 1391 divisa
2343 1337 2703 1407 permixtione
2728 1338 2907 1393 inanis
2934 1338 3257 1395 substantia:
3284 1341 3629 1397 vacuitatem.

2222 1429 2363 1484 XIV.
2382 1429 2488 1485 Sed
2502 1428 2601 1485 hac
2614 1437 2768 1500 parte
2788 1429 3005 1485 interim
3024 1433 3510 1502 argumentationis
3531 1434 3738 1499 omissa,

2149 1523 2288 1579 sicut
2327 1524 2709 1595 proposuimus
2738 1540 2799 1580 ea
2829 1541 2951 1595 qua:
2983 1526 3035 1579 in
3068 1526 3331 1582 Ecclesiis
3372 1527 3606 1592 Domini,
3633 1544 3742 1581 san-

2148 1624 2472 1688 ctorumque
2502 1617 2832 1672 cmmeteriis
2854 1617 3211 1687 admiramur,
3232 1617 3509 1674 credenda
3538 1635 3656 1674 esse
3675 1619 3745 1675 di-

2152 1710 2353 1766 vinitus
2394 1710 2545 1776 ﬁeri,
2590 1711 2635 1765 si
2682 1712 3006 1780 prophetata
3054 1711 3285 1780 fuerint,
3315 1714 3741 1784 comprobemus.

447 1810 759 1883 prOphetat,
808 1811 1061 1881 quoniam
1107 1809 1220 1881 jam
1250 1824 1316 1865 ex
1359 1818 1513 1878 parte
1558 1807 1735 1862 fuerat
1761 1806 2053 1878 propheta-
2083 1800 2131 1859 B
2159 1806 2335 1875 Atque
2366 1805 2420 1857 in
2451 1803 2551 1858 hac
2587 1813 2696 1859 tam
2728 1803 2863 1859 dura
2910 1805 3228 1876 difﬁcilique
3278 1809 3531 1875 materia,
3566 1823 3661 1862 nec
3687 1808 3744 1863 ab

444 1913 558 1963 tum
592 1923 605 1959 :
635 1913 690 1960 et
729 1902 852 1960 ideo
885 1903 1147 1975 propheta
1178 1903 1384 1958 sciebat
1411 1912 1633 1957 ventura
1663 1917 1786 1972 qua:
1812 1900 2045 1970 prophe-

445 1998 613 2054 tabat.
645 1996 816 2067 Cujus
848 1996 1147 2067 prophetia:
1176 1995 1468 2067 particulas
1510 1993 1807 2065 plenitudo,
1838 2002 1896 2048 ut
1936 1994 2053 2063 ipse

445 2090 605 2157 dixit,
630 2089 891 2162 temporis
916 2089 1175 2152 abolevit,
1207 2089 1310 2143 hoc
1333 2085 1495 2142 modo
1522 2104 1533 2139 :
1558 2084 1687 2141 Cum
1709 2083 2053 2156 veneritquod

444 2184 731 2255 perfectum
748 2192 847 2250 est,
874 2184 1013 2255 quod
1035 2198 1100 2237 ea:
1121 2190 1267 2255 parte
1286 2189 1387 2246 est,
1406 2182 1695 2234 destruetur
1714 2178 1757 2251 (Ι
1779 2177 1901 2233 Cor.
1935 2192 2052 2244 xm,

448 2277 539 2349 lO)
575 2297 585 2332 :
618 2278 849 2343 scilicet,
895 2292 1016 2331 cum
1045 2277 1097 2330 in
1131 2274 1484 2331 conclusione
1514 2270 1722 2337 mundi,
1751 2286 1851 2325 nec
1880 2270 2055 2326 scien-

449 2371 526 2425 tia
556 2372 752 2439 major,
797 2384 898 2424 nec
930 2367 1215 2438 prophetia
1248 2367 1474 2421 ulterius
1503 2363 1575 2420 sit
1606 2364 1920 2435 qumrenda.
1954 2364 2056 2419 De-

450 2464 614 2535 nique
660 2460 1030 2531 intelligentiae
1078 2459 1233 2516 istius
1277 2460 1554 2525 virtutem,
1588 2466 1645 2512 ut
1673 2458 1912 2527 apertius
1957 2455 2054 2513 de-

451 2563 804 2622 monstraret,
846 2552 1123 2623 subjunxit
1168 2568 1182 2607 :
1224 2549 1466 2606 Videmus
1506 2566 1642 2603 nunc
1672 2565 1762 2620 per
1790 2548 2057 2618 speculum

451 2650 506 2703 in
528 2650 801 2719 (enigmata
830 2662 850 2701 :
882 2656 1001 2701 tunc
1024 2655 1196 2700 autem
1218 2645 1347 2717 {acie
1376 2644 1444 2697 ad
1466 2643 1668 2714 faciem.
1694 2642 1799 2698 Per
1831 2642 2055 2712 ﬁguram

453 2741 673 2798 interim
698 2750 823 2796 sunt
851 2739 1125 2803 universa,
1156 2748 1211 2792 et
1233 2736 1551 2809 quibusdam
1578 2734 1874 2807 imaginum
1898 2732 2058 2789 lineis

446 2833 789 2901 obumbrata,
824 2842 885 2888 ut
916 2832 1203 2888 inﬁrmitas
1228 2833 1409 2887 carnis
1458 2840 1690 2899 nostrae,
1737 2838 2059 2899 terrenaque

459 2926 763 3001 substantia
782 2967 798 2993 ,
830 2926 1001 2997 magis
1029 2941 1087 2980 se
1113 2925 1179 2981 ad
1209 2924 1566 2995 spiritualium
1596 2922 1893 2978 extendere
1920 2924 2062 2977 veri-

449 3031 640 3088 tatem,
670 3028 816 3075 utea
846 3020 922 3075 illi
948 3018 1275 3074 desiderium
1305 3015 1723 3088 pulchritudinis
1754 3030 1868 3071 sua:
1895 3015 2057 3071 etiam

446 3129 547 3185 per
594 3114 875 3185 speculum
922 3113 1160 3169 tenuiter
1190 3122 1407 3167 ostensa
1463 3110 1715 3167 faceret:
1754 3118 2061 3181 quantaque

2156 1898 2335 1970 aliquo
2364 1908 2523 1953 antea
2560 1907 2913 1969 pertractata,
2965 1900 3252 1956 Dominum
3284 1901 3572 1957 consulere
3598 1900 3745 1958 debe-

2156 2006 2364 2057 remus,
2390 1990 2459 2058 si,
2488 2001 2738 2047 cessante
2770 1994 2986 2056 merito,
3005 1992 3283 2061 repudiari
3313 2010 3423 2050 non
3452 1996 3747 2051 timeremus

2156 2099 2268 2155 prae
2288 2083 2510 2139 audacia
2540 2101 2555 2139 :
2582 2083 2837 2155 quoniam
2878 2102 3001 2157 quae
3037 2087 3208 2156 ipsius
3244 2099 3395 2157 sunt,
3430 2104 3588 2145 nemo
3607 2099 3746 2146 extra

2158 2178 2333 2248 ipsum
2366 2179 2568 2249 poterit
2586 2179 2881 2250 explicare.
2913 2182 3128 2238 Etenim
3154 2183 3353 2238 mirum
3386 2183 3529 2240 unde
3556 2185 3748 2241 miseris

2158 2279 2307 2326 tanta
2342 2270 2540 2327 ﬁducia
2570 2290 2585 2327 :
2618 2272 2762 2327 unde
2800 2282 2883 2329 est
2927 2274 3320 2345 interpellandi
3371 2276 3651 2333 Dominum
3682 2277 3748 2332 la-

2160 2362 2444 2418 miliaritas
2482 2374 2590 2419 tam
2622 2364 2817 2431 amica,
2860 2374 2920 2420 ut
2960 2365 3016 2421 in
3065 2366 3207 2423 hanc
3252 2383 3445 2426 vocem
3479 2369 3750 2425 audeamus

2160 2472 2450 2528 erumpere
2485 2476 2497 2511 :
2536 2457 2809 2512 Usculetur
2835 2475 2916 2515 me
2946 2458 3122 2515 osculo
3162 2462 3268 2516 oris
3290 2463 3374 2515 sui
3397 2462 3573 2535 (Cant.
3603 2478 3639 2527 ι,
3665 2462 3750 2533 3)?

2162 2548 2295 2617 Quis
2338 2556 2543 2604 tantum
2585 2550 2837 2620 concepit
2885 2552 3170 2620 optatum?
3217 2551 3350 2621 Quis
3399 2561 3508 2608 tam
3548 2554 3749 2625 grandia

2162 2651 2309 2712 vota,
2342 2643 2431 2698 sui
2462 2644 2763 2698 aestimator
2794 2642 3076 2715 negligens
3123 2645 3424 2716 suSpiravit
3457 2664 3470 2701 :
3510 2654 3571 2700 ut
3600 2646 3750 2715 ipsius

2162 2751 2225 2792 os
2251 2737 2497 2793 cominus
2521 2737 2870 2807 concupiscat
2898 2737 3210 2809 attingere?
3241 2742 3423 2811 Atque
3446 2740 3531 2797 vel
3565 2740 3749 2795 utinam

2164 2844 2267 2885 nos
2296 2845 2484 2885 eorum
2516 2829 2767 2901 dignetur
2815 2830 3027 2901 osculo,
3074 2846 3209 2902 quos
3256 2832 3375 2903 ipse
3406 2834 3651 2905 dignatus
3678 2840 3750 2887 est

2164 2922 2433 2993 osculari}
2463 2933 2520 2978 ut
2548 2923 2602 2979 in
2628 2923 2884 2980 secundis
2908 2928 3167 2995 postremi
3196 2926 3459 2998 tertiique
3487 2928 3748 2993 sistentes,

2165 3017 2231 3075 de
2258 3033 2447 3074 eorum
2478 3018 2634 3074 labiis
2674 3018 2909 3091 aliquam
2942 3035 3009 3076 ex
3038 3028 3192 3091 parte
3230 3021 3520 3078 scientiam
3554 3023 3751 3079 trahere

2168 3127 2502 3175 mereamur,
2531 3113 2621 3183 qui
2648 3120 2815 3167 totam
2840 3113 3123 3184 sapientiae
3153 3113 3548 3184 plenitudinem
3578 3115 3643 3172 de
3662 3115 3753 3171 Do.

448 3206 565 3277 ipsa
586 3215 730 3261 esset
754 3206 807 3261 in
835 3219 936 3259 sua
957 3204 1258 3260 substantia
1288 3218 1387 3259 nos
1409 3202 1655 3273 doceret,
1686 3218 1809 3258 cum
1834 3212 1940 3257 tam
1966 3201 2059 3257 ad-
2084 3195 2130 3258 C
2164 3204 2295 3260 mini
2330 3205 2496 3276 ipsius
2546 3220 2643 3261 ore
2683 3204 3013 3261 didicerunt.
3043 3206 3383 3278 Quamquam
3414 3210 3519 3265 etsi
3550 3225 3752 3282 magno-

448 3297 716 3355 mirabilis
744 3300 905 3356 etiam
939 3299 995 3354 in
1040 3299 1381 3369 repercussis
1405 3298 1525 3353 luce
1552 3314 1649 3354 sua
1681 3296 2060 3369 :enigmatibus

451 3400 748 3465 appareret
784 3410 797 3446 :
825 3401 881 3447 et
903 3391 1025 3447 ideo
1062 3407 1208 3447 nunc
1239 3407 1335 3464 per
1361 3391 1641 3460 speculum
1667 3389 1903 3462 pollicita
1933 3405 2062 3445 con-

456 3486 742 3560 spicimus,
787 3501 894 3541 non
920 3493 1098 3541 tamen
1131 3491 1353 3555 pr0pter
1383 3484 1641 3539 virtutum
1670 3483 1863 3537 merita
1892 3481 2064 3553 possi-

453 3581 646 3637 demus
681 3598 693 3633 :
727 3588 784 3635 et
805 3588 1023 3636 ostensa
1048 3579 1227 3635 adhuc
1248 3578 1530 3645 miramur,
1558 3594 1661 3633 non
1688 3576 1889 3633 tradita
1914 3588 2063 3633 tene-

451 3691 591 3731 mus.
619 3674 769 3731 Tunc
791 3690 920 3730 vero
937 3674 1218 3747 prophetia
1243 3674 1580 3745 scientiaque
1601 3673 1915 3740 cessabunt,
1942 3689 2063 3744 qua:

449 3768 872 3840 promittebatur
915 3768 1020 3823 erit
1050 3769 1350 3838 ingressus.
1399 3767 1537 3824 llinc
1578 3766 1738 3823 etiam
1778 3765 2060 3837 prophetia

454 3877 673 3931 semper
704 3860 933 3916 obscura
962 3870 1083 3931 est,j
1096 3860 1238 3932 quod
1270 3860 1379 3915 alio
1421 3870 1664 3930 tempore
1695 3859 1927 3925 canitur,
1958 3860 2064 3915 alio

452 3957 718 4033 cernitur.
749 3954 904 4023 Quod
931 3953 1151 4020 dicitur,
1177 3953 1304 4010 dum
1344 3970 1450 4008 non
1492 3952 1726 4017 videtur,
1769 3953 1923 4024 quasi
1954 3967 2057 4008 non

454 4049 771 4121 prtedictum
797 4065 903 4104 non
940 4049 1200 4105 creditur.
1235 4048 1477 4120 Denique
1505 4047 1670 4105 Isaias
1690 4063 1814 4104 cum
1844 4047 2062 4104 redem-

454 4143 699 4213 ptionem
726 4152 967 4196 nostram
997 4152 1147 4196 tanto
1176 4149 1301 4196 ante
1344 4141 1402 4195 in
1436 4141 1673 4212 Virginis
1702 4148 1859 4196 utero
1896 4156 2063 4211 agno-

453 4252 630 4303 scere,
669 4251 901 4306 eamque
939 4235 1087 4290 velut
1108 4234 1220 4304 jam
1253 4243 1574 4305 prmsentem
1603 4234 1799 4305 populo
1841 4232 2063 4290 demon-

454 4339 677 4395 straret,
710 4330 899 4386 dicens
926 4345 940 4383 :
976 4327 1108 4383 Ecce
1144 4329 1285 4401 virgo
1308 4328 1579 4397 concipiet,
1608 4336 1658 4383 et
1681 4327 1844 4397 pariet
1871 4327 2059 4396 ﬁlium,

452 4434 501 4480 et
531 4424 795 4478 vocabitur
817 4438 1000 4478 nomen
1022 4426 1135 4496 ejus
1158 4420 1465 4477 Emmanuel
1496 4419 1627 4493 (Isa.
1661 4435 1756 4485 vtl,
1782 4418 1872 4490 Μ)
1890 4437 1901 4471 :
1918 4435 2059 4491 pra:-

386 4574 389 4575 ν
454 4523 668 4572 sentem
716 4524 771 4570 et
817 4513 1052 4570 futuram
1086 4512 1381 4569 inﬁdelium
1412 4512 1782 4568 lsraelitarum
1826 4509 2064 4567 turbavit

455 4620 692 4665 mtatem.
722 4607 853 4661 Nam
881 4618 935 4662 et
966 4607 1047 4663 illi
1085 4617 1301 4661 veteres
1348 4605 1665 4677 pr0phetam
1708 4620 1886 4673 suum,
1930 4619 2059 4675 quo-
2086 4585 2140 4645 Ῑ)

461 4702 604 4757 niam
649 4715 756 4755 non
781 4698 1030 4754 viderent
1066 4699 1208 4770 quod
1238 4698 1503 4766 ostendit,
1551 4699 1976 4754 interemerunt:
2008 4704 2066 4753 et

463 4794 516 4849 hi
542 4791 925 4865 prophetatum
956 4791 1082 4858 sibi,
1110 4792 1362 4862 quoniam
1400 4791 1737 4863 protihetiam
1771 4808 1877 4846 non
1905 4805 2061 4847 rece-

454 4900 677 4961 perunt,
714 4890 1053 4947 occiderunt.
1082 4889 1237 4964 Quod
1262 4889 1417 4945 nobis
1446 4893 1609 4945 etiam
1653 4900 1711 4944 ut
1751 4903 1857 4943 non
1888 4887 1942 4943 in
1968 4887 2062 4943 Dei

457 4997 726 5054 martyres
750 4987 979 5052 accidat,
1002 4988 1413 5057 prmcavendum
1437 4991 1540 5049 est,
1571 4982 1616 5037 si
1640 4998 1734 5039 eos
1759 4997 1895 5051 quos
1914 4982 2061 5051 prior

459 5092 593 5135 :etas
622 5079 864 5134 insecuta
896 5088 1009 5145 est,
1060 5091 1242 5133 nostra
1289 5076 1649 5147 hlasphentet.
1682 5076 1751 5130 Et
1780 5077 2056 5145 quoniam,

456 5185 517 5231 ut
539 5175 800 5242 diximus,
829 5177 971 5247 quod
1000 5176 1315 5248 praedictum
1339 5173 1534 5237 fuerat,
1561 5170 1708 5227 venit
1732 5188 1746 5225 :
1774 5179 2061 5235 venturum

459 5269 596 5325 nihil
628 5276 733 5335 est,
764 5269 910 5339 quod
938 5285 1043 5324 non
1076 5269 1240 5325 fuerit
1269 5273 1394 5323 ante
1421 5264 1738 5337 prmdictum
1782 5279 1796 5317 :
1831 5263 2060 5318 Domino

456 5367 574 5436 ipso
598 5364 677 5421 sic
702 5362 919 5419 dicente
949 5380 962 5415 :
992 5364 1122 5418 Ecce
1153 5363 1373 5435 prwdixi
1396 5361 1533 5415 vobis
1560 5360 1733 5413 omnia
1755 5358 1920 5426 (Mar.
1940 5373 2055 5425 xm,

453 5460 573 5534 25).
596 5460 890 5517 Videamus
917 5457 1095 5531 potius
1132 5460 1178 5514 si
1208 5459 1323 5514 iure
1352 5454 1641 5527 aliquando
1669 5453 1931 5523 majorum
1960 5468 2054 5508 au-

455 5556 608 5609 ribus
636 5553 933 5625 probantur
960 5550 1153 5617 infusa,
1177 5567 1294 5621 qua:
1320 5550 1482 5605 modo
1508 5548 1709 5603 nostris
1726 5546 1897 5601 oculis
1920 5554 2053 5599 tam-

456 5666 614 5720 quam
644 5648 864 5721 impleta
898 5649 1191 5719 ﬁnguntur.
1219 5646 1511 5700 Videamus
1532 5643 1575 5697 si
1605 5642 1711 5696 [nec
1739 5641 1913 5694 omnia
1934 5655 2056 5709 ope—

459 5754 607 5799 ratur
628 5762 763 5804 unus
791 5756 943 5820 atque
963 5744 1098 5801 idem
1119 5742 1335 5814 spiritus
1369 5740 1414 5813 (Ι
1442 5738 1563 5796 Cor.
1597 5753 1692 5806 xu,
1730 5734 1839 5806 ll).
1871 5736 1930 5791 Si
1958 5735 2054 5790 de-

453 5838 612 5929 nique
644 5854 741 5896 nec
769 5840 990 5927 angelus
1018 5839 1085 5915 de
1129 5836 1271 5911 cutio
1302 5834 1656 5925 evangelizet,
1688 5840 2049 5923 praeterquam

2164 3312 2281 3351 rum
2304 3297 2620 3353 meritorum
2654 3298 2955 3369 privilegiis
2982 3298 3323 3369 fulciremur,
3350 3303 3525 3373 posita
3545 3303 3750 3359 erantin

2163 3391 2448 3461 exemplis,
2480 3392 2629 3446 velut
2652 3392 2760 3447 alta
2788 3393 3036 3464 quiedam
3066 3396 3296 3465 repetita
3334 3395 3645 3453 fundamina
3669 3411 3751 3452 ve-

2163 3484 2437 3541 recundia:
2472 3501 2485 3538 :
2522 3500 2589 3539 ne
2614 3484 2743 3554 quid
2775 3485 3037 3541 indecens
3077 3496 3134 3542 et
3178 3488 3487 3545 inordinata
3518 3505 3754 3562 praesum-

2166 3576 2276 3646 ptio
2304 3576 2539 3632 levitatis
2565 3576 2811 3634 auderet.
2845 3578 3112 3647 Quidnam
3143 3581 3375 3637 electius
3392 3583 3553 3639 beato
3569 3582 3748 3640 Petro?

2164 3670 2294 3742 quid
2343 3669 2410 3725 ad
2456 3686 2608 3741 spem
2638 3672 2895 3742 erectius,
2928 3673 3059 3743 quid
3086 3673 3311 3731 liberius
3361 3676 3417 3733 in
3448 3679 3574 3747 ﬁde,
3604 3691 3745 3749 quem

2165 3764 2278 3818 oris
2305 3766 2388 3819 sui
2413 3766 2600 3819 osculo
2637 3765 2896 3821 Dominus
2936 3780 2996 3823 se
3024 3768 3396 3825 osculatarum
3426 3785 3549 3828 esse
3575 3770 3755 3843 promi-

2163 3857 2255 3923 sit,
2285 3857 2473 3914 dicens
2502 3876 2515 3915 :
2547 3857 2662 3913 Tibi
2681 3858 2811 3913 dabo
2836 3860 3003 3915 claves
3024 3862 3171 3935 regni
3199 3863 3472 3919 caelorum.
3503 3866 3569 3921 Et
3588 3864 3712 3919 illud
3738 3880 3748 3915 :

2166 3950 2338 4020 Super
2359 3951 2496 4006 hanc
2528 3962 2725 4019 petram
2744 3953 3014 4021 aedificabo
3035 3952 3327 4012 Ecclesium
3364 3976 3530 4013 meam
3552 3957 3752 4031 (Matth.

2165 4061 2278 4113 xvi,
2306 4046 2420 4118 29).
2450 4046 2655 4103 Tamen
2689 4048 2779 4103 hic
2819 4048 3061 4119 pondere
3086 4065 3146 4105 se
3172 4050 3409 4122 quodam
3442 4052 3657 4124 pudoris
3685 4053 3753 4105 in-

2165 4154 2419 4204 curvans,
2460 4139 2735 4211 ﬁduciam,
2766 4156 2926 4212 quam
2966 4142 3161 4198 elatior
3192 4143 3428 4201 habebat
3456 4162 3523 4201 ex
3554 4145 3751 4209 merito,

2164 4232 2524 4289 verecundior
2556 4233 2623 4288 ad
2652 4234 3032 4305 interrOganda
3055 4235 3345 4302 submittit,
3384 4253 3507 4295 cum
3534 4239 3585 4294 in
3615 4252 3752 4293 creua

2164 4325 2403 4393 Domini,
2436 4341 2542 4382 non
2577 4342 2672 4396 per
2700 4341 2760 4383 se
2789 4329 2910 4399 quis
2940 4329 3229 4385 Dominum
3269 4343 3417 4387 esset
3448 4332 3747 4396 traditurus,

2165 4418 2411 4490 inquirit,
2451 4419 2839 4490 humiliterque
2871 4420 3214 4491 pudibundus
3245 4423 3494 4479 osculum
3531 4421 3746 4483 Domini.

2166 4530 2262 4569 ore
2291 4514 2425 4584 petit
2454 4513 2635 4569 alieno
2667 4532 2679 4568 :
2709 4513 2854 4586 quod
2896 4514 2976 4570 illi
3008 4516 3112 4571 etsi
3139 4515 3279 4588 apud
3304 4516 3594 4573 Dominum
3631 4515 3750 4571 ﬁdu-

2166 4608 2245 4663 cia
2278 4616 2414 4673 erat,
2446 4606 2755 4663 utsuhinde
2777 4606 2942 4663 etiam
2967 4607 3177 4664 homini
3209 4608 3528 4669 inconcessa
3560 4622 3748 4680 pra-su-

2166 4710 2339 4758 meret
2374 4710 2470 4756 :ut
2499 4701 2596 4769 ibi,
2627 4718 2751 4758 cum
2783 4717 2881 4773 per
2909 4703 3078 4758 maria
3109 4703 3451 4775 gradientem
3483 4702 3747 4760 Dominum

2164 4796 2330 4852 audet
2358 4810 2603 4865 poscere,
2630 4804 2692 4851 ut
2719 4796 2892 4867 ipsum
2922 4796 3133 4867 pariter
3154 4797 3383 4853 solidata
3405 4798 3506 4854 sub
3526 4794 3748 4866 vestigiis

2164 4905 2430 4958 aquarum
2465 4899 2611 4961 terga
2659 4897 2963 4944 sustentant
2996 4906 3010 4944 :
3041 4889 3243 4961 aliquid
3275 4889 3381 4947 sibi
3412 4891 3743 4953 dilﬁdentior,

2164 4984 2257 5041 sed
2283 4984 2583 5040 consultior
2604 4984 2782 5049 nobis,
2826 4983 3020 5055 quibus
3050 4997 3150 5038 suo
3176 4992 3300 5040 actu
3333 4984 3620 5040 imitabiles
3648 4981 3745 5036 for-

2169 5095 2284 5136 mas
2310 5090 2582 5149 tamquam
2614 5079 2667 5133 in
2710 5080 2931 5148 speculo
2957 5077 3277 5133 collocabat.
3307 5079 3364 5136 Si
3406 5094 3502 5150 per
3530 5079 3742 5148 legatum

2170 5174 2567 5246 prmscicntiam
2604 5171 2816 5226 Domini
2846 5178 3039 5225 cautus
3087 5173 3359 5241 explorat,
3392 5172 3518 5243 quid
3550 5171 3644 5225 hac
3670 5167 3742 5221 in-

2168 5266 2468 5321 structione
2484 5266 2720 5336 dignius,
2746 5265 2874 5335 quid
2894 5265 2993 5319 hac
3009 5266 3329 5323 consulendi
3344 5278 3460 5324 arte
3476 5260 3740 5322 subtilius?

2168 5360 2321 5429 Quod
2353 5374 2451 5415 nos
2479 5357 2662 5416 facere
2700 5358 2984 5424 debemus,
3029 5357 3224 5428 quibus
3266 5374 3390 5414 cum
3421 5357 3607 5413 ﬁducia
3637 5352 3740 5408 nul-

2167 5456 2272 5511 lius
2316 5460 2388 5509 sit
2436 5455 2641 5521 meriti,
2672 5453 2835 5509 debet
2865 5467 2988 5508 esse
3018 5452 3209 5508 saltem
3256 5453 3429 5523 pudor
3472 5447 3692 5518 exempli
3724 5469 3734 5503 :

2163 5550 2439 5605 imitantes
2466 5548 2552 5603 vel
2595 5548 2647 5602 in
2689 5546 2791 5602 hac
2822 5556 2975 5616 parte
3012 5544 3229 5601 beatum
3261 5546 3497 5610 Petrum,
3527 5544 3611 5615 qui
3641 5554 3734 5595 non

2164 5643 2341 5699 solum
2370 5658 2471 5714 qua
2503 5640 2828 5707 humilitate,
2855 5654 3041 5693 verum
3073 5639 3239 5695 etiam
3262 5655 3359 5711 per
3377 5653 3496 5710 quae
3518 5637 3579 5691 ad
3604 5631 3732 5689 desi-

2164 5737 2351 5793 derata
2390 5737 2673 5807 pervenire
2702 5734 2995 5805 possimus,
3029 5734 3300 5790 ostendit?
3323 5734 3405 5792 Ah
3430 5733 3518 5789 illo
3537 5726 3731 5785 absolui

2168 5831 2371 5906 tionem
2401 5827 2712 5920 quaastionis
2746 5825 2937 5915 hujus,
2971 5840 3134 5917 quam
3167 5827 3281 5917 ipse
3311 5842 3413 5899 non
3435 5821 3633 5893 erubuit
3657 5818 3726 5888 itt-
