4080 6296
252 271 309 330 97

1210 263 1549 324 EPISTOLA
1588 263 1681 322 Vl.
1718 262 1811 321 AD
1847 262 2117 321 ANICUM
2154 261 2538 322 AEGROTUM.

3450 265 3523 323 98

251 396 538 455 terrogare,
567 395 895 455 quzeramus.
925 380 1009 438 Ab
1056 378 1175 447 illo,
1217 382 1457 454 inquam,
1502 378 1593 452 qui
1634 378 1687 435 in
1720 378 1836 449 ipso
1864 382 1917 442 Α
1944 387 2258 449 perventum
2292 388 2395 446 est,
2423 386 2478 433 et
2507 375 2575 433 de
2619 382 2801 433 nostra
2848 375 3055 434 ultione
3102 392 3211 435 non
3266 378 3529 451 loqueris.

250 479 452 538 Domini
485 488 727 549 pectore,
757 477 908 533 velut
955 490 1118 547 super
1149 490 1327 530 arcam
1367 477 1491 530 novi
1524 472 1832 542 veterisque

244 572 569 634 Testamenti
594 573 938 639 recumbens,
969 586 1076 626 non
1104 569 1266 626 modo
1292 570 1356 624 ad
1382 568 1705 625 vesxihulum
1731 567 1833 621 ali-

244 683 464 741 quorum
518 665 826 721 divinorum
874 663 1220 721 oraculorum
1271 663 1504 733 diligens
1552 661 1836 734 inquisitor

243 759 486 827 arcessit,
519 759 615 815 sed
657 759 833 829 ipsum
864 757 1141 830 penetrale
1171 764 1398 811 secretae
1442 752 1831 826 diSpositiouis,

244 863 506 924 tamquam
555 850 840 906 familiaris
866 848 1128 905 sacerdos
1163 847 1383 903 intravit
1412 862 1426 900 :
1454 856 1508 903 et
1540 845 1660 901 ideo
1689 844 1837 900 solus

246 948 357 1002 vidit
402 947 457 1001 in
494 942 762 1016 principio
792 943 1041 1009 verbum,
1073 941 1291 1013 quando
1320 941 1393 996 illi
1424 940 1571 995 velut
1600 939 1835 995 exterior

244 1040 567 1098 sacrosancti
616 1038 804 1109 templi
851 1054 965 1105 ara,
1014 1036 1094 1091 sic
1127 1035 1354 1090 interior
1383 1033 1656 1088 metienda
1687 1048 1836 1087 com-

248 1137 493 1194 mittitur.
520 1132 641 1204 Ipse
665 1148 765 1188 nos
794 1132 862 1188 de
884 1147 950 1188 eo
978 1130 1139 1198 libro,
1164 1145 1323 1202 quem
1356 1137 1561 1198 septem
1592 1125 1838 1197 signacu-

243 1232 302 1287 lis
321 1231 568 1285 clausum
599 1225 770 1290 ﬂevit,
799 1234 1207 1295 reseratumque
1238 1222 1449 1277 laetatus
1469 1231 1574 1289 est,
1600 1238 1708 1276 non
1738 1236 1838 1291 per

246 1322 473 1393 aliquem
504 1317 959 1390 pseudothyrum,
991 1316 1088 1372 sed
1132 1331 1227 1387 per
1270 1322 1516 1387 patentes
1555 1314 1749 1384 januas
1780 1313 1833 1368 in

246 1430 398 1471 suum
431 1424 616 1484 pectus
648 1408 895 1468 veritatis
922 1409 1158 1465 inducat.

313 1508 425 1564 XV.
440 1508 601 1579 Atqui
634 1520 725 1573 ne,
744 1506 870 1560 dum
889 1503 1212 1570 consulitur,
1233 1500 1613 1566 immoremur,
1629 1514 1836 1570 pracve-

243 1603 327 1667 nit,
349 1600 715 1671 inquirentes,
740 1597 905 1654 etiam
934 1595 1287 1667 praescieutiae
1310 1591 1640 1663 compendio
1659 1610 1671 1647 :
1690 1591 1833 1663 quod

244 1696 499 1766 trepidum
530 1691 825 1764 aliquando
858 1693 1058 1747 nostris
1082 1689 1352 1745 mentibus
1373 1676 1611 1743 futurum
1641 1703 1833 1742 cerne-

1940 470 2093 539 Quod
2124 488 2245 527 cum
2273 470 2481 535 dicunt,
2513 470 2830 527 mirabiliter
2858 472 3189 545 subjuuguut
3216 490 3229 527 :
3260 471 3379 529 Non
3412 473 3531 529 vin-

1940 567 2087 623 dicas
2113 569 2425 637 sauguinem
2452 577 2692 622 nostrum
2720 570 2786 623 ab
2820 567 2914 634 iis,
2960 569 3051 638 qui
3083 571 3135 623 in
3175 570 3335 625 terris
3377 560 3528 623 inha-

1939 662 2148 719 bitant?
2179 663 2319 733 Ergo
2349 679 2456 717 non
2483 676 2761 732 quousque
2790 704 2804 729 ,
2845 663 2889 716 si
2915 663 3093 717 adhuc
3140 662 3217 718 illi
3271 664 3531 719 mortales

1942 767 2233 810 versantur
2256 755 2308 809 in
2342 751 2521 827 terris,
2543 752 2631 825 qui
2656 752 2870 809 Domini
2895 753 3126 811 famulos
3152 753 3310 822 fuste,
3330 754 3531 826 lapide,

1941 848 2162 918 ungula,
2191 848 2395 919 flagris,
2427 846 2670 918 plumbo,
2703 846 2868 913 ferro,
2907 847 3112 915 bestiis,
3144 847 3265 918 igne
3284 859 3540 918 suntper-

1941 943 2137 998 secuti.
2167 942 2455 1013 Quousque
2484 941 2629 996 enim
2651 939 2935 1010 imputatio
2963 949 3044 997 est
3080 940 3389 1011 prolixioris
3405 951 3535 997 aeta-

1942 1038 2031 1107 tis,
2060 1046 2116 1092 ut
2147 1045 2241 1092 aut
2266 1052 2569 1108 quousque,
2601 1037 2669 1091 sit
2692 1035 2809 1091 sine
2837 1037 2943 1091 line
2972 1050 2987 1089 :
3021 1037 3117 1092 sed
3138 1036 3315 1092 adhuc
3345 1052 3535 1108 perse-

1940 1139 2158 1186 cutores
2183 1139 2463 1185 morantur
2492 1131 2542 1184 in
2573 1145 2758 1195 carne,
2787 1138 2882 1187 aut
2911 1128 2984 1184 illi
3017 1131 3119 1184 vita
3142 1141 3496 1187 excesserunt
3521 1148 3538 1186 :

1940 1224 2103 1277 etiam
2137 1222 2182 1275 si
2213 1224 2265 1277 in
2294 1223 2456 1277 terris
2489 1221 2735 1277 habitant
2762 1264 2777 1289 ,
2833 1223 2879 1276 si
2924 1239 3204 1292 quousque
3239 1238 3343 1277 non
3378 1223 3532 1278 fallit.

1944 1316 2049 1371 Sed
2091 1315 2224 1372 nihil
2273 1316 2462 1371 falsum
2502 1317 2770 1387 profertur
2809 1332 2838 1370 a
2886 1318 3112 1375 testibus
3169 1319 3451 1374 veritatis:
3486 1328 3543 1375 et

1944 1406 2069 1463 ideo
2091 1409 2260 1479 magis
2290 1408 2696 1480 interpretatio,
2732 1425 2838 1463 non
2887 1409 3021 1466 fides
3065 1412 3351 1482 quaerenda
3401 1422 3483 1467 est
3513 1453 3531 1479 ,

1940 1519 2059 1574 qua:
2082 1504 2181 1558 sub
2195 1504 2418 1559 obscura
2452 1504 2757 1559 elocutione
2784 1521 2889 1560 non
2919 1505 3241 1572 excluditur,
3265 1506 3361 1562 sed
3389 1508 3538 1563 vela-

1942 1607 2045 1651 tur.
2078 1597 2212 1652 Cum
2246 1612 2376 1667 ergo
2407 1596 2628 1651 dicunt:
2654 1597 2948 1669 Quousque
2981 1643 2995 1667 ,
3050 1599 3276 1656 Domine
3318 1610 3539 1657 sanctus

1940 1698 1995 1744 et
2016 1705 2194 1756 verus,
2226 1707 2331 1745 non
2357 1688 2603 1747 vindicas
2628 1692 2944 1763 sanguinem
2969 1705 3216 1749 nostrum
3248 1694 3315 1751 ab
3352 1696 3415 1752 iis
3447 1697 3543 1767 qui

245 1783 861 1843 batillumiuat.Reddit
882 1784 1024 1838 enim
1048 1782 1598 1852 velutpercunctatus
1618 1794 1833 1850 reSpou-
1864 1788 1912 1849 Β
1939 1782 1990 1839 in
2023 1783 2180 1837 terris
2204 1782 2508 1838 inhabitant
2542 1803 2553 1836 :
2584 1799 2690 1838 non
2736 1800 2922 1840 eorum
2968 1787 3278 1841 mortalium
3324 1789 3543 1859 sangui-

245 1898 292 1936 sa
310 1882 369 1936 de
390 1881 680 1937 Pathmos.
706 1878 782 1934 De
801 1894 866 1935 eo
892 1878 1074 1949 utique
1101 1878 1218 1932 loco
1234 1876 1320 1931 ubi
1344 1876 1604 1931 caelorum
1625 1883 1833 1929 secreta

249 1974 493 2046 preclusa
510 1970 740 2037 Caesari,
755 1987 859 2026 non
874 1968 1086 2025 alienus
1099 1968 1339 2036 intravit,
1356 1977 1408 2023 et
1422 1969 1733 2038 angelorum
1749 1982 1835 2020 sa-

254 2078 506 2124 cramenta
523 2066 715 2138 pulsus
734 2066 801 2120 ab
824 2064 1101 2120 hominum
1124 2066 1537 2119 conversatione
1557 2061 1831 2131 cognovit.

262 2161 338 2215 Ait
360 2160 493 2216 enim
514 2157 671 2213 :Vidi
684 2160 776 2212 sub
798 2175 890 2212 ara
916 2157 1014 2212 Dei
1035 2158 1232 2211 animus
1253 2157 1536 2211 occisorum
1550 2164 1836 2225 martyrum

258 2264 435 2325 propter
446 2252 660 2307 verbum
687 2250 798 2315 Dei,
815 2261 861 2306 et
879 2253 1219 2306 testimonium
1231 2248 1379 2318 Iesu,
1402 2249 1539 2318 quod
1555 2247 1835 2302 habebant:

253 2356 291 2399 et
323 2346 452 2401 data:
480 2354 606 2400 sunt
652 2343 758 2399 illis
780 2344 1000 2416 singula:
1034 2345 1179 2398 stola:
1199 2386 1214 2409 ,
1270 2353 1317 2397 et
1353 2344 1700 2396 clamauerunt
1722 2355 1839 2394 uoce

246 2458 434 2512 magna,
470 2440 706 2493 dicentes
729 2454 748 2492 :
779 2436 1074 2509 Usquequo,
1102 2436 1344 2502 Domine,
1367 2445 1576 2491 sanctus
1602 2445 1648 2490 et
1668 2451 1837 2502 rerus,

243 2549 333 2586 non
358 2534 599 2587 vindicas
611 2531 913 2603 sanguinem
933 2541 1164 2585 nostrum
1195 2530 1259 2583 ab
1287 2531 1349 2585 iis
1379 2531 1467 2601 qui
1492 2530 1545 2583 in
1572 2528 1723 2583 terris
1742 2531 1840 2581 Ita-

251 2626 407 2680 bilant
432 2628 455 2680 ?
481 2623 549 2679 Et
576 2626 715 2679 datae
735 2635 855 2679 sunt
885 2625 955 2679 eis
985 2622 1203 2696 singqu
1223 2624 1369 2679 stulte
1390 2624 1542 2692 albaz,
1574 2633 1621 2677 et
1647 2625 1843 2678 dictant

242 2729 313 2773 est
334 2720 431 2781 eis,
454 2730 509 2770 ut
538 2720 855 2787 requiescant
882 2718 1050 2772 adhuc
1070 2734 1224 2790 parvo
1251 2724 1493 2789 tempore,
1524 2718 1685 2772 donec
1706 2733 1845 2771 com-

243 2812 445 2881 pleatur
471 2826 708 2864 numerus
723 2826 1080 2864 conservorum
1101 2820 1149 2865 et
1173 2813 1394 2881 fratrum
1415 2825 1614 2876 eorum,
1638 2810 1725 2880 qui
1758 2825 1847 2862 oc-

241 2904 475 2958 cidantur
494 2914 671 2977 postea
707 2903 942 2976 exemplo
972 2920 1149 2959 eorum
1179 2905 1197 2975 (
1227 2905 1387 2976 Apoc.
1412 2920 1486 2969 vr,
1518 2904 1574 2970 9,
1610 2905 1697 2970 10,
1731 2904 1843 2975 ll).

239 2996 281 3051 0
304 2998 701 3069 Apocalypsim
734 3012 868 3052 vere
894 2995 1157 3061 divinam,
1190 3009 1243 3051 et
1270 3006 1418 3051 tanto
1447 2995 1707 3066 Apostolo
1734 3011 1849 3050 me-

238 3092 337 3147 rito
377 3091 759 3146 confessionis
800 3100 1045 3162 tempore
1085 3090 1436 3159 patefactam,
1486 3100 1543 3144 ut
1576 3088 1743 3160 magis
1778 3088 1845 3142 ad

1939 1890 2062 1930 nem
2094 1884 2408 1947 mortesque
2438 1875 2773 1946 desiderant,
2806 1878 2895 1950 qui
2928 1877 2983 1933 in
3007 1894 3101 1935 eos
3123 1877 3427 1950 quondam,
3454 1890 3547 1935 aut

1940 1969 2185 2039 populari
2220 1967 2489 2023 seditione
2516 1971 2845 2040 sazvierunt,
2876 1982 2970 2027 aut
3019 1974 3379 2031 tribunalibus
3428 1977 3543 2031 suf-

1938 2062 2080 2127 fulti,
2111 2063 2369 2132 capitales
2401 2064 2701 2120 sententias
2731 2066 3173 2137 promulgarunt,
3206 2070 3464 2140 quoniam
3491 2071 3544 2125 iu

1940 2155 2097 2209 terris
2125 2156 2304 2209 adhuc
2331 2155 2657 2212 inhabitant.
2692 2157 2801 2213 Nec
2840 2157 2923 2213 fas
2974 2170 3059 2216 est
3108 2170 3164 2215 ut
3216 2174 3546 2219 accusentur

1941 2247 2203 2318 defuncti,
2234 2249 2350 2320 qui,
2376 2250 2505 2305 dum
2531 2250 2802 2320 viverent,
2826 2262 2954 2308 sunt
2981 2254 3191 2311 defensi
3217 2258 3299 2313 his
3328 2259 3509 2331 verbis
3533 2279 3545 2315 :

1944 2341 2029 2398 Ne
2046 2353 2245 2398 statuas
2267 2343 2394 2414 illis,
2432 2344 2673 2410 Domine,
2706 2347 2801 2402 ltoc
2826 2360 3091 2418 peccatum
3116 2352 3258 2426 (Act.
3289 2353 3495 2424 vu,60)
3529 2370 3543 2407 :

1941 2436 2195 2508 ignorant
2216 2438 2357 2494 enim
2385 2439 2510 2509 quid
2538 2439 2762 2495 faciunt.
2787 2441 2941 2509 Quod
2973 2444 3017 2497 si
3056 2444 3201 2499 inter
3229 2447 3543 2516 passionum

1944 2539 2236 2600 tormenta,
2270 2540 2327 2587 et
2353 2547 2572 2588 amaros
2596 2535 2792 2590 mortis
2812 2535 3032 2592 dolores
3061 2580 3075 2604 ,
3127 2547 3236 2593 tam
3273 2540 3360 2610 pie
3388 2540 3551 2610 quili-

1945 2621 2057 2690 bet,
2085 2640 2183 2692 pro
2216 2624 2450 2693 injustis,
2483 2641 2581 2695 pro
2606 2627 2805 2698 impiis,
2840 2643 2938 2699 pro
2960 2630 3235 2698 cruentis,
3273 2646 3372 2701 pro
3402 2632 3549 2689 blas-

1947 2715 2334 2787 phemantibus
2362 2718 2742 2787 supplicarent
2769 2740 2781 2773 :
2808 2723 2852 2774 si
2895 2736 2960 2776 eo
3001 2722 3237 2793 denique
3261 2732 3506 2795 tempore
3536 2768 3549 2790 ,

1947 2826 2055 2882 quo
2098 2810 2215 2880 ipse
2267 2812 2641 2881 angustiarum
2695 2829 2891 2870 sensus
2938 2826 3179 2873 extrema
3231 2818 3550 2888 patientium

1948 2913 2163 2976 poterat
2189 2905 2431 2960 excitare
2460 2905 2527 2960 ad
2559 2905 2928 2979 maledictum,
2963 2910 3201 2979 precatio
3232 2926 3331 2982 pro
3379 2912 3556 2967 homi-

1949 3013 2018 3052 ne
2045 2996 2163 3051 fusa
2185 3003 2305 3051 est:
2334 2996 2459 3067 quis
2491 3013 2596 3052 non
2623 2998 2913 3070 intelligit,
2951 3017 3060 3056 nou
3093 3012 3306 3058 mentes
3350 3013 3554 3076 marty-

1950 3106 2118 3154 rum,
2159 3088 2255 3144 sed
2305 3102 2713 3160 persecutorum
2766 3108 3028 3162 personas
3081 3093 3251 3150 fuisse
3301 3104 3553 3163 notatas,

239 3184 594 3239 tolerantiam
630 3184 914 3239 duraretur
947 3224 962 3248 ,
1016 3198 1139 3238 cum
1188 3181 1265 3237 illi
1318 3196 1603 3252 passorum
1661 3181 1852 3237 merita
1880 3183 1928 3249 ί]
1958 3197 2160 3254 eosque
2181 3184 2401 3253 appeti,
2426 3199 2563 3254 quos
2594 3186 2646 3239 iu
2680 3185 2840 3240 terris
2862 3185 3041 3242 adhuc
3084 3186 3400 3244 inhabitare
3436 3204 3560 3245 cre-

238 3287 707 3333 monstrareutur.
732 3276 849 3332 Non
874 3291 1006 3349 ergo
1033 3275 1323 3331 errandum
1348 3284 1456 3343 est,
1486 3291 1582 3346 per
1614 3274 1743 3331 folia
1774 3274 1848 3329 si-

235 3371 541 3445 byllarum,
576 3387 802 3442 quarunt
833 3381 888 3425 ut
934 3369 1145 3441 pagina:
1195 3368 1419 3424 incertis
1465 3367 1649 3422 mundi
1702 3366 1858 3422 malis

237 3466 906 3539 spiritibusluctabuntur
946 3482 965 3520 :
1008 3465 1078 3519 ita
1125 3464 1244 3518 loca
1287 3463 1465 3518 ventis
1512 3462 1670 3531 hujus
1715 3463 1858 3517 aeris

239 3559 634 3614 turbabantur.
670 3559 810 3613 Ecce
838 3558 1249 3614 evidentissime
1277 3556 1567 3626 Apostolus
1590 3555 1692 3610 hoc
1716 3554 1857 3624 quod

242 3649 514 3712 habebat.
536 3650 817 3705 enucleat:
845 3658 899 3705 et
928 3649 1329 3705 obscurissima:
1357 3646 1644 3718 quiestioni
1677 3646 1858 3701 lumen

241 3742 433 3799 infert.
466 3742 729 3799 Senserat
752 3741 876 3803 haee
896 3740 1188 3813 aliquando
1216 3740 1443 3796 dicenda
1475 3780 1492 3805 ,
1540 3756 1660 3809 qua:
1718 3754 1862 3793 nunc

243 3837 562 3896 sinisterior
590 3839 792 3908 lingua,
827 3846 1096 3908 tamquam
1117 3836 1238 3892 oleo
1262 3836 1485 3891 mollitis
1512 3843 1629 3890 arte
1656 3849 1866 3889 sermo-

248 3937 450 4002 nibus,
484 3936 539 3991 in
574 3934 907 3990 audientium
955 3939 1013 3989 et
1056 3948 1211 3988 suum
1260 3930 1529 4001 jaculatur
1564 3929 1859 3985 interitum.

252 4031 316 4084 Et
345 4040 641 4102 propterea
666 4046 682 4088 ;
714 4027 882 4097 Vidit,
908 4024 1102 4098 inquit,
1125 4026 1218 4081 sub
1247 4043 1340 4081 ara
1369 4025 1468 4080 Dei
1499 4027 1698 4079 animas
1727 4024 1863 4079 occi-

249 4141 438 4179 sorum
468 4132 782 4194 martyrum.
806 4110 883 4177 De
904 4121 1011 4177 ﬁde
1043 4121 1195 4176 testis
1221 4120 1404 4175 nullus
1453 4119 1676 4190 ambigit
1720 4138 1732 4171 :
1778 4128 1862 4173 te-

249 4218 578 4273 stimonium
610 4215 933 4283 ventiletur,
968 4214 1323 4284 intelligentia
1372 4213 1619 4284 responsi
1664 4220 1818 4268 nutet
1844 4253 1860 4280 ,

252 4329 359 4368 non
386 4311 629 4366 dicentis
649 4311 969 4366 auctoritas.

326 4407 481 4463 XVI.
510 4409 590 4461 Ac
617 4405 849 4476 primum
882 4403 1024 4460 istud
1043 4413 1125 4459 est
1146 4400 1868 4474 auimadvertendum,quod

252 4504 475 4558 animas
505 4502 812 4557 occisorum
856 4509 1158 4571 martyrum
1200 4499 1496 4567 Apostolus
1537 4506 1766 4553 testatur
1810 4511 1870 4550 se

1959 3275 2195 3331 dendnm
2225 3286 2310 3331 est
2339 3275 2433 3331 illo
2455 3288 2734 3346 tempore,
2794 3294 2930 3348 quos
2984 3279 3201 3349 quidem
3256 3279 3561 3353 ignorantia

1961 3385 2069 3424 non
2092 3369 2329 3424 defendit
2360 3387 2370 3421 :
2405 3386 2514 3424 nou
2550 3386 2645 3427 eos
2676 3371 2765 3441 qui
2797 3372 2849 3426 in
2878 3373 3033 3428 terris
3056 3372 3304 3430 habitare
3325 3376 3436 3445 jam
3468 3391 3561 3446 per

1961 3465 2329 3521 conditionem
2363 3466 2628 3520 naturalis
2653 3466 2973 3522 substantiae
3000 3467 3319 3536 desierunt,
3352 3480 3408 3526 et
3428 3471 3561 3527 olim

1963 3559 2031 3614 ab
2061 3560 2196 3630 ipsis
2223 3559 2555 3631 martyribus
2600 3560 2703 3615 sub
2733 3561 3081 3631 ignoratione
3118 3576 3245 3619 sunt
3281 3569 3566 3624 excusati?

1964 3653 2066 3719 Qui
2091 3652 2179 3707 isti
2210 3661 2373 3720 sunt,
2404 3669 2509 3708 non
2540 3652 2874 3725 ignoramus.
2908 3654 3235 3726 Spirituales
3257 3658 3376 3716 sine
3396 3660 3566 3717 dubio

1967 3746 2222 3815 nequitia:
2256 3758 2311 3800 et
2344 3746 2686 3802 tenebrarum
2714 3744 3010 3816 potestates
3040 3790 3055 3815 ,
3081 3765 3202 3821 quae
3239 3761 3295 3807 et
3326 3754 3381 3807 in
3406 3755 3568 3811 terris

1966 3838 2141 3894 adhuc
2162 3838 2488 3904 inhabitant,
2513 3846 2567 3894 et
2595 3856 2701 3894 non
2725 3856 2847 3895 cum
2873 3842 3172 3912 ignorantia
3194 3844 3248 3899 in
3272 3846 3368 3901 Dei
3397 3847 3569 3904 famu-

1968 3934 2053 3989 los
2082 3942 2463 4003 peccaverunt.
2509 3933 2642 3987 Nam
2682 3948 2804 3988 cum
2855 3936 2956 4005 ipsi
3005 3936 3239 3993 Domino
3279 3938 3567 3999 dixerint:

1973 4026 2114 4093 Quid
2136 4027 2318 4081 uenisti
2348 4037 2466 4080 ante
2510 4037 2709 4098 tempus
2756 4035 2990 4099 torquere
3037 4046 3131 4083 nos
3172 4029 3402 4102 (Matth.
3434 4049 3527 4089 vm
3553 4076 3568 4102 ,

1970 4120 2040 4175 29
2069 4118 2090 4192 )
2146 4138 2157 4172 :
2215 4120 2491 4191 quomodo
2519 4120 2637 4189 ejus
2670 4120 2901 4175 famulos
2932 4122 3268 4192 nescierunt,
3312 4142 3447 4198 quos
3476 4144 3576 4186 nec

1969 4213 2245 4282 persecuti
2278 4223 2486 4279 essent,
2516 4216 2563 4269 si
2597 4212 2717 4284 ejus
2748 4214 2981 4271 famulus
3010 4217 3396 4288 ignorasseut?
3429 4222 3572 4295 Ergo

1971 4323 2094 4362 cum
2119 4308 2387 4377 persecuti
2421 4316 2565 4375 sunt,
2617 4309 2858 4364 scierunt
2901 4326 3036 4381 quos
3091 4327 3187 4382 per
3233 4322 3500 4372 tormenta
3542 4335 3573 4373 a

1977 4401 2205 4457 Domino
2256 4416 2355 4455 suo
2397 4401 2687 4457 detrahere
2736 4404 3091 4460 conabantur.
3144 4409 3222 4463 Ac
3273 4409 3398 4466 inde
3450 4426 3572 4468 cum

1973 4492 2119 4548 beati
2143 4506 2413 4563 martyres
2450 4508 2546 4563 pro
2577 4493 2885 4549 hominibus
2936 4496 3279 4555 intercedunt
3305 4542 3322 4570 ,
3372 4518 3577 4574 eosque

255 4598 492 4661 vidisse,
519 4610 589 4651 ne
616 4594 738 4665 quis
759 4608 880 4648 cum
899 4592 967 4647 de
993 4590 1307 4647 muneribus
1327 4592 1607 4661 diSputare
1634 4587 1863 4657 cmperi-
1898 4590 1947 4650 D
1975 4584 2298 4657 ignoranti-az
2326 4587 2676 4641 excusatione
2693 4586 2993 4645 defendunt
3022 4609 3035 4644 :
3066 4594 3311 4663 sequitur
3324 4597 3578 4655 utscien-

256 4706 411 4759 mus,
445 4698 569 4759 pOSt
596 4686 1051 4743 resurrectionem
1101 4685 1244 4740 dicat
1294 4682 1575 4739 tribuenda
1622 4681 1876 4753 martyri-

256 4782 387 4849 bus,
424 4796 548 4851 quae
579 4779 757 4835 adhuc
777 4778 975 4833 animis
1003 4776 1266 4832 docentur
1292 4776 1492 4831 indulta
1521 4794 1535 4826 :
1567 4775 1871 4844 praesertim

257 4890 387 4928 cum
420 4871 566 4927 istud
588 4871 910 4941 astipuletur
933 4869 1129 4936 nobis,
1182 4868 1326 4940 quod
1377 4869 1446 4923 ile
1495 4882 1643 4922 mora
1682 4867 1876 4947 jutlic‘ii

261 4975 682 5039 conqucrunlul‘
713 4983 727 5019 :
753 4980 913 5036 quam
946 4973 1356 5019 resurrecturus
1381 4962 1596 5033 utique,
1642 4976 1749 5016 non
1780 4961 1872 5031 qui

258 5060 377 5129 jam
412 5058 745 5124 resurrexit,
800 5067 1059 5112 accusat:
1094 5057 1347 5126 quoniam
1376 5053 1520 5108 aliud
1544 5063 1626 5108 est
1651 5067 1874 5123 poscere

268 5167 328 5206 ut
351 5164 563 5216 teneas,
596 5149 742 5205 aliud
772 5150 879 5219 jam
912 5160 1114 5205 tenere.
1158 5148 1324 5202 Stulte
1349 5157 1528 5201 autem
1572 5155 1872 5217 martyrum

268 5246 549 5301 donantur
568 5243 828 5300 exercitui
855 5260 868 5297 :
899 5253 953 5298 et
984 5256 1256 5312 tamquam
1290 5251 1453 5296 tanta:
1492 5240 1757 5295 libertatis
1791 5239 1875 5293 in-

268 5350 487 5412 gratus,
515 5354 705 5409 magna
734 5338 931 5394 cwlum
965 5337 1138 5408 pulsat
1162 5334 1366 5390 invidia
1386 5333 1453 5390 de
1480 5333 1733 5389 tarditate
1754 5333 1871 5387 vin-

271 5437 441 5491 dictae
461 5435 617 5505 :quia
646 5450 753 5489 non
782 5433 886 5490 levi
905 5431 1143 5501 pondere
1166 5430 1433 5487 sermonis
1456 5428 1769 5499 exprobrat,
1786 5426 1873 5481 di-

276 5529 460 5585 cendo
493 5549 507 5583 :
541 5529 839 5598 Quousque,
867 5525 1107 5593 Domine,
1130 5528 1233 5582 hoc
1253 5534 1337 5581 est
1356 5524 1564 5580 dicere:
1587 5524 1876 5595 Quousque

279 5640 401 5679 non
426 5623 689 5691 vindicas,
717 5636 854 5693 quos
882 5620 1060 5676 statim
1080 5620 1354 5676 vindicare
1384 5619 1702 5675 debuisses?
1732 5618 1877 5687 Quo-

283 5735 473 5787 usque,
506 5717 744 5789 Domine,
770 5716 872 5772 hoc
902 5728 984 5785 est
1032 5717 1211 5783 dicere
1240 5734 1253 5770 :
1286 5715 1547 5787 numquid
1595 5732 1696 5772 nos
1740 5715 1883 5772 ultra

286 5811 459 5867 tinem
487 5811 671 5869 differs
695 5811 1065 5870 saeculorum?
1095 5809 1227 5867 Nam
1248 5809 1356 5881 jam
1405 5808 1470 5866 ad
1514 5809 1676 5865 linem
1713 5823 1884 5882 usque

1978 4690 2058 4736 tes
2089 4690 2371 4735 teneantur
2399 4681 2450 4733 in
2470 4680 2721 4747 crimine,
2754 4682 2954 4752 quique
2979 4684 3122 4754 ipsas
3154 4687 3472 4758 ignorantia:
3498 4700 3578 4747 te-

1978 4773 2173 4827 nebras
2196 4770 2505 4825 hominibus
2532 4771 2907 4838 sulludernnt,
2947 4791 3179 4846 quorum
3222 4778 3375 4837 furor
3410 4786 3572 4840 etiam

1980 4866 2286 4934 impietates
2304 4874 2529 4919 excusat
2550 4864 2854 4921 humanas:
2887 4884 3023 4939 quos
3073 4886 3179 4927 non
3225 4874 3360 4931 alios
3391 4877 3575 4935 dicere

1979 4958 2299 5029 poterimus,
2328 4972 2489 5026 quam
2518 4955 2613 5027 qui
2635 4956 2795 5012 etiam
2819 4960 2935 5015 suis
2965 4977 3069 5017 non
3102 4966 3261 5021 amici
3290 4970 3577 5035 sunt,dum

1980 5053 2060 5107 cis
2085 5065 2189 5104 non
2217 5051 2539 5121 permittunt
2566 5066 2689 5107 esse
2710 5052 2854 5122 quod
2885 5053 3085 5111 bonum
3116 5066 3201 5113 est
3241 5076 3254 5112 :
3296 5061 3457 5118 etiam
3482 5064 3579 5121 Dei

1983 5143 2202 5199 famulis
2229 5144 2431 5198 inimici
2455 5154 2604 5212 sunt,
2638 5144 2763 5200 dum
2792 5162 2887 5202 eos
2913 5150 3057 5221 quod
3090 5150 3290 5209 bonum
3309 5159 3580 5230 nesciunt,

1984 5240 2404 5308 persequuntur.

2058 5328 2218 5384 XVII.
2250 5329 2378 5383 Post
2409 5329 2595 5384 harum
2625 5338 2935 5387 sanctarum
2956 5332 3258 5393 animarum
3280 5342 3579 5410 querelam,

1985 5428 2267 5499 sequentia
2294 5425 2602 5482 videamus.
2637 5424 2705 5482 Et
2735 5428 2873 5483 data:
2899 5440 3052 5495 sunt,
3106 5432 3214 5502 ait,
3259 5436 3330 5489 eis
3367 5437 3587 5508 singula:

1982 5517 2132 5575 stola:
2155 5518 2289 5573 alba:
2316 5520 2503 5591 (Apoc.
2532 5535 2606 5588 vr,
2641 5520 2753 5591 11).
2786 5521 2926 5588 Quid
2956 5525 3060 5579 hoc
3092 5538 3173 5580 est
3198 5529 3342 5597 quod
3386 5530 3581 5588 iterum

1989 5614 2295 5670 vestiuntur
2316 5612 2339 5664 ν
2360 5611 2493 5667 Nam
2525 5613 2694 5684 prius,
2726 5626 2784 5669 ut
2813 5615 3072 5685 scriptum
3097 5628 3203 5685 est,
3227 5634 3257 5675 a
3282 5619 3392 5676 Deo
3405 5634 3590 5681 vestes

1989 5715 2119 5764 sunt
2146 5705 2451 5775 consecuti,
2476 5714 2530 5762 et
2561 5722 2705 5762 nunc
2728 5706 3067 5764 indumentis
3095 5711 3307 5781 gemina
3338 5712 3590 5774 libertate

1992 5804 2282 5866 donantur.
2317 5802 2451 5872 Qua:
2499 5804 2685 5877 utique
2735 5804 3060 5866 vestimenta
3109 5820 3231 5866 cum
3284 5810 3589 5885 spiritualia
