3916 6288
524 283 593 342 99
1571 279 1631 338 S.
1675 278 2055 337 HIERONYMI
2093 278 2373 337 ()PERUM
2414 278 2780 337 MANTISSA.

3682 284 3769 343 100

521 403 655 471 sint,
682 413 787 456 non
820 412 1110 472 possumus
1130 396 1340 463 vereri,
1372 411 1441 453 ne
1486 396 1574 452 illa
1621 414 1744 469 qua:
1796 397 1948 471 prius
1993 397 2116 453 data
2141 398 2194 459 A
2221 406 2323 453 est.
2357 396 2423 453 Et
2441 397 2561 454 ideo
2579 414 2721 454 nunc
2742 405 3060 470 operantur,
3082 412 3189 455 non
3214 395 3281 456 de
3302 398 3488 456 merito
3504 400 3633 473 quod
3652 417 3773 458 sem-

521 502 670 561 sunt,
704 503 853 547 extra
887 491 1217 546 videantur:
1258 506 1357 547 nec
1401 505 1533 546 sane
1587 492 1803 563 querela
1856 501 2113 564 generata

523 600 626 644 est.
653 589 819 658 Igitur
845 586 1101 659 quoniam
1130 586 1421 641 diversitas
1450 586 1687 661 ipsorum
1710 596 1765 643 et
1791 587 2112 658 significatio

520 683 776 745 vestium,
804 696 909 757 non
940 679 1056 734 sine
1085 680 1345 753 mysterio
1374 690 1457 736 est
1482 723 1495 745 ,
1519 682 1824 752 intelligere
1850 680 2112 737 debemus

520 775 789 831 donorum
816 775 1109 829 varietates
1129 819 1142 843 ,
1172 785 1226 829 et
1254 778 1626 845 operationnm
1677 777 1894 832 divitias
1924 795 1938 833 ε
1981 796 2115 847 quo-

521 868 665 923 niam
698 865 873 927 omnia
895 866 1273 921 subministrat
1297 883 1436 921 unus
1466 878 1626 937 atque
1681 868 1822 923 idem
1869 869 2110 938 spiritus.

519 959 809 1029 Accipiunt
855 974 987 1029 ergo
1031 968 1210 1015 vestes
1258 960 1403 1030 prius
1435 960 1520 1015 tibi
1569 977 1661 1030 per
1716 959 2112 1017 confessionem

521 1067 745 1121 corpora
779 1062 1075 1117 posuerunt
1107 1065 1120 1105 :
1154 1052 1320 1105 credo
1352 1064 1405 1104 ut
1429 1053 1632 1121 vestiti,
1664 1071 1766 1107 non
1801 1042 2114 1110 nudiinve-

517 1146 785 1201 nirentur.
822 1144 1026 1199 llu:sus
1050 1145 1326 1214 accipiunt
1366 1145 1470 1199 alia
1503 1146 1825 1201 vestimenta
1872 1156 1993 1217 post
2035 1136 2115 1202 in-

520 1238 958 1307 terpellationem
981 1280 995 1303 ,
1028 1238 1137 1291 imo
1167 1250 1286 1307 post
1321 1239 1749 1296 immutationem
1786 1251 1895 1297 tam
1941 1240 2112 1313 longa:

517 1334 793 1404 patientiae
824 1316 1295 1404 sustinentizeque.
1321 1335 1448 1401 Qum
1470 1336 1654 1406 utique
1675 1352 1797 1391 cum
1814 1335 2109 1404 accipiunt,

514 1429 635 1498 quis
666 1443 769 1481 non
796 1427 1069 1497 intelligit,
1102 1437 1161 1481 ut
1188 1443 1323 1481 nova
1378 1428 1499 1482 illos
1548 1440 1702 1483 veste
1734 1469 1748 1493 ,
1803 1430 1874 1484 ita
1917 1428 2112 1484 virtute

514 1520 784 1589 perfusos,
817 1534 923 1587 qua
958 1534 1100 1573 nunc.
1153 1520 1388 1573 emicant
1422 1529 1476 1573 et
1517 1518 1815 1590 apparent?
1863 1520 2016 1587 Quod
2066 1520 2111 1576 si

514 1614 661 1668 aliud
686 1614 1081 1683 postulassent,
1137 1614 1278 1668 aliud
1311 1615 1672 1684 accepissent,
1699 1628 1792 1671 aut
1843 1617 1983 1672 dona
2027 1633 2113 1673 re-

513 1716 790 1777 spuerent,
825 1717 917 1761 aut
945 1706 1178 1777 amplius
1208 1717 1524 1778 quaererent
1552 1709 1716 1764 irrisi.
1745 1709 1815 1765 At
1863 1725 1984 1765 cum
2011 1726 2112 1767 nec

2219 505 2316 562 per
2334 490 2655 557 habuerunt,
2676 492 2768 546 sed
2787 490 2854 547 de
2876 490 3074 548 virtute
3097 508 3260 563 quam
3276 508 3443 564 nuper
3464 493 3767 566 adeptisunt.

2292 583 2480 641 X‘Vlll.
2516 584 2763 640 Forsitan
2803 593 3019 641 moveat
3067 586 3300 657 aliquem
3327 632 3340 655 ,
3383 586 3507 659 quid
3541 587 3605 643 sit
3648 592 3770 660 quod

2219 679 2869 749 exspectarejubeantur,
2897 680 2940 737 si
2982 679 3090 751 jam
3138 682 3202 735 ad
3237 682 3586 738 maturitatem
3622 698 3772 749 ptente

2212 770 2476 843 judicium
2508 771 2850 845 dtemonibus
2878 772 3089 829 illatura
3114 776 3284 829 virtus
3322 775 3528 845 erupuit
3555 817 3569 841 ,
3614 791 3777 831 resur-

2217 866 2515 919 rectionem
2540 876 2594 919 ut
2624 867 2952 932 sustineant,
2982 864 3360 923 admonentur.
3396 866 3650 922 Cmterum
3676 865 3775 925 haec

2217 950 2321 1010 illis
2343 955 2535 1027 gloria.
2568 966 2621 1010 et
2649 956 2700 1010 in
2732 954 2897 1012 David
2949 957 3281 1013 carminibus
3327 958 3502 1013 fuerat
3544 960 3778 1028 promissa

2217 1044 2301 1102 his
2332 1048 2507 1104 verbis
2533 1047 2904 1103 :Lwtabuntur
2931 1050 2981 1103 in
3013 1050 3268 1106 cubilibus
3296 1052 3401 1106 suis
3428 1049 3593 1123 (Psat.
3615 1067 3776 1121 crux,

2216 1140 2294 1207 2).
2351 1142 2488 1197 Dum
2540 1143 2739 1214 sepulti
2765 1151 2914 1210 sunt,
2968 1145 3154 1218 utique
3208 1143 3554 1201 lzetabuntur.
3597 1145 3781 1203 Cubilia

2217 1232 2397 1304 posuit
2460 1250 2559 1305 pro
2618 1234 2885 1304 sepulcris
2921 1280 2935 1303 ,
3000 1238 3069 1293 de
3122 1237 3318 1307 quibus
3364 1249 3417 1294 et
3453 1241 3782 1295 resurrecturi

2214 1339 2388 1394 sunt,
2449 1346 2565 1382 cum
2620 1346 2737 1384 race
2798 1329 3103 1403 archangeli
3151 1339 3199 1387 et
3261 1332 3385 1386 tuba
3447 1329 3545 1387 Dei
3604 1332 3785 1389 iuerint

2215 1421 2437 1477 excitati
2470 1421 2513 1493 (l
2544 1421 2726 1477 Thess.
2760 1406 2834 1488 iv,
2866 1423 2974 1495 15).
3010 1424 3218 1480 Cubilia
3248 1440 3519 1497 ergovere
3537 1425 3780 1493 dicuntur,

2216 1514 2269 1572 in
2298 1518 2492 1588 quibus
2520 1534 2665 1573 nunc
2695 1518 3002 1588 quiescunt.
3034 1519 3103 1576 Et
3134 1521 3176 1575 si
3209 1519 3518 1575 (mtabuntur
3545 1521 3597 1574 in
3626 1520 3786 1574 cubili-

2217 1610 2310 1664 bus
2331 1612 2460 1679 suis,
2493 1610 2641 1683 prius
2689 1613 2790 1669 hoc
2830 1611 3073 1670 futurum
3107 1623 3245 1681 erat,
3282 1631 3481 1686 nempe
3510 1630 3662 1683 quam
3684 1630 3787 1669 sur-

2214 1712 2406 1774 gerent
2432 1704 2499 1759 de
2536 1705 2739 1777 quiete,
2764 1715 3052 1777 surgerent
3081 1705 3150 1764 de
3175 1708 3466 1779 sepulcris.
3490 1707 3641 1775 Quod
3670 1709 3786 1765 adeo

513 1798 743 1854 irridere
772 1799 915 1860 illos.
945 1798 1040 1853 Dei
1072 1800 1165 1864 sit,
1210 1800 1405 1870 quibus
1437 1817 1627 1870 magna
1652 1803 1900 1875 promisit
1933 1819 1947 1859 :
1977 1812 2032 1858 et
2058 1803 2111 1858 hi
2216 1796 2497 1870 impletum
2530 1811 2637 1864 est,
2669 1810 2727 1857 ut
2756 1802 2807 1856 in
2833 1802 3107 1858 cubilibus
3137 1803 3252 1858 suis
3280 1803 3405 1858 illos
3441 1803 3559 1858 sine
3598 1802 3788 1858 dubita-

513 1900 635 1962 post
661 1892 955 1946 secundam
985 1890 1413 1947 munificentiam
1452 1910 1556 1948 non
1591 1905 1908 1964 querantur,
1955 1895 2112 1951 dubi-

511 1991 759 2038 tamusne
783 1984 849 2038 ad
875 1985 1307 2039 consolationem
1332 1987 1675 2056 querelarum
1711 2004 1827 2042 eam
1874 1990 2107 2058 Speciem

510 2072 813 2143 pertinere,
847 2091 967 2145 qu;e
1000 2075 1288 2130 vindictam
1319 2077 1722 2146 postulantibus
1753 2090 1833 2133 est
1875 2078 2111 2135 donata?

507 2169 641 2222 Αιδὶ
675 2167 740 2221 ad
767 2168 1220 2233 consolationem,
1255 2186 1373 2238 qum
1406 2170 1579 2239 major
1612 2172 1919 2227 consolatio
1958 2182 2109 2243 poto-

507 2261 579 2315 rit
606 2260 837 2315 inveniri
873 2260 974 2316 hac
994 2272 1258 2331 potestate
1282 2278 1383 2330 qua
1409 2262 1706 2331 dmmones,
1741 2264 1792 2318 id
1823 2277 1904 2319 est
1936 2308 1948 2331 ,
1982 2282 2110 2321 SUOS

509 2364 908 2426 persequuntur
933 2355 1373 2409 iuituicos?Nam
1398 2355 1442 2409 si
1474 2357 1640 2410 stolas
1700 2360 1827 2411 istas
1875 2359 1938 2411 ad
1989 2375 2111 2429 spe—

508 2448 644 2504 ciem
670 2460 976 2503 nostrarum
1003 2449 1238 2503 vestium
1272 2449 1620 2504 conferamus
1657 2466 1672 2505 :
1724 2452 1858 2505 alias
1894 2468 2111 2524 quoque

510 2542 739 2608 aliquas,
772 2555 839 2595 ne
868 2541 919 2594 in
955 2540 1038 2595 his
1072 2542 1401 2610 reponendis
1460 2553 1649 2611 egeant
1683 2589 1696 2609 ,
1752 2544 2108 2614 inquitatnus.

510 2633 618 2691 Sed
652 2634 754 2689 hoc
782 2633 1071 2688 ridiculum
1099 2644 1204 2699 est,
1239 2634 1383 2704 quod
1414 2637 1595 2688 statim
1626 2638 1899 2707 occurrit,
1931 2638 2056 2709 quia
2081 2655 2109 2691 a

504 2743 631 2783 vera
662 2736 716 2783 et
746 2728 1055 2783 necessaria
1081 2726 1538 2797 interpretatione
1579 2728 1831 2784 discedit.
1874 2732 1946 2785 De
1992 2733 2106 2786 vin-

507 2821 666 2877 dictae
701 2838 849 2875 mora
890 2833 1147 2891 generata
1194 2830 1277 2875 est
1324 2823 1563 2892 querela.
1610 2821 1667 2877 In
1719 2823 1878 2877 finem
1923 2825 2109 2895 utique

504 2925 829 2986 temporum,
857 2918 907 2971 id
937 2928 1040 2983 est,
1072 2926 1375 2972 nostrorum
1410 2934 1425 2974 :
1460 2918 1509 2971 in
1541 2933 1639 2973 nos
1668 2918 1813 2973 enim
1846 2918 1979 2975 {ines
2009 2936 2111 2975 sar-

503 3011 747 3066 culorum
779 3010 1137 3073 devenerunt,
1173 3020 1231 3065 ut
1262 3026 1414 3066 mora
1446 3012 1721 3081 credatur,
1753 3014 1818 3068 ad
1849 3012 1985 3069 hanc
2026 3015 2106 3069 di-

503 3103 752 3159 luendam
781 3104 938 3159 stolis
966 3104 1162 3159 animm
1190 3105 1526 3170 Vt'stiuntur,
1580 3121 1647 3160 ne
1684 3107 1904 3161 cumino
1948 3108 2105 3166 nudtn

502 3196 622 3252 sine
654 3197 842 3264 majori
876 3184 1215 3267 protectionc
1236 3206 1576 3268 putarentur.
1628 3198 1746 3254 Alia
1795 3199 1935 3255 enim
1968 3203 2102 3257 ratio

502 3290 803 3344 animarum
838 3300 921 3344 est
948 3305 1177 3362 corpore
1199 3290 1618 3362 exSpoliatarum
1643 3335 1658 3361 ,
1687 3293 1788 3347 alia
1824 3294 2101 3351 hominum

499 3382 675 3437 adhuc
697 3383 746 3437 in
774 3398 937 3438 carne
973 3383 1297 3438 viventium.
1351 3383 1517 3439 Nobis
1566 3386 1746 3441 ovium
1800 3386 1999 3442 vellera
2049 3399 2103 3443 et

498 3476 742 3544 Operatio
772 3475 1010 3531 mulieris
1039 3476 1349 3533 indumenta
1378 3489 1670 3547 procurant
1708 3498 1719 3530 :
1756 3477 1858 3533 illis
1895 3478 2101 3535 faciunt

498 3570 689 3625 merita
712 3570 1111 3625 vestimentum.
1141 3571 1272 3625 Cum
1305 3586 1433 3639 ergo
1463 3583 1585 3642 post
1627 3573 1899 3642 querelam
1955 3590 2099 3628 mar-

499 3673 699 3734 tyrum,
736 3663 930 3717 anima:
960 3662 1113 3716 stolis
1141 3662 1486 3727 amiciuntur,
1536 3662 1713 3717 divina
1764 3665 2101 3734 proiectione

498 3754 791 3819 donantur,
818 3771 921 3826 qua
953 3772 1012 3809 se
1044 3755 1399 3824 supervestiri
1432 3756 1594 3809 etiam
1630 3757 1717 3811 ille
1746 3772 1840 3812 vas
1877 3757 2099 3813 electio-

495 3850 580 3905 nis
603 3848 826 3918 optabat
878 3862 1084 3915 :quam
1144 3857 1347 3903 vestem
1401 3847 1574 3904 Adam
1618 3863 1736 3903 cum
1780 3850 2092 3920 amisisset,

494 3944 655 3996 etiam
685 3940 739 3995 in
771 3939 1023 4011 paradiso
1057 3926 1506 3995 nudustinventus
1537 3949 1639 3994 est.
1688 3942 1925 4011 Denique
1962 3944 2100 3997 indi-

494 4046 583 4088 cat
633 4033 874 4102 operatio
913 4032 1041 4104 quid
1091 4033 1256 4088 stolas
1309 4034 1610 4103 intelligere
1659 4035 1974 4092 debeamus.
2036 4036 2093 4092 Si

495 4132 801 4201 postulasse
829 4128 1121 4184 vindictam
1148 4138 1415 4200 martyres
1462 4130 1734 4185 credimus
1783 4142 1797 4185 :
1844 4147 1973 4203 ergo
2027 4134 2094 4188 ad

494 4223 922 4280 consolationem
946 4223 1220 4278 credimus
1250 4223 1468 4278 interim
1492 4224 1692 4293 aliquid
1718 4226 2015 4295 accepisse.
2033 4226 2092 4281 Si

493 4331 720 4392 prepter
751 4320 938 4386 stolas,
970 4318 1120 4373 velut
1156 4317 1415 4388 quasdam
1453 4316 1684 4372 vestium
1740 4319 2050 4388 largitiones
2072 4364 2087 4388 ,

492 4413 715 4484 querela
737 4411 919 4467 sedata
949 4420 1032 4467 est
1066 4427 1198 4464 :cur
1227 4425 1330 4463 nou
1363 4410 1478 4464 haec
1520 4422 1571 4464 et
1606 4412 1774 4479 prima
1800 4409 1941 4464 dona
1972 4427 2092 4467 me-

492 4506 754 4563 ruerunt?
778 4500 886 4560 Sed
918 4504 1197 4575 quoniam,
1230 4502 1440 4567 utdixi,
1469 4503 1725 4557 virtutum
1757 4504 2046 4559 varietates
2071 4547 2085 4572 ,

2217 1893 2363 1947 tione
2410 1893 2647 1965 gaudere
2683 1895 2987 1950 videamus.
3022 1895 3154 1950 Nam
3200 1912 3320 1973 qua:
3349 1896 3455 1951 alia
3488 1895 3610 1951 talis
3630 1905 3793 1967 gratu-

2214 1984 2345 2040 latio
2375 1988 2586 2041 auimas
2616 1990 2830 2043 illorum
2858 1991 3058 2059 poterit
3086 1990 3313 2059 intrare,
3349 2006 3513 2060 quam
3543 2005 3660 2045 cum
3683 2000 3789 2045 ante

2215 2077 2329 2146 ipsa
2353 2079 2575 2144 cubilia,
2604 2080 2653 2134 id
2685 2088 2789 2148 est,
2814 2092 2869 2137 ut
2900 2081 3164 2147 diximus,
3190 2082 3439 2150 sepulcra
3476 2089 3790 2146 sanctorum,

2214 2170 2285 2225 ibi
2310 2187 2403 2226 eos
2442 2170 2649 2227 inimici
2680 2174 2783 2239 sui,
2814 2190 2949 2244 quos
2981 2191 3040 2230 se
3076 2175 3352 2246 quondam
3394 2175 3661 2231 occidisse
3688 2191 3795 2230 cre-

2212 2263 2432 2327 debant,
2471 2281 2611 2320 nunc
2638 2277 2693 2319 et
2721 2267 2931 2331 vivere,
2959 2276 3014 2322 et
3057 2267 3247 2322 ulcisci
3293 2283 3357 2324 se
3401 2285 3510 2322 non
3550 2270 3665 2324 sine
3701 2278 3795 2322 tor-

2213 2365 2522 2411 mentorum
2582 2357 2877 2413 acerbitate
2924 2360 3288 2425 protitentur?
3331 2360 3450 2415 lloc
3503 2361 3609 2416 illis
3660 2360 3798 2415 stola:

2212 2447 2352 2512 istae,
2370 2464 2504 2519 quas
2536 2449 2755 2505 iteravit
2783 2451 3035 2519 specialis
3059 2452 3295 2525 largitio,
3320 2454 3694 2520 contulerunt,
3717 2468 3798 2523 per

2211 2556 2308 2596 eas
2346 2552 2398 2596 et
2444 2543 2531 2611 qui
2582 2560 2688 2595 non
2736 2542 3177 2614 nominabantur,
3204 2545 3604 2616 implorantur,
3637 2556 3687 2600 et
3723 2545 3800 2615 qui

2212 2635 2614 2699 nesciebamur,
2640 2636 2985 2691 celebrantur
3022 2647 3112 2694 :et
3149 2639 3240 2710 qui
3295 2655 3411 2694 non
3465 2639 3797 2702 videbantur,

2210 2737 2494 2797 apparent.
2532 2729 2636 2784 llas
2664 2731 2856 2797 stolas,
2882 2740 2937 2785 ut
2960 2729 3213 2802 legimus,
3246 2731 3544 2806 hucusque
3581 2749 3685 2787 non
3723 2731 3804 2785 ha-

2211 2820 2466 2889 buerunt,
2497 2825 2592 2878 sed
2628 2840 2771 2878 nunc
2804 2824 3007 2881 habere
3048 2836 3363 2896 creperum.
3400 2827 3461 2883 In
3515 2828 3617 2882 hac
3648 2826 3799 2881 forma

2212 2918 2405 2971 mulier
2432 2918 2518 2972 illa
2565 2920 2616 2971 in
2646 2920 2938 2977 Salomone
2973 2922 3247 2988 laudatur,
3279 2940 3408 2994 qua:
3440 2924 3689 2993 duplices
3708 2912 3802 2979 ive-

2209 3016 2321 3063 stes
2355 3009 2482 3064 facit
2506 3012 2623 3066 viro
2651 3027 2751 3065 suo
2780 3031 2792 3067 :
2824 3030 2985 3067 unam
3024 3017 3073 3069 in
3102 3017 3376 3085 patientia
3402 3018 3701 3088 passionis,
3730 3015 3799 3069 al-

2211 3110 2381 3155 teram
2408 3102 2459 3156 in
2493 3105 2692 3158 virtute
2722 3103 2991 3161 vindictm.
3017 3107 3107 3164 Sic
3139 3109 3297 3163 nobis
3326 3109 3527 3181 legere
3573 3119 3802 3165 sanctum

2131 3185 2175 3247 C
2208 3201 2368 3260 atque
2393 3193 2537 3262 pium
2562 3202 2647 3249 est
2678 3212 2689 3247 :
2720 3196 2856 3251 alias
2888 3214 2987 3253 nec
3018 3199 3163 3271 loqui
3195 3201 3499 3271 debemus,
3532 3219 3603 3257 ne
3632 3202 3709 3257 vel
3733 3200 3803 3255 iu-

2209 3282 2439 3338 ildelitas
2467 3294 2676 3353 nostra,
2707 3288 2795 3343 vel
2823 3288 3127 3360 ignorantia
3168 3292 3220 3347 in
3246 3297 3520 3351 tenebras
3547 3293 3805 3368 gentilita-

2207 3377 2275 3431 tis
2305 3377 2620 3449 blaspltema
2651 3380 3021 3452 disputatione
3048 3384 3351 3442 descendat
3384 3407 3398 3442 :
3434 3406 3562 3444 cum
3590 3388 3805 3460 prophe-

2205 3470 2278 3523 tia
2321 3487 2387 3525 ex
2427 3485 2494 3526 eo
2538 3479 2903 3543 praacesserit,
2939 3487 2999 3531 ut
3038 3478 3287 3534 venturis
3338 3480 3533 3537 lumen
3574 3481 3804 3538 inferret.

2203 3559 2356 3618 Nunc
2384 3576 2636 3630 superest
2664 3578 2720 3621 ut
2746 3568 3018 3624 credenda
3050 3572 3164 3625 sint
3203 3572 3485 3629 divinitus
3529 3575 3655 3630 fieri
3702 3588 3809 3645 quin

2203 3655 2552 3724 probavimus
2597 3669 2653 3714 et
2700 3663 2968 3730 promissa
3025 3679 3040 3719 ;
3102 3680 3202 3719 nec
3247 3674 3475 3722 tantum
3529 3666 3807 3740 promissa,

2200 3756 2489 3817 quantum,
2518 3759 2578 3807 et
2608 3755 2899 3822 pOstulata.
2924 3754 3077 3823 Quod
3111 3756 3158 3811 si
3180 3766 3235 3811 et
3267 3761 3561 3828 postulata
3593 3771 3739 3827 sunt,
3762 3769 3809 3814 et

2203 3856 2309 3896 non
2348 3842 2473 3897 aliis
2522 3860 2681 3915 quam
2732 3851 3083 3916 poscentibus
3115 3852 3414 3923 attributa,
3448 3853 3586 3924 quid
3620 3853 3806 3910 mirum

2212 3946 2316 4000 est,
2349 3938 2392 3990 si
2426 3938 2674 4005 autquod
2707 3939 3135 4008 postulaverant,
3163 3950 3259 3997 aut
3287 3945 3447 4015 quod
3481 3947 3725 4017 gaudent
3759 3960 3810 3999 se

2202 4036 2335 4084 ante
2374 4029 2685 4102 accepisse,
2717 4048 2824 4088 non
2869 4036 3167 4092 occultant.
3203 4036 3459 4109 Exigunt
3509 4054 3705 4111 ptBllaS
3750 4038 3809 4093 ab

2203 4120 2320 4187 bis,
2369 4125 2458 4194 qui
2529 4122 2831 4181 inhabitant
2899 4127 2952 4182 in
3018 4130 3179 4183 terris
3235 4147 3251 4184 :
3314 4146 3466 4202 quos
3546 4131 3812 4189 accusatio

2195 4214 2649 4285 comprehendit,
2708 4218 2805 4273 hos
2870 4221 3045 4276 virtus
3108 4220 3424 4294 impugnat.
3505 4226 3619 4296 ipsi
3678 4225 3809 4283 enim

2193 4308 2495 4364 inhabitant
2551 4312 2603 4365 in
2654 4313 2853 4380 terris,
2908 4315 2995 4382 qui
3040 4315 3320 4384 possideat
3367 4330 3597 4377 mentes
3650 4320 3813 4375 homi-

2196 4418 2321 4457 num
2354 4412 2568 4459 terrena
2612 4405 3203 4478 possidentiumzquos
3248 4424 3381 4466 cum
3446 4426 3728 4487 martyres
3751 4411 3811 4467 ad

2196 4500 2466 4571 supplicia
2505 4501 2630 4575 [qu.
2665 4503 2955 4575 martyria]
2996 4506 3319 4576 deposcunt,
3353 4510 3536 4566 etiam
3592 4526 3695 4582 pro
3738 4509 3814 4563 bis

491 4602 685 4673 quibus
712 4600 970 4655 divinitus
1003 4598 1282 4669 przeclarae
1309 4600 1505 4652 animre
1536 4596 1868 4663 tuuniuntur,
1894 4596 1945 4651 iu
1974 4607 2087 4653 sto-
2114 4581 2163 4641 Ῐ)
2191 4609 2325 4666 quos
2384 4595 2771 4664 possederant,
2830 4598 3216 4669 deprecantur.
3279 4600 3551 4675 Denique
3593 4581 3657 4660 et
3706 4604 3811 4673 ipsa

488 4698 558 4754 lis
580 4708 706 4752 sunt
737 4697 1029 4767 designatae
1058 4710 1073 4753 :
1105 4694 1228 4749 ideo
1259 4703 1376 4765 post
1407 4692 1700 4749 secundam
1736 4694 2084 4764 magnificen-

492 4794 648 4860 tiam,
676 4791 826 4861 juxta
860 4790 1237 4861 postulationis
1270 4789 1530 4854 formam,
1564 4788 1617 4842 in
1659 4801 1754 4842 eos
1778 4796 2086 4856 persecuto-

486 4900 597 4956 res,
629 4885 719 4955 qui
752 4884 805 4939 in
836 4884 995 4939 terris
1018 4883 1357 4950 inhabitant,
1393 4883 1518 4953 quid
1546 4882 1822 4937 consecuti
1859 4882 2078 4937 videan-

490 4987 598 5043 tur,
637 4975 955 5041 ostenduut,
994 4976 1119 5046 quid
1159 4974 1333 5029 adhuc
1381 4974 1545 5029 etiam
1604 4973 1834 5029 habituri
1882 4983 2075 5031 erunt:

486 5070 613 5124 dum
646 5069 759 5140 pari
786 5069 1165 5140 persecutione
1189 5083 1481 5123 conservos
1503 5082 1715 5135 eorum,
1739 5066 1914 5122 donec
1935 5081 2077 5140 prte-

485 5162 790 5221 destinatus
825 5165 1041 5218 testium
1074 5178 1330 5218 numerus
1356 5163 1662 5231 impleatur,
1698 5162 1965 5218 occident.
1984 5162 2080 5216 Hic

483 5267 538 5314 et
560 5258 700 5311 istud
724 5271 828 5310 non
852 5257 1023 5311 otiose
1053 5265 1132 5311 est
1152 5254 1527 5327 accipiendum
1552 5298 1565 5321 ,
1606 5255 1749 5325 quod
1790 5255 1931 5309 inter
1971 5253 2079 5309 duo

482 5352 925 5423 persecutionum
958 5358 1224 5419 tempora,
1258 5349 1372 5402 lucc
1402 5358 1697 5419 martyrum
1718 5361 1814 5400 vox
1848 5361 2079 5416 prteces-

478 5448 571 5513 sit,
600 5455 659 5499 ut
677 5442 1107 5514 designentillos
1156 5438 1573 5509 blaSpbemare,
1613 5438 1703 5509 qui
1752 5452 1847 5493 eos
1886 5450 2075 5495 nostro

479 5550 725 5607 tempore
780 5536 903 5591 novi
957 5534 1158 5606 aliquid
1212 5541 1536 5588 consecutos
1588 5530 1752 5587 fuisse
1786 5532 2074 5589 mirantur.

479 5631 613 5686 Nam
644 5639 697 5684 et
725 5644 846 5683 cum
872 5628 1034 5682 fuisse
1065 5624 1315 5681 crudeles
1337 5626 1744 5694 persecutiones
1771 5625 2070 5693 videamus,

474 5732 531 5779 et
553 5730 806 5779 venturas
831 5719 1116 5777 credamus
1142 5715 1403 5784 medium,
1422 5731 1550 5789 ergo
1570 5717 1710 5772 istud
1736 5729 1945 5788 tempus
1968 5736 2074 5787 quo

469 5798 739 5886 martyres
752 5813 839 5886 qui
857 5816 1253 5886 praecesserunt
1268 5806 1820 5881 remuneranturdroc
1830 5816 2072 5868 nostrum

2192 4688 2465 4745 mirabilia
2495 4705 2590 4745 sua
2620 4689 2700 4746 sic
2731 4700 2997 4761 agunt,ut
3011 4707 3156 4748 eosa
3178 4700 3413 4750 terrena
3445 4697 3811 4760 habitatione,

2191 4782 2244 4836 id
2274 4794 2380 4847 e5t,
2406 4781 2473 4836 ab
2500 4784 2735 4838 obsessis
2762 4785 2993 4839 terrenis
3020 4785 3339 4842 hominibus
3372 4791 3711 4846 excludant.
3737 4793 3813 4844 An

2176 4874 2726 4941 calumnimnur,cur
2753 4875 3030 4933 dmmones
3061 4889 3460 4951 torqueantur,
3483 4896 3543 4940 et
3571 4885 3813 4939 favemus
3864 4912 3867 4915 -

2192 4968 2461 5025 inimicis?
2488 4969 2750 5042 Martyres
2780 4983 2968 5027 contra
3001 4974 3145 5044 ipsos
3178 4991 3317 5044 pene
3369 4977 3654 5033 invidiosa
3681 4977 3814 5032 iudi-

2190 5064 2447 5136 gnatione
2479 5065 2782 5135 insurgunt,
2811 5075 2867 5121 et
2904 5069 3163 5123 sustineri
3197 5068 3325 5123 illos
3373 5081 3540 5127 tanto
3587 5072 3814 5127 saeculo-

2187 5174 2312 5215 rum
2345 5159 2522 5229 Spatio
2562 5169 2971 5229 conquerantur
3002 5179 3015 5215 :
3050 5171 3105 5216 et
3138 5177 3234 5215 nos
3268 5161 3551 5234 fingimus
3584 5180 3687 5220 nos
3719 5163 3815 5218 mi-

2187 5254 2297 5309 rari
2325 5252 2453 5324 quid
2501 5252 2644 5309 istud
2695 5257 2786 5321 sit,
2822 5254 2975 5325 quasi
3025 5270 3134 5310 non
3175 5255 3432 5312 debeant
3477 5260 3571 5315 vel
3626 5270 3811 5314 nostro

2184 5354 2433 5415 tempore
2482 5350 2713 5415 solvere,
2747 5351 2889 5419 quod
2935 5348 3003 5404 ab
3049 5350 3219 5405 Adam
3272 5354 3624 5409 merentur?
3655 5351 3808 5421 Quod

2185 5454 2363 5494 autem
2398 5441 2536 5495 istud
2582 5442 2902 5497 miraculum
2948 5440 3235 5497 Mediolani
3276 5441 3524 5501 videtur
3574 5450 3813 5519 primum

2183 5542 2456 5598 exortum,
2488 5535 2573 5589 vel
2622 5536 2764 5588 bono
2808 5534 3103 5589 Ambrosio
3136 5535 3362 5605 proprie
3416 5552 3541 5607 prin
3590 5539 3812 5594 czeteris

2181 5626 2348 5681 fuisse
2406 5637 2745 5693 concessum,
2790 5629 2912 5697 quis
2960 5642 3065 5681 non
3114 5626 3260 5683 videt
3319 5626 3503 5684 ﬁdem
3560 5639 3809 5687 nostram

2180 5724 2404 5788 propter
2448 5715 2773 5773 Arianorum
2826 5716 3114 5788 perfidiam
3179 5716 3395 5775 divinis
3468 5721 3812 5778 testimoniis

2176 5805 2570 5880 approbatum?
2596 5804 2841 5881 Namque
2867 5822 2992 5867 cum
3027 5810 3085 5869 in
3116 5808 3283 5887 italia
3332 5809 3637 5874 catholica
3673 5810 3813 5875 ﬁdes
