4080 6296
232 325 323 384 101

1200 317 1538 378 EPISTOLA
1579 317 1669 376 Vl.
1711 318 1804 376 AD
1844 314 2115 376 AMICUM
2155 314 2534 377 IECROTUM.

3411 316 3517 375 102

231 440 626 498 intolerabilem
679 437 1016 513 tyrannidem
1065 439 1169 496 sub
1209 439 1483 496 Auxentio
1537 441 1822 496 sustinuis-
1852 442 1903 500 Α
1934 440 2114 496 nimus
2142 449 2197 496 et
2235 456 2445 496 causas.
2473 440 2629 511 Quod
2665 439 2768 497 iste
2793 455 2962 513 usque
2990 440 3125 498 adeo
3157 454 3262 498 non
3292 440 3522 515 vidit,ut

230 545 328 599 set,
366 534 608 598 tandem,
636 531 876 589 donante
908 531 1143 587 Domino
1201 533 1509 589 libertatem
1553 544 1814 597 veterem,

237 638 287 683 ct
311 630 424 701 jam
447 643 514 683 eo
540 637 786 699 tempore
811 640 921 695 quo
950 623 1207 695 prtedicto
1224 624 1540 681 Ambrosius
1556 624 1817 681 substitu-

230 732 311 775 tus
331 729 436 784 est,
472 720 788 789 respiravit:
809 718 931 773 huic
958 728 1142 772 tamen
1168 718 1267 788 ipsi
1298 719 1349 774 in
1384 717 1817 773 adversariorum

232 812 604 868 confusionem
638 822 693 866 et
745 820 983 867 nostram
1031 828 1184 882 spem
1223 812 1451 880 scilicet,
1486 812 1662 868 omnis
1700 827 1808 869 cce.

230 906 437 960 testium
470 905 667 976 gloria,
697 919 890 960 omnes
931 905 1092 960 etiam
1136 916 1407 979 martyres
1466 920 1817 976 consensere,

230 997 337 1068 qui,
364 1013 490 1052 cum
515 996 841 1067 jampridem
868 998 1162 1067 apparendi
1186 997 1699 1068 haberenttentpus,
1719 998 1820 1055 ho-

236 1090 431 1145 minem
457 1088 545 1144 cui
572 1104 633 1145 se
651 1090 964 1160 proderent,
980 1091 1345 1162 inquirebant.
1362 1091 1520 1147 Illum
1538 1104 1711 1159 certe,
1730 1094 1820 1149 cui

228 1185 321 1241 sub
347 1200 410 1240 ea
446 1184 554 1241 fide
576 1185 976 1252 revelarentur,
1007 1201 1111 1256 qua
1137 1186 1399 1258 martyria
1428 1185 1709 1241 fecissent.
1731 1186 1820 1243 Sic

230 1278 487 1333 donatum
529 1288 613 1333 est
651 1277 966 1346 Ambrosio,
999 1276 1141 1349 quod
1176 1277 1449 1332 Auxentio
1494 1277 1819 1349 denegatum

228 1374 632 1444 est:quoniam
684 1389 802 1443 quze
861 1373 1157 1428 Auxentius
1206 1373 1635 1444 blasphemabat,
1688 1374 1821 1430 Am-

235 1464 445 1521 brosius
487 1465 828 1535 prazdicabat.
861 1465 964 1520 Sed
1012 1481 1134 1520 cum
1174 1465 1286 1519 haac
1332 1464 1499 1520 virtus
1524 1477 1820 1540 martyrum

234 1573 328 1629 per
368 1574 554 1615 omnes
584 1560 888 1630 provincias
913 1559 982 1614 sit
1021 1560 1158 1613 itura
1196 1559 1473 1630 (omnibus
1522 1560 1667 1615 enim
1715 1577 1821 1619 non

231 1654 517 1708 Ambrosio
548 1655 647 1707 soli
687 1655 804 1709 sine
837 1669 1189 1723 personarum
1223 1654 1535 1723 acceptione
1573 1654 1821 1709 donanda

231 1748 349 1817 est),
377 1748 698 1802 necessario
732 1756 910 1800 tamen
951 1746 1183 1816 primum
1231 1745 1285 1801 in
1331 1745 1481 1799 Italia
1533 1748 1821 1816 processit,

233 1844 311 1895 cui
339 1842 631 1897 intidelitas
661 1840 864 1895 Ariaua
910 1841 1086 1895 fuerat
1126 1839 1422 1896 dominata.
1461 1841 1720 1906 Quoniam
1745 1842 1821 1895 si-

234 1951 325 2005 gna
342 1952 447 1987 non
480 1932 746 2003 ﬁdelibus,
775 1934 866 1987 sed
899 1932 1198 2002 inﬁdelibus
1245 1936 1437 1987 donata
1467 1943 1586 1989 sunt
1628 1933 1671 2006 (Ι
1703 1932 1826 1990 Cor.

237 2025 470 2096 xtvﬂ‘é).
500 2024 637 2078 Nam
668 2041 696 2079 a
730 2023 982 2093 Domino,
1016 2027 1106 2094 qui
1138 2028 1352 2096 signum
1385 2026 1681 2093 postulant,
1708 2027 1823 2082 infi-

242 2116 377 2171 deles
414 2127 540 2171 sunt
577 2136 590 2169 :
625 2117 818 2172 scriba:
857 2118 1171 2188 postulant,
1213 2118 1465 2188 pharist-i
1504 2121 1779 2188 postulant
1811 2139 1825 2175 :

248 2211 448 2277 apostoli
494 2220 707 2279 tacent,
759 2220 813 2267 et
854 2211 1105 2277 credunt,
1154 2221 1207 2266 ct
1241 2221 1559 2284 sequuntur.
1595 2214 1661 2268 Et
1703 2228 1829 2284 pro-

246 2316 401 2371 ptcrea
430 2322 547 2361 non
597 2308 928 2371 mirandum,
976 2307 1119 2377 quod
1162 2305 1339 2361 divina
1371 2308 1543 2361 virtus
1572 2318 1829 2377 operatur

236 2402 585 2470 persopnlcra
605 2411 936 2463 sanctorum,
963 2399 1106 2470 quod
1141 2416 1237 2456 nec
1269 2401 1350 2455 his
1378 2400 1634 2457 remediis
1656 2405 1829 2472 potuit

237 2491 480 2547 heretica
512 2508 667 2547 mens
694 2493 894 2559 curari,
919 2504 978 2546 ut
1010 2493 1095 2547 vel
1127 2493 1340 2547 tandem
1364 2495 1678 2564 episcopum
1703 2512 1827 2550 eum

230 2597 568 2654 sequeretur,
625 2586 711 2639 cui
756 2584 1157 2640 communicare
1194 2585 1354 2640 etiam
1407 2595 1673 2658 martyres
1713 2587 1828 2656 ipsa

228 2679 557 2732 rvi-elatione
602 2693 821 2731 suarum
875 2677 1131 2732 virtutum
1178 2678 1491 2745 dignatione
1540 2678 1824 2736 vidissent.

306 2767 449 2823 XIX.
484 2769 633 2823 Nunc
662 2769 729 2823 ad
763 2768 1172 2827 meditationem
1218 2770 1443 2839 perfecti
1481 2771 1717 2828 hominis
1743 2790 1829 2829 re-

228 2861 451 2915 deamus
488 2879 503 2915 :
530 2878 593 2916 ex
624 2878 727 2933 qua
750 2863 1001 2919 cumulus
1034 2865 1135 2919 iste
1176 2864 1349 2933 prius,
1380 2882 1542 2935 quam
1576 2882 1827 2925 mensura

228 2952 366 3007 titius
402 2953 754 3023 expleretur,
797 2956 1060 3011 excrevit.
1112 2957 1180 3010 Et
1234 2955 1351 3011 hu'c
1402 2956 1699 3027 disputatio
1745 2968 1830 3016 est

224 3048 459 3109 ipsarum
494 3048 912 3103 meditationum
954 3050 1021 3104 de
1048 3050 1246 3119 quibus
1278 3051 1444 3106 David
1478 3053 1609 3108 dicit
1638 3072 1652 3108 :
1685 3055 1828 3122 Quo-

224 3142 360 3192 .‘s'am
395 3138 587 3193 beatus
626 3142 717 3212 qui
748 3142 802 3193 in
842 3142 950 3213 lege
1001 3141 1212 3197 Domini
1267 3145 1598 3200 meditabitur
1643 3146 1727 3202 die
1767 3167 1828 3203 ac

1924 532 2275 603 principalem
2314 532 2492 587 locum
2539 531 2702 601 hunc,
2727 548 2834 603 quo
2883 548 3066 588 rerum
3094 547 3288 589 causas
3317 533 3521 604 potuis-
3568 544 3573 549 ‘

1922 633 2006 680 set
2034 639 2352 695 agnoscere,
2384 624 2726 695 praedicaret,
2759 626 3057 687 secundum
3097 625 3241 697 quod
3286 624 3520 695 subjun-

1924 714 2026 787 git,
2056 715 2147 785 qui
2182 717 2319 773 Deos
2348 726 2622 787 tamquam
2655 716 2831 773 minus
2869 733 3005 787 opus
3038 732 3349 789 exsequens
3385 717 3518 774 ado-

1924 820 2135 866 rasset:
2172 820 2235 865 ut
2263 811 2439 879 quivis
2477 820 2739 880 agnoscat
2779 824 2873 866 eos
2894 820 3173 869 creatores
3197 826 3378 873 rerum
3408 825 3519 869 non

1921 896 2109 970 fuisse,
2141 915 2172 955 a
2198 900 2397 971 quibus
2419 900 2660 971 cognitio
2691 916 2895 971 rerum,
2921 904 3074 973 quasi
3105 902 3281 959 aliena
3313 904 3525 974 disiun-

1923 991 2068 1062 gitur
2092 1006 2108 1048 :
2133 1008 2233 1049 nec
2263 992 2369 1048 coli
2417 1004 2697 1063 oportere,
2725 994 2771 1048 si
2817 995 2932 1050 hzec
2965 1010 3084 1066 qua:
3124 995 3440 1066 laudantur,
3466 1005 3526 1061 ut

1924 1086 2096 1157 prima
2142 1098 2404 1158 prazstare
2448 1103 2555 1143 non
2603 1098 2851 1157 possunt.
2893 1088 3155 1145 Nesciunt
3203 1100 3389 1147 autem
3434 1106 3522 1159 ea,

1923 1195 2154 1251 quorum
2185 1183 2411 1252 Opifices
2440 1197 2548 1237 non
2576 1180 2815 1249 fuerunt.
2844 1181 3093 1254 Denique
3118 1191 3174 1238 et
3204 1182 3525 1247 inventione

1925 1272 2146 1329 illorum
2190 1274 2295 1330 diis
2345 1276 2459 1330 suis
2509 1276 2779 1344 detracta,
2815 1275 3051 1333 humano
3076 1293 3195 1335 eam
3247 1277 3525 1350 assignant

1923 1366 2166 1438 ingenio.
2200 1368 2315 1423 illis
2365 1367 2579 1424 scilicet
2612 1369 2701 1438 qui
2744 1370 3013 1439 sapientia
3058 1371 3354 1437 excellunt,
3378 1372 3523 1443 quod

1926 1460 2069 1516 idola
2105 1478 2214 1518 non
2237 1461 2422 1517 colunt
2456 1479 2471 1519 :
2504 1473 2562 1517 ut
2582 1462 2696 1534 jam
2727 1464 2833 1519 diis
2864 1480 3054 1521 eorum
3100 1465 3263 1523 homo
3313 1467 3383 1531 sit
3428 1484 3527 1540 po—

1928 1555 2155 1620 tentior,
2180 1555 2226 1610 si
2262 1555 2329 1609 ad
2366 1554 2483 1610 haec
2509 1570 2632 1627 qua:
2668 1555 2742 1611 dii
2776 1558 3018 1630 ipsorum
3048 1559 3323 1630 ignorant,
3346 1558 3530 1617 altiori

1928 1647 2257 1716 cogitatione
2287 1649 2620 1719 pervenerit.
2651 1648 2733 1705 Ab
2772 1648 2856 1706 his
2898 1660 3082 1707 autem
3119 1650 3254 1708 deos
3284 1652 3533 1727 prtecipit

1926 1739 2057 1804 coli,
2081 1739 2171 1809 qui
2200 1739 2360 1810 plene
2386 1756 2496 1813 pra:
2517 1738 2748 1799 Stultitia
2772 1757 2957 1797 rerum
2976 1757 3173 1799 causas
3195 1757 3301 1798 non
3329 1753 3531 1815 queant

1852 1832 1900 1895 B
1928 1832 2175 1887 invenire
2211 1850 2225 1885 :
2257 1848 2597 1905 quorumque
2647 1834 2974 1907 praecordia,
3027 1844 3086 1889 ιιι
3125 1835 3296 1906 ipsius
3346 1837 3531 1893 verbis

1935 1936 2071 1991 utar,
2101 1925 2329 1998 frigidus
2370 1928 2591 2000 sanguis
2632 1928 2880 1984 includit.
2912 1930 3104 1985 Adhuc
3147 1929 3308 1987 homo
3346 1942 3532 1990 noster

1931 2027 1987 2073 et
2018 2019 2184 2074 Deum
2216 2020 2421 2087 colere,
2458 2023 2815 2093 principalem
2838 2023 2944 2080 scit
2971 2040 3093 2081 esse
3118 2026 3535 2097 sapientiam,et

1931 2126 2113 2165 rerum
2156 2126 2350 2167 causas
2384 2125 2691 2183 compertas
2721 2114 2887 2172 habet
2919 2134 2933 2170 :
2966 2133 3070 2173 non
3102 2119 3294 2191 quaerit
3323 2134 3388 2175 ex
3421 2118 3528 2191 Sy-

1932 2205 2139 2258 racusia
2184 2204 2396 2261 ratione
2435 2207 2618 2263 saeculi
2664 2207 2923 2279 sapientis
2973 2211 3253 2268 eminere:
3294 2212 3391 2269 sed
3435 2214 3528 2270 illo

1931 2295 2183 2362 docente,
2216 2312 2373 2368 quem
2392 2300 2542 2367 colit,
2575 2315 2735 2371 quem
2767 2311 2894 2358 ante
2919 2302 3199 2374 inquisivit
3226 2320 3388 2376 quam
3420 2322 3511 2363 re-

1932 2409 2049 2449 rum
2080 2409 2270 2451 causas
2302 2415 2317 2452 :
2347 2395 2601 2465 quoniam
2630 2413 2719 2453 res
2756 2397 2903 2467 ipsas
2936 2414 3120 2454 rerum
3144 2400 3397 2457 conditor
3420 2417 3521 2457 an-

1932 2485 2132 2540 tecedit
2162 2504 2174 2539 :
2203 2488 2293 2557 qui
2320 2487 2467 2541 illum
2502 2489 2730 2555 monuit,
2760 2506 2883 2560 quae
2912 2490 3109 2561 quibus
3131 2502 3318 2557 essent
3342 2504 3535 2549 ventu-

1930 2592 1988 2631 ra
2028 2579 2379 2649 temporibus.
2425 2580 2594 2651 Cujus
2635 2581 3075 2653 dispositionem,
3125 2586 3245 2640 sine
3286 2587 3402 2655 ipso
3437 2587 3532 2658 qui

1933 2670 2219 2741 disposuit,
2255 2673 2434 2727 nullus
2477 2676 2706 2745 agnovit
2740 2694 2752 2729 :
2784 2678 3041 2748 quoniam
3083 2693 3243 2749 nemo
3281 2681 3384 2735 scit
3412 2696 3533 2750 qua:

1932 2760 2028 2819 Dei
2076 2772 2221 2830 sunt,
2256 2764 2359 2819 nisi
2397 2765 2632 2836 Spiritus
2678 2768 2795 2823 Dei.
2828 2768 2937 2824 Nos
2975 2770 3108 2826 vero
3138 2780 3200 2827 ut
3236 2773 3532 2842 Apostolus

1930 2855 2044 2909 ait:
2079 2855 2202 2910 Non
2238 2857 2475 2929 spiritum
2502 2858 2659 2933 hujus
2696 2861 2878 2914 mundi
2910 2864 3224 2934 accepimus,
3250 2865 3341 2920 sed
3376 2868 3536 2945 spiri-

1934 2957 2041 3003 tum
2074 2952 2163 3022 qui
2192 2967 2257 3006 ea:
2282 2951 2389 3006 Deo
2410 2962 2483 3007 est
2507 2953 2553 3023 (Ι
2574 2952 2693 3010 Cor.
2726 2971 2785 3023 tt,
2813 2955 2904 3027 12)
2939 2974 2952 3010 :
2978 2965 3034 3012 et
3060 2958 3181 3014 ideo
3207 2976 3329 3031 qua}
3358 2962 3534 3031 ipsius

1932 3054 2082 3109 Sunt,
2118 3061 2224 3100 non
2258 3046 2436 3102 cdocti
2464 3046 2716 3103 humana:
2737 3050 3022 3120 sapientiae
3054 3053 3260 3124 verbis,
3290 3053 3385 3109 sed
3410 3053 3533 3125 Spi-

1932 3134 2039 3188 ritu
2074 3136 2188 3198 Dei,
2214 3144 2270 3191 et
2308 3137 2424 3206 ejus
2474 3140 2760 3206 superfusa
2808 3140 2967 3195 nobis
3007 3141 3323 3213 dignatione
3367 3145 3533 3201 calle-

226 3241 364 3285 ιμοειε
395 3230 583 3302 (Ρδαι,
625 3248 665 3297 ι,
695 3232 779 3303 9),
813 3234 882 3288 Et
908 3250 1041 3290 sane
1070 3234 1291 3291 difﬁcile
1321 3247 1425 3303 ρειν
1454 3238 1646 3294 silvam
1693 3240 1828 3313 legis
1856 3229 1902 3294 C
1935 3243 2074 3283 mus.
2101 3228 2226 3285 tltec
2255 3241 2339 3285 est
2370 3230 2459 3286 illa
2482 3232 2711 3287 stultitia
2735 3233 3106 3301 saecularium,
3131 3234 3251 3292 hzec
3266 3239 3534 3310 sapientia

222 3324 500 3395 itgresso,
530 3327 863 3397 singularum
906 3331 1264 3399 quzestionum
1315 3332 1595 3388 materiam
1646 3350 1829 3407 segre-

226 3434 351 3483 tare
378 3438 392 3471 :
426 3434 563 3474 cum
592 3419 760 3475 altera
784 3421 1009 3475 alteram
1039 3423 1205 3477 veluti
1237 3424 1459 3481 ramulis
1480 3427 1825 3500 quibusdam,

223 3511 287 3563 i.a
328 3510 608 3566 societate
650 3513 1034 3582 praeceptionis
1062 3513 1311 3585 attingat,
1348 3526 1405 3570 ut
1443 3518 1559 3573 sine
1605 3522 1829 3577 alterius

225 3605 607 3671 inchoatione,
637 3617 810 3677 empta
844 3623 951 3663 non
996 3609 1171 3663 valeat
1217 3611 1495 3680 explicari.
1542 3614 1681 3672 Ecce
1714 3614 1830 3671 hzec

224 3697 333 3766 ipsa
367 3698 659 3753 hominem
694 3700 843 3753 illum
869 3711 1113 3756 nostrum
1139 3717 1323 3770 nosse,
1354 3721 1514 3775 quam
1539 3708 1826 3779 pulchrum

223 3800 319 3856 est,
348 3791 538 3846 solum
569 3790 623 3844 in
674 3792 870 3847 talibus
911 3809 1017 3847 non
1051 3806 1295 3864 stuttere,
1329 3812 1452 3852 cum
1486 3800 1710 3872 reliquis
1739 3818 1830 3856 so-

226 3884 333 3939 lum
365 3886 532 3955 quasi
574 3885 903 3955 quibusdam
951 3887 1189 3943 fortuitis
1229 3905 1335 3945 non
1381 3893 1610 3959 moveri,
1638 3893 1830 3948 distin«

224 3990 389 4042 gnere
420 3977 807 4046 operationum
833 3982 1067 4049 species.
1094 3979 1165 4035 Et
1187 3982 1311 4052 quia
1339 3993 1394 4038 et
1425 3985 1525 4053 ipsi
1554 3987 1833 4043 dtemoues

228 4081 558 4135 operantur,
594 4069 898 4141 intelligere
936 4083 1181 4139 naturas,
1213 4091 1334 4144 quae
1375 4091 1505 4132 vera
1553 4079 1682 4145 sint,
1713 4096 1833 4150 qua:

228 4163 383 4231 lalsa,
406 4180 537 4236 quae
567 4164 806 4233 novisse,
838 4180 919 4221 est
968 4184 1076 4222 tton
1118 4169 1317 4240 decipi,
1350 4186 1457 4225 non
1494 4188 1698 4241 errare,
1726 4190 1833 4230 non

228 4255 455 4312 inimico
482 4256 766 4327 assignare
789 4273 912 4325 qua:
934 4258 1032 4315 Dei
1061 4272 1209 4328 sunt,
1228 4276 1328 4317 nec
1351 4262 1463 4319 Deo
1494 4264 1832 4334 adjudicare,

228 4366 344 4416 qua:
381 4360 519 4405 sunt
563 4351 871 4406 dtemonum
906 4371 917 4406 :
952 4353 1094 4409 scire
1141 4366 1409 4426 tempora,
1442 4359 1591 4429 signa
1630 4374 1836 4432 cogno-

231 4460 406 4509 ξρετε,
439 4444 649 4500 habere
688 4445 901 4501 Domini
929 4448 1199 4518 cognitam
1241 4450 1571 4507 voluntatem
1608 4462 1705 4510 :et
1731 4455 1834 4507 alia

236 4538 327 4592 ltei
357 4537 640 4594 mirabilia
680 4554 804 4595 cum
845 4543 1141 4611 gratiarum
1187 4544 1400 4600 actione
1431 4547 1697 4612 venerari,
1730 4548 1836 4607 alia

1935 3333 2273 3390 vocatorum,
2308 3325 2552 3394 cogitare
2579 3341 2796 3396 semper
2835 3327 2889 3382 in
2935 3328 3102 3385 corde
3137 3345 3153 3386 :
3188 3329 3330 3397 Quid
3376 3336 3532 3386 retri-

1938 3412 2093 3470 buam
2129 3414 2352 3470 Domino
2381 3435 2477 3490 pro
2504 3419 2737 3473 omnibus
2768 3436 2883 3491 qum
2918 3421 3159 3476 retribuit
3189 3421 3319 3477 mihi
3350 3423 3527 3497 (Psal.

1933 3522 2082 3577 cxvt,
2120 3509 2248 3578 12)?
2278 3508 2459 3579 ipsum
2504 3511 2706 3568 habere
2756 3525 2976 3583 semper
3012 3513 3071 3569 in
3114 3530 3238 3580 ore,
3272 3517 3534 3589 quoniam

1933 3602 2162 3655 verbum
2191 3610 2276 3655 est
2308 3618 2319 3653 :
2347 3601 2556 3657 esurire
2585 3617 2732 3669 cum,
2756 3603 3013 3671 quoniam
3046 3606 3204 3677 panis
3227 3617 3331 3663 est.
3364 3608 3539 3680 Ipsius

1934 3691 2130 3761 spiritu
2158 3692 2323 3747 etiam
2355 3692 2539 3749 ebrios
2572 3704 2757 3751 mente
2796 3696 3087 3765 excedere,
3120 3699 3246 3771 quia
3282 3701 3427 3758 calix
3454 3715 3541 3759 est

1936 3785 2057 3837 novi
2090 3783 2446 3852 Testamenti,
2463 3797 2518 3842 et
2545 3788 2729 3843 vinum
2752 3788 2821 3844 de
2843 3789 3023 3857 vinea,
3044 3808 3204 3861 quam
3231 3796 3299 3848 de
3326 3792 3536 3867 Egyp-

1938 3882 1991 3930 to
2018 3887 2143 3930 ante
2169 3880 2546 3945 transtulerat,
2580 3895 2702 3950 qua:
2736 3882 2893 3935 vinea
2930 3883 3163 3951 populus
3193 3883 3358 3945 Israel
3387 3884 3489 3940 fuit
3518 3904 3533 3940 :

1934 3982 2167 4039 quorum
2209 3978 2413 4040 patres,
2442 3985 2509 4025 ex
2551 3973 2747 4041 quibus
2792 3970 3055 4029 Dominus
3085 3975 3245 4030 Jesus
3282 3972 3535 4033 Christus

1936 4060 2235 4115 secundum
2272 4076 2493 4117 carnem
2524 4064 2815 4132 processit.
2840 4064 2993 4119 lllum
3028 4065 3174 4137 loqui
3222 4068 3371 4123 omni
3404 4080 3536 4125 tem-

1937 4167 2070 4223 pore
2116 4154 2421 4224 :quoniam
2464 4155 2676 4227 linguas
2720 4157 2879 4213 nobis
2927 4174 3098 4215 novas
3136 4159 3379 4233 Spiritus
3420 4162 3542 4235 ejus

1936 4244 2173 4301 advexit.
2196 4244 2328 4313 Qua:
2348 4258 2475 4304 sunt
2496 4261 2682 4304 autem
2706 4249 2824 4305 ista:
2847 4251 3041 4322 linguae
3064 4268 3239 4322 novaa,
3268 4254 3374 4310 nisi
3397 4256 3539 4326 isne,

1937 4341 1991 4395 in
2014 4344 2214 4399 sacculo
2244 4359 2387 4411 esse,
2412 4356 2466 4401 et
2494 4362 2804 4404 sermonem
2835 4349 2903 4405 de
2925 4352 3128 4409 saeculo
3162 4369 3268 4409 non
3301 4354 3536 4413 habere:

1937 4436 2059 4492 aliis
2093 4438 2287 4509 linguis
2327 4441 2472 4511 loqui
2513 4444 2735 4512 pupulo,
2770 4459 2933 4514 quam
2978 4445 3123 4519 loqui
3172 4451 3411 4521 papulus
3453 4468 3542 4509 se-

1938 4542 2061 4583 cum
2091 4530 2207 4599 ipse
2232 4534 2561 4586 consuevit?
2587 4534 2861 4589 Praeterea
2884 4545 2938 4590 et
2970 4537 3112 4593 iStud
3142 4548 3226 4596 est
3252 4526 3394 4612 loqui
3418 4544 3543 4599 aliis

232 4647 353 4686 cum
407 4632 578 4701 digna
629 4635 982 4690 execratione
1026 4636 1215 4691 vitare.
1243 4637 1428 4694 Talem
1467 4641 1640 4696 virum
1672 4640 1834 4697 etiam
1867 4621 1913 4681 ί)
1940 4622 2161 4693 ¹ί¹¹3¹¹ίεν
2197 4626 2362 4680 Deum
2392 4627 2643 4682 conmeri
2673 4643 2859 4691 υηιηηο
2889 4629 2958 4685 ab
2980 4646 3046 4686 εο
3075 4633 3165 4702 (ἰαί
3198 4634 3385 4705 Plures
3400 4636 3542 4692 Deos

235 4725 425 4781 seculi
461 4724 714 4781 homines
739 4726 1050 4794 laudavere,
1086 4726 1301 4785 dicente
1343 4729 1571 4803 Virgilio
1601 4752 1611 4785 :

426 4880 572 4932 Felix
597 4884 682 4946 qui
701 4884 860 4947 potuit
880 4898 1047 4935 rerum
1069 4898 1372 4949 cognoscere
1402 4899 1588 4940 causas.

243 4999 387 5056 nona
434 4998 735 5065 sententia,
769 5000 814 5053 si
847 4999 914 5055 ad
946 5014 1063 5055 eam
1107 5016 1207 5056 suo
1248 5001 1443 5058 itinere
1490 5003 1751 5073 venisset,
1780 5014 1839 5060 ut

242 5118 249 5143 ;
276 5103 509 5165 ppareat
530 5094 681 5148 illum
708 5094 990 5164 ignorasse
1017 5095 1159 5163 quod
1199 5095 1379 5151 laudat
1412 5112 1426 5150 :
1459 5099 1651 5166 primis
1674 5100 1842 5155 omis-

243 5192 338 5253 bis,
397 5203 525 5260 quae
575 5198 703 5243 sunt
752 5189 1008 5254 secunda,
1036 5189 1355 5246 celebravit.
1384 5190 1515 5246 Nam
1556 5202 1611 5248 et
1654 5195 1842 5250 ordine

247 5302 277 5352 p
296 5294 585 5353 mpostero
613 5284 775 5339 etiam
807 5284 1066 5355 sapientis
1093 5285 1258 5339 vertit
1286 5285 1547 5354 ofﬁcium,
1583 5286 1711 5343 dum
1736 5305 1841 5343 non

250 5394 439 5434 rerum
477 5393 677 5447 causai,
705 5377 799 5432 sed
847 5394 1028 5433 rerum
1075 5387 1288 5434 creator
1336 5379 1691 5451 inquirendos
1735 5390 1842 5450 est,

253 5490 345 5539 per
374 5488 537 5543 quem
588 5471 656 5527 ad
703 5486 893 5526 causas
944 5487 1149 5538 rerum,
1178 5472 1224 5527 si
1264 5471 1439 5544 ipsum
1470 5473 1841 5546 didicerimus,

254 5567 597 5623 intrabimus.
665 5566 933 5623 Cmterum
984 5568 1077 5623 illo
1128 5569 1350 5634 omisSo,
1417 5585 1607 5626 causas
1663 5588 1841 5627 rerum

255 5663 488 5730 qualiter
513 5662 758 5733 cognitas
791 5660 991 5717 habere
1032 5662 1354 5733 poterimus,
1385 5677 1509 5719 cum
1540 5664 1663 5734 quis
1696 5666 1843 5736 prius

262 5755 382 5809 lucc
424 5756 623 5819 fecerit,
657 5751 853 5809 deinde
882 5769 1050 5824 quare
1090 5754 1300 5820 fecerit,
1328 5754 1397 5810 sit
1427 5755 1846 5827 inquirendum?

261 5848 464 5906 Vcrum
488 5858 704 5922 reperto
731 5864 915 5907 rerum
942 5856 1187 5918 auctore,
1217 5863 1397 5907 rerum
1439 5864 1651 5923 quoque
1698 5849 1847 5908 inve-

1945 4716 2141 4770 solitus
2168 4728 2284 4772 erat
2308 4717 2560 4774 contlteri
2596 4731 2687 4775 :et
2722 4720 2899 4792 ipsum
2932 4721 2987 4777 in
3020 4732 3205 4779 nostra
3250 4726 3356 4783 ﬁde
3387 4729 3543 4785 novis

1945 4808 2145 4880 linguis
2170 4829 2333 4867 unum
2369 4814 2514 4882 loqui
2552 4826 2607 4869 et
2640 4816 2907 4884 profiteri,
2937 4826 2994 4873 et
3031 4818 3256 4879 credere
3297 4820 3538 4877 Trinita-

1947 4913 2076 4960 tem.
2099 4906 2251 4961 lllum
2275 4922 2488 4977 quoque
2508 4922 2710 4975 amare,
2740 4911 2863 4980 quia
2891 4911 3201 4982 interpellat
3226 4930 3325 4984 pro
3350 4915 3536 4972 nobis:

1947 5012 2213 5069 metuere,
2246 5004 2371 5075 quia
2398 5003 2560 5060 Pater
2586 5021 2749 5061 omne
2784 5006 3051 5076 judicium
3089 5009 3240 5064 dedit
3280 5009 3441 5065 Filio.
3476 5011 3545 5068 ll-

1950 5098 2061 5153 lum
2104 5099 2393 5152 momentis
2439 5098 2694 5153 omnibus
2731 5099 2982 5169 adorare,
3018 5102 3086 5157 ab
3110 5101 3206 5157 illo
3237 5117 3426 5176 petere
3451 5123 3548 5165 ne-

1950 5193 2183 5249 cessaria
2208 5194 2385 5260 nobis,
2416 5204 2470 5250 et
2499 5196 2601 5265 ipsi
2636 5195 2834 5266 placita
2869 5213 2881 5250 :
2911 5197 3002 5267 qui
3035 5200 3143 5269 peti
3168 5214 3226 5254 sc
3249 5200 3383 5269 vult,
3409 5202 3547 5258 adeo

1951 5295 2010 5342 ut
2050 5286 2295 5357 poscenti
2336 5286 2501 5341 verba
2543 5287 2660 5343 haec
2697 5288 3058 5344 demonstret.
3113 5290 3217 5358 Qui
3268 5293 3415 5365 quod
3463 5304 3549 5353 est

1952 5395 2149 5435 novum
2182 5379 2324 5434 inter
2345 5393 2466 5443 nos,
2499 5380 2649 5433 solus
2691 5388 2941 5450 petentes
2970 5395 3030 5437 se
3059 5394 3223 5438 amat.
3256 5384 3357 5455 Qui
3385 5389 3545 5444 etiam

1954 5474 2127 5539 solus,
2159 5473 2302 5544 quod
2335 5471 2580 5529 mirabile
2621 5485 2723 5542 est,
2761 5475 3037 5540 irascitur,
3070 5478 3173 5533 nisi
3203 5491 3438 5550 petatur.
3466 5485 3549 5537 ln-

1954 5566 2182 5621 fidelitas
2211 5566 2353 5622 enim
2396 5577 2503 5635 est,
2536 5567 2671 5621 nihil
2705 5572 3117 5641 prresumpsisse
3146 5571 3215 5627 de
3241 5572 3370 5628 Deo.
3404 5574 3549 5632 Nihil

1956 5659 2104 5714 illum
2133 5657 2308 5713 credit
2333 5673 2515 5728 posse,
2548 5660 2641 5729 qui
2677 5663 2817 5731 quod
2842 5663 3051 5733 judicat
3095 5678 3275 5733 posse,
3310 5682 3418 5721 non
3454 5684 3551 5741 po-

1956 5757 2079 5811 scit.
2105 5753 2233 5811 Hzec
2269 5763 2352 5809 est
2380 5754 2496 5821 illa,
2534 5754 2608 5810 liti
2636 5754 3015 5825 dilectissime,
3046 5769 3274 5830 angusta
3309 5760 3418 5831 via,
3449 5764 3551 5823 hoc

1957 5850 2089 5909 illud
2103 5861 2232 5907 acus
2260 5848 2527 5917 foramen,
2546 5865 2643 5923 per
2664 5849 2805 5924 quod
2834 5865 2941 5910 non
2966 5850 3243 5912 introeunt
3269 5856 3550 5928 sarcinati,
