3916 6288
494 235 599 296 105

1538 231 1598 291 S.
1640 228 2026 290 HIERONYMI
2063 230 2349 292 OPERUM
2390 232 2761 295 MANTISSA.
3650 247 3736 307 104

493 361 588 409 aut
614 348 867 406 animalia
904 345 1237 420 ponderibus
1278 343 1556 400 attributa.
1578 345 1841 415 Quoniam
1878 346 2091 417 angusti
2120 351 2169 409 Α
2198 362 2362 403 carne
2386 351 2605 405 vestivit
2627 392 2643 418 ,
2688 350 2832 422 quod
2861 350 3089 407 stultum
3120 360 3207 408 est
3246 370 3259 407 :
3292 349 3448 411 vitam
3485 369 3622 414 suam
3644 366 3738 432 pati

494 454 548 501 et
573 442 757 517 pusilli
784 441 983 510 aditus,
1006 457 1109 497 non
1132 439 1306 494 solum
1329 437 1579 493 informia
1611 438 1727 494 haec
1757 456 1880 495 cum
1911 440 2094 495 oneri-

495 538 599 593 bus
618 541 863 608 jumenta
892 551 1000 590 non
1024 534 1261 606 capiunt,
1277 548 1464 587 verum
1495 532 1656 588 etiam
1689 533 1865 605 ipsum
1882 544 2097 589 nostro-

496 643 619 682 rum
640 628 948 689 oculorum,
970 626 1012 679 si
1032 622 1370 679 multimodis
1393 623 1747 691 distrahatur,
1772 624 2097 681 frustrantur

496 720 770 775 obtutum.
803 718 959 776 Unde
979 727 1034 773 et
1065 717 1328 772 Dominus
1360 733 1456 787 per
1484 717 1816 788 Pr0phetam
1843 720 1918 773 ait
1946 739 1958 773 :
1998 720 2100 774 Va-

498 824 631 883 cate,
658 824 704 868 et
730 813 894 868 videte
926 811 1101 883 (Psal.
1128 827 1279 878 Χινι,
1309 812 1364 883 9)
1394 820 1485 868 :et
1510 813 1727 884 quando
1759 814 1863 869 erit
1890 824 1947 869 ut
1970 831 2096 885 pos-

496 907 567 962 sit
614 905 825 972 intrari,
862 905 1004 977 quod
1049 920 1145 975 per
1189 907 1575 976 occupationes
1617 908 1803 962 saeculi
1863 907 2093 963 necdum

500 1010 735 1071 emptum
770 1010 855 1055 est
886 1000 1140 1055 inveniri.

569 1092 691 1149 XX.
716 1093 1067 1164 Implevimus
1096 1093 1455 1149 divisionibus
1480 1094 1590 1148 suis
1618 1095 1929 1165 propositas
1949 1111 2097 1166 qua:-

506 1188 737 1256 stiones,
766 1189 1095 1243 exteriorem
1144 1186 1418 1242 hominem
1468 1188 1896 1259 interioremque
1944 1204 2100 1242 mon-

505 1281 749 1347 strando,
782 1295 904 1336 cum
950 1281 1137 1346 vitam,
1162 1294 1282 1349 qua:
1305 1280 1376 1333 sit
1402 1291 1608 1347 sancta,
1643 1287 1698 1335 et
1734 1278 1784 1333 in
1829 1295 1934 1351 quo
1973 1290 2098 1333 actu

502 1377 702 1449 posita,
732 1391 840 1447 quo
868 1374 1049 1431 studio
1089 1382 1363 1439 teneatur,
1395 1389 1498 1444 qua
1543 1374 1851 1427 substantia
1881 1383 2098 1442 vegete-

502 1477 610 1540 tur,
641 1470 983 1527 ostendimus
1020 1488 1031 1522 :
1074 1477 1357 1538 totumque
1403 1484 1618 1523 cursum
1670 1469 1789 1537 ejus
1833 1468 2094 1535 breviter,

497 1567 622 1622 licet
653 1565 883 1621 saltibus
932 1564 1111 1635 potius
1143 1562 1189 1618 si
1221 1564 1326 1618 dici
1376 1572 1579 1633 potest,
1613 1578 1770 1633 quam
1824 1563 2093 1633 passibus,

498 1674 599 1731 pro
631 1658 978 1714 festinatione
1010 1658 1075 1711 ad
1124 1657 1285 1712 linem
1317 1671 1487 1726 usque
1538 1655 1908 1726 perduximus.
1940 1654 2095 1710 Nunc

2200 456 2418 497 crucem
2460 441 2586 499 fecit
2612 486 2627 511 ,
2670 443 2813 515 quod
2853 460 2997 499 mors
3028 454 3132 499 est.
3175 444 3266 500 Sic
3292 445 3522 504 adversis
3543 449 3739 511 adversa

2201 533 2497 597 destruxit,
2531 545 2586 590 et
2613 552 2709 607 per
2739 536 3035 593 dissimiles
3059 548 3187 593 ante
3215 538 3406 595 sazcula
3435 544 3743 610 operationes

2199 629 2399 698 ingenii
2448 627 2671 684 artificis
2716 629 2862 685 illius
2906 630 3188 687 machinas
3228 632 3409 698 elisit,
3451 644 3506 689 ut
3536 636 3744 704 partibus

2200 719 2520 790 quibusdam
2573 720 2903 777 salutaribus
2957 724 3244 795 vestigiis,
3302 724 3426 780 licet
3473 726 3743 797 impressa,

2200 814 2481 869 mortifera
2501 814 2645 871 illius
2666 816 2917 888 stigmata
2944 817 3279 873 delerentur.
3302 818 3405 875 Sed
3428 818 3523 875 hoc
3544 823 3747 880 studium

2203 908 2307 962 nisi
2335 909 2770 980 concupierimus
2796 959 2808 981 ,
2850 915 3094 981 quoniam
3132 916 3272 986 quod
3302 922 3507 969 stultum
3534 928 3598 973 est
3628 916 3711 974 Dei
3735 964 3748 986 ,

2200 1002 2487 1072 sapientius
2510 1012 2581 1056 est
2605 1003 2895 1060 hominibus
2923 1006 2966 1077 (Ι
2986 1004 3107 1062 Cor.
3133 1022 3171 1074 ι,
3194 1008 3308 1079 9.7),
3332 1009 3633 1079 sapientiam
3653 1012 3751 1081 ejus

2204 1108 2309 1148 non
2339 1094 2664 1151 tenebimus.
2717 1096 2868 1153 lianc
2908 1110 3170 1166 mortem,
3203 1100 3349 1170 quod
3377 1116 3503 1155 crux
3528 1110 3629 1169 est,
3666 1105 3753 1159 nisi

2200 1187 2586 1253 amaverimus,
2610 1195 2865 1259 quoniam
2888 1190 3033 1260 quod
3057 1192 3328 1246 infirmum
3355 1202 3437 1248 est
3456 1193 3566 1265 Dei,
3590 1194 3754 1251 fortius

2200 1286 2287 1334 est
2316 1279 2621 1335 hominibus
2667 1300 2678 1335 :
2726 1282 2889 1338 vitam
2928 1284 3047 1354 ejus
3088 1302 3194 1341 non
3238 1288 3530 1357 poterimus
3558 1287 3753 1347 intrare.

2200 1372 2340 1442 Quid
2363 1375 2527 1446 igitur
2548 1377 2821 1448 sequitur,
2841 1379 2942 1434 nisi
2966 1390 3023 1434 ut
3043 1380 3230 1436 relicta
3254 1380 3434 1436 stuculi
3454 1392 3506 1436 et
3525 1382 3757 1453 sapientia

2201 1475 2258 1521 et
2284 1468 2390 1521 vita
2412 1509 2427 1535 ,
2456 1479 2511 1524 et
2538 1469 2735 1524 stultos
2766 1487 2866 1527 nos
2897 1470 3085 1527 haberi
3120 1479 3409 1543 patiamur,
3442 1482 3495 1529 et
3523 1476 3650 1529 mori
3676 1492 3759 1530 nos

2200 1572 2322 1614 cum
2358 1560 2585 1616 Domino
2617 1579 2837 1634 semper
2864 1576 3113 1635 optemus
3162 1585 3173 1619 :
3228 1574 3291 1621 ut
3319 1568 3371 1622 in
3406 1581 3501 1638 Spe
3527 1566 3760 1624 adventus

2201 1656 2340 1723 ejus,
2368 1656 2456 1726 qui
2482 1657 2762 1728 utriusque
2785 1660 2890 1714 erit
2913 1660 2988 1714 rei
3011 1660 3302 1729 revelatio,
3326 1672 3532 1733 partem
3556 1662 3760 1734 aliquam

497 1767 665 1825 quare
714 1766 821 1806 non
854 1750 923 1805 ab
954 1750 1265 1805 hominibus
1295 1750 1457 1805 etiam
1498 1749 1657 1804 istius
1698 1748 1883 1803 mundi
1914 1748 2099 1803 videa-
2129 1745 2175 1805 B
2203 1747 2409 1805 habere
2436 1751 2776 1806 mereamur?
2807 1752 2962 1809 Tunc
2983 1754 3127 1809 enim
3159 1754 3352 1811 scissis
3372 1754 3620 1810 omnibus
3642 1757 3763 1811 vela-

503 1856 607 1913 tur,
643 1847 830 1918 accipe
860 1847 1127 1902 rationem
1164 1864 1175 1899 :
1208 1844 1641 1923 quandoquidem
1676 1852 1728 1899 te
1747 1859 1864 1898 mea
1896 1843 2096 1898 verbo-

501 1945 634 2001 sitas
658 1942 914 2009 delectat,
940 1957 1097 2002 uuam
1121 1941 1482 2011 negligentius
1503 1937 1734 2008 judicas,
1765 1937 1891 1991 dum
1921 1946 2097 1991 atten-

499 2033 584 2092 dis
609 2034 907 2091 studiosius
933 2034 998 2089 ad
1031 2032 1240 2088 divina.
1273 2029 1407 2086 Cum
1442 2030 1533 2086 ille
1568 2030 1656 2101 qui
1698 2031 1903 2100 primus
1944 2027 2100 2082 nobis

502 2127 694 2182 mortis
748 2141 934 2181 semen
985 2124 1216 2189 invexit,
1242 2122 1501 2178 mundum
1540 2123 1724 2189 istum,
1758 2120 1809 2176 id
1840 2131 1947 2189 est,
1980 2134 2101 2191 pas-

500 2220 709 2275 sionem
762 2218 1033 2284 hominis,
1086 2217 1228 2272 victo
1283 2217 1386 2272 sibi
1439 2216 1658 2271 homine
1722 2215 2098 2286 subjugasset,

500 2330 838 2387 regnumque
879 2314 1027 2369 illius
1059 2312 1178 2385 ipso
1210 2329 1334 2384 rege
1375 2311 1484 2383 jam
1524 2323 1707 2379 capto,
1734 2310 1834 2365 sub
1873 2309 2101 2381 pedibus

500 2410 617 2465 suis
643 2419 699 2463 et
723 2407 930 2463 ditione
960 2405 1195 2475 cepisset
1230 2424 1241 2458 :
1266 2420 1437 2476 eaque
1463 2405 1641 2459 omnia
1670 2420 1789 2475 qua:
1816 2404 1870 2458 in
1899 2402 2102 2458 mundo

502 2510 649 2565 sunt,
694 2501 844 2556 velut
885 2500 998 2555 suis
1043 2498 1273 2569 peculis,
1306 2511 1359 2554 et
1398 2498 1644 2554 victoria:
1681 2514 1792 2553 sure
1834 2498 2101 2555 manubiis

502 2603 784 2651 uteretur:
816 2609 884 2649 ne
913 2591 1133 2664 quando
1156 2591 1318 2647 homo
1339 2593 1592 2648 amissam
1626 2594 1975 2663 sapientiam,
2010 2603 2104 2649 aut

499 2688 744 2745 debitum
775 2686 876 2742 sibi
909 2687 1035 2741 vita:
1065 2696 1331 2757 quaereret
1357 2694 1765 2753 testamentum,
1793 2686 1871 2739 sic
1893 2686 2102 2740 cunctis

500 2783 639 2840 fucis
669 2797 779 2838 sua:
806 2781 937 2837 artis
960 2781 1167 2848 infecit,
1192 2791 1249 2835 ut
1271 2790 1328 2836 et
1348 2779 1634 2835 stultitiam
1650 2781 1928 2851 sapientia:
1950 2779 2101 2836 colo-

507 2892 567 2933 re
592 2876 837 2943 vestiret,
860 2884 913 2930 et
938 2885 1166 2930 mortem
1191 2874 1430 2929 mentitze
1460 2874 1583 2928 vita:
1612 2873 1897 2928 lenociniis
1910 2874 2103 2928 obum-

503 2974 688 3029 braret
737 2979 839 3025 :ut
881 2970 1022 3025 mala
1069 2986 1173 3024 non
1220 2969 1493 3039 fugerent,
1528 2967 1618 3039 qui
1661 2982 1772 3023 non
1811 2977 2102 3024 cernerent

502 3066 749 3139 Opposita
782 3064 1037 3120 meliora.
1072 3063 1320 3134 Denique
1347 3080 1413 3118 ex
1446 3063 1538 3118 illo
1583 3072 1825 3132 tempore
1866 3062 1943 3117 sic
1980 3077 2101 3132 pas-

2204 1839 2427 1907 mentis,
2467 1842 2594 1896 talia
2628 1843 2805 1912 qualia
2838 1852 2965 1899 sunt
2994 1845 3226 1917 singula,
3256 1859 3450 1902 cuncta
3476 1856 3761 1914 cernentur,

2204 1931 2256 1988 id
2283 1942 2387 2001 est,
2422 1942 2477 1988 et
2504 1934 2734 1989 stultitia
2769 1936 3061 1992 mundialis
3089 1937 3244 1993 falsa:
3272 1938 3552 2009 sapientia:
3580 1937 3765 1993 involu-

2203 2025 2311 2080 cris
2341 2027 2611 2083 denudata
2641 2028 2883 2099 sistetur,
2917 2041 2971 2085 et
3003 2047 3149 2087 mors
3178 2033 3423 2088 mentita:
3446 2030 3765 2089 beatitudinis

2204 2119 2464 2191 deoperta
2496 2122 2761 2179 velamine
2786 2168 2801 2193 ,
2846 2124 3087 2181 inhiante
3114 2140 3335 2197 semper
3371 2142 3471 2182 ore
3498 2136 3554 2183 et
3578 2138 3770 2196 patente

2205 2212 2259 2269 in
2300 2214 2626 2285 profundum
2655 2226 2873 2287 gutture
2899 2259 2914 2283 ,
2962 2220 3209 2275 vitalium
3250 2219 3477 2276 inimica
3516 2219 3769 2291 prodetur.

2204 2303 2358 2362 Tunc
2388 2317 2441 2361 et
2467 2309 2708 2363 cmicstis
2735 2310 3026 2380 sapientia,
3062 2329 3184 2382 qua:
3208 2314 3549 2370 Steculariter
3575 2313 3774 2369 stultitia

2206 2400 2558 2469 nominatur,
2606 2402 2930 2473 interposita
2979 2404 3325 2460 altitudinem
3373 2406 3611 2461 scientia:
3654 2404 3772 2469 Dei,

2205 2493 2322 2547 sine
2368 2491 2598 2562 alicujus
2645 2493 2832 2549 labore
2869 2494 3296 2552 elucubrationis
3320 2496 3644 2564 intrahit,et
3670 2511 3776 2550 vera

2206 2588 2311 2641 vita
2359 2586 2520 2641 nullis
2563 2586 2756 2641 mortis
2799 2587 3041 2644 tenebris
3081 2588 3371 2645 obscurata
3416 2588 3653 2656 lucebit,
3698 2603 3778 2659 per

2208 2680 2494 2735 Dominum
2532 2693 2777 2736 nostrum
2804 2681 2989 2737 Jesum
3018 2682 3293 2737 Christum
3327 2724 3344 2751 ,
3387 2683 3475 2739 cui
3514 2691 3597 2737 est
3630 2682 3780 2737 honor

2206 2774 2260 2830 in
2290 2775 2489 2830 smcula
2516 2776 2862 2831 saeculorum.
2888 2779 3082 2832 Amen.

2278 2867 2422 2924 XXI.
2465 2868 2656 2938 Vides,
2693 2885 2726 2925 ο
2759 2870 2867 2935 fili,
2910 2887 3013 2942 qua
3065 2869 3379 2929 valetudine
3432 2871 3642 2927 laborat
3683 2867 3781 2923 ani-

2204 2976 2324 3016 mus
2379 2964 2659 3032 suspecti,
2711 2964 2801 3034 qui
2856 2964 2955 3021 ista
3014 2981 3122 3020 non
3175 2966 3405 3037 cogitat.
3466 2964 3782 3035 Corpuscqu

2205 3055 2430 3111 adhibui
2456 3056 2820 3125 palpamenta,
2854 3056 3000 3128 quod
3023 3058 3069 3113 si
3093 3058 3451 3130 negligerem,
3474 3058 3661 3112 anima
3684 3056 3783 3127 plus

501 3158 603 3214 sim
648 3156 943 3214 humanum
981 3172 1155 3228 genus
1182 3155 1424 3227 graditur
1460 3175 1470 3209 :
1503 3156 1730 3212 stultitia
1763 3171 1861 3225 pro
1894 3156 2103 3226 sapien-
2125 3144 2174 3209 C
2207 3152 2437 3216 valeret,
2470 3169 2590 3224 qua:
2620 3164 2749 3209 tunc
2780 3155 3112 3218 infirmatur,
3153 3171 3276 3211 cum
3305 3155 3557 3212 exterior
3584 3153 3784 3208 robora-

505 3250 577 3307 tia
632 3250 896 3317 habetur,
947 3248 1163 3305 dicente
1209 3249 1494 3306 Psalmista
1521 3266 1536 3304 :
1568 3250 1829 3317 Quoniam
1860 3249 2107 3303 laudatur

502 3354 741 3417 peccator
770 3346 822 3398 in
852 3344 1121 3399 desideriis
1149 3344 1339 3397 anima:
1373 3359 1501 3407 sum,
1533 3354 1578 3396 et
1605 3344 1811 3409 iniquus
1847 3342 2105 3397 benedici-

503 3448 587 3492 tur
619 3435 811 3511 (Ibid.,
836 3455 890 3506 χ,
917 3435 993 3509 5).
1028 3435 1180 3491 Tunc
1223 3436 1332 3491 vita
1378 3443 1598 3506 putatur
1636 3449 1759 3491 esse
1801 3451 1921 3505 qua:
1959 3451 2105 3491 mors

502 3541 589 3587 est
624 3551 635 3585 :
669 3544 721 3588 et
751 3530 854 3588 sub
884 3531 1068 3603 specie
1102 3530 1225 3586 boni
1263 3529 1401 3585 mala
1427 3530 1726 3601 decipiunt,
1760 3546 1882 3585 cum
1915 3527 1982 3583 ad
2023 3531 2104 3584 in-

503 3628 816 3699 telligentia:
856 3626 1122 3695 fraudem,
1160 3627 1292 3681 dolo
1335 3626 1600 3680 bonorum
1652 3625 1895 3678 omnium
1933 3622 2105 3678 virtus

505 3724 771 3794 operitur.
805 3720 939 3776 Nam
989 3720 1190 3775 divitia:
1241 3735 1349 3773 non
1385 3726 1653 3773 secutura:
1703 3725 1822 3787 post
1869 3715 2107 3771 hominis

504 3824 738 3873 mortem
785 3825 1053 3869 amantur.
1089 3812 1274 3869 llonor
1321 3812 1574 3879 fascium,
1612 3810 1703 3881 qui
1751 3825 1848 3879 per
1888 3824 2105 3865 succes-

502 3927 685 3967 sorem
736 3910 1030 3975 exolescat,
1083 3908 1322 3964 ambitur
1367 3925 1379 3959 :
1435 3906 1684 3977 injuriam
1732 3905 1928 3961 fecisse
1999 3904 2106 3959 vir-

502 4004 633 4060 tutis
664 4012 748 4059 est
796 4022 809 4057 :
861 4003 1039 4058 aliena
1074 4001 1377 4071 possidere,
1406 3998 1662 4071 potentiae
1690 4009 1772 4053 est
1804 4016 1816 4050 :
1849 3998 2106 4053 innocen-

502 4108 609 4154 tem
634 4098 1053 4164 circumvenire,
1079 4096 1292 4150 astutia:
1315 4104 1431 4150 est:
1458 4110 1563 4149 non
1591 4092 1864 4149 Christum
1886 4108 2103 4163 sapere,

504 4191 792 4260 sapientia:
818 4198 901 4243 est
933 4206 946 4242 :
982 4187 1309 4257 Pr0phetam
1344 4185 1594 4248 horrere,
1627 4185 1953 4255 eloquentia:
1981 4195 2101 4239 est:

504 4283 585 4339 sic
618 4284 777 4354 plena
804 4293 934 4338 sunt
958 4281 1137 4335 omnia
1163 4281 1465 4345 erroribus,
1495 4281 1573 4335 sic
1602 4280 1773 4335 infusa
1807 4296 1901 4349 per
1931 4278 2106 4335 homi-

507 4392 632 4434 num
664 4387 874 4433 mentes
899 4374 1149 4446 caligine,
1183 4373 1351 4429 alium
1376 4374 1486 4428 alio
1510 4375 1841 4442 incursante,
1874 4374 2106 4431 mundus

506 4467 821 4537 involvitur,
853 4478 907 4524 et
934 4466 999 4521 ad
1028 4466 1130 4521 hoc
1160 4480 1332 4537 usque
1360 4466 1562 4521 veritas
1591 4467 1931 4531 obscuratur,
1965 4476 2025 4520 ut
2051 4468 2102 4521 in

2210 3254 2317 3301 tur.
2352 3246 2458 3303 Sed
2493 3250 2648 3303 istam
2677 3264 2838 3319 quam
2867 3249 2977 3304 dixi
3011 3248 3249 3304 animam
3276 3290 3291 3315 ,
3340 3249 3536 3306 morbo
3566 3245 3785 3303 stultitia:

2208 3340 2474 3408 vitiatam,
2492 3344 2799 3397 orationum
2825 3351 3036 3397 tuarum
3053 3344 3436 3414 l’requentatus
3454 3352 3611 3398 sanet
3627 3358 3639 3392 :
3653 3339 3787 3408 cujus

2209 3436 2388 3491 anima
2420 3437 2603 3493 sa:culi
2635 3437 2960 3492 intemerata
2992 3437 3209 3507 flagitiis
3239 3446 3429 3507 potest
3459 3436 3584 3491 aliis
3610 3433 3785 3490 subve-

2210 3529 2345 3585 nire.
2392 3529 2509 3587 Non
2555 3531 2697 3587 enim
2740 3547 2887 3602 arger
2931 3531 3123 3586 salutis
3166 3546 3279 3586 suae
3322 3531 3593 3587 adbibere
3634 3534 3791 3601 potest

2210 3624 2479 3681 medelam
2508 3627 2866 3697 tegrotatione
2895 3626 3162 3683 confossis
3194 3644 3209 3681 :
3241 3637 3297 3682 et
3328 3627 3600 3684 anhelans
3628 3625 3791 3680 altitu-

2207 3717 2388 3774 dinem
2434 3721 2712 3791 plagarum
2738 3762 2753 3787 ,
2796 3720 3114 3775 vulneribus
3151 3736 3262 3775 non
3303 3721 3563 3777 medetur
3596 3716 3790 3774 alienis.

2210 3811 2387 3867 Sanus
2409 3811 2499 3881 qui
2532 3812 2623 3879 sit,
2658 3822 2806 3868 certe
2836 3812 3051 3867 curabit
3075 3811 3394 3879 infirmum,
3431 3812 3678 3867 oculatus
3702 3824 3793 3863 ca:-

2206 3920 2327 3960 cum
2366 3921 2461 3974 per
2495 3906 2787 3976 prmcipitia
2826 3904 2997 3960 ducit.
3038 3904 3120 3959 Tu
3166 3905 3355 3976 itaque
3386 3914 3449 3961 ut
3495 3914 3553 3961 et
3600 3902 3795 3975 sapiens

2209 3995 2437 4051 Domino
2463 3998 2730 4067 supplica,
2764 4007 2823 4052 ut
2849 3996 2995 4068 quod
3027 4012 3132 4052 non
3162 4001 3320 4066 sapui
3356 3998 3597 4069 sapiam,
3628 4004 3682 4050 et
3707 3992 3797 4047 tuis

2207 4089 2476 4161 Sufi'ragiis
2510 4092 2666 4146 velut
2693 4091 3019 4160 quibusdam
3054 4090 3315 4147 remediis
3363 4108 3454 4146 me
3496 4091 3585 4147 fac
3609 4086 3795 4146 sanari.

2207 4181 2836 4254 Reprehendataliquis,
2867 4184 3012 4255 quod
3046 4185 3315 4240 intantum
3354 4184 3675 4241 delectabili
3702 4182 3797 4236 dis—

2207 4277 2488 4348 putatione
2515 4278 2876 4345 processerim
2902 4319 2917 4343 ,
2950 4287 3005 4332 ut
3030 4278 3351 4333 meritorum
3390 4294 3642 4335 meorum
3672 4275 3797 4331 resi-

2209 4372 2526 4442 pisceutiam
2558 4388 2663 4427 non
2690 4372 2968 4436 haberem,
2998 4382 3091 4429 aut
3116 4372 3296 4428 subito
3324 4386 3620 4445 augustam
3648 4369 3797 4441 Moysi

2208 4465 2521 4522 cathedram
2566 4465 2819 4537 indignus
2858 4468 3048 4522 talium
3085 4466 3401 4537 disputator
3445 4468 3796 4526 ascenderim.

507 4564 704 4620 mortis
733 4564 944 4633 gremio
963 4562 1225 4632 jacuisse,
1259 4559 1537 4615 beatitudo
1567 4560 1799 4615 dicatur.
1829 4560 1982 4628 Quod
2008 4560 2098 4615 ubi
2128 4549 2180 4609 D
2206 4558 2313 4617 Sed
2350 4575 2477 4615 vere
2506 4575 2693 4616 amore
2732 4560 2784 4615 id
2818 4561 2901 4631 egi
2935 4570 3027 4615 tuo
3053 4606 3067 4629 ,
3112 4576 3220 4616 non
3262 4566 3629 4635 usurpatione
3672 4574 3797 4616 mea.

506 4658 598 4715 ille
628 4657 794 4727 Deus,
832 4672 932 4711 nos
963 4672 1181 4725 semper
1206 4655 1455 4726 cogitans
1490 4662 1545 4709 et
1584 4664 1801 4719 nostra,
1835 4653 1973 4707 vidit
2000 4670 2098 4723 per

504 4753 828 4822 sapientiam
859 4750 1045 4806 mundi
1070 4791 1085 4818 ,
1133 4764 1234 4821 qua
1267 4749 1370 4804 sibi
1398 4748 1634 4804 mundus
1660 4749 1901 4803 collusor
1929 4748 2098 4803 inter-

504 4848 780 4919 polatores
809 4845 1097 4900 invenerat
1128 4861 1138 4895 :
1170 4858 1322 4897 suam
1356 4843 1681 4913 sapientiam
1714 4840 1879 4895 fuisse
1906 4839 2095 4894 deser-

506 4950 614 4995 tam
643 4982 659 5007 ,
706 4939 912 5010 placuit
945 4938 1107 4992 etiam
1139 4937 1187 4993 ei
1217 4936 1526 4991 econtrario
1554 4934 1814 4990 adversus
1842 4934 2094 4989 astutiam

503 5034 825 5089 veteratoris
852 5074 869 5099 ,
911 5029 1193 5101 sapientia:
1234 5045 1346 5083 sua:
1380 5028 1581 5083 divitiis
1612 5028 2098 5083 innumerabilibus

504 5132 629 5195 uti,
675 5138 728 5183 et
770 5127 1015 5183 scientia:
1054 5123 1428 5191 altitudinem,
1478 5138 1636 5195 quam
1686 5123 1866 5177 nullus
1898 5123 2100 5191 poterit

509 5222 841 5292 investigare
868 5238 882 5274 :
915 5220 1075 5274 sicuti
1103 5228 1209 5284 est,
1240 5226 1295 5272 et
1320 5232 1473 5272 suam
1516 5216 1835 5285 sapientiam
1866 5214 2096 5268 stultitia

507 5315 695 5372 velare
722 5358 738 5385 ,
782 5323 836 5370 et
878 5313 1044 5368 vitam
1084 5327 1239 5368 suam
1286 5312 1477 5366 mortis
1512 5309 1741 5381 quadam
1768 5308 2099 5364 obscuritate

505 5410 713 5478 celare,
764 5418 822 5462 ut
851 5407 917 5462 ad
947 5406 1276 5478 sapientiam
1307 5403 1594 5476 pervenire
1624 5417 1729 5458 non
1760 5412 1971 5473 posset,
2006 5404 2095 5473 qui

504 5502 557 5559 in
592 5504 694 5559 hoc
727 5498 929 5555 szeculo
957 5498 1272 5569 opinionem
1314 5493 1559 5551 stultitim
1600 5493 1830 5565 fugisset
1874 5510 1885 5546 :
1937 5504 1992 5549 et
2030 5493 2097 5549 ad

503 5595 668 5650 vitam
716 5593 833 5664 ejus
884 5608 991 5648 non
1043 5589 1373 5659 accederet,
1426 5589 1515 5661 qui
1570 5602 1673 5643 non
1724 5595 2095 5657 contemptum

504 5687 698 5744 mortis
744 5685 1046 5741 habuisset.
1099 5681 1343 5753 Namque
1393 5681 1472 5736 sic
1515 5680 1711 5736 Filium
1761 5679 2093 5736 Salvatorcm

504 5790 747 5839 nostrum
775 5780 925 5836 misit
951 5780 1005 5835 in
1034 5776 1333 5846 hominem,
1364 5774 1418 5833 id
1452 5786 1557 5845 est,
1596 5773 1914 5847 sapientiam
1943 5790 2093 5832 suam

2204 4650 2336 4707 Nam
2364 4668 2464 4722 ego
2490 4651 2693 4707 dictum
2729 4653 2968 4723 legeram
2997 4656 3271 4723 peccatori
3302 4696 3318 4722 ,
3365 4672 3440 4711 ne
3472 4655 3691 4712 Domini
3718 4668 3802 4707 au-

2203 4744 2360 4800 deret
2395 4760 2617 4800 narrare
2644 4745 2885 4815 justitias
2918 4763 3015 4817 per
3045 4763 3107 4801 os
3136 4763 3315 4802 suum.
3352 4748 3515 4817 Quod
3546 4750 3591 4804 si
3624 4755 3795 4804 contra

2204 4838 2549 4894 interdictum
2585 4855 2681 4903 pro
2709 4848 2799 4893 tua
2828 4839 3118 4896 dilectione
3150 4842 3506 4913 prmsumpsi,
3541 4842 3596 4897 in
3626 4856 3690 4897 eo
3716 4848 3795 4894 tua

2202 4934 2374 5006 gratia
2409 4949 2764 5004 compensare
2788 4933 3098 5005 dignabitur
3128 4954 3139 4987 :
3171 4943 3231 4989 ut
3254 4935 3565 5001 litterulas,
3598 4948 3715 5005 qua:
3736 4929 3796 4985 ad

2206 5029 2427 5100 plenum
2464 5028 2766 5085 emendatae
2804 5044 2917 5087 non
2952 5038 3081 5084 sunt
3125 5030 3309 5102 (sicut
3344 5031 3489 5101 ipsis
3519 5028 3758 5102 apicibus
3780 5069 3793 5091 ,

2202 5124 2396 5193 quibus
2422 5134 2715 5178 exarantur
2738 5122 3033 5193 apparet),
3085 5131 3193 5176 tam
3233 5122 3399 5179 facile
3427 5124 3498 5179 ad
3534 5124 3795 5195 publicum

2203 5231 2309 5271 non
2342 5216 2608 5287 perducas
2634 5233 2647 5270 :
2676 5225 2731 5271 et
2753 5216 2799 5270 si
2823 5230 2923 5286 ego
2945 5214 3284 5271 verecundus
3306 5231 3417 5285 pro
3439 5232 3532 5273 me
3553 5231 3679 5271 esse
3702 5228 3799 5269 non

2202 5310 2379 5379 potui,
2414 5316 2471 5362 ut
2497 5307 2682 5373 debui,
2713 5308 2798 5363 vel
2833 5319 2920 5362 tua
2952 5307 3216 5363 modestia
3244 5310 3605 5365 verecundia:
3629 5314 3803 5379 parcat

2204 5418 2357 5458 mete.
2388 5403 2451 5457 Et
2482 5404 2606 5473 quia
2633 5402 2701 5457 de
2734 5418 2820 5458 me
2846 5402 3048 5458 habent
3070 5402 3211 5473 quod
3239 5402 3387 5457 male
3413 5404 3640 5474 scripta:
3660 5406 3799 5463 sunt,

2202 5496 2269 5552 de
2299 5506 2352 5551 te
2377 5496 2614 5551 habeant
2633 5494 2777 5567 quod
2799 5496 3082 5552 czclentur.
3112 5495 3265 5561 Vale,
3285 5504 3346 5551 et
3368 5511 3476 5551 nos
3499 5497 3555 5552 in
3581 5492 3803 5551 Domino

2200 5592 2391 5667 dilige,
2424 5592 2475 5644 in
2508 5605 2617 5660 quo
2646 5590 2892 5662 diligeris
2920 5606 2949 5645 a
2982 5590 3162 5647 nobis.

2342 5681 2653 5738 MONITUM
2684 5683 2752 5739 IN
2782 5682 3169 5739 EPISTOLAM
3207 5680 3662 5750 SEQUENTEM.

2275 5779 2600 5849 Quamquam
2641 5778 2685 5835 si
2720 5778 2954 5836 divinare
2992 5788 3122 5836 esset
3142 5779 3373 5847 animus,
3406 5778 3708 5837 occurrebat
3743 5790 3802 5833 ex
