3916 6288
234 308 297 367 ωε
943 296 1278 357 EPISTOLA
1318 298 1429 356 VII.
1471 300 1563 357 AD
1605 299 1896 370 AMICUM,
1940 298 2026 355 DE
2067 300 2297 361 DlVlNA
2338 299 2541 359 LEGE.

3275 309 3383 366 106

225 424 331 495 quinti
355 418 499 475 seculi
521 417 803 472 amtoribus
829 456 845 480 ,
892 418 979 487 qui
1019 418 1073 495 id
1102 436 1263 495 genus
1290 420 1531 495 epistolas
1556 437 1683 475 con-
1710 423 1759 483 Α
1789 420 2070 491 probabile
2095 429 2201 489 est,
2238 420 2583 475 manifestum
2611 424 2696 474 est
2724 417 3087 475 obedientiam
3118 434 3185 476 ex
3211 423 3382 480 animi

225 491 470 566 nupserunt,
508 507 629 566 unus
664 498 709 541 et
739 495 872 544 al:er
897 531 910 553 ,
951 491 1033 543 cui
1064 491 1163 566 non
1194 492 1471 566 incongrue
1507 494 1684 566 istha'c

227 563 441 620 tribueretur
476 578 491 614 :
530 563 687 614 visum
720 570 886 614 tamen
916 572 991 615 est
1018 564 1182 616 satius
1208 604 1223 628 ,
1251 564 1341 617 illa
1364 565 1479 629 ipsa
1508 565 1687 617 lectori

229 639 352 693 nitito
376 643 641 705 argumenta
679 649 961 705 praponere
988 675 1002 698 ,
1054 650 1144 702 per
1167 651 1283 703 qute
1305 635 1534 704 feliciore
1563 653 1686 690 usus

228 710 349 782 judicio
366 704 772 782 (quandoquidem
799 704 1106 782 Ilieronynti
1133 723 1246 761 eam
1274 722 1379 760 non
1403 724 1533 782 esse,
1562 709 1687 782 satis

232 776 639 849 malecomperlum
662 777 785 845 est),
808 776 869 829 de
893 792 1009 830 vero
1034 779 1146 846 ejus
1172 786 1381 831 auctore
1402 778 1679 849 disquirat.

230 852 353 905 Iudicat
377 860 486 901 totus
509 858 790 912 contextus,
817 849 885 899 ad
909 865 1023 901 eum
1046 849 1221 914 scribi,
1252 851 1342 919 qui
1366 868 1480 903 cum
1508 850 1685 905 steculi

227 922 453 989 dignitatibus
490 921 662 988 fuisset
708 919 1006 986 perfunctus
1033 962 1048 984 ,
1094 936 1270 975 recens
1310 921 1379 973 ad
1404 920 1590 976 Christi
1632 940 1687 978 se

221 997 316 1063 ﬁdem
343 993 500 1058 recepit
523 1033 535 1049 .
578 1000 625 1044 et
668 990 922 1063 baptismo
952 992 1183 1046 initiatus
1211 1002 1304 1047 est.
1338 991 1688 1061 Compellatur

219 1061 297 1117 ιιτο
314 1080 379 1117 nec
399 1068 536 1116 semel
558 1078 673 1115 cum
700 1061 911 1115 honoris
937 1064 1086 1117 titulo
1105 1105 1119 1123 .
1153 1064 1500 1119 Prudentium
1538 1075 1683 1120 tuam

217 1152 363 1207 precor,
396 1144 487 1189 etc.
533 1132 633 1197 Et,
674 1133 829 1207 Tibi,
864 1136 1194 1207 honorabilis
1233 1150 1295 1191 ac
1338 1136 1686 1193 dilectissime

216 1206 353 1276 parens.
378 1222 462 1275 per
481 1220 668 1278 n_ovam
692 1206 918 1275 gratiam
942 1206 1121 1261 omnis
1144 1206 1501 1278 lacrymarum
1525 1224 1685 1263 causa

214 1280 349 1332 detersa
370 1289 459 1331 est.
489 1276 551 1330 Et
580 1279 760 1331 statim
784 1278 954 1341 initio,
988 1278 1065 1333 Ne
1089 1276 1549 1346 contemplatione
1574 1296 1686 1335 me-

212 1350 423 1403 diocritatis
448 1364 576 1403 mea:
601 1390 617 1414 ,
654 1349 872 1421 Domini
901 1349 1067 1403 verba
1095 1350 1365 1421 despicias
1387 1393 1401 1414 ,
1445 1368 1563 1418 qua:
1597 1354 1686 1421 pio

216 1423 333 1473 attactu
358 1421 454 1485 tibi,
486 1436 629 1474 nunc
652 1420 907 1475 Ecclesia:
931 1422 1177 1490 parvulo,
1202 1420 1273 1476 ad
1297 1420 1684 1477 confovendum

217 1493 365 1545 inhntire
386 1492 697 1554 novitatem,
741 1493 914 1563 lactea
960 1492 1173 1547 interim
1206 1494 1570 1563 porriguntur.
1608 1494 1686 1547 Eo

214 1567 304 1617 ιιιιιιιι
322 1563 469 1616 recidit
494 1606 506 1626 ,
547 1564 690 1634 quod
717 1562 811 1617 sub
843 1564 997 1631 finem
1026 1562 1252 1630 dicitur,
1301 1566 1442 1618 lilius
1472 1584 1484 1619 :
1517 1567 1687 1620 subdit

211 1638 453 1688 ainauctor
476 1635 739 1696 continuo.
774 1634 884 1689 Nec
911 1636 977 1689 ad
1014 1636 1116 1691 hoc
1144 1638 1446 1705 loquimur,
1486 1647 1540 1691 ut
1582 1638 1685 1692 ltu-

210 1723 328 1759 manas
348 1707 594 1762 amicitias
631 1721 991 1774 aucupentur,
1032 1719 1138 1763 etc.
1178 1706 1395 1761 Videtur
1425 1718 1471 1763 et
1505 1725 1685 1764 mona-

205 1778 299 1851 {tua
314 1780 379 1851 ille
398 1778 621 1851 proﬁteri
646 1776 886 1844 coluisse,
916 1780 1079 1849 pergit
1106 1782 1241 1833 enim
1269 1789 1455 1848 noster,
1494 1780 1606 1851 Ego
1635 1791 1686 1835 te

205 1849 469 1903 Christianum
494 1850 624 1903 volo
654 1864 797 1916 esse,
830 1864 934 1904 non
969 1851 1291 1906 monachum
1324 1851 1450 1916 dici,
1486 1849 1680 1907 efvir-

206 1929 311 1975 ttttem
332 1921 533 1991 propriae
567 1919 745 1993 laudis
773 1922 1050 1993 possidere
1089 1924 1259 1993 magis
1294 1938 1454 1993 quam
1489 1938 1682 1979 nomen

204 1993 374 2063 alienum,
398 1994 531 2063 quod
562 1991 819 2047 lrustraia
849 1992 1056 2048 Latinis
1085 1994 1135 2048 in
1163 1991 1688 2050 turba—commoran-

208 2062 294 2116 tibus
320 2062 587 2128 imponitur
617 2105 631 2129 ,
675 2080 797 2119 cum
829 2081 858 2117 a
882 2066 1085 2121 Grazcis
1113 2066 1354 2121 solitarie
1382 2065 1686 2122 viventibus

208 2131 353 2206 legium
377 2137 675 2205 deputetur.
706 2134 930 2203 Tempus
957 2137 1095 2206 quod
1125 2148 1327 2205 spectat
1351 2179 1365 2200 ,
1410 2140 1581 2201 quinti
1618 2141 1686 2193 ad

210 2204 530 2290 miggentis
558 2209 741 2290 saeculi
762 2250 776 2273 ,
827 2225 942 2262 cum
970 2204 1127 2290 a_l_in,_
1154 2204 1265 2290 tum
1293 2210 1472 2290 ist/uec
1498 2211 1685 2265 indicio

206 2287 275 2327 ειπι
299 2295 311 2330 :
339 2278 589 2334 Vindicta:
633 2279 753 2333 dies
790 2291 847 2333 et
886 2280 1255 2335 retributionis
1297 2282 1586 2337 imminens
1623 2298 1686 2337 ac

200 2350 331 2422 ritilius
352 2366 459 2406 esse
485 2393 499 2417 ,
542 2360 603 2404 et
641 2351 824 2405 szeculi
866 2350 1036 2407 ruinis
1078 2354 1317 2422 undique
1357 2368 1686 2408 concurren-

195 2420 307 2494 tibus,
339 2432 383 2477 et
408 2423 810 2491 Seripturarum
842 2420 1239 2494 contestatione
1269 2424 1548 2494 probatur.
1583 2426 1687 2479 De-

190 2491 287 2567 {u'qu
301 2504 339 2547 ct
353 2494 759 2567 nonnulla‘sunt,
790 2511 903 2565 qua:
924 2491 1285 2567 Pelagianam,
1309 2513 1413 2566 qua
1435 2497 1686 2551 imbutum

184 2562 292 2630 luisse
304 2578 556 2629 auctorem,
583 2562 933 2620 Bellarminus
954 2562 1237 2632 contendit,
1260 2562 1547 2622 doctrinam
1565 2572 1686 2623 sub-

184 2635 329 2689 olmt:
354 2638 479 2692 Dicit
501 2638 704 2707 aliquis
728 2680 743 2704 ,
787 2638 832 2691 si
867 2649 1035 2693 totum
1064 2654 1131 2694 ex
1158 2649 1345 2695 nostro
1372 2639 1558 2695 labore
1588 2656 1684 2695 ex-

177 2716 395 2775 spectatur,
422 2725 552 2779 ergo
579 2711 751 2778 gratia
786 2710 916 2764 nihil
952 2721 1170 2779 praestat
1201 2752 1213 2764 .
1244 2749 1259 2764 .
1294 2753 1307 2765 .
1348 2753 1360 2766 .
1394 2750 1407 2764 .
1440 2753 1452 2765 .
1485 2750 1498 2765 .
1530 2753 1543 2766 .
1579 2711 1685 2768 Sed

176 2781 294 2845 gratia
314 2782 507 2849 quidem
536 2782 717 2852 gratis
748 2791 969 2849 peccata
1003 2782 1248 2846 dimittit,
1283 2782 1377 2838 sed
1407 2797 1527 2835 eum
1556 2798 1687 2838 enn-

176 2862 289 2904 sensu
315 2864 363 2907 et
392 2854 668 2907 voluntate
710 2854 1001 2908 credentis.
1051 2852 1185 2907 Tum
1220 2854 1353 2907 illud
1379 2894 1395 2919 ,
1439 2852 1683 2909 Ecclesia

174 2921 305 2991 utique
331 2940 418 2978 nos
441 2939 653 2983 sumus.
688 2925 732 2978 si
763 2933 938 2979 tamen
968 2927 1086 2980 sine
1117 2927 1249 2980 vitio
1278 2935 1333 2981 et
1362 2927 1594 2987 macula.
1626 2935 1687 2983 ut

172 2995 440 3060 pracipitur,
481 2995 803 3051 vixerimus.
834 2992 1053 3063 Fallor,
1085 3010 1173 3051 aut
1202 2998 1310 3051 luec
1340 2998 1513 3051 omnia
1539 2995 1687 3052 Fau-

170 3071 265 3142 ιιιιιι
285 3064 857 3142 Regicnsemrdcsignant
877 3111 891 3134 ,
926 3070 1049 3138 qui,
1081 3078 1210 3142 t_csle
1237 3067 1536 3142 Gennadio,
1567 3086 1682 3142 cap.

168 3136 242 3199 83,
276 3136 585 3206 ejuseemodi
638 3136 1038 3208 episwlam‘ad
1080 3140 1315 3197 Felicem
1366 3136 1682 3211 praelectum

168 3211 346 3273 pratorii
380 3212 619 3283 scripsit.

657 3306 997 3365 EPISTOLA
1027 3307 1139 3364 Vll.

296 3396 512 3456 Instituit
544 3400 775 3456 amicum
812 3401 868 3454 in
906 3401 1125 3456 scientia
1151 3400 1336 3456 diuina:
1368 3401 1512 3472 legis.

213 3488 245 3544 l.
276 3491 754 3567 Praesumptionem
791 3508 972 3550 meam
1013 3509 1289 3550 excusare
1330 3508 1559 3549 conarer
1584 3534 1600 3560 ,
1647 3493 1695 3549 si

166 3599 229 3641 tne
254 3602 345 3643 non
373 3601 424 3645 et
451 3599 677 3661 tempus
703 3598 759 3644 et
779 3604 941 3645 causa
961 3629 979 3657 ,
1026 3588 1301 3659 simulque
1331 3598 1617 3643 tuerentur
1644 3595 1699 3642 et

157 3678 439 3741 charitas:et
458 3686 503 3741 si
529 3700 680 3740 nunc
701 3683 923 3756 propria
946 3683 1119 3755 magis
1142 3683 1307 3737 verba
1331 3697 1489 3752 quam
1512 3681 1696 3736 divina

159 3777 308 3833 vellem
332 3781 433 3837 tuis
456 3781 690 3837 auribus
721 3782 1002 3836 intimare.
1031 3778 1278 3834 'Accedit
1305 3777 1529 3846 insuper
1551 3775 1695 3846 quod

158 3870 412 3930 exhortatio
441 3882 636 3930 nostra
668 3874 833 3930 habet
863 3888 931 3928 ex
960 3871 1312 3943 simplicitate
1343 3869 1614 3934 liduciam,
1642 3878 1699 3924 et

158 3976 203 4016 et
229 3970 429 4025 veritate
452 3969 720 4024 virtutem
757 3985 771 4022 :
815 3968 942 4038 quia
970 3982 1079 4021 non
1105 3966 1175 4021 de
1201 3966 1544 4021 immunditia
1572 3974 1655 4019 est
1678 4004 1695 4029 ,

159 4070 290 4129 neque
311 4062 373 4117 de
401 4077 617 4129 errore,
650 4076 827 4131 neque
850 4060 917 4115 de
947 4058 1077 4114 dolo
1104 4076 1119 4113 :
1156 4059 1256 4113 hoc
1284 4060 1443 4128 plane
1469 4072 1697 4129 praemo-

159 4163 248 4215 neo.
274 4170 334 4209 ne
359 4154 832 4225 contemplatione
866 4152 1263 4208 mediocritatis
1292 4167 1450 4219 meae,
1486 4149 1697 4204 Domini

157 4243 283 4300 verba
309 4246 603 4319 despicias,
633 4262 754 4317 qua:
783 4244 876 4316 pio
897 4244 1094 4299 allectu
1120 4242 1237 4308 tibi,
1271 4258 1417 4298 nunc
1441 4242 1696 4298 Ecclesiae

160 4341 359 4408 parvulo,
391 4342 455 4395 ad
481 4337 878 4394 conferendam
903 4334 1146 4391 infantia:
1172 4335 1489 4398 novitatem,
1523 4333 1695 4389 lactea

155 4427 323 4489 interim
353 4437 715 4506 porriguntur
745 4450 758 4486 :
787 4432 964 4487 donec
995 4438 1087 4485 aut
1115 4446 1213 4500 per
1243 4439 1295 4485 te
1323 4430 1692 4500 postmodum,

154 4536 219 4574 aut
236 4540 320 4594 per
347 4529 486 4582 alios
513 4525 764 4583 eruditus
791 4525 845 4579 in
870 4525 1048 4579 virum
1074 4524 1403 4594 perlectum,
1437 4523 1578 4578 escis
1608 4538 1696 4577 so-

1788 514 2021 569 consilio
2049 556 2063 580 ,
2108 529 2214 567 non
2250 528 2319 568 ex
2351 512 2597 581 corporis
2628 512 2851 567 materia
2888 513 3203 583 procedere.
3261 517 3379 585 Qua

1787 607 1999 663 ratione
2023 606 2331 678 colligimus
2352 605 2691 661 vocationem
2721 612 2968 660 nostram
2990 606 3151 676 juxta
3180 624 3383 667 vocan-

1791 700 1858 754 tis
1889 700 2289 771 dignationem,
2323 697 2484 754 etiam
2514 709 2719 753 nostra:
2745 697 3043 756 voluntatis
3074 710 3218 757 stare
3250 719 3383 758 con-

1790 810 1951 850 sensu
1984 814 1997 848 :
2033 796 2103 850 ita
2137 804 2194 850 ut
2224 794 2501 849 lavacrum
2527 792 2669 861 quod
2699 808 2899 865 corpus
2926 794 3197 850 credentis
3224 812 3382 853 acce-

1790 889 1950 959 perit,
1985 888 2181 944 auimte
2205 888 2374 958 magis
2398 885 2665 941 beneﬁcio
2686 897 3070 958 consequatur,
3102 900 3159 948 et
3185 891 3383 948 utrius-

1788 998 1893 1051 que
1922 980 2241 1036 substantia:
2272 979 2648 1051 purgationem
2674 1020 2690 1045 ,
2735 995 2855 1050 qua:
2902 981 2955 1035 in
2997 996 3134 1053 aqua
3166 995 3381 1040 constat

1788 1085 1845 1129 et
1874 1074 2044 1129 verbo
2070 1120 2083 1142 ,
2129 1073 2325 1129 merito
2366 1077 2567 1131 mentis
2595 1074 2798 1131 debeat
2836 1074 3049 1131 all'erre.
3092 1076 3289 1133 Verum
3326 1090 3383 1134 ut

1789 1183 1850 1221 ea
1883 1184 2004 1239 qua:
2045 1169 2283 1224 diximus
2310 1210 2325 1234 ,
2372 1169 2662 1225 manifesta
2706 1167 3023 1239 probatione
3052 1168 3339 1228 ﬁrmemus
3364 1219 3378 1240 ,

1788 1262 2061 1318 evidentia
2090 1264 2159 1318 de
2189 1263 2488 1335 Scripturis
2518 1264 2766 1335 exempla
2799 1282 3082 1335 ponamus.
3105 1267 3379 1337 Scriptum

1789 1368 1873 1411 est
1906 1356 1958 1410 in
1991 1357 2255 1426 Apostolo
2293 1376 2303 1409 :
2350 1359 2438 1411 Sic
2465 1356 2701 1414 Christus
2741 1360 2922 1415 dilexit
2952 1360 3239 1415 Ecclesium
3264 1403 3281 1428 ,
3333 1372 3382 1415 et

1792 1449 2008 1502 tradidit
2037 1451 2361 1522 semetipsum
2386 1467 2479 1519 pro
2504 1468 2585 1513 ea,
2618 1462 2673 1504 ut
2696 1468 2809 1506 cam
2836 1454 3205 1521 sanctificat-ct,
3233 1471 3383 1507 mun—

1790 1545 1919 1599 dans
1949 1546 2156 1599 lavacro
2180 1561 2327 1615 aqua:
2355 1545 2407 1598 in
2438 1547 2587 1599 verba
2608 1546 2744 1611 vita},
2775 1555 2832 1600 ut
2858 1548 3113 1602 exhiberet
3143 1564 3257 1602 eam
3286 1548 3386 1602 sibi

1788 1639 2069 1709 gloriosam
2094 1646 2141 1693 et
2171 1638 2558 1693 immaculatum
2589 1640 2607 1709 (
2632 1638 2770 1711 Eph.
2812 1658 2843 1694 v
2867 1685 2882 1707 ,
2921 1640 2993 1697 25
3023 1658 3161 1712 seqq.
3187 1641 3232 1710 ).
3281 1641 3387 1698 Per

1791 1743 1988 1798 aquam
2019 1731 2317 1785 etverbum
2343 1729 2594 1785 mundari
2618 1730 2756 1784 dixit
2781 1730 3117 1797 Ecclesium;
3144 1731 3385 1786 Ecclesia

1718 1813 1765 1873 Β
1796 1823 1983 1893 utique
2014 1839 2114 1877 nos
2139 1838 2351 1889 sumus,
2388 1824 2433 1878 si
2467 1834 2647 1877 tamen
2673 1821 2795 1878 sine
2820 1822 2955 1877 vitio
2983 1834 3037 1879 et
3062 1823 3304 1892 macula,
3332 1833 3392 1877 ut

1794 1914 2134 1985 praecipitur,
2167 1914 2492 1969 vixerimus.
2518 1912 2837 1984 Corporalia
2866 1916 3241 1985 corporalibus
3269 1956 3286 1981 ,
3337 1923 3394 1970 et

1791 2008 2097 2077 spiritualia
2126 2008 2509 2078 Spiritualibus
2540 2016 2860 2079 purgantur.
2894 2007 3092 2063 Anima
3135 2009 3311 2064 verbo
3336 2017 3390 2064 et

1790 2114 1967 2169 aqua,
2018 2114 2217 2170 corpus
2264 2115 2406 2170 aqua
2453 2082 2800 2155 soluinmodo
2851 2100 3067 2156 videtur
3112 2102 3386 2157 ablutum.

1791 2193 2003 2247 Anima:
2056 2192 2387 2247 intrinsecus
2441 2191 2684 2261 pristinis
2722 2192 2778 2246 in
2821 2192 3075 2248 sordibus
3105 2203 3163 2249 et
3189 2208 3393 2249 concu-

1790 2285 2076 2357 piscentiis
2121 2286 2386 2341 residenti
2412 2330 2427 2353 ,
2474 2285 2843 2357 Evangelista:
2873 2296 2958 2342 est
2988 2288 3229 2343 timenda
3260 2301 3393 2344 sen-

1791 2380 1981 2445 tentia,
2015 2379 2250 2435 dicentis
2295 2398 2309 2434 :
2359 2379 2625 2435 I’haristee
2654 2396 2815 2451 cwce,
2850 2382 3041 2436 munda
3072 2384 3218 2455 prius
3248 2384 3389 2454 quod

1790 2473 1934 2527 intus
1957 2483 2053 2537 est,
2088 2482 2145 2527 ut
2172 2474 2265 2543 ﬁat
2290 2474 2546 2528 mundum
2572 2484 2618 2528 et
2647 2474 2703 2528 id
2730 2476 2869 2545 quod
2896 2477 3023 2549 foris
3052 2487 3125 2532 est
3153 2476 3389 2548 (Matth.

1790 2582 1942 2631 xxttt,
1965 2566 2085 2638 26).
2114 2568 2183 2621 Et
2213 2584 2403 2623 revera
2435 2568 2481 2623 si
2512 2584 2746 2640 corpora
2776 2577 2961 2626 nostra
2975 2586 3102 2626 vasa
3125 2570 3393 2626 suntaui-

1790 2673 2028 2725 marum,
2065 2668 2195 2715 tunc
2224 2668 2385 2715 erunt
2416 2675 2546 2715 vere
2580 2661 2778 2716 munda
2802 2703 2817 2728 ,
2847 2662 2895 2716 si
2931 2661 3078 2717 intus
3108 2663 3393 2719 sincerum

1790 2750 2027 2807 habeant
2076 2767 2384 2824 purumque
2440 2754 2731 2822 liquorem.
2799 2753 3066 2810 Caeterum
3130 2756 3387 2825 quamvis

1788 2846 1933 2901 calix
1963 2862 2161 2902 aureus
2189 2846 2283 2914 sit,
2316 2855 2373 2903 et
2401 2858 2596 2902 ornatu
2623 2863 2964 2918 gemmarum
2995 2864 3059 2904 ac
3093 2850 3389 2921 splendore

1790 2938 2197 3009 pulcherrimus
2242 2958 2255 2994 :
2311 2940 2359 2995 si
2399 2940 2453 2995 iu
2494 2956 2555 2995 se
2584 2957 2794 2997 venena
2835 2942 3160 3010 contineat,
3207 2959 3391 3001 nonne

1791 3030 2193 3101 pretiositatem
2239 3032 2587 3087 metallorum
2616 3033 2831 3089 lethalis
2874 3036 3056 3104 poculi
3104 3036 3252 3092 virus
3294 3038 3393 3093 ob-

1793 3122 1992 3190 luseat,
2024 3133 2080 3180 et
2106 3125 2399 3180 micantem
2427 3126 2735 3196 specierum
2768 3127 2998 3184 nitorem
3027 3130 3297 3186 violabit?

1866 3216 1933 3272 ll.
1975 3216 2083 3274 Sed
2115 3234 2183 3274 ne
2212 3233 2243 3273 a
2274 3218 2553 3289 proposito
2578 3220 2795 3291 longius
2825 3237 2960 3277 mea:
2991 3223 3395 3293 pollicitationis

1798 3309 2057 3365 excedam
2076 3351 2092 3377 ,
2133 3309 2561 3381 prrefatiunculte
2586 3328 2724 3368 mea:
2753 3314 2919 3370 verba
2944 3356 2958 3381 ,
2994 3315 3179 3372 verbis
3209 3317 3396 3373 Domi-

1797 3404 1935 3460 nicis
1967 3404 2213 3476 probabo
2248 3424 2262 3461 :
2292 3416 2351 3461 ut
2392 3406 2497 3463 hoc
2536 3405 2684 3476 quod
2712 3406 2835 3463 dico
2863 3450 2879 3475 ,
2912 3422 3020 3464 non
3050 3425 3117 3465 ex
3150 3409 3394 3466 humano

1796 3511 1960 3551 sensu
2002 3496 2281 3554 inventum
2310 3538 2325 3563 ,
2372 3507 2466 3553 aut
2496 3497 2716 3568 ingenio
2756 3499 2983 3570 proprio
3026 3500 3395 3573 excogitatum

1799 3598 2038 3661 putetur,
2071 3591 2168 3647 sed
2198 3591 2400 3645 divinis
2421 3592 2707 3647 sententiis
2729 3593 2981 3650 videatur
2999 3610 3120 3652 esse
3142 3608 3396 3654 constru-

1797 3692 1964 3738 ctum.
2015 3681 2071 3737 In
2117 3682 2412 3754 Evangelio
2438 3682 2665 3740 Joannis
2695 3684 2958 3742 Dominus
2996 3688 3063 3743 ad
3096 3687 3393 3760 discipulos

1796 3776 1913 3831 ait:
1952 3776 2057 3831 Vos
2104 3787 2274 3831 autem
2308 3780 2426 3850 jam
2472 3778 2653 3832 mundi
2700 3780 2821 3834 estis
2862 3790 3073 3852 propter
3103 3797 3391 3837 sermonem

1798 3888 1969 3925 meum
1993 3887 2143 3942 quem
2167 3871 2388 3925 audistis
2422 3869 2604 3937 (Joan.
2630 3886 2748 3939 xm,
2784 3870 2901 3942 10).
2930 3871 3048 3928 Non
3080 3873 3232 3939 dixit,
3267 3889 3394 3944 pro-

1797 3974 1919 4035 pter
1942 3964 2084 4035 quod
2112 3964 2207 4018 loti
2235 3964 2367 4018 estis
2399 3972 2611 4018 tantum
2640 3982 2651 4015 :
2686 3964 2779 4019 sed
2806 4006 2822 4029 ,
2869 3975 3081 4035 propter
3103 3982 3392 4022 sermonem

1796 4074 1966 4113 meum
1991 4073 2143 4130 quem
2169 4058 2408 4125 audistis,
2442 4058 2653 4126 ideoque
2679 4058 2857 4111 mundi
2878 4059 3019 4113 estis.
3049 4060 3251 4116 Omnes
3276 4063 3396 4133 qui-

1797 4154 1921 4209 dem
1952 4151 2161 4209 seiebat
2197 4152 2337 4207 lotos
2365 4165 2487 4206 esse
2533 4168 2546 4203 :
2588 4150 2683 4205 sed
2715 4165 2825 4206 non
2858 4151 3101 4207 omnium
3133 4154 3394 4211 interiora

1799 4246 1997 4301 munda
2027 4260 2147 4301 esse
2174 4244 2447 4316 probavit,
2479 4244 2602 4314 quia
2630 4244 2775 4301 inter
2804 4254 3034 4302 caeteros
3060 4258 3177 4304 erat
3200 4249 3390 4318 Judas,

1797 4341 1888 4411 qui
1917 4347 2040 4411 post
2068 4354 2220 4409 aqua:
2252 4337 2657 4409 purgationem,
2684 4338 2852 4393 animi
2876 4338 3083 4394 malitia
3111 4340 3388 4399 sordebat.

1800 4434 2029 4504 Propter
2057 4432 2203 4503 quod
2234 4430 2484 4501 quamvis
2514 4446 2635 4485 cum
2679 4430 2801 4485 aliis
2830 4430 2971 4486 lotus
3000 4443 3125 4487 ante
3154 4433 3347 4491 fuisset
3374 4454 3389 4489 :

1800 4525 2110 4581 immundus
2134 4533 2310 4579 tamen
2332 4522 2548 4577 Domini
2570 4522 2838 4579 sententia
2860 4524 3206 4594 perhibetur:
3227 4528 3389 4597 Cujus

153 4612 390 4677 lidioribus
418 4622 723 4677 roboretis.
748 4618 830 4675 Ad
865 4620 1082 4689 plenum
1108 4632 1239 4688 ergo
1263 4617 1481 4691 tescire
1507 4616 1693 4686 cupio,
1724 4609 1773 4669 D
1798 4620 2048 4689 exemplo
2075 4616 2370 4689 {evidenter
2412 4614 2807 4686 manifesteque
2846 4626 3203 4688 monstratur,
3237 4620 3391 4676 illum

150 4713 260 4775 100d
288 4730 349 4769 ex
381 4724 538 4785 parte
570 4728 734 4769 nosse
762 4724 813 4768 te
837 4711 1002 4769 credo
1026 4752 1041 4777 ,
1083 4712 1152 4768 ob
1185 4713 1289 4765 hoc
1321 4711 1607 4765 Dominum
1640 4718 1696 4766 et

154 4799 221 4857 Dei
242 4804 464 4864 Verbum
492 4806 849 4864 descendisse
875 4805 941 4860 de
964 4805 1119 4860 cmlis
1146 4846 1159 4870 ,
1208 4816 1268 4858 ut
1290 4814 1571 4875 assumpto
1599 4819 1695 4858 na-

152 4904 252 4952 tura:
282 4912 476 4958 nostra:
523 4902 789 4967 homine,
836 4900 1132 4955 humanum
1177 4912 1386 4967 genus,
1441 4898 1584 4968 quod
1626 4898 1693 4953 ab

155 4988 285 5046 Athin
321 4994 541 5064 jacebat
569 5036 584 5059 ,
637 4992 946 5063 erigerctur
975 4992 1026 5045 in
1058 4990 1278 5045 Christo
1308 5006 1320 5042 :
1377 4996 1695 5060 tantumque

152 5095 257 5138 sevo
280 5086 482 5143 homini
521 5103 617 5158 per
657 5085 1021 5142 obedientiam
1066 5094 1417 5154 praestaretur
1460 5085 1650 5140 salutis
1674 5126 1689 5151 ,

153 5188 365 5243 Quantum
397 5183 576 5239 veteri
609 5197 704 5253 per
742 5180 1168 5236 inobedientiam
1201 5178 1522 5250 perditionis
1553 5176 1694 5232 acci—

152 5267 286 5327 derat.
314 5274 514 5330 Verum
559 5274 814 5345 quoniam
855 5273 973 5329 sive
1009 5271 1319 5327 obedientia
1351 5271 1466 5327 sive
1504 5270 1695 5326 inobe-

153 5358 335 5433 dientis,
363 5367 625 5423 vocabula
664 5366 755 5422 illa
780 5409 795 5433 ,
834 5375 893 5421 ut
920 5366 1053 5421 mihi
1099 5366 1335 5433 videtur,
1374 5366 1693 5435 incorporea

153 5470 274 5526 sunt,
302 5478 403 5519 non
438 5464 681 5519 materia:
706 5462 1011 5533 corporalis
1039 5478 1052 5514 ε
1082 5469 1137 5516 ει
1165 5461 1291 5531 quia
1324 5460 1693 5531 incorporalia

156 5563 202 5604 ει
223 5559 579 5628 corporalibus
604 5558 856 5629 generari
884 5557 1112 5611 omnino
1149 5571 1253 5611 non
1281 5564 1548 5625 possunt,
1583 5570 1697 5609 ma-

154 5646 367 5706 nilestum
411 5662 501 5709 est
522 5696 537 5721 ,
590 5654 908 5722 incorporea
937 5666 1006 5707 ex
1034 5648 1473 5720 incorporalihus
1500 5648 1646 5703 nasci
1674 5662 1695 5705 :

153 5749 192 5790 et
215 5742 251 5793 si
277 5746 635 5801 obedientiam
668 5745 1066 5815 incorporalem
1096 5785 1110 5810 ,
1152 5759 1273 5817 qua:
1309 5738 1696 5797 inobedientia!

157 5838 416 5895 remedium
445 5848 564 5906 est,
595 5854 667 5893 ex
698 5838 1028 5906 incorporali
1055 5838 1232 5895 annua
1259 5838 1406 5912 gigni
1437 5836 1652 5895 ratione
1677 5876 1693 5905 ,

430 5935 704 5998 Parnm.
755 5932 973 5996 XXX.

1798 4714 1851 4768 in
1881 4712 2110 4767 veritate
2139 4710 2233 4765 Dei
2260 4708 2488 4779 gratiam
2518 4710 2819 4778 percipere,
2847 4710 2941 4780 qui
2964 4726 3083 4766 eam
3110 4728 3177 4768 eo
3200 4714 3392 4771 ordine

1796 4821 1904 4879 quo
1931 4805 2211 4875 Scriptura
2242 4802 2511 4869 docuerit,
2544 4812 2926 4875 consequatur.
2956 4803 3088 4859 Nam
3122 4808 3167 4861 si
3199 4808 3393 4879 aliquis

1796 4913 2023 4969 corpore
2054 4906 2211 4953 tenus
2240 4904 2485 4951 renatum
2516 4910 2638 4952 esse
2660 4911 2721 4952 se
2750 4896 2941 4953 credat
2968 4914 3063 4969 per
3090 4914 3305 4969 aquam,
3338 4913 3395 4959 et

1799 4990 1967 5047 verbo
1996 5004 2103 5045 non
2130 4988 2205 5043 sit
2234 4997 2587 5059 regeneratus
2612 4988 2665 5043 in
2695 4988 2912 5060 spiritu,
2941 5006 3036 5046 sua
3069 4991 3244 5049 salute
3274 4992 3392 5050 l'ru-

1796 5092 2023 5152 stratur,
2047 5084 2170 5155 quia
2195 5082 2435 5138 ctelestis
2461 5082 2715 5139 novitatis
2736 5083 2853 5139 haec
2872 5098 3037 5139 causa
3062 5097 3167 5154 est,
3185 5098 3244 5143 ut
3263 5104 3394 5146 cor-

1798 5180 1946 5249 poris
1970 5174 2227 5247 qualitate
2247 5181 2519 5241 manente,
2548 5174 2713 5230 homo
2740 5184 2897 5231 vetus
2925 5176 2977 5231 in
3003 5192 3197 5234 novam
3226 5182 3393 5238 animi

1800 5282 2040 5328 mutetur
2062 5269 2417 5327 voluntatem.
2452 5270 2719 5326 Caeterum
2749 5272 3022 5343 quomodo
3048 5289 3246 5347 corpus
3277 5294 3395 5334 sor-

1802 5365 2010 5433 didum,
2034 5364 2079 5419 si
2109 5378 2245 5434 aqua
2278 5377 2385 5418 non
2414 5372 2498 5418 est
2517 5363 2781 5432 ablutum,
2802 5368 3139 5436 permanebit
3161 5370 3392 5426 immun-

1802 5458 1930 5515 dum
1971 5472 1984 5510 ;
2032 5458 2103 5511 ita
2143 5455 2324 5510 anima
2364 5454 2466 5511 nisi
2508 5456 2675 5510 verbo
2705 5457 2867 5513 fuerit
2901 5460 3154 5516 mundata
3185 5462 3392 5533 divino,

1802 5552 2055 5610 sordibus
2097 5550 2350 5607 vitiorum
2396 5560 2647 5621 corrupta
2694 5553 2953 5609 manebit.
3000 5554 3139 5624 Ergo
3183 5558 3227 5611 si
3273 5556 3392 5627 ejus

1797 5646 2023 5703 consilio
2052 5658 2248 5715 corpus
2288 5658 2423 5715 aqua
2455 5643 2766 5714 mandatur,
2798 5662 2901 5717 qua
2939 5648 3147 5701 ratione
3177 5651 3390 5717 sperni-

1798 5750 1885 5797 tur
1910 5738 2051 5811 quod
2080 5739 2254 5809 majus
2279 5746 2381 5804 est,
2423 5738 2469 5793 si
2494 5738 2634 5808 quod
2664 5741 2841 5794 minus
2864 5748 2969 5805 est,
2993 5738 3105 5807 jam
3139 5745 3394 5800 tenetur?

1800 5832 2036 5892 Stultitia
2051 5842 2135 5889 est
2155 5830 2200 5887 si
2225 5844 2293 5886 ex
2324 5838 2476 5905 parte
2501 5829 2699 5888 salvari
2721 5830 2887 5901 cupit,
2914 5830 3004 5903 qui
3033 5848 3101 5888 cx
3133 5844 3247 5893 toto
3272 5854 3392 5910 per-

2805 5922 2843 5983 ιιι
