3916 6288
510 280 624 339 407

1540 280 1601 338 5.
1643 269 2025 335 HIERONYMI
2065 272 2351 333 OPERUM
2386 273 2758 334 MA'NTISSA.

3647 281 3735 345 im

511 399 600 451 iit.
632 395 736 462 Qui
767 408 887 449 cum
938 393 1202 465 integram
1234 389 1431 449 habeat
1468 393 1521 448 in
1548 399 1823 463 potestate
1852 390 2101 456 salutem,
2134 392 2184 451 Α
2213 396 2317 455 tur,
2349 393 2490 444 sicut
2522 390 2785 460 scriptum
2816 397 2901 446 est
2932 407 2948 444 :
2978 388 3121 455 Quia
3150 396 3204 445 tu
3237 389 3494 447 scientiam
3519 400 3741 468 repulisti,

516 490 700 546 media
744 488 875 545 velit
914 503 1034 543 esse
1072 498 1357 543 contentus
1389 506 1399 540 :
1430 496 1485 544 et
1511 495 1697 543 contra
1727 486 1845 556 jura
1878 496 2104 550 naturai,

444 636 451 643 ,
520 593 673 654 putet
703 582 820 639 solo
848 597 1078 651 corpore
1107 596 1167 637 se
1194 582 1484 648 salvatum,
1516 598 1639 638 cum
1674 579 1982 652 possibilius
2012 578 2103 647 sit,

523 688 648 734 ante
675 676 1090 731 resurrectionis
1120 682 1331 743 tempus
1357 676 1593 731 animam
1623 677 1742 730 sine
1767 688 1995 743 corpore
2023 670 2104 725 vi-

519 786 669 837 vere,
701 785 861 841 quam
888 783 1086 840 corpus
1111 769 1230 825 sine
1257 770 1434 824 anima
1463 780 1631 825 stare.
1652 768 1718 824 Si
1748 767 1867 838 quis
1895 764 2106 821 duobus

519 865 713 930 oculis,
734 863 1051 933 duobusque
1073 862 1276 918 laboret
1299 863 1545 933 pedibus,
1565 872 1620 917 et
1641 863 1917 930 utriusque
1939 873 2107 912 mem-

518 956 601 1011 bri
634 955 826 1010 habeat
854 955 906 1009 in
934 964 1205 1023 potestate
1254 952 1601 1018 medicinam,
1634 962 1689 1008 et
1718 967 1822 1007 uno
1853 949 1988 1021 pede
2021 948 2107 1002 vel

510 1048 673 1104 oculo
713 1064 823 1102 uno
863 1056 1083 1114 sanato,
1136 1046 1205 1101 ab
1238 1047 1461 1102 alterius
1500 1061 1627 1101 cura
1665 1044 1798 1101 velit
1836 1041 2105 1098 medicum

516 1142 807 1214 prohibere
828 1184 842 1209 ,
874 1158 1051 1197 nonne
1081 1156 1291 1197 vesana:
1321 1141 1545 1207 mentis,
1575 1148 1629 1195 et
1658 1137 1853 1194 medici
1880 1134 2105 1206 judicio,

519 1246 574 1292 et
599 1236 839 1290 omnium
878 1234 1156 1290 hominum
1185 1234 1291 1289 erit
1323 1234 1592 1289 sententia
1619 1226 2107 1287 condemnandus»?

506 1331 621 1388 Sed
646 1330 777 1386 dicit
807 1330 1026 1399 aliquis,
1051 1329 1097 1385 si
1122 1340 1291 1384 totum
1312 1343 1377 1384 ex
1407 1338 1594 1383 nostro
1618 1325 1806 1381 labore
1828 1332 2110 1393 exspecta-

513 1434 621 1492 tur,
662 1438 789 1494 ergo
824 1424 996 1493 gratia
1037 1422 1165 1477 nihil
1198 1431 1436 1493 praestat.
1466 1419 1605 1476 Nolo
1634 1420 1917 1490 quisquam
1951 1417 2106 1485 igno-

512 1516 702 1571 rantia:
731 1516 886 1570 titulo
916 1514 1142 1585 gratiam
1173 1513 1269 1569 Dei
1296 1524 1501 1568 temere
1528 1510 1689 1566 faciat
1712 1511 1975 1578 ingratam
2000 1522 2015 1560 :
2041 1520 2108 1559 nc

512 1611 672 1665 ﬁdem
699 1624 848 1663 suam
884 1618 1050 1662 vertat
1076 1607 1129 1662 in
1152 1606 1488 1673 scandalum,
1508 1614 1564 1660 et
1589 1606 1678 1658 ﬁat
1709 1604 1757 1657 ei
1776 1616 1944 1656 causa
1967 1599 2108 1653 salu-

512 1703 604 1767 lis,
637 1701 888 1756 interitus
913 1710 968 1755 et
995 1699 1316 1769 perditionis
1345 1698 1581 1752 occasio.
1602 1694 1773 1764 Cujus
1797 1693 1877 1748 rei
1898 1692 2039 1746 ratio
2059 1690 2104 1744 si

2209 481 2457 551 repeilam
2488 490 2534 537 et
2557 499 2649 557 ego
2680 494 2728 537 te
2751 482 2899 557 (Ose.
2925 499 2998 554 tv,
3026 482 3103 556 6).
3125 483 3281 539 Nullo
3302 485 3458 557 igitur
3479 490 3620 543 modo
3643 507 3741 561 pas-

2208 572 2309 628 sim
2342 590 2440 631 nos
2465 586 2651 631 nostro
2672 574 2877 646 judicio
2904 576 3326 645 committamus,
3350 593 3413 633 ne
3433 576 3577 637 nobis
3596 584 3743 638 excla-

2202 682 2319 726 met
2353 672 2518 726 Isaias
2548 690 2559 725 :
2598 671 2693 726 Va:
2721 674 2809 741 qui
2821 672 3104 744 prudentes
3135 684 3256 728 sunt
3284 674 3417 743 apud
3447 676 3739 745 semetipsos,

2206 776 2256 818 et
2283 764 2338 816 in
2366 774 2638 835 conspectu
2664 782 2756 818 suo
2783 766 2935 837 periti
2965 764 3096 834 (Isa.
3126 783 3180 831 v,
3203 767 3315 833 21).
3347 765 3491 822 Unde
3514 779 3563 822 et
3584 768 3748 825 Paulus

2209 858 2489 926 apostolus
2518 860 2595 911 ait
2628 875 2641 910 :
2672 857 2735 912 Si
2763 858 2878 929 quis
2907 858 3003 914 sibi
3031 859 3235 914 videtur
3264 859 3462 931 sapiens
3484 877 3580 914 esse
3606 862 3649 915 in
3670 862 3749 918 hoc

2207 950 2431 1015 steculo,
2463 950 2648 1004 stultus
2677 951 2790 1017 ﬁat,
2822 960 2877 1004 ut
2905 953 2967 1005 sit
2996 954 3205 1021 sapiens
3232 952 3275 1024 (l
3303 952 3416 1007 Cor.
3452 968 3523 1019 nt,
3543 954 3627 1023 58)
3648 971 3662 1019 ',
3683 971 3752 1010 sa-

2200 1041 2408 1113 pientia
2439 1043 2581 1096 enim
2610 1040 2776 1111 hujus
2818 1046 3002 1099 mundi
3035 1046 3261 1102 stultitia
3297 1058 3381 1101 est
3414 1048 3549 1116 apud
3588 1047 3750 1103 Deum.

2210 1134 2442 1205 Propter
2467 1135 2609 1206 quod
2640 1136 2704 1191 ad
2724 1152 2906 1209 regem
2929 1138 3057 1210 Tyri
3080 1139 3295 1208 dicitur,
3318 1137 3547 1199 humana
3574 1139 3755 1211 sapien-

2204 1227 2284 1285 tia
2329 1226 2678 1299 gloriantem,
2725 1230 2997 1301 Sapientes
3039 1233 3173 1286 enim
3212 1248 3315 1285 non
3346 1232 3568 1287 erudierit
3603 1242 3647 1286 te
3676 1250 3691 1287 :
3716 1234 3757 1288 id

2210 1330 2313 1389 est,
2360 1322 2619 1379 doctrinae
2655 1325 2923 1393 calestes,
2967 1335 3021 1381 et
3056 1327 3318 1396 sapientia
3364 1326 3476 1381 Dei.
3507 1327 3593 1381 Est
3620 1338 3759 1384 ctsa-

2212 1416 2410 1484 pientia
2443 1415 2745 1486 hominum,
2781 1435 2884 1473 non
2908 1434 3175 1490 negamus
3210 1438 3221 1472 :
3251 1422 3348 1475 sed
3384 1436 3484 1475 una
3513 1422 3683 1477 suadet
3710 1424 3763 1478 ad

2212 1511 2397 1576 vitam,
2437 1508 2538 1564 alia
2575 1510 2645 1565 im
2659 1511 2812 1580 pellit
2841 1512 2907 1573 ad
2951 1524 3180 1571 mortem
3212 1531 3225 1566 :
3257 1514 3380 1583 quia
3410 1514 3661 1585 sapientia
3683 1514 3765 1571 ltu-

2212 1620 2371 1659 niana
2393 1620 2514 1674 quae
2536 1606 2760 1660 stultitia
2787 1608 3218 1677 teprehenditur,
3234 1618 3299 1663 et
3320 1610 3388 1663 ab
3408 1609 3655 1680 Apostolo
3673 1610 3773 1681 Spi-

2212 1697 2317 1751 ritu
2350 1708 2539 1753 sancto
2568 1697 2847 1769 deﬁnitur,
2871 1700 3037 1770 janua
3058 1702 3270 1763 mortis,
3294 1711 3349 1754 et
3370 1701 3585 1755 materia
3607 1705 3768 1755 mlerni

498 1811 631 1850 eum
662 1792 1036 1848 moderatione
1064 1800 1359 1861 quaeratur,
1391 1800 1502 1844 tum
1532 1788 1752 1843 demum
1774 1784 2018 1856 proﬁciet
2040 1784 2105 1836 ad

2214 1792 2461 1848 interitus
2483 1795 2832 1864 approbatur.
2854 1795 3002 1850 Sicut
3021 1797 3282 1866 scriptum
3306 1798 3464 1853 estin
3488 1797 3735 1866 Propheta
3758 1816 3768 1849 :

511 1886 697 1952 vitam,
742 1899 863 1954 qua:
901 1897 999 1952 per
1036 1881 1517 1953 praesumptionem
1552 1881 1691 1934 forte
1720 1876 2109 1947 praecipitasset

510 1982 576 2036 ad
611 1989 862 2035 mortem.
895 1978 1001 2034 Sed
1033 1976 1207 2049 gratia
1231 1978 1452 2049 quidem
1483 1973 1651 2047 gratis
1682 1982 1901 2044 peccata
1928 1970 2108 2025 diruit-

512 2077 598 2138 tit,
641 2072 735 2128 scd
777 2087 896 2126 cum
931 2086 1201 2126 consensu
1246 2080 1301 2124 et
1330 2071 1607 2124 voluntate
1633 2066 1924 2121 credentis.
1952 2064 2107 2119 Sicut

510 2166 792 2236 Philippus
831 2163 1081 2218 eunucho
1132 2165 1183 2217 in
1226 2163 1457 2218 Actibus
1497 2159 1867 2231 apostolorum
1914 2156 2109 2227 probat

507 2260 695 2313 dicens
728 2276 740 2310 :
772 2257 832 2311 Si
862 2256 1026 2311 credis
1055 2273 1117 2309 ex
1145 2266 1247 2309 toto
1272 2254 1447 2321 corde,
1477 2255 1592 2307 licet
1623 2262 1668 2305 te
1690 2250 1967 2321 baptizari.
1990 2250 2108 2313 Quo

510 2350 823 2405 teszintonio
851 2347 1198 2418 intelligitur,
1228 2362 1332 2400 non
1362 2348 1540 2400 minus
1572 2344 1868 2414 perieulum
1894 2355 2036 2406 esse,
2063 2341 2107 2393 si

509 2442 814 2512 baptizetur
847 2439 1182 2505 incredulus,
1208 2454 1369 2508 qttam
1401 2437 1447 2491 si
1476 2452 1603 2491 vere
1631 2434 1876 2489 credenti
1906 2435 2106 2502 baptis-

511 2551 657 2590 mum
691 2535 1012 2602 denegetur.
1045 2531 1285 2585 Credens
1313 2545 1493 2584 autem
1537 2528 1632 2583 ille
1662 2536 1747 2582 est
1771 2528 1921 2595 juxta
1953 2525 2103 2583 Scri-

510 2641 717 2699 pturas,
758 2629 849 2697 qui
886 2643 950 2681 ex
982 2635 1104 2680 toto
1143 2624 1309 2680 corde
1350 2623 1667 2680 crediderit.
1710 2623 1777 2677 Et
1815 2622 1862 2677 si
1900 2638 1967 2675 ex
1997 2631 2106 2675 tota

508 2720 692 2775 eordis
721 2735 847 2773 arce
875 2718 1209 2775 credendum
1236 2726 1341 2784 est,
1367 2730 1423 2771 ut
1451 2733 1517 2772 ex
1547 2715 1890 2773 credulitatis
1912 2714 2108 2770 merito

500 2814 837 2883 baptismum
882 2813 1009 2868 ﬁdei
1047 2812 1224 2879 detur,
1256 2829 1395 2883 aqua
1429 2829 1535 2867 non
1564 2810 1766 2867 sufﬁcit
1805 2809 2105 2883 baptizata,

511 2921 633 2975 quin
663 2906 937 2961 credentis
967 2906 1204 2961 animum
1247 2906 1298 2959 in
1329 2904 1492 2961 corde
1520 2921 1626 2959 non
1672 2904 1905 2972 attingit.
1942 2903 2010 2957 Et
2041 2919 2107 2958 ne

508 2999 860 3071 periclitetur
880 2999 1141 3053 meritum
1169 2999 1374 3063 cordis,
1401 2999 1624 3053 verbum
1655 2996 2024 3067 quocontingi
2053 3008 2106 3051 et

513 3094 763 3149 mundari
800 3108 897 3147 cor
932 3092 1125 3160 possit,
1172 3091 1402 3161 accipiat
1441 3101 1674 3160 oportet.
1716 3089 1851 3158 Quia
1893 3091 1936 3143 si
1968 3104 2105 3159 aqua

2212 1884 2386 1940 Simul
2408 1886 2652 1956 insipiens
2680 1894 2727 1939 et
2754 1888 2944 1942 stultus
2960 1886 3385 1960 peribunt(Psal.
3414 1905 3559 1953 sua,
3580 1888 3679 1959 ll).
3698 1889 3769 1947 in-

2211 1976 2414 2044 sipiens
2439 1977 2528 2046 qui
2558 1978 2700 2031 dixit
2726 1978 2776 2031 in
2800 1980 2965 2034 corde
2988 1994 3122 2034 suo:
3151 1980 3269 2035 Non
3289 1990 3373 2035 est
3392 1980 3562 2047 Deus;
3594 1992 3644 2037 et
3662 1983 3775 2036 stul-

2216 2078 2300 2123 tus
2332 2074 2577 2139 quamvis
2618 2070 2783 2126 Deum
2813 2088 2910 2128 ore
2940 2075 3165 2128 fateatur
3195 2074 3248 2128 in
3276 2075 3501 2129 actione
3528 2078 3776 2145 praesentis

2202 2164 2357 2229 vitae,
2404 2162 2456 2217 in
2486 2173 2816 2234 perpetuum
2860 2183 2967 2222 non
3006 2168 3318 2238 prospexit,
3362 2168 3505 2224 sicut
3538 2170 3776 2239 scriptum

2206 2266 2291 2310 est
2316 2272 2331 2309 :
2360 2253 2549 2309 Melior
2577 2265 2653 2310 est
2683 2274 2809 2327 puer
2840 2275 3039 2328 pauper
3060 2270 3107 2313 et
3133 2262 3364 2332 sapiens,
3389 2279 3544 2331 quam
3564 2279 3649 2317 rea:
3669 2263 3777 2316 stato

2208 2354 2291 2400 tus
2331 2358 2377 2400 et
2407 2363 2586 2414 senex,
2626 2350 2715 2419 qui
2754 2351 2914 2404 nescit
2955 2351 3007 2405 in
3048 2362 3311 2422 posterum
3332 2354 3612 2431 prouidere
3638 2352 3780 2425 (Eccl.

2206 2454 2285 2503 tv,
2326 2438 2436 2510 15).
2485 2440 2692 2496 Bonum
2722 2454 2805 2496 eSt
2843 2444 3060 2513 quidem
3095 2445 3301 2503 homini
3332 2462 3553 2516 sapere,
3585 2448 3628 2502 si
3652 2447 3779 2516 juxta

2209 2533 2517 2602 Scripturas
2546 2535 2615 2590 ad
2646 2536 2745 2590 hoc
2770 2538 2966 2607 sapiat,
2995 2548 3052 2592 ut
3081 2540 3487 2610 providentiam
3515 2543 3701 2597 haheat
3722 2544 3785 2597 tu-

2207 2633 2449 2680 turorum
2486 2644 2497 2679 :
2530 2628 2878 2684 mortalitatis
2919 2640 3141 2700 statum,
3173 2647 3272 2703 per
3302 2633 3552 2705 quotidie
3582 2637 3788 2689 morien-

2208 2718 2341 2773 tium
2370 2718 2651 2775 hominum
2688 2722 2889 2789 exitus,
2920 2732 2977 2779 et
3007 2728 3169 2783 totius
3198 2728 3389 2785 saeculi
3436 2728 3687 2799 paulatim
3714 2742 3789 2798 per

2206 2809 2537 2873 detrimenta
2583 2812 2814 2871 labentis
2856 2817 3065 2871 ruinam
3111 2818 3505 2874 considerans.
3536 2820 3785 2875 «(Steterunt

2194 2903 2253 2957 si
2279 2902 2402 2972 quis
2432 2915 2701 2975 usurpatae
2729 2906 2899 2962 semel
2944 2909 3259 2964 intentionis
3300 2910 3539 2966 ducatur
3580 2911 3788 2965 intuitu:

2209 3006 2264 3051 et
2294 3013 2387 3051 sua
2417 3013 2476 3053 se
2507 3000 2698 3069 magis,
2729 3016 2886 3071 quam
2918 3001 3014 3056 Dei
3041 3003 3167 3057 velit
3186 3003 3491 3074 gubernari
3535 3004 3790 3065 sententia,

2209 3091 2496 3162 divinaque
2526 3093 2648 3163 lege
2677 3097 2975 3164 postposita
2998 3142 3012 3163 ,
3042 3101 3264 3168 propria
3303 3099 3539 3156 consilia
3574 3099 3663 3155 Dei
3690 3114 3794 3155 cou-

510 3194 804 3242 eontentus
833 3186 907 3239 sit
932 3184 1047 3249 ille,
1081 3185 1173 3252 qui
1202 3181 1505 3238 credidisse
1532 3197 1592 3238 se
1617 3180 1771 3245 dicit,
1805 3196 1909 3250 qua
1941 3196 2112 3235 nten.-
2137 3190 2179 3249 (ζ
2216 3185 2350 3239 siliis
2381 3195 2699 3256 anteponat,
2728 3188 2864 3242 hanc
2896 3190 3174 3259 propheta:
3202 3192 3505 3251 clamantis
3530 3194 3701 3246 timeat
3723 3205 3796 3243 ro-

520 3280 615 3333 hra
644 3279 990 3333 extrinsecus
1016 3278 1317 3339 diluuntur,
1351 3286 1407 3331 et
1434 3275 1681 3342 verbum,
1711 3289 1818 3344 quo
1847 3274 2109 3344 gloriatur

512 3376 713 3436 anima,
757 3384 864 3424 non
913 3369 1143 3439 requirit
1187 3386 1199 3419 :
1240 3368 1353 3438 jam
1384 3383 1493 3422 nun
1522 3365 1796 3420 videbitur
1824 3380 1892 3420 ex
1921 3364 2104 3430 corde,

515 3473 575 3518 ut
612 3463 822 3530 debuit,
865 3461 959 3517 sed
1000 3477 1067 3515 ex
1109 3475 1343 3529 corpore
1370 3458 1693 3523 credidisse,
1724 3455 1867 3527 quod
1905 3471 2107 3526 nequa-

506 3572 673 3627 quam
705 3556 823 3611 ﬁeri
854 3569 1013 3625 posse
1033 3556 1247 3609 ratione
1276 3553 1383 3609 ulla
1405 3552 1746 3619 conceditur,
1777 3552 1969 3608 utsine
1989 3566 2113 3605 sen-

516 3656 683 3709 tentia
724 3652 922 3704 mentis
957 3649 1161 3713 solum,
1197 3663 1398 3719 corpus
1430 3647 1761 3717 peculiarem
1806 3647 2115 3717 intelligen—

508 3744 645 3799 ‘tiam
680 3744 877 3797 habere
899 3741 1198 3813 juditetur.

579 3834 675 3893 ill.
710 3836 861 3889 Unde
890 3833 1171 3889 conﬁdens
1198 3833 1264 3887 de
1292 3830 1577 3902 prudentia
1606 3842 1718 3900 tua,
1747 3846 1867 3900 quae
1898 3846 1994 3901 pro
2020 3829 2115 3885 be-

508 3928 779 3999 nignitate
791 3925 891 3981 sibi
912 3926 1094 3992 insita,
1124 3933 1513 3995 prsepnsterum
1536 3922 1825 3995 quidquam
1852 3924 1991 3989 ﬁeri,
2016 3941 2117 3979 nec

518 4022 613 4076 alii
646 4020 850 4075 homini
886 4017 1211 4090 pateretur":
1246 4033 1377 4089 rogo
1407 4031 1465 4072 ut
1499 4020 1564 4073 ad
1606 4018 1960 4074 institutionis
1998 4018 2115 4088 ple-

520 4114 845 4177 nitudinem,
877 4112 1103 4167 verbum
1134 4110 1374 4176 Domini,
1404 4113 1507 4167 hoc
1532 4120 1636 4179 est,
1669 4112 2017 4183 Evangeliutn
2038 4112 2118 4166 di-

512 4205 775 4277 ligentius
825 4204 969 4274 legas
1015 4221 1028 4256 :
1073 4219 1135 4257 ex
1176 4218 1283 4272 quo
1323 4203 1605 4259 scientiam
1645 4207 1960 4275 ampliorem
1997 4204 2117 4274 ejus

523 4314 685 4370 quam
718 4296 997 4353 credidisti
1032 4296 1167 4350 lucis
1195 4296 1459 4365 excipias,
1494 4306 1550 4350 ut
1580 4297 1755 4365 possis
1783 4298 1837 4350 in
1866 4298 2116 4352 omnibus

526 4407 693 4447 nosse
709 4390 837 4461 quid
865 4390 1105 4444 facturus
1129 4389 1225 4444 sis.
1246 4387 1384 4443 Nam
1412 4389 1749 4453 siuedivina:
1771 4389 1903 4459 legis
1930 4400 1983 4445 et
2007 4392 2118 4445 dis-

523 4484 737 4553 clplinze
773 4482 1011 4538 cmlestis
1055 4481 1283 4537 scientia
1307 4522 1321 4546 ,
1358 4479 1583 4536 diflicile
1621 4496 1744 4537 esse
1792 4498 2113 4553 quemquam

2210 3291 2327 3331 cem
2362 3294 2374 3331 :
2410 3276 2503 3332 Va:
2526 3278 2922 3351 despicientibus
2944 3283 3102 3352 legem
3125 3281 3345 3337 Domini
3361 3284 3503 3357 (Jcr.
3530 3299 3706 3346 XXVI",
3727 3282 3794 3349 6);

2216 3370 2395 3439 timor,
2430 3372 2605 3437 fovea,
2637 3385 2689 3428 et
2720 3374 2944 3445 laqueus
2971 3392 3134 3445 super
3162 3392 3313 3431 eum.
3347 3379 3511 3433 Sicut
3536 3376 3707 3448 pluvia
3728 3391 3800 3426 va-

2216 3465 2321 3520 lida
2367 3467 2571 3520 inutilis
2611 3477 2695 3522 est
2723 3485 2737 3521 :
2769 3467 2841 3522 ita
2870 3472 2959 3539 qtti
3006 3470 3323 3540 relinquunt
3354 3474 3578 3542 glegem,
3608 3472 3801 3526 laudant

2216 3560 2525 3629 impietates
2569 3575 2584 3613 :
2623 3561 2718 3631 qui
2756 3574 2935 3617 autem
2975 3562 3204 3634 diligunt
3242 3568 3459 3635 legem,
3492 3564 3802 3621 circumdant

2215 3652 2322 3705 sibi
2351 3668 2588 3707 murum.
2612 3652 2808 3709 Beatus
2836 3657 2912 3709 vir
2941 3658 3028 3728 qui
3046 3658 3112 3715 τίη
3143 3656 3253 3731 lege
3280 3657 3513 3713 Domini
3546 3660 3627 3713 die
3652 3668 3801 3711 noctu-

2214 3760 2314 3814 que
2344 3744 2621 3800 meditatur
2641 3744 2815 3814 (Psal.
2850 3763 2885 3813 t,
2904 3748 2966 3819 ἓ)
2994 3748 3195 3817 εσειιῇιιε
3214 3750 3447 3807 animus
3468 3750 3615 3805 aliud
3638 3747 3799 3809 nescit.

2214 3852 2375 3907 quam
2406 3837 2675 3891 sermonis
2704 3839 2794 3893 Dei
2818 3841 3030 3908 eloquia
3056 3851 3389 3898 retractare.
3417 3844 3691 3913 Quantos
3712 3851 3805 3897 lcr-

2216 3946 2345 3985 rena
2389 3931 2716 4002 cogitatione
2762 3935 3340 4000 remotior.est,.tanto
3364 3937 3496 3994 iDeo
3527 3938 3743 3995 vicinior
3766 3941 3811 3985 et

2217 4026 2357 4080 uelo
2388 4036 2489 4080 est.
2524 4027 2693 4091 Quem
2725 4043 2830 4081 non
2865 4028 3138 4084 immerito
3165 4028 3399 4091 divinus
3429 4046 3620 4087 sermo
3642 4040 3696 4085 et
3716 4028 3802 4082 col-

2218 4117 2421 4182 laudat,
2461 4129 2515 4172 et
2552 4133 2680 4174 vere
2711 4119 2962 4175 ditiorem
2994 4121 3259 4178 divitibus
3306 4125 3571 4195 praefert,
3601 4125 3798 4180 dicens:

2216 4207 2411 4263 Beatus
2445 4212 2595 4264 homo
2626 4213 2713 4282 qui
2742 4212 2935 4267 invenit
2968 4214 3308 4281 sapientiam.
3359 4216 3567 4273 Melius
3595 4225 3668 4272 est
3696 4213 3805 4268 enim

2218 4322 2330 4357 eam
2362 4307 2602 4369 mercari,
2634 4323 2790 4376 quant
2819 4309 2937 4361 auri
2964 4317 3011 4360 at
3039 4310 3242 4379 argenti
3282 4311 3578 4367 thesauros
3609 4327 3627 4365 :
3654 4308 3813 4379 pretio-

2216 4398 2324 4449 sior
2356 4406 2428 4449 est
2450 4397 2708 4465 lapidibus
2729 4398 2989 4468 pretiosis.
3014 4398 3145 4456 item
3171 4418 3187 4455 :
3212 4400 3392 4457 Omne
3412 4420 3607 4459 aurum
3626 4404 3677 4457 in
3691 4416 3810 4459 cost-

2222 4491 2498 4562 paratione
2531 4490 2675 4545 illius
2714 4508 2873 4547 arena
2908 4504 2981 4548 est
3020 4495 3237 4565 exigua,
3284 4508 3337 4551 et
3366 4507 3641 4570 tamquam
3677 4499 3816 4552 lutum

512 4591 685 4646 posse
710 4574 931 4642 salvari,
965 4589 1071 4628 non
1111 4589 1282 4640 meus,
1316 4573 1416 4629 sed
1458 4574 1672 4629 divinus
1701 4590 1883 4631 sermo
1914 4578 2109 4645 proba-
2145 4586 2195 4644 Β
2218 4584 2602 4638 existimabitur
2636 4596 2908 4657 argentum
2945 4590 3008 4642 ab
3049 4587 3143 4642 illa
3175 4588 3379 4659 (Prov,
3418 4609 3517 4656 ,ιη’
3562 4593 3630 4647 15
3648 4588 3813 4660 seqq.)

528 4671 626 4724 bit.
650 4670 750 4724 Ait
781 4670 943 4724 Isaias
981 4669 1242 4738 propheta
1280 4686 1294 4723 :
1330 4668 1430 4735 Qui
1460 4686 1563 4722 non
1594 4669 1833 4724 didicerit
1854 4672 2116 4742 justitiam

531 4763 650 4829 Dei,
690 4763 948 4816 ueritatem
987 4776 1090 4814 non
1119 4760 1272 4831 faciet
1299 4758 1434 4832 (Isa.
1470 4776 1614 4829 xxvr,
1646 4762 1725 4833 9).
1752 4760 1889 4818 (Item
1921 4764 1989 4819 de
2017 4764 2119 4820 hoc

530 4858 651 4925 ipso
685 4857 737 4909 in
782 4854 921 4909 libro
958 4853 1258 4922 Sapientia:
1303 4871 1314 4906 :
1358 4852 1424 4907 Et
1465 4855 1577 4925 quis
1614 4857 1706 4909 erit
1738 4871 2120 4912 consummatus

518 4954 664 5003 linter
691 4948 826 5018 ﬁlios
853 4949 1154 5002 hominum?
1183 4946 1479 5015 siabfuerit
1503 4948 1687 5002 abillo
1716 4952 1968 5023 sapientia
1998 4950 2119 5020 Dei,

530 5045 583 5097 in
608 5044 826 5097 uitulum
848 5040 1248 5112 computabitur.
1280 5038 1419 5094 ‘Vani
1447 5051 1560 5096 sunt
1580 5043 1723 5097 enim
1753 5060 1926 5099 omnes
1953 5045 2120 5103 Itami—

529 5152 640 5199 nes,
678 5138 865 5206 quibus
901 5152 1006 5189 non
1046 5145 1117 5190 est
1146 5127 1375 5188 scientia.
1399 5135 1522 5202 legis
1553 5134 1650 5189 Dei
1681 5136 1838 5206 (Sap.
1874 5153 1971 5203 vtt,
2003 5137 2113 5208 19).

538 5227 689 5284 Unde
716 5228 991 5283 Dominus
1021 5228 1077 5282 in
1117 5226 1410 5296 Evangelia
1436 5227 1502 5282 ad
1530 5241 1627 5283 eos
1650 5228 1744 5297 qui
1773 5229 1932 5285 aliter
1956 5245 2114 5301 quam

531 5337 593 5378 se
624 5323 825 5376 veritas
852 5320 1434 5391 liabeat,suspicantes
1462 5329 1636 5385 erant,
1662 5322 1943 5392 respondit
1969 5343 1980 5376 :
2017 5324 2119 5379 Er-

528 5416 659 5469 ratis
685 5415 959 5469 nescientes
985 5412 1483 5485 Scripturas(1llatt.
1512 5429 1641 5483 χχιι,
1667 5415 1763 5483 29)
1794 5434 1805 5467 :
1830 5418 2121 5473 OSlClldellS

530 5510 584 5564 in
614 5524 821 5565 summa
852 5522 1032 5564 rerum
1070 5508 1386 5564 salutarium
1416 5507 1611 5565 nebula
1642 5519 1695 5563 et
1727 5510 1963 5565 tenebris
1991 5527 2122 5566 con-

525 5605 748 5659 stitutos
777 5618 890 5671 eos,
917 5604 1009 5675 qui
1035 5602 1370 5674 spiritualem
1399 5602 1699 5670 lucernam,
1724 5603 1777 5657 id
1801 5615 1904 5671 est,
1927 5606 2120 5660 divinae

528 5698 663 5768 legis
689 5700 970 5754 scientiam
1006 5697 1206 5753 habere
1233 5698 1441 5753 nollent
1471 5711 1777 5754 accensam.
1804 5698 1973 5766 Quam
2004 5703 2123 5769 qni-

525 5788 648 5848 dam
673 5794 1022 5867 repellentes,
1049 5806 1145 5866 per
1177 5790 1502 5864 PrOphetam
1532 5808 1562 5850 a
1592 5792 1825 5851 Domino
1855 5794 2126 5865 repellun-

2292 4676 2380 4731 lV.
2408 4675 2517 4731 Sed
2549 4677 2673 4731 dum
2707 4678 2759 4734 in
2788 4679 3493 4751 exhovtationesapientise
3516 4684 3817 4741 diutius‘nn-

2214 4785 2498 4825 moramur
2529 4789 2540 4823 :
2576 4788 2642 4826 ne
2673 4774 2759 4839 qui
2793 4774 2930 4827 forte
2953 4774 3228 4830 existimet
3254 4792 3371 4834 nos
3392 4784 3819 4847 contraAposm-

2223 4861 2354 4928 lum,
2383 4862 2662 4919 doctorem
2692 4865 2824 4935 legis
2855 4867 3367 4936 prail'erre-factoci.
3402 4889 3513 4930 suo
3532 4872 3724 4931 ordine
3751 4884 3823 4923 re-

2224 4953 2634 5022 spondebimus,
2671 4966 2925 5025 oportere
2956 4958 3105 5028 prius
3128 4975 3310 5018 inesse
3342 4967 3486 5035 quid
3514 4967 3715 5034 iussum
3738 4962 3820 5025 sit,

2223 5048 2417 5116 quidve
2462 5049 2805 5118 prohibitum,
2841 5060 2896 5104 ut
2922 5052 3159 5108 scientes
3187 5065 3509 5129 utrumque
3538 5069 3819 5115 servemus.

2224 5142 2473 5212 Alioquin
2496 5154 2620 5199 ante
2640 5145 3181 5206 scientiammandati
3203 5150 3824 5222 inijwssibileestnossc

2224 5234 2351 5304 quid
2383 5236 2491 5290 ﬁat.
2529 5236 2897 5295 'l‘emerarium
2924 5241 3059 5296 satis
3085 5252 3189 5307 est,
3216 5246 3271 5298 si
3294 5259 3531 5305 nostra
3550 5246 3827 5305 «voluntatis

2226 5327 2399 5397 legem
2422 5329 2579 5387 nobis
2594 5341 2845 5401 putemus
2868 5349 3024 5404 posse
3045 5334 3339 5400 sufﬁcere.
3358 5343 3678 5399 cumctiam
3699 5340 3828 5408 Apo-

2226 5423 2422 5477 stolum
2448 5424 2689 5494 legamus
2712 5426 2877 5483 fuisse
2902 5432 3002 5485 sub
3025 5432 3162 5502 lege,
3182 5433 3576 5502 ipsoidicente
3596 5438 3733 5494 :His
3751 5436 3828 5506 qui

2226 5517 2335 5572 sine
2377 5518 2486 5589 lege
2518 5531 2687 5587 erant,
2727 5526 2872 5592 quasi
2903 5525 3014 5579 sine
3048 5524 3158 5596 lege
3196 5544 3401 5599 essem,
3439 5552 3561 5589 cum
3596 5531 3829 5599 sinerlc'tb'

2226 5608 2324 5663 Dei
2345 5628 2444 5665 non
2489 5629 2673 5679 essent,
2712 5616 2801 5669 sed
2825 5618 2873 5671 in
2903 5615 3013 5690 lege
3032 5617 3221 5674 Citriin
3244 5639 3427 5680 essem
3448 5628 3492 5698 (1
3514 5630 3633 5684 Cor.
3666 5625 3826 5689 [1.3)-

2228 5701 2295 5756 Ει
2328 5703 2454 5759 alibi
2486 5722 2499 5759 :
2530 5704 2754 5762 Invicem
2785 5726 2942 5765 onera
2971 5723 3135 5767 vestra
3174 5725 3401 5782 portate
3428 5760 3445 5787 ,
3476 5732 3526 5775 et
3555 5724 3630 5775 sic
3656 5721 3828 5789 imple-

2226 5796 2342 5854 bitis
2382 5800 2545 5872 tegent
2580 5799 2770 5858 Christi
2800 5800 2942 5877 (Gal.
2981 5822 3054 5875 vr,
3094 5806 3171 5882 2).
3200 5808 3317 5878 Qui
3370 5822 3608 5885 paterna
3644 5814 3830 5887 pictae
