3916 6288
221 323 280 383 W9
951 309 1287 371 EPISTOLA
1324 307 1438 367 VH.
1479 305 1570 364 AD
1607 300 1871 362 AMICUM
1894 344 1909 371 ,
1948 301 2036 359 DE
2076 298 2310 359 DIVINA
2344 300 2550 359 LEGE.

3262 297 3371 356 ΗΟ

213 439 343 500 Christi
370 436 583 511 passione
616 431 883 504 redempti
930 442 1078 497 sunt,
1124 439 1178 485 et
1217 428 1308 500 qui
1350 426 1415 481 ad
1462 424 1563 479 hoc
1590 438 1678 478 re-
1703 422 1752 485 Α
1780 419 1889 475 lum
1922 419 2206 475 imminere
2253 427 2523 489 putemus,
2567 415 2980 475 reminiscamur
3021 416 3280 474 Ananiam
3322 428 3379 473 et

214 534 341 605 dempti
364 540 480 595 sunt,
505 540 558 585 ut
582 527 943 600 redemptoris
968 526 1088 598 jura
1116 532 1395 579 servantes
1421 519 1486 573 ad
1516 518 1680 571 vitam

215 632 301 686 scin
321 627 427 683 coelo
450 624 727 695 repositam
758 630 1068 694 praeparent
1094 637 1108 674 :
1133 618 1201 674 ad
1233 632 1390 689 quam
1418 610 1684 681 redempti

218 724 290 778 licet
306 718 414 774 nullo
438 716 583 772 modo
614 716 896 789 pervenire
928 714 1202 773 dicantur,
1228 710 1334 765 nisi
1359 724 1423 764 ea
1454 721 1573 780 quae
1597 704 1686 774 ju-

219 815 333 868 bentur
364 809 579 880 obsequii
625 807 1061 878 competentibus
1104 810 1501 874 exsequantur,
1545 798 1688 853 sicut

216 907 381 973 scriptum
412 912 483 956 est
509 917 522 954 :
548 899 610 955 Si
646 900 722 953 vis
745 900 812 953 ad
834 900 989 953 vitam
1014 896 1233 968 ingredi,
1267 909 1411 949 serva
1436 896 1688 965 prazcepta

212 993 347 1065 (Iattlt.
381 1008 473 1055 xix,
505 990 613 1062 i9),
642 991 748 1046 hoc
782 1000 886 1056 est,
918 990 987 1044 ab
1017 988 1165 1043 omni
1203 985 1391 1041 illicito
1420 998 1529 1055 quo
1559 996 1687 1052 pro-

209 1088 349 1151 hiberis,
382 1083 602 1151 recedas,
642 1091 699 1139 et
736 1083 803 1137 ad
831 1097 995 1137 omne
1035 1081 1234 1136 bonum
1280 1076 1424 1149 quod
1459 1075 1687 1147 iuberis,

205 1190 393 1251 promptus
424 1178 642 1234 accedas
681 1194 696 1234 :
746 1193 814 1233 ne
857 1177 910 1232 in
953 1175 1197 1247 pristinis
1229 1171 1537 1228 vitiositatis
1560 1186 1691 1226 con-

207 1269 457 1343 cupiscentiis
482 1284 855 1340 perseverans,
890 1266 1051 1323 fidem
1082 1283 1187 1338 qua
1213 1264 1511 1329 credidisti,
1540 1270 1687 1317 vete-

204 1370 248 1420 ris
268 1364 419 1435 peccati
443 1361 663 1432 alicujus
687 1361 865 1416 adhuc
884 1375 1071 1416 amore
1093 1372 1436 1431 corrumpas,
1462 1365 1516 1412 et
1543 1354 1692 1426 agni-

208 1456 353 1519 tioDei,
384 1471 489 1527 qua:
531 1470 632 1527 per
670 1470 863 1510 novatn
906 1454 1141 1525 gratiam
1182 1450 1421 1507 revelata
1464 1458 1567 1515 est,
1596 1463 1693 1517 per

208 1554 328 1607 delicta
365 1552 599 1616 violetur,
647 1551 865 1608 dicente
913 1552 1181 1620 Pmpheta
1215 1564 1231 1607 :
1278 1547 1608 1602 Mendacium
1646 1557 1693 1601 et

203 1664 261 1700 an
279 1648 372 1714 ﬁdes
388 1646 644 1718 praevaluit
668 1662 824 1716 super
848 1655 1039 1701 terram
1061 1661 1078 1698 :
1099 1647 1225 1716 quia
1246 1660 1277 1697 a
1299 1643 1446 1698 malis
1467 1644 1534 1695 ad
1557 1640 1694 1695 mala

200 1744 437 1806 transierunt,
470 1750 516 1796 et
560 1758 644 1796 nte
682 1758 788 1796 non
827 1748 1195 1813 cognoverunt,
1240 1738 1364 1791 dicit
1409 1734 1688 1790 Dominus.

1785 512 2106 582 Saphiram,
2138 528 2242 566 non
2275 512 2341 567 de
2381 512 2553 566 aliena
2594 511 2833 582 appetita
2870 511 3132 583 pecunia,
3171 510 3265 566 sed
3305 512 3374 567 de

1786 620 1882 660 sua
1925 604 2108 659 timide
2145 612 2364 675 erogata
2398 604 2680 659 damnatos
2708 604 2843 677 (Act.
2878 620 2930 670 v,
2965 603 3042 677 5).
3080 605 3229 685 Rogo
3258 612 3380 672 post

1788 706 1868 752 tot
1896 697 2245 764 documenta,
2279 706 2333 752 et
2372 705 2453 751 tot
2474 708 2697 760 mortes,
2731 696 2874 752 unde
2903 697 2956 752 in
2999 696 3153 752 nobis
3180 696 3378 752 crescit

1789 790 2080 860 impunitas
2107 790 2491 859 delinquendi?
2520 790 2650 857 Quis
2681 790 2771 846 hic
2796 790 3240 861 praesumptionis
3270 791 3380 860 Spi-

1789 885 1947 951 ritus,
1970 886 2059 954 qui
2084 892 2285 939 tantam
2309 886 2361 939 in
2384 883 2562 939 animo
2590 892 2776 939 nostro
2798 892 3053 952 operatur
3074 882 3377 949 audaciam,

1790 986 1849 1032 ut
1881 993 2001 1032 cum
2033 986 2248 1033 sanctos
2279 979 2527 1034 homines
2565 976 2633 1032 de
2672 976 2878 1032 levibus
2901 977 3067 1033 etiam
3095 976 3267 1051 culpis
3300 978 3381 1031 vi-

1790 1070 2017 1126 deamus
2046 1087 2165 1127 esse
2192 1071 2429 1141 punitos,
2458 1079 2513 1125 ct
2544 1084 2645 1125 nos
2671 1068 2915 1141 quotidie
2937 1069 2989 1124 in
3014 1068 3307 1139 majoribus
3328 1078 3383 1145 et

1790 1163 2031 1234 pluribus
2057 1163 2458 1234 delinquentes,
2486 1170 2725 1218 aeternos
2750 1163 2803 1217 in
2833 1160 3007 1218 media
3031 1162 3383 1218 damnatione

1791 1255 1907 1311 fore
1932 1255 2237 1312 credamus.

1866 1348 1933 1404 V.
1972 1349 2305 1420 Quamquam
2356 1349 2478 1406 leve
2530 1364 2823 1421 numquam
2866 1348 2954 1417 sit,
3004 1344 3172 1403 Deum
3220 1349 3385 1421 etiam

1795 1441 1847 1497 in
1889 1443 2080 1513 exigua
2115 1453 2488 1508 contemnere,
2538 1441 2627 1513 qui
2675 1458 2779 1497 non
2812 1450 3019 1496 tantum
3060 1441 3125 1495 ad
3157 1441 3387 1510 qualita-

1796 1545 1903 1591 tem
1931 1535 2142 1606 peccati
2163 1524 2407 1604 respicit,
2456 1537 2553 1590 sed
2594 1535 2660 1590 ad
2711 1549 2952 1606 personae
2993 1543 3383 1603 contemptum.

1795 1628 2023 1699 Propter
2062 1629 2204 1701 quod
2251 1629 2454 1684 homini
2494 1645 2599 1683 non
2644 1629 2819 1684 solum
2866 1627 3253 1683 intendendum
3280 1636 3387 1693 est,

1796 1724 1954 1794 quale
1998 1726 2067 1779 sit
2112 1723 2253 1793 quod
2299 1724 2557 1793 jubetur,
2618 1724 2711 1779 sed
2763 1734 2997 1794 quantus
3044 1723 3118 1778 sit
3164 1724 3253 1778 ille
3299 1724 3391 1794 qui

199 1833 347 1889 lindeet
364 1837 535 1890 beatus
576 1834 855 1905 apostolus
883 1832 1122 1888 Joannes
1154 1832 1301 1902 paria
1331 1839 1587 1895 testatur,
1617 1827 1699 1883 di-
1726 1817 1776 1878 Β
1798 1817 1969 1889 jubet.
2014 1819 2331 1874 Excluditur
2373 1819 2476 1874 hoc
2518 1819 2637 1873 loco
2679 1817 2919 1889 vulgaris
2964 1818 3053 1873 illa
3101 1820 3393 1884 sententia,

200 1941 280 1979 cens
304 1942 314 1978 :
339 1925 423 1990 Qui
456 1928 576 1981 dicit
611 1944 663 1982 se
696 1942 842 1981 nosse
882 1924 1072 1989 Deum,
1105 1933 1152 1977 et
1192 1924 1437 1977 mandata
1461 1924 1571 1993 ejus
1595 1937 1695 1974 non

198 2025 353 2089 (avortit,
372 2024 586 2079 mendax
609 2032 702 2091 est,
718 2032 765 2078 et
787 2024 839 2076 in
862 2021 959 2076 hoc
973 2023 1157 2076 veritas
1179 2037 1279 2075 non
1301 2029 1373 2074 est
1397 2018 1609 2090 (lJoan.
1636 2033 1695 2085 ιι,

206 2114 485 2183 l).Etiterum
512 2136 524 2171 :
547 2115 732 2171 Omnis
748 2116 836 2187 qui
861 2122 1060 2187 peccat,
1089 2130 1189 2168 non
1216 2111 1349 2165 videt
1376 2109 1573 2176 Deum,
1606 2126 1701 2164 nec

208 2210 349 2279 rogauit
382 2226 488 2264 eum
512 2207 710 2283 (Ibid.,
752 2223 833 2273 ut,
855 2206 932 2278 6).
964 2205 1032 2260 Et
1063 2213 1338 2277 peccatum
1370 2218 1476 2258 non
1504 2202 1558 2256 in
1590 2216 1700 2257 uno

203 2308 327 2352 tantum
345 2299 708 2355 mandatorum
732 2312 952 2369 genere,
980 2294 1077 2352 sed
1100 2295 1154 2350 in
1174 2305 1409 2364 utroque
1430 2292 1696 2348 consistit.

195 2389 316 2445 Plant
334 2392 534 2464 quidem
568 2392 667 2448 ille
694 2392 784 2461 qui
816 2391 1080 2460 imperata
1111 2387 1436 2459 neglexerit,
1465 2385 1559 2441 sed
1582 2384 1704 2456 plus

190 2494 313 2550 peccat
342 2485 416 2555 qui
455 2484 749 2540 interdicta
794 2498 901 2539 non
946 2492 1148 2537 servat.
1187 2478 1467 2536 Sacrificia
1497 2494 1551 2534 et
1580 2488 1703 2532 vota

189 2578 539 2648 rrprobabuntur
562 2578 928 2645 oblationum,
952 2578 1055 2632 nisi
1078 2591 1244 2649 purus
1265 2587 1320 2630 et
1345 2583 1564 2630 sanctus
1585 2571 1703 2628 fue-

184 2668 229 2723 rit
245 2672 413 2728 animus
454 2673 737 2730 offerentis
770 2690 783 2726 :
817 2681 873 2728 et
913 2670 1311 2727 immaculatam
1367 2667 1597 2724 hostiam
1629 2666 1709 2721 fa-

180 2764 285 2817 riunt
302 2765 545 2836 indignam
571 2763 879 2835 praecordia
900 2761 1187 2825 maculata,
1206 2761 1419 2816 dicente
1439 2758 1705 2813 Domino:

181 2854 221 2907 εἰ
242 2856 363 2923 offers
380 2876 562 2916 munus
589 2870 738 2914 tuum
757 2856 828 2910 ad
854 2858 1044 2922 altare,
1067 2864 1114 2910 et
1138 2854 1252 2908 illic
1272 2850 1571 2906 recordatus
1597 2849 1710 2920 fue-

177 2948 225 3001 ris
244 2951 339 3019 quia
362 2953 514 3021 frater
542 2962 668 3006 tuus
696 2950 847 3004 habet
875 2946 1075 3019 aliquid
1106 2945 1355 3000 adversus
1383 2952 1451 3011 te,
1480 2942 1711 3011 relinque

178 3041 252 3095 illic
270 3060 427 3100 munus
448 3058 618 3109 tuum,
644 3052 751 3100 etc.
783 3039 998 3111 (Matth.
1025 3054 1076 3105 v,
1104 3037 1222 3109 24).
1251 3034 1411 3092 Omni
1439 3033 1711 3091 oblatione

175 3143 209 3186 et
230 3134 370 3191 hostia
409 3135 702 3208 pretiosior
730 3130 1161 3202 obtemperantia
1192 3128 1590 3207 mandatorum,
1626 3125 1711 3181 di-

1805 1928 1908 1981 qna
1943 1912 2099 1977 mihi,
2133 1928 2230 1966 suo
2255 1912 2459 1982 judicio
2511 1911 2771 1982 religiosi,
2801 1921 2856 1966 et
2885 1911 2974 1981 qui
3020 1911 3293 1982 sapientes
3322 1912 3397 1968 si-

1806 2003 1973 2059 bimet
1993 2003 2266 2069 videntur,
2298 2005 2477 2059 dicere
2503 2004 2683 2059 solent
2717 2002 2966 2060 :Sulftcit
2998 2004 3172 2070 nobis,
3211 2016 3396 2061 utnon

1802 2093 2107 2149 criminalia
2148 2105 2365 2165 peccata
2408 2105 2462 2148 et
2508 2095 2713 2164 majora
2765 2095 3043 2160 faciamus,
3094 2094 3264 2150 facilis
3315 2106 3399 2152 est

1804 2188 1946 2244 enim
1968 2187 2191 2242 omissio
2214 2186 2479 2242 minorum
2509 2186 2858 2243 delictorum.
2887 2188 2986 2254 Qui
3020 2188 3146 2243 dum
3176 2188 3397 2245 animali

1805 2281 2067 2353 sapientia
2087 2290 2356 2350 occupant
2376 2280 2607 2347 animos,
2630 2280 2964 2350 spiritualem
2987 2281 3397 2352 intelligentiam

1807 2386 1862 2431 et
1900 2375 2347 2430 consuetudinem
2391 2373 2590 2428 divina:
2626 2373 2760 2443 legis
2789 2373 3039 2444 ignorant
3068 2391 3078 2425 :
3107 2390 3227 2443 qua:
3254 2390 3399 2444 saepe

1808 2478 2087 2539 peccatum
2144 2465 2401 2533 ostendit,
2447 2464 2591 2536 quod
2645 2465 2806 2520 nobis
2855 2481 2962 2519 non
3016 2465 3230 2521 videtur
3278 2479 3403 2521 esse

1809 2568 2088 2632 peccatum
2125 2578 2136 2614 :
2169 2568 2366 2630 etqute
2395 2556 2504 2613 illic
2536 2557 2789 2627 pietatem
2817 2556 2965 2621 facit,
3013 2556 3103 2611 ubi
3136 2572 3234 2612 nos
3264 2572 3400 2625 opus

1810 2653 2102 2725 impietatis
2130 2650 2489 2707 ostendimus.
2521 2649 2651 2704 Saul
2677 2659 2731 2705 et
2759 2648 3021 2718 Josaphat
3074 2663 3231 2719 reges
3282 2650 3400 2703 fue-

1810 2754 1936 2800 runt
1962 2742 2149 2815 papuli
2172 2743 2357 2809 Israel,
2389 2751 2443 2797 et
2488 2740 2616 2795 dum
2660 2739 3090 2795 misericordiam
3136 2738 3218 2796 his
3266 2755 3402 2811 quos

1814 2836 1959 2892 Dens
1984 2834 2194 2900 oderat,
2245 2834 2633 2904 praestiterunt,
2680 2832 2774 2888 Dei
2824 2830 3085 2888 oﬂ‘ensam
3129 2833 3181 2888 in
3234 2848 3403 2904 opere

1812 2931 2028 3001 pietatis
2055 2930 2359 2984 incurrunt.
2386 2926 2427 2982 Ε
2448 2926 2727 2982 contrario
2748 2924 3006 2995 Phinees,
3034 2926 3233 2996 filiique
3250 2926 3404 2993 Levi,
3460 2966 3461 2969 η

1812 3024 2039 3095 gratiam
2073 3022 2165 3077 Dei
2198 3023 2427 3076 humana
2458 3019 2606 3075 ctede
2635 3028 2688 3075 et
2712 3032 2935 3074 suorum
2967 3019 3260 3090 parricidio
3288 3036 3403 3075 mc—

1815 3126 2060 3172 ruerunt.
2108 3115 2270 3171 Vides
2307 3123 2564 3186 quantum
2604 3113 2671 3169 ab
2716 3112 2966 3169 humanis
3006 3115 3256 3170 sensibus
3310 3132 3408 3185 per

174 3237 288 3283 cepte
310 3193 564 3301 Propheta
589 3248 604 3283 :
638 3229 768 3282 Ecce
788 3193 931 3291 dico,
951 3223 1238 3278 obedientia
1260 3222 1442 3277 melior
1462 3193 1539 3275 est
1559 3236 1712 3291 quam
1732 3193 1785 3259 Ὀ
1819 3220 2055 3266 nostram
2079 3206 2404 3278 imperitiam
2434 3207 2706 3277 discrepat
2765 3206 2944 3262 divina
2990 3209 3256 3262 sententia
3278 3249 3292 3272 ,
3350 3219 3407 3262 ut

173 3320 342 3384 victima,
363 3332 407 3376 et
436 3321 731 3386 obauditio,
753 3334 907 3385 quam
932 3318 1093 3383 adeps
1120 3316 1340 3370 arietum
1368 3313 1408 3384 (Ι
1442 3313 1591 3369 Sam.
1621 3327 1710 3378 xv,

171 3411 254 3484 ἓξ).
279 3415 334 3469 Et
357 3415 477 3471 alibi
508 3432 524 3470 :
557 3413 781 3469 Initium
806 3412 950 3466 bona:
976 3411 1070 3465 via:
1098 3411 1264 3481 facere
1281 3408 1454 3478 jussa,
1484 3420 1599 3477 qua:
1622 3420 1714 3458 ac-

170 3515 278 3577 cepta
303 3519 408 3581 sunt
443 3509 589 3582 apud
631 3506 797 3560 Deum
837 3504 1002 3577 magis
1027 3519 1182 3574 quam
1222 3500 1493 3555 immolare
1520 3498 1715 3553 hostias

172 3594 310 3667 (Pror.
339 3616 441 3663 xu,
477 3602 556 3671 5).
594 3598 663 3654 Εῑ
691 3598 815 3653 alibi
851 3615 865 3651 :
900 3596 1001 3662 Qui
1030 3602 1293 3650 conservat
1322 3594 1503 3665 legem,
1536 3592 1716 3645 multi-

169 3693 290 3763 plicat
311 3694 631 3749 oblationem.
661 3690 999 3750 Sacrificium
1033 3690 1267 3744 salutare
1297 3693 1408 3755 est,
1433 3684 1715 3741 attendere

170 3789 409 3856 mandatis,
440 3803 494 3846 et
518 3788 814 3845 discedere
841 3786 907 3842 ab
934 3783 1086 3840 Omni
1118 3782 1423 3852 iniquitate,
1454 3788 1508 3834 et
1535 3777 1715 3849 propi-

178 3882 403 3941 tiationem
433 3885 593 3941 litare
646 3882 893 3938 sacrificii
917 3895 1080 3950 super
1104 3875 1389 3948 injustitia.
1416 3872 1533 3929 Non
1560 3871 1718 3927 nobis

172 3970 353 4032 blandiri
380 3978 649 4033 debemus
674 3975 728 4029 in
762 3972 918 4028 factis
937 3973 1236 4042 iussorum,
1257 3966 1304 4023 si
1334 3968 1387 4022 in
1421 3963 1717 4036 prohibito-

175 4078 260 4121 rm
284 4068 762 4142 transgressionem
789 4079 1097 4136 peccemus,
1122 4077 1244 4118 cum
1269 4057 1719 4131 transgressionis

172 4158 329 4215 crimen
356 4161 628 4218 benefacti
652 4159 901 4215 meritum
932 4156 1108 4211 tollat.
1140 4151 1293 4223 Quod
1326 4166 1433 4207 non
1462 4152 1565 4206 mei
1596 4165 1720 4205 sen-

171 4263 237 4305 sus
259 4253 491 4321 assertio,
520 4252 621 4309 sed
653 4250 935 4321 utriusque
964 4244 1278 4304 testamenti
1310 4243 1558 4314 exempla
1587 4256 1717 4313 pro-

170 4342 266 4399 bant
301 4363 316 4401 :
355 4349 439 4404 ubi
484 4348 804 4403 invenimus
847 4344 1009 4399 etiam
1054 4341 1151 4397 Dei
1198 4340 1403 4394 amicos
1449 4337 1519 4392 ob
1556 4335 1719 4392 unius

172 4446 461 4510 contemptus
485 4454 761 4508 errorem,
794 4438 1063 4492 bonorum
1096 4433 1508 4490 rctrofactorum
1542 4430 1719 4485 munia

172 4527 391 4587 ﬁcentiam
430 4533 763 4604 perdidisse.
805 4530 899 4586 Sic
944 4528 1113 4584 Adam
1149 4542 1273 4581 cum
1318 4523 1533 4580 diabolo
1564 4522 1718 4577 facile

1817 3302 1974 3359 nobis
2000 3302 2269 3357 interdum
2314 3300 2556 3355 cmleStis
2582 3298 2781 3368 judicis
2807 3300 3270 3368 dispensationem
3304 3316 3403 3356 ne-

1815 3395 2149 3465 scientibus,
2204 3394 2403 3464 injusta
2451 3393 2773 3463 videantur,
2822 3409 2942 3466 qua:
2996 3410 3093 3465 per
3119 3410 3406 3451 causarum

1817 3491 2098 3546 scientiam
2142 3489 2289 3559 juste
2316 3487 2449 3543 satis
2478 3497 2698 3544 etrecte
2723 3486 2864 3543 facta
2887 3487 3222 3559 probantur?
3264 3487 3410 3544 Rur-

1816 3599 1935 3639 sum
1967 3597 2027 3638 ea
2068 3597 2189 3651 qua:
2237 3590 2425 3637 nostro
2465 3580 2671 3650 judicio
2700 3580 2842 3636 bona
2900 3581 3218 3651 probantur,
3265 3583 3406 3653 apud

1818 3677 1986 3734 Deum
2011 3676 2330 3746 plerumque
2360 3675 2589 3746 reproba
2618 3686 2672 3731 et
2702 3675 2910 3747 ingrata
2951 3677 3224 3735 videntur.
3276 3675 3410 3747 Quis

1819 3770 1981 3826 hodie
1994 3769 2160 3841 patris
2175 3767 2407 3824 Abralne
2428 3767 2699 3839 exemplo,
2728 3766 3005 3823 innoxium
3028 3771 3221 3826 volens
3240 3772 3406 3827 filium

1818 3864 2111 3932 trucidare,
2167 3865 2401 3918 humano
2422 3861 2626 3932 judicio
2677 3877 2785 3917 non
2812 3864 3128 3917 crederetur
3148 3865 3409 3921 insanus?

1819 3960 1863 4014 E
1892 3969 2101 4027 contra,
2143 3957 2263 4027 quis
2305 3955 2359 4010 in
2386 3964 2529 4010 tactu
2570 3969 2712 4009 arcae
2755 3954 2952 4010 divina:
2982 3954 3222 4013 imitatus
3244 3958 3409 4013 Onam

1819 4051 2097 4108 hominum
2137 4049 2405 4106 sententia
2455 4046 2846 4104 damnaretur?
2886 4046 3188 4119 Episcopus
3232 4049 3414 4121 Ephe-

1820 4146 2024 4201 siorum
2056 4128 2280 4213 angelus
2305 4142 2356 4196 in
2390 4139 2718 4211 Apocalypsi
2746 4146 3108 4210 nuncupatus,
3134 4139 3226 4212 qui
3247 4157 3412 4197 causa

1823 4236 2062 4293 nominis
2099 4231 2304 4288 Christi
2346 4229 2656 4304 passionum
2698 4230 2989 4285 multarum
3038 4231 3230 4286 merita
3272 4231 3414 4288 intra

1820 4328 2206 4388 conscientiam
2233 4325 2525 4393 retinebat,
2572 4324 2699 4395 quia
2742 4324 2795 4379 in
2842 4324 2970 4394 ipsis
3021 4325 3414 4395 passionibusa

1822 4424 1999 4497 primo
2028 4419 2452 4477 conversationis
2482 4417 2693 4474 fervore
2729 4426 2998 4485 tepuerat,
3030 4432 3153 4475 cum
3172 4419 3416 4481 calorem

1824 4515 2101 4587 paululum
2135 4518 2523 4583 temperasset,
2577 4510 2643 4564 ad
2674 4510 3049 4581 pmnitentiam
3106 4524 3416 4583 revocatur,

171 4622 353 4676 credidit
379 4597 689 4687 seducenti,
714 4632 836 4693 post
859 4616 1286 4674 familiaritatem
1309 4622 1364 4670 et
1385 4613 1714 4685 colloquium
1748 4597 1803 4660 D
1828 4609 2041 4665 dicente
2061 4606 2335 4677 Scriptura
2355 4623 2367 4659 :
2389 4601 2527 4657 Novi
2547 4618 2705 4672 opera
2725 4612 2838 4668 tua,
2857 4612 2904 4657 et
2925 4604 3231 4674 patientiam
3254 4615 3417 4676 tuam,

172 4709 259 4777 Dei,
284 4718 433 4771 unius
460 4717 614 4788 pomi
643 4714 940 4786 cupiditate
964 4720 1273 4781 superatus,
1305 4706 1539 4778 perdidit
1566 4721 1723 4776 para-

174 4806 329 4877 disum,
367 4822 420 4867 et
458 4812 589 4883 quia
636 4826 733 4882 per
782 4803 1267 4878 transgressionem
1312 4814 1477 4855 unum
1525 4797 1728 4854 habere

174 4904 491 4975 Nasumpsit,
532 4905 707 4960 multa
743 4902 901 4958 simul
942 4899 1083 4957 b0na
1124 4895 1305 4952 amisit
1340 4892 1497 4968 (Gen.
1539 4891 1601 4964 ι).
1638 4892 1729 4948 Sic

176 4998 430 5067 ποτεωώ
460 5005 597 5069 post
620 4996 934 5065 angelorum
964 4988 1247 5060 obsequia,
1275 4994 1467 5043 contra
1498 4982 1729 5040 interdi-

176 5094 284 5142 ctum
321 5099 464 5145 retro
506 5088 845 5160 respiciens,
886 5087 941 5139 in
983 5084 1294 5154 figmentum
1335 5078 1466 5134 salis
1508 5086 1732 5147 repente

180 5188 338 5235 mutata
358 5194 441 5237 est
475 5181 675 5255 (Ibid.,
708 5196 819 5245 χιχ,
854 5177 969 5251 26).
1008 5176 1100 5232 Sic
1126 5174 1369 5232 Sameias
1398 5169 1586 5227 eadem
1618 5167 1729 5236 die,

178 5287 254 5339 1n:
283 5276 539 5332 mirabilia
578 5274 783 5331 fecerat
820 5274 992 5344 gratia
1024 5268 1353 5340 prophetali,
1385 5281 1416 5321 a
1446 5266 1602 5321 leone
1631 5262 1733 5320 de-

177 5360 311 5428 ittlus
329 5369 599 5425 occiditur
617 5367 661 5440 (Ι
685 5367 813 5439 Reg.
836 5365 976 5436 χιιι).
1002 5363 1092 5419 Sic
1117 5360 1519 5418 infelicissimus
1542 5357 1731 5425 Judas,

183 5468 272 5519 Post
287 5462 565 5519 electionis
596 5462 868 5525 meritum,
894 5468 1013 5530 post
1036 5457 1312 5524 signorum
1336 5453 1587 5525 gloriam,
1613 5460 1738 5521 post

186 5558 489 5619 1hostolicam
532 5556 874 5628 dignitatem,
910 5553 1121 5624 exigua:
1158 5550 1312 5620 stipis
1348 5562 1533 5602 amore
1576 5544 1738 5601 dece-

188 5652 291 5709 Ριιιθ.
315 5649 395 5705 cui
421 5649 667 5706 tribunal
697 5645 1119 5719 promittebatur
1147 5642 1198 5696 in
1229 5640 1392 5705 caelo,
1426 5639 1620 5708 laqueo
1648 5652 1741 5691 ca-

192 5748 280 5803 WIS
309 5754 382 5798 est
417 5748 470 5799 in
521 5754 666 5801 terra
704 5741 920 5817 (Matth.
961 5754 1087 5803 xxv,
1126 5736 1203 5809 5).
1237 5735 1306 5791 Ει
1342 5750 1410 5789 ne
1453 5731 1609 5787 nobis
1642 5744 1741 5801 per

190 5828 432 5896 “imarum
471 5836 819 5895 solummodo
860 5849 1036 5891 rerum
1071 5826 1484 5888 fraudulentiam
1526 5826 1745 5897 pericu-

1829 4713 1877 4759 et
1901 4703 2024 4773 quia
2050 4712 2192 4772 potes
2239 4699 2489 4753 sustinere
2519 4696 2681 4749 malos
2710 4695 2838 4749 :sed
2874 4694 3036 4749 habeo
3082 4698 3324 4753 adversus
3371 4708 3418 4753 te

1828 4812 2017 4870 pauca,
2050 4793 2170 4865 quia
2217 4790 2519 4844 cltaritatem
2549 4796 2689 4841 tuam
2718 4787 2988 4859 pristinam
3017 4788 3288 4861 reliquisti.
3314 4789 3427 4847 llo-
3484 4842 3493 4865 λ

1832 4898 2003 4943 mento
2048 4885 2183 4939 unde
2229 4880 2506 4943 excideris,
2536 4889 2584 4935 et
2608 4895 2703 4949 age
2746 4878 3102 4951 pamitentiam
3124 4878 3145 4951 (
3171 4881 3331 4953 Apoc.
3360 4898 3421 4952 tt,

1833 4982 1889 5046 2,
1917 4982 1973 5044 5,
2000 4976 2057 5045 4,
2089 4976 2123 5030 5
2148 4973 2188 5047 ).
2222 4971 2643 5029 Consideremus
2669 4984 2899 5042 quantus
2938 4988 3095 5029 casus
3122 4975 3192 5029 sit
3222 4985 3429 5035 temere

1836 5069 2258 5133 contemnentis,
2287 5083 2408 5123 cum
2440 5077 2587 5121 tanta
2615 5067 2769 5121 ruina
2795 5081 2918 5122 esse
2945 5068 3149 5123 dicitur
3180 5070 3236 5126 in
3262 5074 3434 5144 negli-

1838 5165 2020 5239 gentia
2041 5161 2385 5232 obsequentis
2406 5177 2419 5213 :
2438 5158 2526 5214 vel
2555 5172 2715 5230 quam
2740 5157 3148 5215 damnationem
3174 5175 3432 5235 exceptu-

1840 5276 1933 5318 ros
1973 5258 2247 5315 credimus
2276 5269 2397 5310 esse
2426 5252 2728 5317 indevotos,
2756 5265 2877 5307 cnm
2904 5260 3106 5310 tantam
3138 5259 3435 5329 exprobra-

1844 5355 2043 5411 tionem
2072 5350 2299 5406 devotus
2329 5346 2634 5417 exceperit?
2688 5342 2953 5416 Tepidum
2981 5347 3304 5421 discipulum
3328 5366 3437 5407 non

1843 5458 1989 5500 amat.
2034 5440 2302 5498 Christus.
2368 5438 2469 5505 Qui
2497 5437 2605 5492 vult
2645 5453 2785 5491 meus
2835 5436 3121 5509 discipulus
3163 5457 3291 5509 esse,
3331 5444 3431 5511 ait,

1843 5539 2055 5609 abneget
2082 5534 2411 5602 semetipsum
2439 5530 2558 5599 sibi,
2583 5539 2629 5585 et
2671 5530 2818 5587 tollat
2849 5548 3052 5587 crucem
3072 5550 3217 5588 snam
3261 5545 3309 5590 et
3353 5554 3437 5592 ee-

1845 5642 2033 5705 quatur
2067 5647 2145 5683 me
2173 5627 2193 5702 (
2224 5624 2413 5682 Matth.
2445 5642 2555 5693 xvt,
2584 5624 2655 5680 24
2677 5624 2717 5697 ).
2752 5625 2965 5697 Oportet
2996 5644 3080 5682 ros
3112 5646 3203 5698 per
3252 5634 3440 5709 multas

1848 5724 2202 5781 tribulationes
2223 5722 2437 5776 introire
2458 5720 2509 5774 in
2530 5736 2743 5793 regnum
2762 5720 3001 5774 crrlorum
3022 5726 3159 5803 (ᾼει.
3186 5740 3300 5798 tttv,
3323 5729 3440 5803 :22).

1852 5816 1998 5875 Beati
2019 5815 2135 5871 estis
2156 5830 2272 5871 cum
2297 5828 2382 5870 vos
2417 5810 2779 5869 maledixerint
2810 5804 3061 5884 homines,
3092 5823 3142 5871 et
3184 5812 3448 5888 persecuti
