3916 6288
514 244 617 306 Ili

1554 245 1612 304 S.
1654 244 2037 302 HIERONYMI
2071 241 2357 304 OPERUM
2394 246 2757 309 MANTISSA.

3651 260 3739 319 ΗΞ

514 358 728 431 fuerint,
757 365 805 413 et
828 356 1050 416 dixerint
1071 375 1218 416 omne
1249 360 1438 417 ntalum
1460 360 1705 417 adversus
1730 378 1815 417 vos
1842 378 1862 418 :
1890 362 2110 435 gaudete
2136 362 2190 426 Δ
2215 361 2441 437 (Watth.
2475 367 2669 433 tv,‘18;
2698 365 2851 423 Deut.
2887 380 2959 434 vt,
2996 364 3083 434 13;
3113 380 3169 434 ι,
3198 364 3303 439 20)
3329 384 3346 428 :
3368 367 3478 428 aliis
3522 371 3742 434 innocen-

517 462 566 506 et
617 451 884 522 exsultare,
916 454 1039 524 quia
1088 469 1282 509 merces
1333 464 1498 509 vestra
1550 454 1712 509 multa
1765 465 1839 510 cst
1884 456 1936 510 in
1963 456 2101 511 caelis

518 545 537 613 (
580 542 773 599 Matth.
798 562 852 611 γ,
885 545 971 613 tt,
999 544 1118 616 i2).

593 635 681 691 Vl.
716 636 934 692 Futurae
966 636 1086 692 vitae
1114 638 1286 710 gloria
1317 641 1601 709 prmsentis
1635 643 1760 699 vitae
1799 644 2104 700 incommo-

520 726 606 783 dis
632 736 993 798 comparatur.
1024 728 1348 788 Christianis
1374 732 1567 788 vexilla
1608 735 1782 792 crucis
1808 744 1933 791 sunt
1972 735 2109 791 deli-

518 821 618 876 cia:
649 837 663 875 :
689 821 929 890 trophzea
960 833 1165 878 nostra:
1187 826 1314 879 vita:
1343 840 1450 880 non
1483 827 1715 898 pompis,
1750 827 1845 882 sed
1873 829 2107 883 miseriis

517 921 891 982 rcportantur.
942 912 1001 968 in
1026 924 1207 970 nostra
1259 917 1437 973 classe
1479 918 1578 974 viri
1611 919 1778 975 fortes
1815 919 2106 991 opprobria

514 1004 697 1058 sciunt
729 1013 968 1074 portare,
996 1022 1104 1062 non
1133 1024 1382 1065 munera.
1410 1009 1742 1081 Paupertati,
1778 1028 1883 1067 non
1910 1011 2106 1067 nobili-

513 1095 632 1162 tati,
665 1094 971 1152 futurorum
1002 1096 1278 1155 beatitudo
1323 1102 1673 1171 promittitur.
1701 1102 1951 1157 Retrahit
1989 1103 2109 1173 qui-

514 1186 643 1241 dem
669 1187 994 1243 verecundia
1020 1201 1349 1258 senatorem,
1405 1209 1473 1249 ne
1518 1203 1774 1264 sequatur
1817 1210 2105 1266 pauperem

2205 457 2300 524 tia,
2332 457 2723 524 misericordia,
2757 459 3027 525 castitate,
3068 457 3296 527 jejunio,
3325 459 3429 516 Deo
3458 461 3659 522 ﬁdeliter
3693 481 3737 526 et

2204 549 2325 605 sine
2347 551 2652 606 cessatione
2708 550 3232 606 servientibusznos
3280 552 3424 610 nobis
3474 554 3738 631 adulteros,

2204 644 2399 715 quibus
2454 644 2661 700 servire
2708 645 2979 709 volumus,
3026 644 3293 716 eligimus.
3324 646 3576 720 Siquidem
3614 651 3743 721 juxta

2205 736 2484 808 Evangelii
2532 738 2854 793 sententiam
2887 757 2899 791 :
2937 737 3121 792 Omnis
3177 739 3264 808 qui
3312 738 3431 810 facit
3481 754 3741 815 peccatum,

2208 847 2382 886 servus
2402 840 2473 885 cst
2503 832 2701 902 peccati
2723 832 2743 904 (
2765 830 2923 888 Joan.
2951 847 3068 901 vm,
3098 830 3166 887 54
3197 831 3238 905 ).
3264 832 3329 887 Et
3351 820 3525 891 revera
3553 838 3595 891 si
3622 852 3746 893 ama-

2208 931 2294 978 tor
2332 923 2577 994 pccunite
2599 940 2742 989 sum,
2783 925 2829 979 si
2860 924 3068 995 gloriae,
3101 924 3149 979 si
3202 925 3486 995 superbim,
3535 930 3575 983 si
3600 930 3747 986 ambi-

2208 1016 2372 1073 tionis
2398 1026 2491 1073 aut
2518 1033 2729 1088 pompae
2753 1035 2768 1073 :
2798 1018 2925 1073 dttm
2971 1017 3049 1073 illi
3083 1034 3243 1073 omne
3272 1019 3500 1076 studium
3528 1037 3647 1078 mea:
3671 1039 3751 1081 vo-

2208 1108 2428 1166 luntatis
2460 1109 2737 1181 impendo,
2765 1110 2991 1168 Domino
3028 1111 3232 1167 servire
3260 1127 3365 1167 non
3398 1127 3620 1183 possum,
3646 1115 3751 1187 quia

2208 1201 2419 1259 duobus
2472 1204 2707 1260 dominis
2758 1206 3028 1260 neminem
3074 1204 3281 1260 servire
3316 1220 3497 1276 posse,
3526 1207 3753 1278 scriptum

509 1278 811 1346 Christum,
849 1279 944 1335 sed
967 1280 1150 1337 audiat
1173 1299 1201 1336 a
1221 1282 1438 1340 Christo
1465 1304 1475 1339 :
1504 1286 1606 1351 Qui
1634 1304 1711 1340 me
1732 1287 1973 1357 confusus
1998 1292 2109 1359 fue-

508 1374 597 1438 rit,
630 1383 679 1428 et
718 1389 831 1426 mea
864 1373 1014 1428 rerba
1060 1374 1116 1430 in
1145 1378 1473 1449 generatione
1526 1378 1624 1433 hac
1653 1380 1889 1434 adultera
1918 1392 1964 1434 et
1993 1397 2103 1452 pec-

507 1466 727 1520 catrice:
748 1476 794 1521 et
812 1463 981 1521 Filius
1002 1466 1223 1524 hominis
1245 1471 1525 1543 confundet
1546 1489 1660 1527 eum
1681 1473 1731 1525 in
1744 1472 1910 1546 gloria
1928 1472 2108 1527 Patris

512 1559 594 1614 sui
624 1575 739 1612 cum
776 1560 972 1631 angelis
1026 1562 1213 1615 sanctis
1242 1564 1263 1633 (
1294 1561 1482 1617 Matth.
1517 1579 1630 1630 vttt,
1663 1564 1784 1636 38).
1813 1565 1994 1637 Turpe
2021 1576 2106 1621 est

2209 1590 2400 1635 nostro
2426 1579 2551 1649 jure
2578 1594 2678 1634 nos
2706 1581 2982 1647 convenit,
3014 1580 3193 1636 sciens
3222 1580 3323 1636 hoc
3348 1582 3397 1635 in
3450 1598 3544 1636 usu
3575 1582 3761 1652 publico

512 1653 659 1708 inter
686 1664 941 1724 parentes
990 1665 1274 1712 senatores
1304 1666 1465 1727 atque
1510 1658 1914 1729 grammaticos,
1948 1659 2106 1715 scho-
2208 1671 2349 1742 apud
2379 1686 2573 1727 omnes
2605 1671 2730 1745 [ΑΙ.
2754 1672 2878 1725 add.
2914 1671 3202 1744 homines]
3229 1672 3523 1728 custodiri:
3555 1682 3610 1729 ut
3636 1686 3761 1731 tanto

504 1741 777 1811 lasticum,
810 1746 1137 1816 proChristo
1154 1750 1452 1804 voluntaria
1479 1748 1789 1806 humilitate
1806 1750 2096 1820 deiectum,
2130 1755 2178 1817 B
2208 1741 2398 1820 sin-vus
2421 1763 2473 1818 in
2494 1741 2663 1835 opeie
2696 1764 2907 1819 Domini
2932 1774 3081 1821 esset
3105 1766 3335 1832 cautior,
3368 1776 3565 1838 quanto
3585 1768 3763 1838 majore

502 1837 687 1893 verbis
713 1838 1054 1909 simplicibus
1076 1855 1198 1895 esse
1227 1852 1567 1897 contentum.
1603 1842 1863 1913 Displicet
1881 1842 2097 1909 amicis,
2201 1865 2349 1911 esset
2403 1857 2615 1926 peculio
2656 1865 3003 1924 comparatus
3038 1874 3050 1910 :
3084 1865 3142 1911 ut
3194 1837 3576 1928 intelligamus,
3622 1837 3759 1929 quam

498 1931 547 1984 Si
582 1939 705 1998 pOSt
726 1932 1007 1987 ambitiosi
1036 1931 1250 1988 habitus
1272 1934 1499 2003 cultum,
1522 1934 1730 2003 plebeia
1755 1944 1810 1989 et
1836 1933 2098 2006 ignobilia
2201 1946 2408 2002 strenui
2434 1962 2556 2002 esse
2577 1946 2812 2003 debeant.
2844 1948 2896 2001 in
2927 1962 3094 2016 Opere
3126 1947 3219 2004 Dei
3241 1949 3332 2020 qui
3362 1949 3619 2020 redempti
3659 1961 3765 2007 sunt

498 2022 809 2079 indumenta
838 2033 1137 2079 mutentur.
1165 2024 1271 2079 Sed
1291 2027 1335 2079 si
1357 2023 1653 2080 hominibus
1671 2028 1873 2096 placere
1894 2026 2092 2097 vellem,
2199 2042 2465 2112 sanguine
2490 2041 2691 2097 Chl-isti
2720 2059 2735 2096 ε
2767 2042 2849 2099 γει
2871 2059 3030 2114 quam
3063 2044 3344 2100 οι-ῖιηίηοεί
3372 2045 3598 2103 debeam
3643 2045 3764 2116 iud}-

500 2119 579 2171 ³η
607 2118 927 2186 Αιιοειοιυε»
959 2117 1152 2209 Ulli?“
1179 2135 1351 2173 δί’νυηε
1378 2137 1481 2173 ηοη
1510 2136 1669 2174 me"!
1698 2118 1851 2191 (δαί-
1882 2136 1920 2188 ι,
1952 2120 2019 2176 ίθ
2049 2122 2093 2192 )ο
2199 2133 2332 2202 cari,
2364 2134 2455 2206 qui
2488 2150 2608 2190 cum
2633 2137 2809 2192 sciant
2854 2152 2955 2209 pro
2998 2139 3176 2209 pretio
3206 2155 3322 2196 sum
3352 2140 3543 2198 salutis
3586 2140 3763 2197 Christi

494 2205 560 2261 Et
596 2206 869 2278 Propheta
904 2209 954 2263 in
985 2208 1193 2278 psalan
1223 2225 1238 2263 ε
1274 2211 1534 2277 Quoniam
1565 2210 1703 2266 Deus
1734 2213 1948 2283 dissipat
1980 2229 2097 2266 οεεα
2197 2205 2516 2299 sanguinem
2547 2229 2755 2298 datum,
2784 2205 2941 2287 alt-eri
2988 2205 3078 2301 qui
3131 2233 3259 2288 nihil
3293 2236 3566 2306 praestitit,
3618 2234 3765 2304 magis

492 2314 691 2368 eorum,
725 2301 813 2370 qui
841 2299 1138 2387 hominibus
1164 2305 1404 2377 placent:
1435 2305 1638 2373 confusi
1683 2314 1826 2373 sunt,
1852 2306 2094 2375 quoniam
2197 2320 2477 2391 ρτωιωηηι
2523 2322 2862 2379 serviman
2920 2299 3072 2394 Βοὲο
3117 2341 3223 2396 quo
3274 2299 3482 2398 [Sudore
3524 2299 3764 2398 01,58qu

495 2390 637 2445 Deus
671 2393 859 2464 sprevit
884 2410 967 2448 cos
991 2393 1171 2464 (Psal.
1198 2410 1308 2459 LIII,
1336 2395 1411 2467 6).
1432 2397 1700 2463 Quantum
1731 2398 1871 2453 bona
1894 2407 1975 2454 est
1997 2399 2095 2452 ltu-

2207 2423 2287 2467 aut
2331 2414 2531 2470 laboris
2568 2416 2648 2471 sui
2681 2416 3023 2485 mercedem,
3064 2421 3301 2489 sperabit
3335 2422 3388 2477 in
3438 2420 3595 2489 caelo,
3632 2422 3765 2491 cujus

493 2499 654 2539 mana
685 2483 936 2551 oll'ensio,
965 2500 1062 2555 per
1098 2501 1256 2555 quam
1292 2487 1563 2543 invenitur
1592 2489 1826 2544 servitus
1853 2489 2050 2545 Christi
2077 2507 2089 2543 :

2207 2502 2358 2561 inerit
2386 2507 2695 2563 sollicitudo
2720 2510 2895 2565 omnis
2915 2510 2967 2566 in
3000 2513 3185 2567 terra?
3213 2514 3584 2571 Mercenarius
3605 2513 3764 2569 Sicculi

496 2586 709 2633 tantum
752 2577 1061 2647 perniciosa
1118 2587 1203 2633 est
1252 2579 1508 2647 amicitia,
1561 2596 1681 2649 qua:
1732 2582 1826 2637 Dei
1871 2592 2092 2653 prmstat

2207 2614 2300 2653 non
2334 2608 2513 2669 potest
2549 2603 2798 2672 accipere
2840 2604 3120 2674 praemium
3151 2605 3380 2663 Christi.
3415 2607 3600 2663 Omnis
3629 2606 3765 2661 miles

494 2670 779 2737 oliensam,
827 2668 967 2724 sicut
1019 2670 1281 2742 scriptum
1332 2684 1457 2728 est:
1491 2674 1591 2741 Qui
1631 2676 1847 2729 voluerit
1895 2677 2091 2733 amicus

2207 2695 2246 2744 Ln
2270 2694 2462 2748 castris
2493 2693 2616 2762 jure
2653 2705 2838 2765 sperat
2871 2711 3162 2763 annonam,
3193 2700 3289 2767 qui
3326 2699 3538 2755 fortiter
3566 2700 3617 2754 in
3645 2713 3765 2768 prat-

489 2760 605 2831 [ieri
642 2761 797 2833 hujus
828 2764 1029 2831 mundi,
1059 2762 1298 2817 inimicus
1330 2765 1426 2819 Dei
1453 2767 1791 2821 constituetur
1816 2766 1968 2839 (Jac.
2004 2784 2087 2834 tv,

2213 2784 2262 2838 io
2292 2801 2392 2855 pro
2417 2785 2627 2842 civibus
2659 2786 3005 2844 laboraverit.
3039 2788 3240 2862 Dignus
3267 2791 3478 2862 quidem
3507 2801 3577 2845 est
3604 2805 3766 2861 apera-

494 2853 529 2908 4
551 2854 595 2926 ).
630 2854 787 2910 Dicat
815 2857 1187 2928 unusquisque
1242 2858 1385 2927 quod
1420 2857 1587 2915 velit:
1618 2875 1749 2930 ergo
1780 2862 1992 2916 interim
2020 2860 2088 2917 de

2207 2877 2298 2930 'ius
2319 2877 2550 2931 mercede
2574 2878 2842 2950 sua(Luc.
2882 2896 2935 2948 κ,
2968 2880 3041 2953 7)
3076 2900 3087 2933 :
3114 2882 3207 2936 sed
3226 2893 3280 2937 et
3307 2882 3414 2938 hoc
3434 2882 3648 2953 dignum
3675 2887 3765 2945 est,

490 2961 578 3001 me
611 2963 706 3018 ι)το
746 2962 939 3003 sensus
981 2948 1088 3005 ιηθί
1144 2953 1407 3019 Ρθτνῖίιιιθ
1449 2949 1689 3019 iudicaVi
1742 2952 1937 3009 melius
1966 2967 2088 3008 esse
2188 2977 2247 3022 ut
2275 2970 2398 3025 inde
2422 2948 2700 3039 praemium
2733 2974 2914 3043 operis
2954 2974 3207 3045 accipiat,
3240 2975 3331 3032 ubi
3361 2977 3531 3032 totius
3564 2989 3764 3048 operam

488 3040 746 3096 confundi
800 3056 983 3098 ceram
1034 3044 1414 3112 peccatoribus
1467 3060 1633 3113 super
1666 3054 1888 3115 terram,
1918 3061 2084 3116 quam

2210 3062 2389 3115 aberis
2418 3063 2704 3132 impendit.
2739 3063 2907 3119 Nemo
2934 3066 3164 3122 militum
3196 3066 3330 3139 Deo,
3368 3070 3597 3141 implicat
3620 3084 3670 3124 se
3692 3084 3770 3121 ue-

491 3150 675 3191 coram
708 3135 913 3206 angelis
942 3138 1148 3192 sanctis
1175 3137 1227 3190 in
1257 3136 1419 3199 C(Blu,
1452 3138 1539 3192 vel
1574 3138 1901 3209 ubicumque
1938 3139 2080 3209 judi-

2207 3157 2342 3223 jotiis
2359 3155 2691 3211 amarioribus
2707 3175 2725 3217 :
2743 3168 2797 3212 ut
2822 3160 3022 3228 placeat
3044 3161 3112 3228 ei,
3137 3162 3219 3214 cui
3238 3179 3291 3215 se
3314 3163 3550 3232 probarit
3567 3160 3629 3232 (ΙΙ
3646 3159 3764 3214 Tim.

493 3228 639 3283 cium
673 3244 829 3284 suum
863 3228 1121 3283 Dominus
1142 3230 1370 3285 voluerit
1392 3229 1785 3287 demonstrare.
1812 3233 1976 3288 lsaias
2005 3234 2087 3290 vir

2209 3262 2245 3312 ι,
2276 3248 2308 3301 Ii
2328 3249 2370 3318 ),
2404 3248 2645 3318 Apostoli
2666 3266 2766 3305 vox
2797 3261 2898 3307 est.
2927 3252 3079 3307 Unde
3104 3255 3237 3307 satis
3269 3228 3440 3310 timeo
3469 3272 3535 3311 ne
3561 3228 3691 3309 forte
3720 3252 3763 3306 in

493 3322 547 3376 in
580 3336 677 3375 sua
724 3332 887 3391 gente
919 3321 1309 3389 nobilissimus,
1338 3324 1428 3393 qui
1470 3340 1628 3379 socer
1669 3325 1811 3395 regis
1841 3326 2083 3382 Ezechia:

2207 3338 2271 3394 lit
2298 3341 2672 3396 retributionis
2714 3342 2823 3412 die,
2852 3359 2954 3413 qua
2986 3354 3111 3399 ante
3150 3346 3391 3402 tribunal
3434 3345 3637 3402 Christi
3667 3344 3771 3398 uui-

487 3415 658 3470 fuisse
687 3414 940 3485 refertur,
978 3415 1132 3485 jussu
1162 3415 1255 3470 Dei
1309 3416 1557 3487 deposito
1586 3416 1763 3473 cilicio
1794 3419 1967 3474 nudus
1998 3420 2081 3475 in-
2184 3432 2378 3499 cuique
2401 3436 2696 3489 secundum
2725 3449 2820 3488 sua
2864 3435 3003 3490 facta
3030 3435 3369 3494 reddendum
3415 3451 3536 3495 est:
3570 3439 3651 3493 his
3691 3438 3769 3503 qui

489 3507 627 3562 cedit
662 3525 675 3561 :
706 3522 806 3562 nec
832 3517 938 3562 tam
970 3507 1125 3562 ardui
1149 3510 1407 3579 prmccpti
1435 3509 1948 3579 pudoredeterritus
1976 3522 2080 3580 est,

2207 3540 2239 3577 n
2272 3526 2503 3580 terrenis
2534 3526 2703 3596 magis
2736 3527 2985 3598 negotiis,
3015 3545 3174 3600 quam
3205 3530 3256 3585 in
3280 3532 3609 3588 coelestibus
3634 3529 3771 3585 labo-

491 3617 600 3673 quo
631 3602 808 3659 minus
830 3598 930 3655 Dei
962 3600 1241 3669 imperium
1274 3611 1594 3672 sequeretur
1623 3618 1639 3658 :
1668 3602 1791 3674 quia
1820 3602 1952 3658 nihil
1980 3603 2081 3660 ho-

2207 3626 2458 3681 averuut,
2482 3617 2609 3686 justi
2628 3618 2827 3687 judieis
2850 3598 3204 3690 resitonsione
3231 3623 3448 3680 dicatur
3477 3642 3491 3679 :
3526 3623 3603 3679 [te
3623 3625 3666 3678 si
3693 3639 3773 3693 po.

498 3699 707 3752 nestius
735 3710 857 3751 esse
883 3695 1112 3762 homini,
1151 3712 1309 3764 quam
1337 3695 1580 3750 Creatori
1616 3712 1714 3751 suo
1743 3712 1951 3767 parere,
1998 3697 2081 3767 ju-

2207 3712 2338 3765 estis
2354 3727 2368 3767 :
2387 3721 2437 3767 et
2459 3712 2567 3767 illic
2583 3713 2668 3767 ubi
2686 3722 2794 3769 tota
2813 3715 3101 3771 devotione
3124 3718 3460 3789 servivistis,
3478 3717 3774 3775 mercedem

490 3789 728 3845 dicabat.
760 3789 998 3844 Joannes
1023 3803 1238 3859 quoque
1262 3787 1521 3859 Baptista,
1553 3789 1750 3845 nobilis
1770 3800 1822 3844 et
1846 3791 1896 3845 in
1919 3807 2081 3847 carne

2207 3816 2378 3859 νοείτω
2403 3807 2683 3861 servitutis
2711 3808 2933 3880 exigite.
2963 3809 3112 3865 Talis
3132 3827 3292 3866 causa
3317 3824 3408 3869 est
3431 3816 3697 3886 virginum
3716 3809 3776 3865 de

488 3891 544 3936 et
576 3882 626 3936 in
652 3881 839 3951 spiritu
871 3889 1051 3949 natus,
1085 3880 1317 3935 cilicium
1348 3897 1374 3935 a
1401 3881 1630 3951 pueritia
1657 3883 1707 3935 in
1730 3881 1995 3951 habitum,
2026 3893 2081 3939 et

2207 3898 2476 3969 Evangelia
2498 3902 2737 3972 quinque
2766 3903 3078 3969 slultarum,
3113 3922 3235 3974 qua:
3258 3906 3392 3963 dum
3420 3906 3779 3964 sollicitudine

486 3975 727 4031 locustas
751 3974 911 4044 elegit
941 3975 992 4029 in
1022 3974 1464 4045 cihumzquincc
1488 3976 1691 4045 peccati
1719 3977 2075 4046 conscientia,
2180 3989 2520 4044 εωευιτιι-ίυηι
2570 3994 2887 4061 “nimium,
2938 4012 3000 4050 se
3045 4011 3231 4052 cum“,
3278 4000 3648 4070 professionis
3677 4014 3778 4052 sum

491 4085 591 4123 nec
619 4068 954 4139 paupertatis
976 4069 1177 4137 ittOpitt,
1208 4069 1274 4123 ad
1305 4068 1464 4137 hujus
1486 4068 1714 4139 gloriam
1747 4074 1950 4139 oneris,
1981 4073 2075 4127 sed
2179 4080 2425 4137 ordinem
2477 4098 2833 4153 occuparunt,
2863 4086 3040 4143 oleum
3072 4090 3214 4145 unde
3244 4068 3440 4148 verum
3472 4094 3656 4149 lumen
3699 4108 3779 4146 ac-

473 4163 605 4217 °Sula
638 4160 805 4215 futuri
835 4162 1022 4215 smculi
1076 4160 1408 4215 beatitudine
1446 4160 1781 4217 trahebatur.
1830 4164 2077 4235 Apostoli

2207 4175 2507 4239 tenderent,
2530 4195 2637 4232 non
2670 4178 2956 4247 habentes,
2994 4184 3044 4237 in
3080 4185 3320 4241 tenebris
3374 4197 3771 4244 remanserunt.

479 4255 593 4323 jam
647 4262 891 4324 sperant,
942 4263 997 4307 et
1044 4253 1219 4307 adhuc
1258 4252 1407 4307 stulti
1463 4260 1517 4306 et
1546 4252 1764 4309 inutiles
1817 4265 1871 4310 et
1899 4256 2077 4311 tenuis
2252 4268 2361 4323 VII,
2423 4270 2527 4326 Sed
2570 4270 2701 4326 dicit
2744 4275 2981 4344 aliquis:
3021 4275 3121 4331 Ista
3154 4280 3409 4349 exempla
3459 4281 3528 4336 ad
3589 4293 3780 4351 pnufos

487 4346 614 4400 ﬁdei
664 4355 983 4417 arguuntur.
1040 4343 1163 4399 Non
1195 4354 1310 4399 sunt
1338 4346 1605 4415 condigna:
1633 4347 1893 4415 passiones
1918 4347 2075 4421 hujus

2207 4362 2471 4425 tertincnt,
2518 4379 2654 4433 quos
2683 4343 2916 4421 Deusiad
2948 4369 3046 4423 hoc
3075 4343 3355 4439 peculiare
3379 4343 3781 4428 ofﬁciutitdele-

482 4437 725 4509 temporis
756 4437 825 4491 ad
857 4440 1087 4510 futuram
1119 4438 1335 4509 gloriam
1358 4454 1473 4507 qum
1502 4438 1807 4492 revelabitur
1853 4442 1906 4495 in
1930 4442 2074 4497 nobis
2104 4523 2151 4539 n
2175 4453 2339 4524 gavit,
2366 4455 2489 4524 quia
2522 4457 2781 4526 scriptum
2802 4472 2883 4513 est
2905 4476 2917 4512 :
2941 4458 2996 4513 Μ
3003 4437 3099 4515 ulti
3123 4472 3243 4516 sunt
3272 4468 3474 4531 vocati,
3498 4467 3652 4539 pauci
3672 4481 3781 4521 vero

485 4529 664 4603 (Rom.
695 4546 810 4597 vm,
843 4531 965 4602 18).
996 4530 1126 4585 lude
1154 4531 1371 4597 Paulus,
1430 4531 1590 4586 oculo
1642 4534 1839 4589 mentis
1894 4534 2072 4591 futura
2098 4523 2154 4584 D
2178 4545 2326 4599 electi
2358 4523 2598 4615 (Matth.
2628 4523 2767 4615 ax",
2802 4550 2869 4604 14
2898 4549 2939 4621 ).
2969 4551 3079 4607 lloc
3108 4555 3343 4624 primum
3368 4523 3625 4627 qum'rerc
3663 4575 3691 4611 ει
3737 4568 3782 4609 te

479 4624 872 4693 contemplans,
896 4622 1112 4679 dicebat
1145 4640 1156 4675 :
1191 4622 1291 4689 Qui
1322 4641 1413 4677 nos
1460 4625 1713 4695 separabit
1742 4643 1773 4680 a
1822 4626 2074 4684 rhuritate
2175 4648 2229 4693 ct
2253 4638 2441 4693 audire
2470 4639 2614 4704 volo,
2637 4643 2884 4713 quisquis
2906 4660 2964 4699 es
2988 4646 3076 4717 qui
3098 4622 3194 4702 ista
3224 4622 3590 4721 proponiszsi
3623 4650 3783 4724 ipsius

480 4712 720 4769 Christi:
754 4713 1045 4782 tribulatio,
1100 4730 1166 4767 an
1199 4715 1471 4787 angustia',
1520 4732 1586 4767 an
1638 4719 1950 4787 persecutio,
2003 4738 2072 4774 an

2207 4732 2266 4784 lci
2297 4731 2491 4785 electio
2512 4743 2615 4798 est,
2646 4735 2803 4802 cujus
2834 4748 2919 4791 cst
2947 4746 3001 4792 et
3023 4741 3255 4805 vocatio,
3288 4744 3427 4810 quid
3459 4712 3781 4813 voluit-plu-

476 4805 665 4877 fames,
687 4822 752 4859 an
783 4807 1091 4876 periculum,
1121 4823 1187 4860 an
1213 4807 1422 4876 gladius
1446 4806 1642 4877 (lbid.,
1670 4808 1808 4880 '56)?
1831 4810 1954 4867 Illos
1977 4828 2068 4883 pe-
2172 4837 2261 4877 res
2286 4838 2503 4891 vocare,
2532 4826 2622 4894 qui
2666 4841 2867 4896 paucos
2895 4828 2963 4884 de
3011 4831 3254 4901 pluribus
3308 4805 3436 4890 erat
3476 4805 3781 4893 electuius?

474 4898 648 4952 ricula
681 4912 791 4951 non
809 4906 1085 4968 separant,
1109 4912 1203 4952 nos
1237 4896 1560 4967 voluptates.
1592 4898 1672 4954 llli
1704 4914 1923 4958 catenas
1972 4903 2067 4960 Ιη-
2169 4913 2332 4971 Certe
2361 4915 2427 4972 de
2457 4916 2666 4973 duobus
2702 4920 2903 4976 vocatis
2933 4922 3082 4978 illum
3123 4926 3201 4980 vis
3230 4937 3402 4994 stare,
3431 4946 3599 5000 quem
3644 4928 3781 4983 Deus

470 4989 649 5059 julant
696 4991 1055 5046 innocentes:
1090 5006 1185 5045 nos
1210 5008 1401 5047 aurum
1430 4992 1858 5052 circumferimus
1887 4999 2070 5056 crimi-
2171 5008 2436 5064 elccdone
2491 5012 2741 5068 statuerit
2774 5032 2784 5065 :
2816 5024 2869 5069 ct
2900 5017 3050 5071 illum
3096 5030 3282 5074 contra
3346 4989 3580 5090 cadere,
3627 5035 3779 5094 quem

472 5082 619 5135 nosi.
640 5081 722 5136 illi
746 5083 797 5136 in
818 5084 1130 5138 carceribus
1155 5083 1314 5139 vincti
1331 5100 1346 5140 :
1364 5098 1461 5140 nos
1480 5084 1532 5139 in
1557 5085 1804 5143 tricliniis
1826 5090 2063 5147 delicati.
2167 5101 2310 5157 Dens
2334 5103 2614 5159 electionis
2644 5106 2841 5163 virtute
2864 5124 2971 5164 non
3000 5112 3227 5168 muniat.
3250 5113 3415 5183 Quod
3448 5118 3496 5173 si
3551 5081 3622 5174 ita
3644 5081 3775 5183 lest,

472 5173 558 5230 llli
590 5176 643 5231 in
680 5192 847 5233 nervo
877 5177 1036 5248 positi
1074 5178 1238 5233 Deum
1272 5194 1407 5249 puro
1445 5181 1609 5236 corde
1639 5193 1694 5237 et
1723 5183 1934 5239 sincera
1965 5203 2061 5242 co-
2169 5208 2267 5249 nec
2290 5193 2427 5249 bona
2469 5195 2535 5249 ad
2563 5212 2661 5253 nos
2689 5199 3079 5267 pertinenthac
3107 5204 3343 5274 ratione,
3392 5224 3501 5265 nec
3531 5210 3773 5265 mala:et

471 5268 733 5338 gitatioue
778 5269 1063 5327 laudantes
1094 5290 1108 5326 :
1142 5289 1240 5328 nos
1297 5274 1347 5328 in
1393 5274 1507 5344 ipsa
1538 5274 1678 5330 forte
1718 5276 1963 5333 Ecclesia
1992 5280 2062 5337 de
2162 5288 2241 5343 sic
2270 5288 2394 5357 erit,
2420 5297 2481 5342 ut
2508 5305 2609 5345 nec
2638 5291 2793 5361 culpa
2827 5308 3038 5364 pmnam
3083 5296 3297 5361 haheat,
3328 5268 3442 5355 nec
3493 5301 3771 5357 benefacta

461 5356 773 5415 ῖυτθηεῖδυε
813 5360 1106 5417 επιυηιηίίδ
1143 5364 1480 5435 cogitamus;
1530 5375 1586 5420 Ol
1634 5381 1757 5421 cum
1804 5370 2053 5426 omnibus
2160 5356 2468 5435 laudentur.
2487 5379 2592 5437 Sed
2622 5383 2687 5437 ad
2713 5356 3568 5458 ltrcc'responditApostolus:Si
3596 5396 3771 5458 itaest,

437 5453 743 5524 'aaqualiter
797 5452 933 5524 legis
986 5452 1108 5508 data
1140 5455 1209 5511 sit
1236 5457 1431 5527 gratia,
1460 5457 1735 5528 gehenna,
1780 5475 1876 5516 seu
1925 5465 2053 5521 caeli
2160 5472 2417 5544 quomodo
2441 5470 2583 5530 Deus
2602 5477 2863 5548 judicabit
2886 5452 3021 5535 hunc
3051 5452 3296 5537 mundum
3322 5483 3343 5554 (
3369 5483 3536 5542 Rom.
3573 5502 3655 5554 nt,
3678 5452 3774 5556 (Di

458 5560 623 5617 regna
640 5547 907 5618 promissa
939 5548 1068 5612 sint,
1097 5548 1272 5605 aliide
1301 5548 1526 5618 divitiis,
1558 5550 1648 5606 alii
1669 5552 1736 5608 de
1758 5553 2049 5615 virtutibus
2157 5562 2360 5619 Deinde
2384 5564 2430 5619 si
2458 5547 2786 5640 paucos[Al.
2816 5579 2947 5625 tacet
2963 5571 3183 5642 paucos]
3210 5547 3351 5645 quos
3380 5575 3526 5630 dicis
3541 5547 3765 5643 electos,

461 5638 811 5697 meditantur.
835 5639 1075 5715 Cumque
1095 5640 1298 5698 dictum
1320 5645 1389 5698 sit
1409 5646 1736 5716 generaliter
1761 5651 2043 5709 omnibus:
2154 5657 2302 5711 solos
2331 5665 2548 5713 sanctos
2602 5638 2879 5716 existimas
2908 5680 2921 5718 :
2951 5638 3040 5734 qui
3094 5638 3266 5721 vocaii
3315 5676 3473 5734 sunt,
3512 5638 3772 5740 reprohos

458 5728 736 5795 Dominum
791 5734 960 5796 Deum
990 5748 1160 5821 .tuum
1203 5738 1464 5810 adorabis,
1506 5750 1552 5798 et
1595 5741 1675 5798 illi
1715 5743 1813 5799 soli
1861 5748 2046 5807 servies
2092 5790 2095 5793 ι
2148 5750 2317 5821 dicis,
2371 5753 2640 5825 quomodo
2696 5756 2836 5815 idem
2888 5728 3167 5835 apostolus
3206 5761 3415 5821 Paulus
3458 5728 3515 5822 in
3575 5728 3771 5841 episto-

2209 1306 2313 1352 est.
2340 1295 2463 1351 Non
2494 1298 2612 1351 estis
2640 1298 2813 1362 vestri,
2844 1296 2977 1353 dicit
2997 1298 3320 1369 Apostolus:
3344 1299 3498 1371 empti
3512 1300 3636 1355 enim
3655 1302 3755 1356 estis

2208 1392 2371 1465 pretio
2394 1409 2577 1465 magno
2601 1411 2620 1445 :
2641 1392 2932 1464 gloriﬁcate
2972 1403 3019 1448 et
3047 1402 3247 1467 portate
3273 1391 3437 1449 Deum
3471 1396 3523 1449 in
3571 1412 3756 1468 corpore

2209 1495 2376 1539 vestro
2395 1483 2579 1554 (υἱον.
2608 1500 2684 1553 γι,
2712 1484 2801 1550 19,
2828 1483 2944 1558 29).
2975 1484 3289 1545 Clementer
3317 1485 3543 1557 Spiritus
3569 1498 3757 1544 sanctus
