3916 6288
226 345 282 403 lli
935 335 1269 395 EPISTOLA
1306 336 1421 395 Vll.
1461 340 1553 395 AD
1592 334 1891 407 AMICUM,
1933 337 2023 395 DE
2066 338 2295 397 DIVINA
2334 338 2539 399 LEGE.

3277 345 3384 403 H4

216 464 326 519 larum
343 467 520 513 suarum
548 450 829 525 principiis
859 462 1065 508 vocatos
1090 461 1295 509 sanctos
1324 461 1502 518 vocat,
1545 451 1685 507 sicut
1712 451 1767 514 Α
1790 448 1915 506 licta
1932 451 2213 507 hominum
2238 452 2371 508 facta
2400 452 2730 509 referuntur.
2759 453 2828 511 Et
2847 453 3102 528 apostoli,
3124 454 3215 528 qui
3235 454 3380 512 hunc

219 555 250 609 in
264 549 388 605 fronte
400 545 578 602 codicis
595 544 661 599 ad
684 543 960 600 Romanos
983 544 1241 615 loquitur,
1263 544 1475 601 dicens:
1497 543 1680 599 Omni-

220 646 275 698 ιιι
293 640 353 712 qui
387 646 489 693 sunt
531 637 708 693 Romae
749 637 805 691 in
855 638 1106 692 charitale
1136 636 1231 691 Dei
1258 637 1447 692 vocatis
1488 637 1681 691 sanctis

223 739 324 812 (ﬁeri.
340 750 367 800 ι,
392 734 457 804 8).
479 732 531 788 Si
553 747 648 803 pro
672 733 855 803 paucis
869 747 1061 804 passus
1085 742 1170 789 est
1188 730 1457 798 Christus,
1474 732 1681 803 justum

222 825 474 899 estatpauci
501 824 744 881 mandata
783 825 984 881 Christi
1005 826 1333 881 custodiant.
1390 825 1446 882 Si
1497 832 1679 881 autem

220 923 403 979 indiscrete
424 933 598 973 omnes
624 916 717 989 qui
746 916 1039 983 credimus,
1070 925 1469 973 sacramentum
1500 917 1551 972 in
1588 918 1681 972 ha-

215 1018 335 1089 ptisana
359 1011 591 1085 passionis
620 1012 920 1083 accipimus
954 1029 967 1065 :
996 1012 1042 1067 si
1071 1025 1261 1067 omnes
1287 1012 1568 1082 aqualiter
1597 1026 1685 1066 re-

212 1107 415 1163 nuntiamus
438 1104 649 1160 diabolo
675 1113 731 1160 et
760 1104 1053 1161 mundozsi
1082 1105 1336 1160 omnibus
1362 1104 1506 1160 haud
1535 1115 1684 1159 recte

211 1199 413 1256 viventibus
434 1197 689 1268 gehenna
720 1212 879 1268 poena
909 1197 1277 1267 promittitur:
1303 1212 1492 1252 omnes
1513 1196 1682 1252 debe-

210 1289 433 1346 museadem
459 1288 733 1361 diligentia
757 1298 813 1344 et
841 1304 1034 1345 cavere
1062 1288 1349 1359 prohibita,
1378 1298 1433 1344 et
1460 1288 1685 1358 explere

214 1394 399 1454 ματερία.
424 1381 629 1438 Scimus
649 1380 868 1451 quidem
907 1382 1108 1437 multas
1137 1394 1260 1437 esse
1288 1380 1428 1452 apud
1466 1380 1684 1436 Patrem

215 1475 488 1532 inrelestibus
537 1475 856 1531 mansiones
884 1474 903 1549 (
930 1474 1089 1530 Joan.
1120 1475 1345 1547 stv,2).
1380 1474 1485 1532 Sed
1533 1488 1686 1530 man-

214 1569 530 1639 s'amjustitia
556 1568 818 1639 iustiores
848 1568 1156 1625 mansiones
1183 1568 1440 1624 dill'erre:
1470 1569 1607 1623 sicut
1631 1578 1687 1624 et

209 1666 337 1719 stellam
358 1663 508 1733 stella,
537 1663 681 1719 dixit
705 1663 1018 1732 Apostolus,
1070 1678 1192 1719 esse
1220 1661 1527 1718 clariorem.
1577 1660 1686 1718 Sed

206 1759 338 1812 stellam
357 1771 456 1813 cum
492 1757 674 1827 stella,
719 1772 825 1811 non
866 1755 1102 1829 lapidem
1148 1756 1528 1826 comparavit;
1560 1755 1685 1826 quia

1786 543 2114 600 horrendum
2158 544 2300 600 diem
2345 544 2531 615 impiis
2572 554 2627 600 et
2669 548 3048 617 peccatoribus
3077 547 3379 620 pravidcre

1786 646 2128 703 meruerunt,
2159 637 2393 693 humiles
2430 647 2605 706 erant,
2630 647 2879 696 mortuos
2921 641 3289 697 suscitantes:
3322 651 3378 698 ct

1787 742 1886 784 nos
1923 742 2086 800 supra
2128 743 2318 784 omnes
2360 728 2635 800 erigimur,
2680 732 2770 802 qui
2810 733 3090 803 peccando
3129 733 3377 804 quotidie

1787 823 2148 891 nosmetipsos
2171 821 2490 888 occidimus,
2519 838 2628 878 non
2650 826 3007 894 reSpicientes
3026 826 3079 882 in
3103 827 3261 883 nobis
3282 828 3379 883 lle-

1788 915 1952 971 hilem
2000 915 2377 986 inlirmamque
2419 926 2690 985 naturam,
2730 934 2853 989 qua
2893 935 2992 977 nec
3034 920 3088 976 in
3137 921 3382 976 adversis

1788 1006 1944 1062 fortis
1974 1017 2053 1062 est
2073 1049 2087 1073 ,
2116 1022 2217 1063 nec
2247 1008 2301 1063 in
2334 1010 2613 1080 prosperis
2643 1010 2935 1082 aliquando
2964 1028 3175 1070 secura.
3207 1015 3263 1070 Si
3289 1014 3377 1069 in-

1788 1108 2084 1171 temperata
2125 1101 2280 1157 cibus
2301 1112 2569 1174 sumptus,
2593 1115 2687 1160 aut
2713 1105 3073 1163 immoderate
3102 1117 3260 1178 potus
3287 1123 3381 1162 ac-

1787 1208 1998 1268 ceptus,
2032 1197 2206 1255 levem
2237 1201 2451 1269 corpori
2481 1199 2802 1257 febriculam
2850 1201 3161 1269 concitarit,
3191 1203 3381 1272 dejici-

1788 1307 1910 1347 mus
1936 1292 2199 1360 animum,
2244 1292 2556 1364 affligimur,
2599 1295 2941 1366 suspiramus
2987 1313 3001 1350 :
3050 1297 3200 1353 nulla
3244 1313 3377 1353 cura

1789 1391 1922 1440 tunc
1943 1394 2026 1440 est
2054 1384 2260 1455 sacnli,
2294 1386 2443 1442 nulla
2480 1387 2732 1445 villarum
2761 1406 2776 1440 :
2806 1404 2969 1445 nemo
3009 1389 3079 1446 de
3116 1390 3381 1463 patrimo-

1790 1479 1880 1532 nio
1901 1477 2125 1550 cogitat,
2154 1494 2314 1535 nemo
2336 1479 2406 1534 de
2435 1478 2555 1535 foro
2589 1499 2603 1536 :
2636 1496 2829 1538 omnes
2848 1480 3158 1549 calumnia,
3198 1483 3379 1538 omnia

1789 1568 1939 1625 lucra
1968 1571 2019 1625 in
2045 1571 2301 1642 periculis
2322 1572 2574 1643 corporis
2593 1573 3016 1645 conquiescunt.
3042 1572 3292 1629 Curritnr
3312 1573 3381 1628 ad

1790 1661 2050 1731 medicos,
2082 1670 2136 1718 et
2166 1677 2262 1733 pro
2301 1663 2547 1720 remedio
2575 1665 2781 1721 carnali
2811 1665 3208 1736 promittuntur
3247 1681 3381 1721 mu-

1791 1768 1943 1823 nera,
1977 1767 2189 1820 aurum,
2222 1766 2508 1828 argentum
2545 1776 2556 1810 :
2591 1757 2862 1814 interdum
2899 1758 3062 1815 etiam
3109 1759 3382 1830 mancipia

206 1860 364 1905 terrenus
383 1849 500 1920 lapis
520 1848 669 1904 inter
694 1849 945 1904 caelestes
962 1847 1148 1903 stellas
1168 1862 1288 1904 esse
1316 1863 1426 1902 non
1444 1856 1683 1917 poterat:
1718 1853 1765 1915 Β
1794 1845 2102 1913 traduntur,
2134 1860 2188 1904 et
2214 1864 2354 1919 pene
2386 1851 2992 1933 totumppatrimonium,
3022 1859 3116 1907 aut
3156 1852 3383 1924 negligi-

207 1945 382 1999 sietttaec
400 1951 642 2014 peccator
697 1943 838 1999 inter
879 1943 1054 2013 justas
1091 1944 1145 1998 in
1191 1958 1359 2014 regno
1404 1942 1686 1999 calorum.

206 2038 271 2091 Sui
286 2047 370 2092 suat
392 2037 601 2109 quidam
627 2036 828 2108 gradus
853 2036 1041 2108 gloria
1070 2035 1212 2092 inter
1236 2036 1415 2106 justos
1436 2035 1489 2090 in
1511 2036 1688 2092 calo:

214 2130 495 2201 rientetzinter
532 2139 852 2200 peccatores
902 2128 1104 2200 gradus
1144 2143 1317 2200 pana
1348 2145 1361 2180 :
1396 2126 1503 2184 Sed
1551 2126 1693 2183 sicut

212 2222 271 2275 alia
287 2223 481 2293 eam,qui
507 2221 738 2279 fratrem
769 2222 976 2277 fatuum
1017 2220 1238 2287 dixerit,
1278 2220 1382 2276 alia
1431 2235 1555 2275 eum
1597 2217 1691 2290 qui

207 2313 315 2380 ﬂdll,
335 2324 574 2370 tormenta
625 2314 989 2370 cruciabunt:
1024 2313 1094 2369 ita
1148 2312 1284 2368 etin
1338 2326 1529 2383 regno,
1584 2311 1691 2367 alia

200 2404 341 2460 Paulum
362 2406 677 2477 apostolum,
698 2406 791 2478 qui
810 2417 874 2461 ut
894 2406 1032 2461 alios
1060 2404 1241 2461 salvos
1261 2404 1485 2471 faceret,
1509 2403 1691 2460 omnia

196 2497 360 2555 omnibus
382 2498 541 2556 iactus
570 2508 661 2557 est
690 2517 709 2560 :
738 2499 843 2555 alia
884 2514 1032 2569 eum,
1065 2498 1163 2569 qui
1189 2512 1249 2553 se
1279 2497 1375 2552 vix
1422 2496 1693 2554 adiﬁcare

193 2591 318 2659 potuit,
343 2591 512 2648 laicutn
539 2592 716 2664 gloria
747 2591 1005 2648 manebit.
1059 2589 1169 2647 Sed
1198 2590 1404 2646 utinam
1453 2604 1688 2646 consen-

191 2683 273 2737 tiam
286 2698 446 2754 paucos
462 2700 608 2754 esse,
627 2685 719 2757 qui
744 2684 839 2740 Dei
868 2684 1120 2741 mandata
1144 2682 1481 2740 custodiant:
1501 2699 1689 2739 verum

188 2778 313 2845 timeo,
337 2780 443 2850 quia
479 2780 637 2851 pauci
663 2787 810 2846 sunt,
836 2777 929 2850 qui
961 2778 1055 2833 Dei
1080 2776 1306 2834 credant
1355 2775 1414 2832 in
1461 2775 1692 2832 veritate

188 2868 392 2936 judicium.
418 2870 554 2929 Ecce
584 2871 635 2928 si
661 2871 910 2928 umbrato
952 2879 1179 2942 repente
1222 2867 1292 2925 de
1344 2867 1505 2934 calo,
1559 2867 1691 2924 solis

182 2960 339 3017 claritas
374 2963 563 3020 nostris
616 2961 925 3035 aspectibus
962 2961 1283 3033 denegetur,
1331 2966 1387 3016 et
1414 2957 1693 3031 productis

185 3054 218 3108 in
238 3063 432 3112 nostram
460 3058 822 3114 humilitatem
847 3056 1102 3123 nubibus,
1161 3054 1354 3126 pluvia
1401 3054 1561 3111 terris
1590 3053 1693 3110 im-

181 3150 355 3210 mineant
379 3173 390 3207 :
411 3155 451 3210 si
479 3152 772 3209 commotis
797 3159 855 3207 ut
881 3151 1086 3209 assolet
1105 3150 1409 3217 elementis,
1436 3150 1490 3205 in
1516 3157 1690 3206 rotam

1792 1948 1901 2009 tur,
1934 1949 2028 1996 aut
2049 1942 2311 2009 donatur,
2343 1950 2405 1997 ut
2431 1944 2745 1999 consulatur
2766 1943 2889 2000 vita
2910 1944 3240 2017 quandoque
3260 1960 3384 2016 per-

1793 2033 1947 2088 iturae
1977 2051 1991 2087 :
2020 2043 2074 2090 et
2102 2051 2202 2106 pro
2233 2044 2439 2091 aeterna
2468 2036 2645 2092 salute
2689 2038 2869 2093 omnis
2896 2036 3190 2094 admodum
3220 2037 3386 2093 homo

1792 2126 2071 2196 negligens
2120 2136 2223 2194 est,
2257 2128 2434 2182 omnis
2476 2142 2669 2185 avarus
2707 2147 2719 2183 :
2751 2129 2864 2187 illic
2896 2131 3074 2186 omnis
3102 2130 3384 2201 frugalitas

1791 2220 2086 2291 largitoris,
2117 2219 2283 2275 animi
2306 2222 2602 2278 tenacitate
2630 2222 3038 2294 constringitur,
3077 2223 3169 2279 ubi
3200 2238 3383 2293 prom-

1792 2313 1937 2383 ptior
1964 2314 2213 2370 voluntas
2241 2324 2297 2370 et
2324 2314 2598 2386 ecpiosior
2635 2316 2857 2388 largitas
2883 2316 3114 2373 deberet
3141 2318 3381 2389 operari.

1794 2405 1862 2460 Et
1883 2422 2005 2461 cum
2028 2406 2308 2477 Scriptura
2334 2408 2481 2465 dicat
2511 2427 2525 2464 :
2558 2409 2738 2465 Nolite
2759 2408 2978 2483 diligere
2998 2410 3268 2480 artandum,
3293 2428 3383 2465 ne-

1792 2514 1890 2568 que
1913 2513 1977 2552 ea
1999 2515 2112 2571 qua:
2139 2499 2196 2553 in
2236 2501 2428 2555 mundo
2465 2511 2585 2557 sunt
2611 2500 2633 2571 (
2658 2501 2854 2558 lJoan.
2887 2518 2947 2571 ιι,
2978 2502 3086 2576 15)
3119 2521 3131 2557 :
3159 2517 3258 2558 nos
3303 2505 3385 2560 sic

1793 2589 2062 2646 mundana
2092 2593 2552 2663 concupiscimus,
2581 2593 2662 2650 sic
2688 2610 2955 2663 amamus,
2988 2594 3144 2667 quasi
3173 2595 3380 2666 aliquid

1794 2690 2077 2739 nascentes
2100 2682 2444 2741 intulerimus
2473 2685 2527 2741 in
2554 2686 2836 2753 saculum,
2860 2694 2955 2743 aut
2973 2685 3292 2743 recedentes
3313 2686 3384 2743 de

1793 2776 1993 2833 sacculo
2024 2776 2306 2834 nobiscum
2337 2776 2551 2835 auferre
2582 2778 2876 2850 possimus.
2912 2777 3087 2836 Nemo
3108 2777 3175 2833 ad
3206 2780 3384 2835 brevi-

1794 2876 1962 2925 tatem
1992 2873 2277 2941 temporis,
2323 2885 2488 2927 nemo
2518 2869 2586 2927 ad
2605 2880 2813 2928 natura
2854 2871 3079 2942 respicit
3116 2871 3385 2927 conditio-

1794 2975 1941 3030 nem,
1976 2976 2136 3017 nemo
2182 2961 2520 3029 considerat,
2571 2977 2732 3019 nemo
2778 2972 3038 3020 retrectat
3073 2978 3211 3019 vana
3260 2976 3383 3020 esse

1794 3055 2001 3125 omnia,
2033 3071 2154 3127 qua
2180 3055 2365 3129 aliquo
2393 3056 2501 3114 line
2521 3055 2864 3114 clauduntur.
2899 3056 2956 3114 Si
2985 3066 3170 3113 autem
3199 3054 3380 3112 conti-

1794 3148 1956 3220 gerit,
1981 3156 2043 3203 ut
2068 3148 2212 3204 inter
2234 3156 2465 3205 cateros
2485 3148 2803 3220 languidum
2830 3148 3136 3215 visitantes,
3154 3158 3248 3203 aut
3270 3148 3383 3204 cle—

182 3242 409 3301 saicurrus
437 3246 678 3302 tonitrua
705 3247 1077 3312 concitentur,
1109 3251 1166 3300 et
1193 3241 1321 3299 hinc
1366 3240 1491 3298 inde
1520 3241 1692 3312 iulgo-
1718 3236 1766 3302 C
1797 3242 1965 3308 ricus,
1997 3249 2089 3296 aut
2114 3240 2394 3311 sacerdos,
2439 3251 2532 3297 aut
2557 3242 2721 3298 etiam
2751 3242 2922 3298 laicus
2949 3241 3045 3299 Dei
3067 3256 3258 3299 servus
3279 3241 3381 3297 ad-

179 3339 430 3409 rumjacula
456 3339 733 3411 palpebris
760 3337 1078 3394 terribiliter
1123 3336 1335 3406 objecta
1378 3340 1693 3401 coruscent,

179 3442 428 3502 quamquam
442 3432 491 3487 in
509 3429 906 3489 consuetudine
929 3428 1031 3485 ista
1057 3429 1395 3499 contingant:
1410 3440 1694 3498 pavemus,

176 3526 603 3592 contremiscimus,
632 3534 688 3581 et
712 3524 867 3596 proni
892 3522 961 3580 ad
982 3531 1205 3588 terram,
1234 3521 1479 3593 deposita
1508 3535 1699 3592 super-

178 3613 483 3683 “nutrices
522 3619 919 3676 submittimus.
948 3616 1091 3685 Quid
1117 3616 1373 3673 iaciemus
1400 3615 1454 3671 in
1487 3616 1577 3671 illa
1610 3614 1699 3671 die

177 3706 311 3763 miseri
334 3710 572 3782 :quando
606 3709 859 3767 revoluto
887 3709 1030 3766 coelo
1056 3723 1180 3765 cum
1207 3706 1468 3779 angelicis
1487 3707 1701 3763 virtuti-

179 3795 264 3865 bus,
286 3803 451 3873 igneus
480 3803 740 3861 Dominus
764 3812 907 3860 totus
931 3802 1219 3859 adveniet:
1248 3800 1466 3873 quando
1494 3801 1696 3858 caden-

180 3891 276 3949 ldtus
290 3894 497 3969 desuper
519 3897 717 3961 stellis,
738 3895 822 3952 sol
842 3895 895 3951 in
923 3895 1198 3963 tenebras,
1221 3893 1351 3949 etin
1372 3895 1694 3967 sanguinem

182 3982 267 4041 luna
288 3988 855 4061 mutabitur:quando
907 3998 1120 4045 montes
1170 3987 1309 4043 sicut
1359 4001 1485 4044 cera
1525 3988 1701 4058 lique-

182 4092 315 4137 scant:
341 4085 546 4155 quando
577 4093 725 4141 terra
749 4081 981 4148 ardebit,
1018 4089 1075 4138 et
1101 4090 1349 4137 arescent
1377 4079 1621 4145 ﬂumina.
1648 4090 1705 4137 et

183 4174 301 4229 maria
326 4177 681 4241 siccabuntur,
710 4184 766 4233 et
812 4182 1003 4232 contra
1036 4188 1217 4230 rerum
1249 4182 1521 4241 naturam,
1573 4189 1703 4229 con-

180 4274 343 4335 sumpto
372 4268 626 4325 divinitus
656 4268 903 4334 humore,
946 4265 1252 4322 ariditatem
1280 4265 1335 4321 in
1360 4267 1514 4336 aquis
1566 4265 1706 4337 ignis

180 4358 456 4424 attrahitur:
482 4360 701 4432 quando
729 4366 1044 4431 peccatores
1068 4355 1251 4412 dicent
1271 4356 1543 4412 montibus
1566 4372 1581 4415 :
1611 4355 1705 4413 Ca-

181 4450 251 4507 dit:
267 4470 399 4518 super
416 4472 508 4511 nos
538 4473 558 4511 :
580 4464 628 4511 et
647 4455 886 4521 collibus,
930 4453 1081 4524 legite
1104 4468 1195 4506 nos
1215 4452 1239 4506 ?
1276 4450 1506 4520 Quando
1545 4466 1708 4507 voca-

181 4541 273 4600 bunt
291 4548 515 4605 homines
547 4559 798 4614 mortem,
817 4554 875 4603 et
899 4553 1087 4602 vocata
1122 4561 1228 4601 non
1255 4545 1437 4601 veniet
1458 4544 1703 4617 :quando

1796 3332 2001 3401 veniat,
2032 3343 2252 3404 rogatur
2282 3343 2341 3389 ut
2367 3342 2525 3391 oret:
2558 3342 2614 3390 et
2642 3334 2735 3405 qui
2761 3348 2907 3407 sape
2931 3350 3036 3407 pro
3060 3334 3230 3390 nihilo
3254 3350 3387 3391 con-

1800 3436 2032 3499 temptus
2058 3426 2255 3492 fuerat,
2290 3425 2632 3483 necessitatis
2663 3435 2909 3498 tempore
2934 3428 3295 3501 supplicatur,
3327 3437 3388 3485 ut

1801 3519 2054 3590 precibus
2091 3519 2205 3575 suis
2242 3529 2608 3576 commeatum
2652 3518 2778 3578 vita
2818 3522 3083 3593 longioris
3121 3522 3385 3579 obtineat.

1801 3611 1892 3669 Sic
1918 3626 2079 3667 causa
2104 3611 2459 3679 discriminis,
2484 3628 2607 3683 qua
2634 3613 2812 3670 vicina
2844 3613 3088 3679 timetur,
3118 3614 3250 3671 dum
3290 3615 3387 3671 de-

1799 3712 1984 3774 specta
2020 3704 2311 3776 eliguntur,
2355 3713 2409 3762 et
2451 3706 2691 3777 pretiosa
2720 3706 3017 3777 vilescunt,
3060 3709 3191 3765 vita
3241 3708 3388 3765 illius

1799 3812 1921 3867 qua
1948 3804 2072 3867 post
2113 3805 2345 3853 mortem
2381 3799 2706 3868 permutatio
2735 3798 2996 3872 ﬁguratur
3023 3817 3037 3855 :
3072 3801 3161 3857 ubi
3190 3801 3300 3871 jam
3331 3811 3387 3857 et

1802 3888 2041 3946 Lazarus
2084 3903 2289 3961 pauper
2325 3890 2587 3961 recipitur
2617 3890 2676 3947 in
2733 3891 2998 3963 requiem,
3047 3901 3104 3950 et
3140 3893 3293 3949 dives
3336 3895 3389 3951 in

1804 3979 1906 4036 hac
1935 3980 2044 4036 vita
2086 3995 2379 4053 pomposus
2417 3983 2607 4039 vexari
2645 3983 2815 4040 fertur
2840 3983 2896 4041 in
2938 3986 3132 4056 panis.
3167 3986 3385 4043 Etcum

1801 4075 1883 4131 sic
1906 4075 2186 4141 Dominus,
2205 4088 2300 4131 aut
2318 4085 2628 4132 sanctorum
2652 4088 2831 4134 motus
2846 4080 3104 4148 oraculis,
3124 4090 3218 4138 aut
3236 4097 3392 4140 crea-

1804 4176 1940 4227 tura
1959 4184 2074 4226 sua
2094 4170 2386 4241 beneﬁcio,
2410 4181 2506 4228 aut
2525 4174 2722 4231 medici
2751 4185 2870 4233 arte
2900 4176 3151 4235 conferta
3174 4181 3403 4247 miser.

1802 4264 1987 4321 cordia
2016 4264 2267 4321 restituat
2286 4265 2600 4335 sanitatem,
2616 4268 2723 4324 cito
2743 4269 3064 4327 succedente
3088 4271 3385 4340 oblivione,

1803 4359 1859 4415 in
1883 4358 2222 4415 contrarium
2244 4360 2428 4416 omnia
2450 4370 2852 4433 permutantur.
2871 4363 3061 4420 Timor
3080 4364 3135 4420 in
3153 4365 3395 4421 insolen-

1805 4451 1959 4518 tiam,
1987 4452 2160 4524 gratia
2188 4452 2420 4510 vertitur
2458 4454 2513 4510 in
2539 4462 2909 4526 contemptum
2942 4472 2958 4510 :
2987 4464 3045 4513 et
3071 4457 3227 4529 quasi
3260 4459 3395 4514 nihil

1807 4560 2062 4618 umquam
2109 4545 2438 4603 incommodi
2484 4546 2836 4616 senserimus,
2883 4556 2977 4605 aut
3013 4550 3103 4619 qui
3151 4552 3395 4608 revocari

181 4633 428 4699 discrimina
445 4650 724 4700 vertentur
751 4640 806 4696 in
835 4647 982 4705 vota,
997 4647 1052 4695 et
1076 4636 1221 4710 quod
1238 4652 1454 4709 semper
1474 4637 1707 4694 oderunt
1731 4627 1786 4690 D
1808 4654 1999 4696 rursus
2019 4639 2087 4696 ad
2113 4641 2237 4697 talia
2268 4654 2618 4713 nequeamus,
2641 4642 2990 4709 rebellamus,
3019 4642 3313 4714 efferimur,
3338 4654 3397 4702 et

182 4727 397 4801 homines,
452 4730 1129 4807 concupisceutzquando
1192 4729 1325 4786 illud
1392 4730 1706 4801 implebitur

182 4830 356 4899 tempus,
384 4831 518 4903 quod
550 4830 760 4904 lugubri
788 4826 1056 4885 Jeremias
1085 4823 1327 4897 pradicit
1356 4824 1587 4893 aﬂ‘ectu,
1621 4826 1705 4881 di-

184 4931 304 4976 uus:
328 4923 540 4997 Respexi
562 4925 618 4978 in
644 4933 831 4979 terram
854 4932 934 4977 :et
962 4936 1075 4974 ecce
1099 4936 1204 4975 non
1233 4928 1377 4973 erant
1404 4919 1703 4974 Iuntinaria.

195 5006 275 5065 Vidi
294 5027 488 5083 mutes,
519 5026 572 5071 et
598 5032 710 5072 ecce
730 5023 878 5070 eratet
905 5022 1191 5079 trementes,
1224 5021 1272 5068 et
1298 5013 1525 5068 universi
1552 5014 1708 5068 colles

189 5104 343 5160 turbati.
374 5106 578 5163 Intendi
600 5110 784 5175 aciem,
815 5115 860 5162 et
873 5122 986 5161 ecce
1014 5121 1117 5160 non
1136 5113 1245 5160 erat
1268 5105 1504 5171 homo,et
1535 5122 1709 5160 omnes

191 5194 361 5255 tolleres
395 5201 507 5256 caeli
543 5203 812 5272 pavebant.
849 5199 1002 5267 Vidi,
1030 5207 1079 5255 et
1106 5215 1221 5254 ecce
1255 5197 1522 5254 Carmelus
1541 5200 1713 5255 deser-

190 5297 321 5355 ni,“
353 5312 520 5352 omnes
557 5296 783 5351 civitates
820 5309 1079 5350 succensa:
1108 5292 1268 5364 ignia
1307 5293 1438 5363 facie
1476 5290 1709 5361 Domini,

195 5390 223 5430 α
243 5399 265 5435 ι
288 5386 398 5455 {acie
422 5390 510 5444 ira:
528 5389 901 5462 indignationis
936 5388 1049 5459 ejus
1067 5394 1146 5442 :et
1159 5385 1461 5440 interierunt
1481 5386 1715 5441 universa

196 5473 308 5535 Her.
336 5498 454 5539 sant
480 5489 522 5553 ).

244 5564 349 5627 illi.
378 5572 572 5633 Verum
600 5593 664 5635 ne
685 5594 753 5635 ex
772 5576 1121 5651 suggestione
1140 5574 1341 5631 diaboli
1372 5574 1486 5630 hac
1509 5575 1574 5630 ad
1604 5584 1713 5631 ter-

200 5671 343 5731 ηταη.
373 5684 472 5727 non
497 5671 569 5727 ad
597 5673 877 5730 veritatem
908 5669 1052 5727 dicta
1082 5669 1457 5736 crederentur,
1481 5668 1548 5725 dc
1579 5685 1715 5738 pra-

206 5754 326 5812 luitis
358 5760 523 5821 futura
549 5767 866 5838 probantur,
899 5764 1115 5837 quando
1143 5762 1269 5818 talia
1312 5762 1365 5818 in
1400 5761 1625 5830 diluvio,
1662 5762 1716 5815 in

205 5840 412 5921 δωσιίι,
458 5858 510 5915 in
563 5856 820 5933 Egypto,
862 5858 919 5917 in
960 5854 1313 5926 Jerosolymis
1339 5868 1485 5927 sape
1525 5856 1595 5913 ob
1624 5854 1717 5914 dc-

1810 4746 2127 4788 concessum
2147 4732 2214 4788 ad
2240 4732 2612 4804 pauitantiam
2633 4733 2759 4789 vita:
2780 4735 3015 4806 spatium
3044 4736 3390 4808 negligimus,

1811 4839 1911 4882 nec
1936 4824 2247 4896 panitendo
2291 4823 2519 4896 pristina
2556 4824 2815 4901 lacrymis
2852 4836 3072 4899 peccata
3116 4828 3395 4893 diluimus,

1812 4917 1908 4973 sed
1947 4928 2168 4987 peccata
2216 4932 2323 4973 non
2359 4916 2674 4988 paenitendo
2728 4920 3079 4976 cumulamus.
3130 4919 3398 4992 Legamus

1814 5008 2002 5065 Isaiam
2013 5008 2329 5081 prophetam
2345 5009 2395 5083 (1
2402 5028 2484 5066 sa.
2497 5026 2720 5078 xxsvnr,
2736 5011 2815 5084 4),
2828 5021 2884 5067 et
2896 5013 3261 5070 necessarium
3276 5014 3404 5072 Eze-

1812 5103 1950 5159 chia
1973 5103 2119 5173 regis
2146 5112 2330 5174 aptum
2362 5104 2486 5160 huic
2507 5120 2684 5160 causa
2714 5119 3019 5175 quaramus
3045 5108 3352 5179 exemplum
3382 5126 3397 5164 :

1813 5197 1901 5253 cui
1930 5196 2196 5253 morituro
2240 5197 2366 5253 anni
2416 5196 2724 5269 quindecim
2762 5197 2831 5253 ad
2869 5198 3205 5270 superiorem
3233 5202 3399 5258 vitam

1815 5292 2048 5363 propriis
2092 5291 2342 5361 ﬂetibus,
2394 5300 2450 5349 et
2491 5292 2770 5365 propheta
2817 5294 3071 5363 precibus
3113 5305 3397 5366 augentur.

1816 5386 2027 5457 Quique
2066 5394 2285 5456 accepta
2326 5384 2463 5441 tanti
2490 5385 2730 5441 muneris
2765 5387 2959 5457 gratia,
3000 5402 3108 5443 non
3146 5387 3401 5459 peccatis,

1816 5495 1923 5536 non
1967 5480 2351 5551 voluptatibus,
2391 5493 2499 5536 non
2528 5479 2758 5545 deliciis,
2800 5480 2897 5537 sed
2927 5481 3031 5537 soli
3065 5479 3295 5537 Domino
3323 5480 3406 5536 in-

1814 5573 2025 5629 dultum
2055 5575 2177 5629 vita
2203 5574 2458 5645 spatium,
2488 5571 2702 5630 humilis
2727 5580 2784 5629 et
2808 5581 3027 5631 sanctus
3058 5572 3323 5631 exhibuit.

1885 5666 1979 5723 1X.
2016 5664 2234 5731 Verum,
2267 5665 2389 5737 quia
2435 5664 2554 5733 tibi,
2596 5666 2925 5724 honorabilis
2960 5676 3016 5723 et
3052 5665 3401 5726 dilectissime

1822 5774 2036 5831 parens,
2066 5774 2161 5830 per
2181 5774 2376 5816 novam
2404 5759 2630 5832 gratiam
2653 5761 2828 5816 omnis
2852 5761 3213 5831 lacrymarum
3238 5776 3401 5818 causa

1820 5851 2031 5913 detersa
2064 5860 2171 5925 est,
2206 5867 2324 5925 age,
2351 5867 2503 5922 cavc,
2534 5867 2713 5922 curre,
2745 5852 2955 5911 festina.
2983 5851 3118 5927 Age,
3142 5855 3281 5915 utin
3303 5855 3414 5929 spi«
3447 5866 3451 5869 '
