3916 6288
502 316 606 375 Ηὸ

1541 308 1601 367 S.
1644 305 2039 365 HIERONYMI‘
2066 304 2351 365 OPERUM
2388 307 2782 367 MANTISSA.’

3640 318 3733 376 HO

499 431 798 487 ritualitate
830 428 1099 501 prolicias.
1127 424 1291 491 Cave,
1320 437 1391 479 ne
1411 422 1554 495 quod
1580 422 1838 492 accepisti
1864 422 2093 487 bonum;
2116 421 2168 483 Α
2194 420 2400 478 credidi
2430 422 2795 481 subnectenda
2826 438 2841 477 :
2870 422 3045 480 donec
3079 422 3145 480 de
3174 427 3410 491 caeteris,
3436 439 3547 498 quas
3573 439 3621 484 ut
3658 447 3727 487 as-

503 523 752 579 inrautus
790 532 846 579 et
873 520 1151 591 negligens
1176 525 1360 573 custos
1388 516 1623 570 amittas.
1664 514 1857 579 Curre,
1893 523 1953 568 ut
1983 520 2097 566 noni

502 617 762 688 negligas.
806 613 1045 679 Festina,
1082 617 1141 664 nt
1174 610 1405 665 celerius
1432 606 1877 678 comprehendas.
1908 604 2090 675 Siqui—

503 711 626 766 dem
654 708 853 763 Paulus
890 706 999 777 iam
1031 702 1233 760 Christi
1267 711 1512 758 catenam
1551 716 1649 771 pro
1676 698 1957 770 Evangelii
1990 714 2092 753 an-

502 803 839 858 nuntiatione
886 798 1305 863 circumferens,
1346 794 1583 851 nondum
1630 809 1689 850 se
1730 792 2093 864 comprehen-

498 896 648 950 disse
667 892 879 947 diccbat
902 894 918 956 ς
930 888 1071 943 Phil.
1096 905 1175 958 Ill,
1202 889 1322 959 1⁵5),
1346 887 1596 959 quamvis
1624 886 1757 940 hora
1786 886 1962 953 sexta,
1987 885 2092 940 hoc

498 995 581 1041 est
608 984 781 1039 media
820 991 980 1036 aetate
1022 981 1237 1036 Domini
1277 981 1492 1035 vineam
1534 987 1884 1050 operaturus,
1934 977 2093 1048 quasi

504 1075 742 1133 fervidus
769 1073 949 1144 opifex
976 1072 1262 1142 etttidelis,
1308 1072 1547 1127 aliorum
1579 1071 1793 1141 longam
1840 1068 2091 1125 dubietaé

500 1182 607 1225 tem
635 1168 1059 1239 languidumque
1108 1166 1357 1221 vinceret
1390 1175 1657 1236 teporem.
1702 1164 1845 1219 Dum
1877 1174 2092 1232 tempus

500 1262 785 1325 habemus,
820 1260 1150 1315 seminemns
1178 1259 1231 1313 in
1256 1257 1473 1328 spiritu,
1506 1264 1565 1311 ut
1590 1271 1822 1313 messem
1852 1257 1903 1312 in
1933 1256 2092 1326 spiri-

495 1355 728 1412 tualibus
751 1355 1087 1424 colligamus.
1112 1352 1223 1408 Nec
1249 1352 1590 1407 attendamus
1613 1350 1678 1406 ad
1704 1351 1892 1423 paleas
1916 1366 1931 1403 :
1955 1362 2092 1420 quas

494 1448 855 1503 ventilabrum
882 1445 1081 1501 Christi
1110 1447 1375 1501 continuo
1405 1443 1679 1515 separabit
1705 1459 1736 1499 a
1761 1444 1967 1506 tritico.
1996 1443 2093 1497 doc

500 1555 602 1596 nec
629 1541 720 1610 qui
748 1549 1009 1593 venturus
1038 1546 1124 1594 est
1152 1538 1358 1594 veniat.
1398 1538 1469 1593 Et
1495 1538 1646 1608 iuxta
1678 1536 1963 1607 Propheta:
1992 1552 2089 1591 va-

500 1634 743 1689 ticinium
771 1633 1112 1688 discernatur
1141 1632 1281 1687 inter
1304 1632 1509 1702 justum
1537 1641 1591 1685 et
1616 1629 1899 1701 injustam,
1928 1639 1985 1686 et
2012 1630 2093 1685 in-

499 1736 582 1781 ter
607 1724 933 1781 servientem
966 1725 1078 1779 Deo
1103 1726 1161 1779 et
1185 1724 1292 1779 non
1320 1721 1669 1778 servientem.
1706 1721 1856 1777 Sicut
1884 1729 1938 1775 et
1957 1720 2089 1776 alibi

2194 514 2393 581 solent,
2419 524 2475 570 te
2492 526 2735 585 movent,
2766 531 3005 587 pra-sons
3027 516 3074 572 si
3093 515 3321 585 iusseris
3343 534 3455 573 cum
3479 533 3737 590 prasente,

2193 616 2399 659 remota
2455 608 2603 661 omni
2655 607 3017 662 auitnositatis
3064 608 3413 664 contentione
3458 619 3733 676 tractemus,

2193 696 2387 753 Dixisti
2417 698 2584 766 enim,
2618 700 2670 754 ni
2700 698 2880 766 fallor,
2913 700 3014 755 hoc
3037 700 3162 770 jure
3194 711 3248 755 te
3285 702 3421 756 mala
3461 705 3603 759 malis
3632 710 3739 761 τοκι-

2192 794 2344 865 dere,
2388 803 2447 849 etv
2493 808 2621 849 cum
2639 793 2949 863 iurantibus
2992 795 3183 864 iurare
3212 794 3429 865 debere,
3475 798 3606 868 quod
3654 800 3741 856 ali-

2193 887 2406 959 quando
2443 887 2644 957 iuravit
2680 887 2963 955 Dominus,
3015 897 3107 942 aut
3148 888 3288 945 mala
3328 889 3478 944 malis
3514 891 3736 950 restituit.

2192 982 2318 1038 Scio
2348 983 2577 1050 primum
2610 997 2718 1037 non
2743 982 2927 1037 omnia
2950 980 3107 1037 nobis
3129 983 3421 1038 convenire
3442 985 3618 1050 servis,
3639 1002 3747 1056 quas

2195 1076 2422 1132 Domino
2450 1080 2799 1145 Conveniunt,
2826 1094 2893 1133 ne
2914 1078 2967 1132 in
2992 1079 3399 1149 comparatione
3420 1078 3736 1147 famulorum,

2192 1167 2404 1223 Domini
2439 1170 2683 1225 videatur
2708 1170 2920 1240 injuria.
2947 1170 3199 1241 Alioquin
3228 1169 3451 1225 forsitan
3478 1170 3747 1227 reclamare

2193 1260 2512 1331 incipiamus
2538 1279 2551 1316 :
2579 1266 2677 1317 cor
2723 1278 2831 1318 non
2873 1263 2941 1319 de
2964 1263 3287 1334 virginibus,
3317 1264 3410 1319 sed
3438 1264 3503 1319 de
3529 1264 3748 1320 mulieri-

2193 1356 2293 1412 bus
2318 1358 2673 1426 generamur?
2695 1361 2800 1413 Aut
2825 1374 2922 1413 cur
2946 1362 3142 1415 mortui
3174 1359 3349 1416 nostri
3369 1359 3458 1416 die
3478 1361 3626 1416 tertia
3649 1376 3747 1418 non

2191 1450 2523 1521 resurgunt?
2550 1448 2780 1518 Iuravit,
2805 1452 2937 1515 scio,
2964 1460 3110 1523 Saepe
3133 1452 3417 1518 Dominus,
3446 1454 3537 1522 qui
3562 1464 3656 1509 nos
3675 1454 3752 1523 iu-

2192 1554 2313 1596 rare
2338 1541 2631 1611 prohibuit,
2666 1557 2763 1598 nec
2795 1545 2977 1599 statim
3030 1560 3102 1599 ex
3146 1544 3250 1599 hac
3290 1551 3491 1601 temere
3525 1544 3752 1616 blasphe-

2193 1646 2340 1688 mare
2368 1633 2625 1690 debemus
2654 1650 2802 1706 eum,
2835 1634 2927 1707 qui
2953 1636 3093 1692 alios
3125 1637 3359 1693 vetuerit
3390 1636 3532 1707 quod
3568 1637 3672 1706 ipse
3687 1636 3756 1691 fa-

2193 1726 2368 1781 ciebat
2417 1744 2432 1781 :
2484 1728 2608 1799 quia
2663 1729 2766 1784 dici
2816 1730 2977 1785 nobis
3026 1739 3227 1799 potest,
3265 1730 3472 1802 iuravit
3518 1730 3755 1787 Dominus

505 1818 766 1873 Dominus
788 1816 923 1871 dicit
947 1833 959 1869 :
987 1813 1119 1870 Ecce
1152 1816 1245 1888 qui
1273 1815 1503 1870 serviant
1536 1814 1665 1867 mihi
1693 1812 2037 1885 epulabantur
2066 1830 2085 1869 :
2116 1821 2164 1883 Β
2189 1820 2343 1891 quasi
2367 1820 2647 1887 Dominus,
2669 1834 2827 1892 quem
2846 1823 3039 1892 iurare
3060 1838 3220 1880 nemo
3248 1823 3569 1895 prohibebat
3591 1823 3756 1880 :nobis

500 1927 586 1964 vos
615 1924 731 1963 vero
762 1907 1014 1963 esurietis.
1049 1905 1181 1961 Ecce
1208 1907 1297 1977 qui
1329 1906 1555 1961 serviunt
1591 1904 1717 1959 mihi
1747 1902 2083 1970 (relabuntur,

499 2020 589 2057 ros
618 2013 784 2057 autent
806 1999 1241 2057 contristabimini-
1262 1997 1396 2071 (Isa.
1419 2015 1543 2065 va,
1568 2000 1681 2069 i5).
1702 1996 1819 2054 Non
1850 2012 1948 2052 nos
1977 1996 2087 2072 [Αι.

500 2094 620 2169 vos]
654 2096 859 2152 inertes
886 2094 1137 2150 vindicta:
1176 2092 1294 2148 dies
1322 2103 1379 2148 et
1406 2091 1783 2149 retributionis
1813 2088 2086 2155 inveniat,

499 2191 590 2263 qui
620 2191 911 2245 imminens
941 2204 1005 2243 ac
1032 2187 1245 2242 vicinus
1273 2201 1417 2252 esse,
1448 2196 1504 2241 et
1524 2184 1713 2240 smculi
1739 2182 1909 2238 ruinis
1931 2181 2091 2239 undi—

498 2299 604 2355 que
641 2281 1111 2348 concurrentibus,
1159 2289 1215 2335 et
1249 2280 1646 2349 Scripturarum
1689 2275 2089 2332 contestatione

498 2377 776 2446 probatur.
818 2373 1239 2429 Consideremus
1274 2370 1417 2442 quod
1449 2372 1500 2425 in
1531 2371 1631 2425 hac
1676 2378 1819 2424 terra
1848 2368 2091 2437 hospites

498 2484 705 2535 sumus,
749 2476 803 2522 ct
843 2464 1257 2535 peregrinorum
1297 2478 1453 2518 more
1481 2476 1580 2531 pro
1618 2460 1811 2516 diebus
1851 2460 2089 2514 novissi-

502 2561 604 2614 mis
635 2559 962 2612 habitamus.
1016 2554 1124 2610 Vos
1153 2554 1289 2609 enim
1337 2554 1403 2608 de
1448 2552 1547 2608 hoc
1577 2552 1772 2607 mundo
1818 2568 1922 2606 non
1972 2551 2089 2604 estis

503 2653 682 2725 (Joan.
712 2665 811 2718 κν,
836 2648 952 2719 19)‘,
971 2646 1169 2703 dicitur
1189 2646 1367 2702 nobis.
1391 2645 1527 2714 Quid
1549 2659 1679 2715 ergo
1706 2645 1762 2698 in
1784 2644 1957 2698 aliena
1980 2653 2091 2696 sat-

497 2745 741 2816 agimus?
767 2744 893 2815 quid
917 2740 1229 2797 turbamur?
1257 2738 1426 2795 Nemo
1454 2739 1507 2793 in
1549 2736 1808 2793 deteriori
1830 2746 1882 2792 et
1903 2749 2094 2791 extra-

495 2853 596 2893 nea
631 2839 799 2907 patria
835 2835 954 2906 plus
975 2834 1126 2906 eligit
1152 2832 1452 2904 possidere,
1478 2848 1636 2902 quam
1665 2833 1721 2887 in
1755 2846 1875 2887 sua.
1900 2831 1977 2888 De
2006 2830 2091 2887 his

496 2939 705 2984 tantum
725 2926 1145 2983 sollicitudinem
1159 2925 1358 2980 habere
1380 2924 1643 2979 debemus
1663 2933 1945 2988 etcuram,
1968 2936 2087 2994 qua:

499 3023 780 3077 nobiscum
805 3020 1102 3075 transferre
1123 3032 1429 3088 possumus.
1448 3016 1703 3073 Ambiant
1724 3029 1936 3073 terrena
1958 3032 2092 3088 gen-

499 3117 640 3185 tiles,
692 3114 890 3186 quibus
933 3112 1175 3170 caslestia
1216 3127 1320 3166 nou
1366 3110 1651 3166 debentur.
1691 3109 2089 3178 Concupiscant

2192 1912 2343 1982 quasi
2372 1913 2550 1968 servis
2566 1912 2757 1983 iurare
2788 1930 2897 1969 non
2927 1915 3078 1981 licet,
3101 1916 3191 1986 qui
3218 1916 3433 1971 Domini
3463 1915 3629 1971 nostri
3654 1914 3756 1983 lege

2187 2003 2371 2074 iurare
2386 2016 2652 2061 vetamur.
2680 2006 2874 2062 Verum
2893 2023 2962 2063 ne
2980 2008 3035 2063 in
3057 2007 3175 2078 ejus
3196 2008 3453 2079 exemplo
3464 2006 3757 2065 scandalum

2192 2099 2459 2168 patiamur
2483 2117 2496 2154 :
2524 2115 2587 2156 ex
2612 2116 2716 2171 quo
2740 2114 2984 2172 tempore
3000 2101 3188 2173 iurare
3210 2116 3315 2158 nos
3329 2101 3523 2171 noluit,
3550 2100 3759 2171 necipse

2187 2188 2306 2259 jura
2319 2188 2412 2244 vit.
2434 2190 2502 2246 Et
2523 2191 2755 2262 qualiter
2775 2192 2843 2248 de
2858 2193 3152 2263 juramenti
3169 2204 3345 2249 causa
3358 2192 3514 2249 brevi
3530 2207 3760 2249 sermone

2191 2281 2527 2338 satisfactum
2550 2292 2632 2339 est
2657 2302 2670 2338 :
2690 2284 2765 2340 ita
2786 2286 2949 2341 etiam
2973 2285 3039 2341 ad
3060 2284 3314 2343 vindicta:
3338 2286 3619 2357 negotium
3640 2283 3762 2340 hunc

2190 2373 2441 2429 eumdem
2466 2389 2686 2431 sensum
2707 2376 2869 2433 facile
2890 2378 3160 2449 prospicis
3180 2393 3342 2449 posse
3364 2376 3765 2448 snfilcere:quia

2192 2465 2337 2521 aliud
2360 2482 2503 2522 nunc
2521 2479 2730 2537 tempus
2754 2471 2963 2540 gratia},
2989 2470 3172 2542 inquo
3190 2470 3476 2542 plenitudo
3502 2469 3767 2542 perfectio-

2190 2563 2274 2617 nis
2301 2562 2519 2619 advenit
2553 2564 2736 2620 :aliud
2765 2564 2870 2620 fuit
2898 2566 3053 2638 legis,
3084 2566 3230 2622 aliud
3260 2568 3672 2638 prophetarum,
3700 2563 3770 2619 di-

2190 2662 2351 2711 cente
2399 2657 2628 2713 Domino
2681 2676 2696 2712 :
2745 2658 2985 2715 Audistis
3031 2661 3153 2733 quia
3198 2660 3401 2716 dictum
3449 2670 3525 2715 est
3567 2657 3769 2728 antiquis

2192 2748 2408 2821 (Matth.
2433 2766 2485 2819 v,
2509 2751 2625 2822 2i),
2646 2760 2716 2808 ne
2740 2751 3053 2809 occiderent
3084 2770 3100 2809 :
3124 2768 3226 2824 ego
3249 2764 3436 2810 autem
3469 2750 3770 2824 perfectiora

2192 2836 2470 2917 praecipio,
2513 2858 2632 2914 qum
2661 2847 2717 2901 in
2748 2846 2941 2902 ordine
2970 2846 3252 2918 Evangelii
3296 2846 3509 2918 digesta
3541 2860 3641 2901 suo
3669 2846 3771 2899 loco

2190 2938 2364 2994 lector
2394 2940 2651 2996 inveniet.
2673 2940 2759 2996 Ex
2783 2956 2891 3013 quo
2922 2941 3066 2997 enim
3095 2941 3272 2997 Filius
3300 2941 3428 3005 Dei,
3454 2940 3597 2997 ﬁlius
3622 2939 3776 2995 homi-

2192 3031 2276 3085 nis
2312 3033 2484 3087 factus
2533 3043 2660 3088 est:
2701 3049 2767 3088 ex
2818 3049 2926 3104 quo
2968 3044 3125 3091 vetus
3171 3033 3509 3092 fermentum
3554 3032 3773 3091 Iudaica:

2191 3123 2499 3178 traditionis
2520 3131 2603 3180 est
2623 3123 2821 3180 factum
2846 3140 2985 3180 nova
3007 3126 3330 3197 conspersio
3361 3146 3377 3182 :
3407 3142 3476 3183 ex
3498 3141 3608 3198 quo
3626 3139 3775 3197 agnus

496 3208 808 3279 praesentia,
838 3205 931 3279 qui
962 3208 1137 3260 futura
1168 3218 1276 3259 non
1305 3202 1557 3258 credunt.
1596 3199 1921 3257 Christianis
1950 3201 2081 3257 divi-

2192 3233 2299 3273 non
2329 3218 2382 3272 in
2415 3217 2600 3288 figura,
2633 3219 2725 3275 sed
2756 3220 2807 3275 in
2830 3220 3060 3277 veritate
3086 3221 3403 3276 conteditur
3429 3238 3443 3275 :
3475 3237 3543 3277 ex
3569 3235 3674 3291 quo
3700 3235 3773 3274 sc-

500 3301 588 3355 tite
616 3308 674 3355 et
700 3297 1010 3364 luereditas,
1047 3298 1117 3352 sit
1142 3296 1398 3351 divinitas
1427 3293 1651 3350 Christi.
1686 3293 1797 3350 Nec
1821 3295 1964 3349 enim
1992 3295 2088 3353 do-

500 3397 631 3449 bent
653 3402 797 3464 aegre
820 3390 984 3455 ferre,
1014 3388 1170 3461 quasi
1202 3388 1381 3444 minus
1408 3405 1437 3443 a
1467 3390 1681 3446 exteris
1714 3388 1967 3453 habeant,
1996 3389 2086 3459 qui

497 3488 774 3539 auctorem
805 3481 1047 3537 omnium
1091 3489 1477 3551 perceperunt.
1522 3480 1801 3549 Superest,
1830 3489 1891 3534 ut
1924 3495 2085 3535 acce-

500 3588 648 3648 ptum
682 3578 733 3631 in
765 3576 931 3633 corde
965 3576 1135 3630 Deum
1178 3575 1451 3630 honorent
1490 3575 1786 3646 obsequiis,
1829 3576 2086 3646 operibus

494 3675 695 3743 colant,
720 3682 973 3731 sermone
999 3674 1218 3742 seraper
1247 3681 1302 3726 et
1330 3671 1658 3742 cogitatione
1681 3670 1958 3726 fateantur
1988 3690 2002 3726 :
2027 3683 2086 3729 ut

497 3771 550 3823 in
584 3765 816 3822 adventu
844 3764 982 3836 eius,
1016 3778 1125 3819 non
1158 3776 1283 3819 cum
1322 3764 1739 3818 contumacibus
1768 3773 1823 3819 et
1847 3774 2087 3821 contem.

494 3860 739 3931 ptoribus
765 3858 1080 3929 puniantur,
1104 3855 1201 3911 sed
1225 3869 1347 3910 cmn
1375 3856 1577 3910 sanctis
1603 3864 1659 3909 et
1684 3856 1853 3910 Deum
1887 3856 2084 3913 timen-

497 3954 641 4009 tibus
686 3960 1035 4007 coronentur.
1074 3950 1188 4005 Hoc
1230 3963 1362 4004 sane
1399 3948 1739 4018 prudentiam
1776 3961 1919 4004 tuam
1963 3952 2085 4021 pro-

493 4062 609 4112 cor,
644 4060 713 4101 ne
741 4062 826 4099 me
855 4056 1009 4115 putes
1039 4044 1155 4098 haec
1176 4042 1583 4113 superstitionis
1604 4043 1833 4113 alicujus
1862 4058 2083 4114 persua-

460 4140 643 4205 ‘ione
680 4138 930 4191 dictasse.
980 4137 1093 4205 Ego
1131 4142 1182 4191 te
1210 4136 1578 4191 Christianum
1620 4137 1742 4191 volo
1784 4151 1926 4200 esse,
1974 4150 2081 4194 non

499 4230 826 4286 monachum
870 4229 1000 4293 dici,
1029 4236 1085 4282 et
1121 4228 1376 4283 virtutem
1406 4228 1643 4297 pr0pri:e
1690 4228 1863 4283 laudis
1904 4230 2078 4299 possi-

492 4323 626 4378 dere
656 4326 824 4391 tittigis
863 4330 1022 4390 quam
1070 4335 1271 4375 nomen
1316 4320 1574 4375 alienum.
1609 4322 1771 4389 Quod
1804 4321 2008 4377 frustra
2047 4338 2079 4379 a

490 4415 697 4469 Latinis
741 4414 792 4468 in
827 4414 995 4469 turba!
1025 4414 1499 4470 commorantibus
1541 4416 1857 4485 imponitur,
1899 4433 2019 4472 cum
2047 4434 2078 4474 a

494 4509 696 4565 ἀηδεῖς
722 4508 962 4563 solitarie
993 4507 1302 4562 viventibus
1346 4509 1585 4578 legitime
1628 4509 1936 4581 deputetur.
1968 4513 2076 4567 Ac-

489 4602 608 4670 cipe
637 4616 786 4670 ergo,
828 4602 925 4665 lili,
960 4614 1268 4655 sermonem
1309 4611 1577 4668 nostrum,
1623 4618 1687 4657 ea
1725 4604 2074 4674 simplicitate
2100 4595 2157 4657 D

486 4702 543 4747 et
567 4695 793 4748 veritate
819 4708 922 4763 qua
948 4691 1185 4747 diximus
1221 4711 1232 4745 :
1264 4693 1392 4763 quia
1432 4709 1538 4748 non
1571 4694 1868 4765 quaerimus
1898 4696 2075 4751 horni-

488 4805 614 4844 num
637 4789 887 4860 gloriam.
918 4788 1062 4843 Deus
1097 4788 1248 4843 testis
1279 4804 1308 4881 ξ
1326 4804 1426 4843 nec
1465 4789 1530 4843 ad
1559 4792 1665 4845 hoc
1696 4791 1983 4859 loquimur,
2015 4800 2073 4846 nt

485 4885 748 4939 humanas
775 4882 1040 4938 amicitias
1066 4896 1422 4953 aucupemur,
1461 4899 1527 4938 ne
1556 4892 1757 4939 nostra:
1798 4884 2069 4940 adulatio-

479 4984 561 5034 nis
590 4992 860 5045 sermone,
893 4986 948 5033 et
970 4993 1067 5031 nos
1095 4987 1151 5033 et
1179 4977 1314 5031 alios
1340 4976 1717 5048 decipiemus:
1752 4995 1853 5035 nec
1879 4990 1935 5033 ut
1968 4995 2069 5035 nos

476 5070 615 5141 apud
646 5073 891 5126 homines
932 5068 1133 5140 aliquid
1172 5070 1471 5135 videamur,
1501 5071 1595 5126 sed
1625 5081 1681 5125 ut
1710 5072 1853 5142 apud
1882 5072 2063 5137 ,Denm

464 5165 726 5219 homines
747 5178 940 5234 magna
967 5172 1299 5218 mercantur.

542 5257 609 5314 Χ.
641 5258 723 5319 De
763 5256 1158 5327 quiestiunibus
1205 5266 1382 5314 autem
1415 5260 1542 5323 tuis,
1586 5267 1642 5313 ut
1690 5274 1824 5329 pace
1853 5267 1938 5314 tua
1976 5260 2059 5314 lo-

456 5366 624 5420 .quor,
649 5351 771 5419 quia
797 5350 1156 5405 turbulentius
1200 5350 1561 5421 proponebas,
1600 5365 1701 5420 ego
1741 5351 2059 5421 simpliciter

466 5442 797 5514 respondere
841 5440 1113 5506 nolebam,
1162 5441 1285 5511 quia
1326 5441 1545 5497 bellanti
1586 5441 1864 5496 dexteram
1909 5445 2055 5513 pacis

460 5537 592 5594 dare
612 5536 721 5592 non
747 5544 992 5608 poteram
1024 5552 1036 5588 :
1063 5534 1189 5589 licet
1209 5536 1374 5591 etiam
1400 5547 1790 5607 praeposterum
1821 5536 1959 5594 forte
1981 5541 2058 5596 vi-

456 5632 671 5695 deatur,
701 5628 827 5684 inde
853 5626 1057 5699 aliquid
1090 5627 1144 5681 in
1185 5627 1293 5685 line
1322 5631 1565 5700 epistola:
1592 5642 1910 5687 retractare.
1945 5631 2052 5690 Sed

458 5725 711 5795 quoniam
758 5724 898 5794 apud
938 5722 1276 5778 Christianos
1318 5739 1427 5779 non
1469 5735 1573 5779 tam
1603 5726 1741 5781 ordo
1769 5726 2047 5796 quaeritur,

448 5828 619 5890 quam
642 5815 943 5887 prolocuta,
966 5828 1132 5886 pauca
1161 5828 1283 5889 qua:
1308 5814 1400 5875 tibi
1425 5830 1554 5873 reor
1574 5816 1691 5875 fore
1708 5819 2045 5895 necessaria,

2188 3310 2423 3367 cundum
2455 3312 2795 3383 Apostolnm,
2827 3324 2999 3369 cetera
3026 3315 3378 3384 transierunt,
3422 3322 3473 3370 et
3502 3316 3643 3388 facta
3670 3322 3773 3368 sunt

2187 3408 2363 3461 omnia
2402 3416 2532 3463 nova
2563 3408 2637 3478 (ll
2663 3408 2783 3464 Cor.
2813 3425 2868 3478 v,
2896 3411 2987 3480 i7)
3016 3428 3030 3468 :
3062 3425 3129 3467 ex
3160 3425 3268 3482 quo
3290 3411 3519 3480 iussum
3539 3420 3625 3466 est
3652 3408 3773 3464 ima-

2185 3500 2364 3570 ginem
2390 3502 2590 3556 terreni
2613 3500 2845 3557 hominis
2863 3502 3154 3574 deponere,
3167 3512 3218 3558 et
3242 3517 3542 3559 assumere
3565 3502 3773 3558 formam

2186 3595 2425 3651 Ctelestis
2478 3614 2493 3651 :
2532 3612 2598 3652 ex
2638 3610 2705 3653 eo
2733 3598 3055 3653 commortui
3100 3598 3375 3667 vivimus,
3411 3608 3470 3655 et
3500 3597 3774 3654 virtutibus

2185 3686 2625 3743 Consurreximus
2654 3690 2704 3743 in
2734 3688 2972 3745 Christo.

2321 3796 2629 3860 MONI‘TUM
2668 3802 2735 3859 IN
2774 3796 3164 3861 EPISTOLAM
3203 3802 3661 3877 SEQUENTEH.

2259 3914 2404 3991 Non,
2437 3917 2953 3991 utgufgo'icreditur,
2996 3920 3214 3991 epistola
3250 3919 3366 3976 haec
3407 3932 3508 3983 est,
3541 3921 3632 3975 scd
3658 3917 3777 3973 ullo-

2183 3988 2383 4058 quentis
2414 3991 2464 4040 in
2500 3987 2731 4043 Ecclesia
2762 3987 3307 4055 populttnfﬂmnilia.
3358 4010 3454 4047 seu
3488 4002 3733 4047 tractatus
3760 4006 3775 4043 .'

2184 4058 2332 4134 quod
2353 4074 2513 4134 unum
2540 4062 2809 4134 manifesto
2841 4063 3043 4121 evinrit.
3089 4062 3143 4115 Η
3149 4064 3489 4134 icronymum
3520 4073 3775 4117 auctorem

2185 4147 2286 4183 non
2313 4130 2512 4191 habere.
2545 4129 2690 4185 Illud
2719 4148 2833 4186 vero
2861 4143 2967 4187 tum
2996 4150 3057 4188 et
3088 4129 3382 4191 continenti
3426 4136 3681 4189 orationis
3710 4152 3777 4186 sc-

2184 4202 2277 4276 rie,
2321 4218 2437 4276 cunt
2466 4205 2719 4276 pra'cipue
2757 4220 2820 4257 ex
2842 4205 2921 4256 Itis
2946 4222 3058 4276 cap.
3098 4206 3152 4260 II
3193 4207 3361 4276 liquet
3395 4224 3415 4261 :
3446 4207 3609 4263 Istius
3643 4204 3774 4259 tnmli

2184 4272 2476 4345 disputatio
2518 4273 2567 4327 in
2601 4274 2804 4343 psalmo
2836 4272 3256 4345 nuper'incidit,
3294 4290 3353 4332 et
3394 4278 3607 4333 dictum
3647 4286 3723 4329 est
3751 4291 3774 4325 τι

2186 4344 2359 4402 nobis.
2407 4346 2679 4411 quomodo
2725 4346 2864 4401 licus
2905 4344 3153 4403 eduxerit
3202 4350 3381 4405 nubes
3429 4352 3502 4404 ab
3540 4360 3775 4403 extremo

2185 4423 2343 4468 terra:
2371 4432 2384 4471 :
2418 4415 2558 4484 quod
2590 4417 2803 4482 quidem
2834 4433 2975 4472 nunc
2996 4420 3239 4483 cogimur
3263 4437 3498 4475 rursum
3529 4432 3773 4481 tractare,

2184 4494 2240 4539 ut
2268 4494 2321 4560 et
2349 4486 2399 4560 hi
2426 4488 2513 4555 qui
2539 4489 2848 4560 audierunt,
2876 4489 3186 4560 plenissime
3214 4505 3417 4546 eorum
3444 4510 3567 4560 qua».
3588 4495 3773 4551 sciunt,

2184 4557 2599 4611 reminiscuntur
2632 4577 2645 4613 :
2688 4567 2743 4612 et
2771 4558 2823 4613 hi
2855 4557 2944 4628 qui
2981 4569 3071 4613 aut
3111 4576 3215 4615 non
3260 4557 3661 4622 interfuerunt,
3694 4569 3775 4612 aut

2181 4628 2328 4681 obliti
2378 4638 2522 4695 sunt,
2572 4639 2884 4703 contextum
2923 4635 3189 4686 sermonis
3236 4642 3578 4703 agnoscant,
3625 4644 3773 4701 tinem

2179 4714 2320 4753 nunc
2346 4708 2500 4771 prout
2530 4701 2817 4767 valuimus,
2865 4703 3233 4758 exhibuimus.
3274 4701 3551 4771 Equidem
3577 4712 3771 4767 auctor,

2175 4772 2404 4841 quisquis
2431 4770 2523 4824 ille
2567 4772 2742 4849 fuerit,
2789 4773 3079 4849 aequiorum
3117 4786 3249 4849 certe
3291 4777 3459 4849 longo
3502 4774 3774 4849 intervallo

2176 4846 2744 4918 temporariuquwdant
2791 4843 3009 4897 subinde
3037 4861 3099 4898 ea:
3141 4843 3479 4918 Hieronymo
3511 4848 3771 4907 delibavil,

2175 4921 2228 4963 ut
2253 4921 2330 4967 est
2360 4912 2490 4967 illud
2533 4914 2765 4987 deorbe
2801 4923 3087 4987 terrarum,
3136 4918 3225 4987 qui
3267 4912 3475 4973 eam.»
3510 4921 3771 4985 οἰκουμένη

2174 4993 2530 5062 nuncupatur,
2565 4985 2618 5039 id
2660 4995 2763 5062 est,
2805 4986 3100 5062 inhabitata
3134 4985 3224 5062 {et
3258 4990 3412 5057 quod
3448 4992 3773 5062 consequitur

2172 5055 2245 5130 de
2264 5053 2455 5122 David,
2488 5056 2780 5130 inipsahno
2822 5056 3184 5115 confessionis
3228 5053 3350 5115 tres
3382 5053 3630 5130 spiritus.
3660 5078 3774 5122 005-

2171 5125 2398 5203 tulantc,
2434 5128 2641 5203 totidem
2683 5127 2786 5195 {ere
2832 5129 2996 5181 verbis
3034 5146 3097 5203 ea;
3126 5125 3514 5188 counncntario
3552 5135 3604 5186 in
3648 5130 3769 5203 Epi-

2164 5200 2349 5272 stola‘m
2406 5197 2475 5272 at!
2515 5197 2727 5252 Galatas
2767 5206 2879 5272 cup.
2942 5217 3004 5261 ν,
3065 5201 3131 5264 6,
3179 5218 3521 5266 expressam.
3571 5197 3766 5259 Cretera

2164 5269 2303 5344 quod
2332 5278 2377 5321 et
2412 5269 2626 5344 Erasmo
2654 5269 2887 5344 notatum
2906 5281 3003 5337 est,
3035 5289 3101 5327 ne
3132 5273 3302 5341 pilum
3330 5277 3554 5344 quidem
3582 5276 3769 5331 Hiero-

2162 5342 2417 5465 tqq'mianm
2440 5340 2682 5397 dictionis
2706 5342 2875 5408 habet,
2911 5359 3002 5397 nec
3032 5340 3197 5399 ullum
3226 5340 3523 5419 uestigium
3554 5346 3768 5419 pectoris

2162 5426 2173 5463 l
2222 5428 2322 5464 ms.

2158 5426 2322 5464 tutus.

2700 5507 3036 5564 EPISTULA
3069 5507 3203 5566 VIII.

2656 5615 2736 5673 De
2761 5620 2925 5676 tribus
2949 5621 3242 5677 virtutibus.

2226 5730 2265 5785 Ι.
2308 5730 2443 5787 Tres
2480 5730 2879 5803 quodammodo
2907 5735 3134 5794 virtutes
3166 5736 3259 5793 Dei
3289 5752 3595 5798 assumens
3626 5741 3758 5799 Pro-

2152 5824 2333 5917 pheta,
2368 5825 2762 5899 fortitudinem,
2795 5828 3138 5903 sapientiam,
3171 5834 3343 5902 salue
3378 5834 3755 5905 prudentiam,
