  <div class='ocr_page' id='page_1' title='image "/cluster/home/n/w/nwhite01/storage/ocr_20150623/30/hvd.32044096580535/068.png"; bbox 0 0 3916 6288; ppageno 0'>
   <div class='ocr_carea' id='block_1_1' title="bbox 202 306 1717 375">
    <p class='ocr_par' dir='ltr' id='par_1_1' title="bbox 202 307 1707 375">
     <span class='ocr_line' id='line_1_1' title="bbox 202 307 1707 375; baseline -0.003 -2"><span class='ocrx_word' id='word_1_1' title='bbox 202 314 283 375; x_wconf 67' lang='grc' dir='ltr'><strong>ΜΤ</strong></span> <span class='ocrx_word' id='word_1_2' title='bbox 1065 307 1401 370; x_wconf 75' lang='grc' dir='ltr'><strong>ΕΡιετοιΑ</strong></span> <span class='ocrx_word' id='word_1_3' title='bbox 1442 309 1575 368; x_wconf 74' lang='lat' dir='ltr'><strong>VIII.</strong></span> <span class='ocrx_word' id='word_1_4' title='bbox 1616 309 1707 369; x_wconf 79' lang='lat' dir='ltr'><strong>DE</strong></span> 
     </span>
    </p>
   </div>
   <div class='ocr_carea' id='block_1_2' title="bbox 1819 306 2477 375">
    <p class='ocr_par' dir='ltr' id='par_1_2' title="bbox 1819 306 2477 372">
     <span class='ocr_line' id='line_1_2' title="bbox 1819 306 2477 372; baseline -0.002 -2"><span class='ocrx_word' id='word_1_5' title='bbox 1819 310 1998 372; x_wconf 71' lang='lat' dir='ltr'><strong>{IDUS</strong></span> <span class='ocrx_word' id='word_1_6' title='bbox 2034 306 2477 371; x_wconf 74' lang='lat' dir='ltr'><strong>VIRTU’I‘IBBS.</strong></span> 
     </span>
    </p>
   </div>
   <div class='ocr_carea' id='block_1_3' title="bbox 3312 313 3425 370">
    <p class='ocr_par' dir='ltr' id='par_1_3' title="bbox 3312 313 3425 370">
     <span class='ocr_line' id='line_1_3' title="bbox 3312 313 3425 370; baseline 0 0"><span class='ocrx_word' id='word_1_7' title='bbox 3312 313 3425 370; x_wconf 71' lang='grc' dir='ltr'>ηε</span> 
     </span>
    </p>
   </div>
   <div class='ocr_carea' id='block_1_4' title="bbox 196 424 3417 500">
    <p class='ocr_par' dir='ltr' id='par_1_4' title="bbox 196 424 3417 500">
     <span class='ocr_line' id='line_1_4' title="bbox 196 424 3417 500; baseline -0.001 -14"><span class='ocrx_word' id='word_1_8' title='bbox 196 427 447 500; x_wconf 65' lang='lat' dir='ltr'><strong>mniumque</strong></span> <span class='ocrx_word' id='word_1_9' title='bbox 474 440 651 483; x_wconf 89' lang='lat' dir='ltr'><strong>earum</strong></span> <span class='ocrx_word' id='word_1_10' title='bbox 689 426 910 499; x_wconf 84' lang='lat' dir='ltr'><strong>propria</strong></span> <span class='ocrx_word' id='word_1_11' title='bbox 948 440 1115 498; x_wconf 79' lang='lat' dir='ltr'><strong>opera</strong></span> <span class='ocrx_word' id='word_1_12' title='bbox 1153 426 1450 483; x_wconf 81' lang='lat' dir='ltr'><strong>distribuit.</strong></span> <span class='ocrx_word' id='word_1_13' title='bbox 1481 426 1717 484; x_wconf 77' lang='lat' dir='ltr'><strong>Fortitu-</strong></span> <span class='ocrx_word' id='word_1_14' title='bbox 1745 428 1797 491; x_wconf 70' lang='grc' dir='ltr'><strong>Α</strong></span> <span class='ocrx_word' id='word_1_15' title='bbox 1823 443 2004 484; x_wconf 88' lang='lat' dir='ltr'><strong>rarum</strong></span> <span class='ocrx_word' id='word_1_16' title='bbox 2023 470 2039 493; x_wconf 91' lang='lat'><strong>,</strong></span> <span class='ocrx_word' id='word_1_17' title='bbox 2085 438 2161 483; x_wconf 79' lang='lat' dir='ltr'><strong>et.</strong></span> <span class='ocrx_word' id='word_1_18' title='bbox 2192 427 2396 499; x_wconf 78' lang='lat' dir='ltr'><strong>indiget</strong></span> <span class='ocrx_word' id='word_1_19' title='bbox 2424 424 2705 483; x_wconf 78' lang='lat' dir='ltr'><strong>e‘reetiorte</strong></span> <span class='ocrx_word' id='word_1_20' title='bbox 2727 464 2743 493; x_wconf 87' lang='lat'><strong>,</strong></span> <span class='ocrx_word' id='word_1_21' title='bbox 2788 432 2851 483; x_wconf 91' lang='lat' dir='ltr'><strong>ut</strong></span> <span class='ocrx_word' id='word_1_22' title='bbox 2899 428 2950 482; x_wconf 92' lang='lat' dir='ltr'><strong>in</strong></span> <span class='ocrx_word' id='word_1_23' title='bbox 2974 425 3196 484; x_wconf 83' lang='lat' dir='ltr'><strong>Christo</strong></span> <span class='ocrx_word' id='word_1_24' title='bbox 3221 441 3417 484; x_wconf 81' lang='lat' dir='ltr'><strong>omnes</strong></span> 
     </span>
    </p>
   </div>
   <div class='ocr_carea' id='block_1_5' title="bbox 196 518 1727 590">
    <p class='ocr_par' dir='ltr' id='par_1_5' title="bbox 196 518 1727 590">
     <span class='ocr_line' id='line_1_5' title="bbox 196 518 1727 590; baseline -0.002 -13"><span class='ocrx_word' id='word_1_25' title='bbox 196 521 285 578; x_wconf 88' lang='lat' dir='ltr'><strong>dini</strong></span> <span class='ocrx_word' id='word_1_26' title='bbox 320 531 521 585; x_wconf 77' lang='lat' dir='ltr'><strong>terram,</strong></span> <span class='ocrx_word' id='word_1_27' title='bbox 556 519 835 589; x_wconf 66' lang='lat' dir='ltr'><strong>sapientiae</strong></span> <span class='ocrx_word' id='word_1_28' title='bbox 872 518 1060 574; x_wconf 88' lang='lat' dir='ltr'><strong>orbem</strong></span> <span class='ocrx_word' id='word_1_29' title='bbox 1097 530 1390 587; x_wconf 86' lang='lat' dir='ltr'><strong>terrarum,</strong></span> <span class='ocrx_word' id='word_1_30' title='bbox 1419 519 1727 590; x_wconf 75' lang='lat' dir='ltr'><strong>prudentia:</strong></span> 
     </span>
    </p>
   </div>
   <div class='ocr_carea' id='block_1_6' title="bbox 194 612 1729 683">
    <p class='ocr_par' dir='ltr' id='par_1_6' title="bbox 194 612 1729 683">
     <span class='ocr_line' id='line_1_6' title="bbox 194 612 1729 683; baseline -0.005 -10"><span class='ocrx_word' id='word_1_31' title='bbox 194 617 371 673; x_wconf 66' lang='lat' dir='ltr'><strong>calum.</strong></span> <span class='ocrx_word' id='word_1_32' title='bbox 398 612 527 669; x_wconf 84' lang='lat' dir='ltr'><strong>Audi</strong></span> <span class='ocrx_word' id='word_1_33' title='bbox 558 613 756 683; x_wconf 81' lang='lat' dir='ltr'><strong>quippe</strong></span> <span class='ocrx_word' id='word_1_34' title='bbox 786 612 1085 682; x_wconf 72' lang='lat' dir='ltr'><strong>Scriptum</strong></span> <span class='ocrx_word' id='word_1_35' title='bbox 1111 612 1363 668; x_wconf 83' lang='lat' dir='ltr'><strong>ordinem</strong></span> <span class='ocrx_word' id='word_1_36' title='bbox 1404 630 1417 667; x_wconf 91' lang='lat'><strong>:</strong></span> <span class='ocrx_word' id='word_1_37' title='bbox 1468 612 1729 667; x_wconf 81' lang='lat' dir='ltr'><strong>Dominus</strong></span> 
     </span>
    </p>
   </div>
   <div class='ocr_carea' id='block_1_7' title="bbox 192 706 1729 780">
    <p class='ocr_par' dir='ltr' id='par_1_7' title="bbox 192 706 1729 780">
     <span class='ocr_line' id='line_1_7' title="bbox 192 706 1729 780; baseline -0.002 -18"><span class='ocrx_word' id='word_1_38' title='bbox 192 710 262 780; x_wconf 72' lang='lat' dir='ltr'><strong>qui</strong></span> <span class='ocrx_word' id='word_1_39' title='bbox 282 708 391 779; x_wconf 78' lang='lat' dir='ltr'><strong>feeit</strong></span> <span class='ocrx_word' id='word_1_40' title='bbox 409 717 590 761; x_wconf 82' lang='lat' dir='ltr'><strong>terram</strong></span> <span class='ocrx_word' id='word_1_41' title='bbox 616 708 670 760; x_wconf 88' lang='lat' dir='ltr'><strong>in</strong></span> <span class='ocrx_word' id='word_1_42' title='bbox 698 706 1005 776; x_wconf 77' lang='lat' dir='ltr'><strong>fortitudine</strong></span> <span class='ocrx_word' id='word_1_43' title='bbox 1032 722 1149 769; x_wconf 84' lang='lat' dir='ltr'><strong>sua,</strong></span> <span class='ocrx_word' id='word_1_44' title='bbox 1190 714 1240 759; x_wconf 89' lang='lat' dir='ltr'><strong>et</strong></span> <span class='ocrx_word' id='word_1_45' title='bbox 1267 707 1431 762; x_wconf 66' lang='lat' dir='ltr'><strong>erexit</strong></span> <span class='ocrx_word' id='word_1_46' title='bbox 1471 706 1641 759; x_wconf 82' lang='lat' dir='ltr'><strong>orbem</strong></span> <span class='ocrx_word' id='word_1_47' title='bbox 1668 706 1729 760; x_wconf 80' lang='lat' dir='ltr'><strong>in</strong></span> 
     </span>
    </p>
   </div>
   <div class='ocr_carea' id='block_1_8' title="bbox 190 799 1726 872">
    <p class='ocr_par' dir='ltr' id='par_1_8' title="bbox 190 799 1726 872">
     <span class='ocr_line' id='line_1_8' title="bbox 190 799 1726 872; baseline -0.004 -13"><span class='ocrx_word' id='word_1_48' title='bbox 190 802 406 872; x_wconf 71' lang='lat' dir='ltr'><strong>upiattid</strong></span> <span class='ocrx_word' id='word_1_49' title='bbox 442 817 569 866; x_wconf 74' lang='lat' dir='ltr'><strong>sua,</strong></span> <span class='ocrx_word' id='word_1_50' title='bbox 616 809 667 857; x_wconf 87' lang='lat' dir='ltr'><strong>et</strong></span> <span class='ocrx_word' id='word_1_51' title='bbox 702 800 983 872; x_wconf 72' lang='lat' dir='ltr'><strong>prudentia</strong></span> <span class='ocrx_word' id='word_1_52' title='bbox 1021 800 1249 856; x_wconf 67' lang='lat' dir='ltr'><strong>extendit</strong></span> <span class='ocrx_word' id='word_1_53' title='bbox 1278 801 1483 855; x_wconf 74' lang='lat' dir='ltr'><strong>cretum.</strong></span> <span class='ocrx_word' id='word_1_54' title='bbox 1517 799 1585 854; x_wconf 80' lang='lat' dir='ltr'><strong>Et</strong></span> <span class='ocrx_word' id='word_1_55' title='bbox 1621 814 1726 853; x_wconf 85' lang='lat' dir='ltr'><strong>nos</strong></span> 
     </span>
    </p>
   </div>
   <div class='ocr_carea' id='block_1_9' title="bbox 192 895 1725 970">
    <p class='ocr_par' dir='ltr' id='par_1_9' title="bbox 192 895 1725 970">
     <span class='ocr_line' id='line_1_9' title="bbox 192 895 1725 970; baseline -0.002 -19"><span class='ocrx_word' id='word_1_56' title='bbox 192 898 317 969; x_wconf 70' lang='lat' dir='ltr'><strong>igitur</strong></span> <span class='ocrx_word' id='word_1_57' title='bbox 340 896 393 950; x_wconf 84' lang='lat' dir='ltr'><strong>in</strong></span> <span class='ocrx_word' id='word_1_58' title='bbox 424 906 597 951; x_wconf 78' lang='lat' dir='ltr'><strong>nostra</strong></span> <span class='ocrx_word' id='word_1_59' title='bbox 628 904 779 952; x_wconf 78' lang='lat' dir='ltr'><strong>terra</strong></span> <span class='ocrx_word' id='word_1_60' title='bbox 821 897 1047 970; x_wconf 72' lang='lat' dir='ltr'><strong>(dictum</strong></span> <span class='ocrx_word' id='word_1_61' title='bbox 1076 906 1157 953; x_wconf 89' lang='lat' dir='ltr'><strong>est</strong></span> <span class='ocrx_word' id='word_1_62' title='bbox 1188 897 1387 968; x_wconf 80' lang='lat' dir='ltr'><strong>quippe</strong></span> <span class='ocrx_word' id='word_1_63' title='bbox 1427 895 1493 950; x_wconf 93' lang='lat' dir='ltr'><strong>ad</strong></span> <span class='ocrx_word' id='word_1_64' title='bbox 1525 895 1725 959; x_wconf 79' lang='lat' dir='ltr'><strong>Adam,</strong></span> 
     </span>
    </p>
   </div>
   <div class='ocr_carea' id='block_1_10' title="bbox 192 985 1723 1063">
    <p class='ocr_par' dir='ltr' id='par_1_10' title="bbox 192 985 1723 1063">
     <span class='ocr_line' id='line_1_10' title="bbox 192 985 1723 1063; baseline -0.002 -19"><span class='ocrx_word' id='word_1_65' title='bbox 192 989 308 1063; x_wconf 72' lang='grc' dir='ltr'><strong>[ϐαι.</strong></span> <span class='ocrx_word' id='word_1_66' title='bbox 338 1003 406 1052; x_wconf 82' lang='lat' dir='ltr'><strong>ut,</strong></span> <span class='ocrx_word' id='word_1_67' title='bbox 430 985 516 1059; x_wconf 69' lang='grc'><strong>19]</strong></span> <span class='ocrx_word' id='word_1_68' title='bbox 536 997 673 1041; x_wconf 87' lang='lat' dir='ltr'><strong>terra</strong></span> <span class='ocrx_word' id='word_1_69' title='bbox 700 987 800 1059; x_wconf 83' lang='lat' dir='ltr'><strong>es),</strong></span> <span class='ocrx_word' id='word_1_70' title='bbox 833 989 1200 1045; x_wconf 81' lang='lat' dir='ltr'><strong>necessariam</strong></span> <span class='ocrx_word' id='word_1_71' title='bbox 1225 989 1488 1043; x_wconf 86' lang='lat' dir='ltr'><strong>habemus</strong></span> <span class='ocrx_word' id='word_1_72' title='bbox 1506 986 1723 1042; x_wconf 81' lang='lat' dir='ltr'><strong>fortitu-</strong></span> 
     </span>
    </p>
   </div>
   <div class='ocr_carea' id='block_1_11' title="bbox 190 1080 1727 1153">
    <p class='ocr_par' dir='ltr' id='par_1_11' title="bbox 190 1080 1727 1153">
     <span class='ocr_line' id='line_1_11' title="bbox 190 1080 1727 1153; baseline -0.001 -16"><span class='ocrx_word' id='word_1_73' title='bbox 190 1083 332 1138; x_wconf 74' lang='lat' dir='ltr'><strong>diaeta</strong></span> <span class='ocrx_word' id='word_1_74' title='bbox 357 1082 463 1147; x_wconf 83' lang='lat' dir='ltr'><strong>Dei,</strong></span> <span class='ocrx_word' id='word_1_75' title='bbox 493 1081 619 1153; x_wconf 88' lang='lat' dir='ltr'><strong>quia</strong></span> <span class='ocrx_word' id='word_1_76' title='bbox 651 1081 860 1153; x_wconf 84' lang='lat' dir='ltr'><strong>absque</strong></span> <span class='ocrx_word' id='word_1_77' title='bbox 897 1098 963 1138; x_wconf 85' lang='lat' dir='ltr'><strong>ea</strong></span> <span class='ocrx_word' id='word_1_78' title='bbox 992 1081 1334 1153; x_wconf 80' lang='lat' dir='ltr'><strong>impossibile</strong></span> <span class='ocrx_word' id='word_1_79' title='bbox 1369 1090 1454 1136; x_wconf 91' lang='lat' dir='ltr'><strong>est</strong></span> <span class='ocrx_word' id='word_1_80' title='bbox 1483 1080 1639 1135; x_wconf 85' lang='lat' dir='ltr'><strong>nobis</strong></span> <span class='ocrx_word' id='word_1_81' title='bbox 1668 1080 1727 1135; x_wconf 87' lang='lat' dir='ltr'><strong>id</strong></span> 
     </span>
    </p>
   </div>
   <div class='ocr_carea' id='block_1_12' title="bbox 189 1171 1723 1246">
    <p class='ocr_par' dir='ltr' id='par_1_12' title="bbox 189 1171 1723 1246">
     <span class='ocr_line' id='line_1_12' title="bbox 189 1171 1723 1246; baseline -0.003 -16"><span class='ocrx_word' id='word_1_82' title='bbox 189 1174 399 1245; x_wconf 80' lang='lat' dir='ltr'><strong>exsequi,</strong></span> <span class='ocrx_word' id='word_1_83' title='bbox 437 1173 576 1245; x_wconf 88' lang='lat' dir='ltr'><strong>quod</strong></span> <span class='ocrx_word' id='word_1_84' title='bbox 607 1175 759 1230; x_wconf 85' lang='lat' dir='ltr'><strong>carni</strong></span> <span class='ocrx_word' id='word_1_85' title='bbox 788 1184 1075 1246; x_wconf 76' lang='lat' dir='ltr'><strong>repugnat.</strong></span> <span class='ocrx_word' id='word_1_86' title='bbox 1106 1172 1239 1229; x_wconf 89' lang='lat' dir='ltr'><strong>Cum</strong></span> <span class='ocrx_word' id='word_1_87' title='bbox 1266 1182 1451 1227; x_wconf 84' lang='lat' dir='ltr'><strong>autem</strong></span> <span class='ocrx_word' id='word_1_88' title='bbox 1495 1171 1723 1227; x_wconf 84' lang='lat' dir='ltr'><strong>mortifi-</strong></span> 
     </span>
    </p>
   </div>
   <div class='ocr_carea' id='block_1_13' title="bbox 189 1266 1725 1338">
    <p class='ocr_par' dir='ltr' id='par_1_13' title="bbox 189 1266 1725 1338">
     <span class='ocr_line' id='line_1_13' title="bbox 189 1266 1725 1338; baseline -0.004 -14"><span class='ocrx_word' id='word_1_89' title='bbox 189 1278 278 1324; x_wconf 80' lang='lat' dir='ltr'><strong>cata</strong></span> <span class='ocrx_word' id='word_1_90' title='bbox 316 1266 504 1323; x_wconf 80' lang='lat' dir='ltr'><strong>fuerint</strong></span> <span class='ocrx_word' id='word_1_91' title='bbox 546 1267 795 1324; x_wconf 83' lang='lat' dir='ltr'><strong>membra</strong></span> <span class='ocrx_word' id='word_1_92' title='bbox 846 1282 1012 1338; x_wconf 86' lang='lat' dir='ltr'><strong>super</strong></span> <span class='ocrx_word' id='word_1_93' title='bbox 1061 1277 1301 1331; x_wconf 88' lang='lat' dir='ltr'><strong>terram,</strong></span> <span class='ocrx_word' id='word_1_94' title='bbox 1353 1274 1483 1319; x_wconf 91' lang='lat' dir='ltr'><strong>tunc</strong></span> <span class='ocrx_word' id='word_1_95' title='bbox 1531 1272 1725 1334; x_wconf 83' lang='lat' dir='ltr'><strong>parent</strong></span> 
     </span>
    </p>
   </div>
   <div class='ocr_carea' id='block_1_14' title="bbox 190 1356 1724 1433">
    <p class='ocr_par' dir='ltr' id='par_1_14' title="bbox 190 1356 1724 1433">
     <span class='ocr_line' id='line_1_14' title="bbox 190 1356 1724 1433; baseline -0.005 -15"><span class='ocrx_word' id='word_1_96' title='bbox 190 1362 363 1433; x_wconf 79' lang='lat' dir='ltr'><strong>spiritus</strong></span> <span class='ocrx_word' id='word_1_97' title='bbox 395 1360 683 1417; x_wconf 82' lang='lat' dir='ltr'><strong>voluntati.</strong></span> <span class='ocrx_word' id='word_1_98' title='bbox 716 1361 999 1433; x_wconf 84' lang='lat' dir='ltr'><strong>Siquidem</strong></span> <span class='ocrx_word' id='word_1_99' title='bbox 1032 1360 1185 1431; x_wconf 81' lang='lat' dir='ltr'><strong>juxta</strong></span> <span class='ocrx_word' id='word_1_100' title='bbox 1224 1359 1563 1427; x_wconf 77' lang='lat' dir='ltr'><strong>Apostolum,</strong></span> <span class='ocrx_word' id='word_1_101' title='bbox 1597 1356 1724 1429; x_wconf 67' lang='lat' dir='ltr'><strong>Spi-</strong></span> 
     </span>
    </p>
   </div>
   <div class='ocr_carea' id='block_1_15' title="bbox 193 1451 1720 1527">
    <p class='ocr_par' dir='ltr' id='par_1_15' title="bbox 193 1451 1720 1527">
     <span class='ocr_line' id='line_1_15' title="bbox 193 1451 1720 1527; baseline -0.003 -18"><span class='ocrx_word' id='word_1_102' title='bbox 193 1457 270 1509; x_wconf 74' lang='lat' dir='ltr'><strong>rits</strong></span> <span class='ocrx_word' id='word_1_103' title='bbox 292 1464 406 1527; x_wconf 73' lang='lat' dir='ltr'><strong>gesta</strong></span> <span class='ocrx_word' id='word_1_104' title='bbox 426 1455 605 1510; x_wconf 77' lang='lat' dir='ltr'><strong>carnis</strong></span> <span class='ocrx_word' id='word_1_105' title='bbox 629 1455 1012 1525; x_wconf 73' lang='lat' dir='ltr'><strong>mortiﬁcamur</strong></span> <span class='ocrx_word' id='word_1_106' title='bbox 1042 1455 1219 1526; x_wconf 82' lang='lat' dir='ltr'><strong>(Rom.</strong></span> <span class='ocrx_word' id='word_1_107' title='bbox 1248 1452 1504 1523; x_wconf 72' lang='grc' dir='ltr'><strong>νιιι,1·5);</strong></span> <span class='ocrx_word' id='word_1_108' title='bbox 1527 1451 1720 1506; x_wconf 79' lang='lat' dir='ltr'><strong>Domi-</strong></span> 
     </span>
    </p>
   </div>
   <div class='ocr_carea' id='block_1_16' title="bbox 191 1542 1721 1604">
    <p class='ocr_par' dir='ltr' id='par_1_16' title="bbox 191 1542 1721 1604">
     <span class='ocr_line' id='line_1_16' title="bbox 191 1542 1721 1604; baseline -0.005 0"><span class='ocrx_word' id='word_1_109' title='bbox 191 1564 269 1604; x_wconf 76' lang='lat' dir='ltr'><strong>nus</strong></span> <span class='ocrx_word' id='word_1_110' title='bbox 285 1560 435 1603; x_wconf 78' lang='lat' dir='ltr'><strong>uitem</strong></span> <span class='ocrx_word' id='word_1_111' title='bbox 462 1545 601 1603; x_wconf 86' lang='lat' dir='ltr'><strong>fecit</strong></span> <span class='ocrx_word' id='word_1_112' title='bbox 628 1557 831 1603; x_wconf 87' lang='lat' dir='ltr'><strong>terram</strong></span> <span class='ocrx_word' id='word_1_113' title='bbox 861 1547 915 1602; x_wconf 90' lang='lat' dir='ltr'><strong>in</strong></span> <span class='ocrx_word' id='word_1_114' title='bbox 948 1544 1266 1602; x_wconf 85' lang='lat' dir='ltr'><strong>fortitudine</strong></span> <span class='ocrx_word' id='word_1_115' title='bbox 1296 1557 1415 1599; x_wconf 88' lang='lat' dir='ltr'><strong>sua.</strong></span> <span class='ocrx_word' id='word_1_116' title='bbox 1442 1542 1498 1599; x_wconf 88' lang='lat' dir='ltr'><strong>Si</strong></span> <span class='ocrx_word' id='word_1_117' title='bbox 1536 1550 1721 1597; x_wconf 87' lang='lat' dir='ltr'><strong>autem</strong></span> 
     </span>
    </p>
   </div>
   <div class='ocr_carea' id='block_1_17' title="bbox 186 1632 1722 1706">
    <p class='ocr_par' dir='ltr' id='par_1_17' title="bbox 186 1632 1722 1706">
     <span class='ocr_line' id='line_1_17' title="bbox 186 1632 1722 1706; baseline -0.005 -10"><span class='ocrx_word' id='word_1_118' title='bbox 186 1640 237 1696; x_wconf 78' lang='lat' dir='ltr'><strong>ad</strong></span> <span class='ocrx_word' id='word_1_119' title='bbox 253 1639 363 1696; x_wconf 79' lang='lat' dir='ltr'><strong>hanc</strong></span> <span class='ocrx_word' id='word_1_120' title='bbox 387 1648 590 1696; x_wconf 86' lang='lat' dir='ltr'><strong>terram</strong></span> <span class='ocrx_word' id='word_1_121' title='bbox 612 1639 825 1703; x_wconf 79' lang='lat' dir='ltr'><strong>venias.</strong></span> <span class='ocrx_word' id='word_1_122' title='bbox 858 1649 917 1696; x_wconf 77' lang='lat' dir='ltr'><strong>et</strong></span> <span class='ocrx_word' id='word_1_123' title='bbox 932 1637 1254 1694; x_wconf 85' lang='lat' dir='ltr'><strong>consideres</strong></span> <span class='ocrx_word' id='word_1_124' title='bbox 1282 1634 1337 1691; x_wconf 92' lang='lat' dir='ltr'><strong>id</strong></span> <span class='ocrx_word' id='word_1_125' title='bbox 1366 1633 1513 1706; x_wconf 90' lang='lat' dir='ltr'><strong>quod</strong></span> <span class='ocrx_word' id='word_1_126' title='bbox 1541 1635 1595 1688; x_wconf 89' lang='lat' dir='ltr'><strong>in</strong></span> <span class='ocrx_word' id='word_1_127' title='bbox 1617 1632 1722 1689; x_wconf 81' lang='lat' dir='ltr'><strong>Job</strong></span> 
     </span>
    </p>
   </div>
   <div class='ocr_carea' id='block_1_18' title="bbox 183 1728 1721 1805">
    <p class='ocr_par' dir='ltr' id='par_1_18' title="bbox 183 1728 1721 1805">
     <span class='ocr_line' id='line_1_18' title="bbox 183 1728 1721 1805; baseline -0.005 -14"><span class='ocrx_word' id='word_1_128' title='bbox 183 1734 391 1804; x_wconf 66' lang='grc' dir='ltr'><strong>στήμων</strong></span> <span class='ocrx_word' id='word_1_129' title='bbox 409 1742 495 1791; x_wconf 82' lang='lat' dir='ltr'><strong>est</strong></span> <span class='ocrx_word' id='word_1_130' title='bbox 518 1731 672 1805; x_wconf 79' lang='lat' dir='ltr'><strong>(Job.</strong></span> <span class='ocrx_word' id='word_1_131' title='bbox 695 1730 866 1805; x_wconf 76' lang='lat' dir='ltr'><strong>xxvi),</strong></span> <span class='ocrx_word' id='word_1_132' title='bbox 889 1730 1041 1802; x_wconf 85' lang='lat' dir='ltr'><strong>juxta</strong></span> <span class='ocrx_word' id='word_1_133' title='bbox 1070 1728 1514 1787; x_wconf 82' lang='lat' dir='ltr'><strong>emendatissima</strong></span> <span class='ocrx_word' id='word_1_134' title='bbox 1538 1736 1721 1783; x_wconf 80' lang='lat' dir='ltr'><strong>tamen</strong></span> 
     </span>
    </p>
   </div>
   <div class='ocr_carea' id='block_1_19' title="bbox 1823 518 3412 589">
    <p class='ocr_par' dir='ltr' id='par_1_19' title="bbox 1823 518 3412 589">
     <span class='ocr_line' id='line_1_19' title="bbox 1823 518 3412 589; baseline 0 -14"><span class='ocrx_word' id='word_1_135' title='bbox 1823 519 2178 576; x_wconf 84' lang='lat' dir='ltr'><strong>vivificemur.</strong></span> <span class='ocrx_word' id='word_1_136' title='bbox 2227 519 2396 589; x_wconf 87' lang='lat' dir='ltr'><strong>Igitur</strong></span> <span class='ocrx_word' id='word_1_137' title='bbox 2441 518 2713 589; x_wconf 85' lang='lat' dir='ltr'><strong>duplicem</strong></span> <span class='ocrx_word' id='word_1_138' title='bbox 2772 518 3105 575; x_wconf 87' lang='lat' dir='ltr'><strong>intellectum</strong></span> <span class='ocrx_word' id='word_1_139' title='bbox 3157 519 3224 575; x_wconf 92' lang='lat' dir='ltr'><strong>de</strong></span> <span class='ocrx_word' id='word_1_140' title='bbox 3275 518 3412 575; x_wconf 86' lang='lat' dir='ltr'><strong>orbe</strong></span> 
     </span>
    </p>
   </div>
   <div class='ocr_carea' id='block_1_20' title="bbox 1826 611 3415 681">
    <p class='ocr_par' dir='ltr' id='par_1_20' title="bbox 1826 611 3415 681">
     <span class='ocr_line' id='line_1_20' title="bbox 1826 611 3415 681; baseline -0.003 -13"><span class='ocrx_word' id='word_1_141' title='bbox 1826 613 2165 668; x_wconf 82' lang='lat' dir='ltr'><strong>tradidimus.</strong></span> <span class='ocrx_word' id='word_1_142' title='bbox 2214 612 2425 679; x_wconf 88' lang='lat' dir='ltr'><strong>Unum,</strong></span> <span class='ocrx_word' id='word_1_143' title='bbox 2461 611 2732 680; x_wconf 83' lang='lat' dir='ltr'><strong>quomodo</strong></span> <span class='ocrx_word' id='word_1_144' title='bbox 2778 611 3008 681; x_wconf 74' lang='lat' dir='ltr'><strong>sing-ulte</strong></span> <span class='ocrx_word' id='word_1_145' title='bbox 3057 611 3288 676; x_wconf 66' lang='lat' dir='ltr'><strong>animm,</strong></span> <span class='ocrx_word' id='word_1_146' title='bbox 3320 622 3415 665; x_wconf 90' lang='lat' dir='ltr'><strong>aut</strong></span> 
     </span>
    </p>
   </div>
   <div class='ocr_carea' id='block_1_21' title="bbox 1822 703 3415 773">
    <p class='ocr_par' dir='ltr' id='par_1_21' title="bbox 1822 703 3415 773">
     <span class='ocr_line' id='line_1_21' title="bbox 1822 703 3415 773; baseline -0.003 -10"><span class='ocrx_word' id='word_1_147' title='bbox 1822 708 2139 763; x_wconf 77' lang='lat' dir='ltr'><strong>inhabitatm</strong></span> <span class='ocrx_word' id='word_1_148' title='bbox 2179 707 2325 772; x_wconf 85' lang='lat' dir='ltr'><strong>sint,</strong></span> <span class='ocrx_word' id='word_1_149' title='bbox 2372 713 2464 760; x_wconf 87' lang='lat' dir='ltr'><strong>aut</strong></span> <span class='ocrx_word' id='word_1_150' title='bbox 2491 704 2721 760; x_wconf 62' lang='lat' dir='ltr'><strong>deserve</strong></span> <span class='ocrx_word' id='word_1_151' title='bbox 2769 722 2783 759; x_wconf 90' lang='lat'><strong>:</strong></span> <span class='ocrx_word' id='word_1_152' title='bbox 2829 703 3092 768; x_wconf 86' lang='lat' dir='ltr'><strong>alterum,</strong></span> <span class='ocrx_word' id='word_1_153' title='bbox 3140 703 3415 773; x_wconf 84' lang='lat' dir='ltr'><strong>quomodo</strong></span> 
     </span>
    </p>
   </div>
   <div class='ocr_carea' id='block_1_22' title="bbox 1823 796 3415 868">
    <p class='ocr_par' dir='ltr' id='par_1_22' title="bbox 1823 796 3415 868">
     <span class='ocr_line' id='line_1_22' title="bbox 1823 796 3415 868; baseline -0.003 -13"><span class='ocrx_word' id='word_1_154' title='bbox 1823 802 2107 856; x_wconf 86' lang='lat' dir='ltr'><strong>universus</strong></span> <span class='ocrx_word' id='word_1_155' title='bbox 2126 800 2274 855; x_wconf 84' lang='lat' dir='ltr'><strong>orbis</strong></span> <span class='ocrx_word' id='word_1_156' title='bbox 2300 799 2502 868; x_wconf 83' lang='lat' dir='ltr'><strong>pariter</strong></span> <span class='ocrx_word' id='word_1_157' title='bbox 2526 796 2816 852; x_wconf 88' lang='lat' dir='ltr'><strong>ceciderit:</strong></span> <span class='ocrx_word' id='word_1_158' title='bbox 2841 807 2896 853; x_wconf 90' lang='lat' dir='ltr'><strong>et</strong></span> <span class='ocrx_word' id='word_1_159' title='bbox 2922 798 2975 852; x_wconf 87' lang='lat' dir='ltr'><strong>in</strong></span> <span class='ocrx_word' id='word_1_160' title='bbox 2998 812 3095 853; x_wconf 87' lang='lat' dir='ltr'><strong>sua</strong></span> <span class='ocrx_word' id='word_1_161' title='bbox 3122 798 3415 867; x_wconf 68' lang='lat' dir='ltr'><strong>prudentia</strong></span> 
     </span>
    </p>
   </div>
   <div class='ocr_carea' id='block_1_23' title="bbox 1822 890 3410 960">
    <p class='ocr_par' dir='ltr' id='par_1_23' title="bbox 1822 890 3410 960">
     <span class='ocr_line' id='line_1_23' title="bbox 1822 890 3410 960; baseline -0.002 -11"><span class='ocrx_word' id='word_1_162' title='bbox 1822 894 2066 949; x_wconf 74' lang='lat' dir='ltr'><strong>extendit</strong></span> <span class='ocrx_word' id='word_1_163' title='bbox 2090 894 2308 949; x_wconf 82' lang='lat' dir='ltr'><strong>coelum.</strong></span> <span class='ocrx_word' id='word_1_164' title='bbox 2339 891 2463 947; x_wconf 81' lang='lat' dir='ltr'><strong>Non</strong></span> <span class='ocrx_word' id='word_1_165' title='bbox 2490 890 2714 946; x_wconf 81' lang='lat' dir='ltr'><strong>fortuito</strong></span> <span class='ocrx_word' id='word_1_166' title='bbox 2740 890 3025 960; x_wconf 72' lang='lat' dir='ltr'><strong>prudentia</strong></span> <span class='ocrx_word' id='word_1_167' title='bbox 3062 891 3115 945; x_wconf 89' lang='lat' dir='ltr'><strong>in</strong></span> <span class='ocrx_word' id='word_1_168' title='bbox 3146 891 3278 948; x_wconf 76' lang='lat' dir='ltr'><strong>cmli</strong></span> <span class='ocrx_word' id='word_1_169' title='bbox 3312 908 3410 947; x_wconf 83' lang='lat' dir='ltr'><strong>cx-</strong></span> 
     </span>
    </p>
   </div>
   <div class='ocr_carea' id='block_1_24' title="bbox 1821 982 3411 1054">
    <p class='ocr_par' dir='ltr' id='par_1_24' title="bbox 1821 982 3411 1054">
     <span class='ocr_line' id='line_1_24' title="bbox 1821 982 3411 1054; baseline -0.002 -13"><span class='ocrx_word' id='word_1_170' title='bbox 1821 985 2072 1041; x_wconf 89' lang='lat' dir='ltr'><strong>tcnsione</strong></span> <span class='ocrx_word' id='word_1_171' title='bbox 2116 994 2397 1054; x_wconf 86' lang='lat' dir='ltr'><strong>assumpta</strong></span> <span class='ocrx_word' id='word_1_172' title='bbox 2443 991 2547 1039; x_wconf 90' lang='lat' dir='ltr'><strong>est.</strong></span> <span class='ocrx_word' id='word_1_173' title='bbox 2602 982 2847 1038; x_wconf 75' lang='lat' dir='ltr'><strong>Invenies</strong></span> <span class='ocrx_word' id='word_1_174' title='bbox 2893 991 2949 1038; x_wconf 83' lang='lat' dir='ltr'><strong>et</strong></span> <span class='ocrx_word' id='word_1_175' title='bbox 2993 982 3047 1039; x_wconf 91' lang='lat' dir='ltr'><strong>in</strong></span> <span class='ocrx_word' id='word_1_176' title='bbox 3098 982 3411 1039; x_wconf 85' lang='lat' dir='ltr'><strong>Proverbiis</strong></span> 
     </span>
    </p>
   </div>
   <div class='ocr_carea' id='block_1_25' title="bbox 1823 1074 3414 1147">
    <p class='ocr_par' dir='ltr' id='par_1_25' title="bbox 1823 1074 3414 1147">
     <span class='ocr_line' id='line_1_25' title="bbox 1823 1074 3414 1147; baseline -0.003 -13"><span class='ocrx_word' id='word_1_177' title='bbox 1823 1078 2024 1134; x_wconf 86' lang='lat' dir='ltr'><strong>dictum</strong></span> <span class='ocrx_word' id='word_1_178' title='bbox 2055 1095 2069 1133; x_wconf 86' lang='lat'><strong>:</strong></span> <span class='ocrx_word' id='word_1_179' title='bbox 2100 1076 2351 1131; x_wconf 81' lang='lat' dir='ltr'><strong>Dominus</strong></span> <span class='ocrx_word' id='word_1_180' title='bbox 2381 1075 2641 1147; x_wconf 81' lang='lat' dir='ltr'><strong>sapientia</strong></span> <span class='ocrx_word' id='word_1_181' title='bbox 2676 1074 2915 1146; x_wconf 81' lang='lat' dir='ltr'><strong>fundauit</strong></span> <span class='ocrx_word' id='word_1_182' title='bbox 2956 1084 3169 1142; x_wconf 83' lang='lat' dir='ltr'><strong>terram,</strong></span> <span class='ocrx_word' id='word_1_183' title='bbox 3209 1092 3414 1147; x_wconf 69' lang='grc' dir='ltr'><strong>μητερα-</strong></span> 
     </span>
    </p>
   </div>
   <div class='ocr_carea' id='block_1_26' title="bbox 1821 1166 3411 1238">
    <p class='ocr_par' dir='ltr' id='par_1_26' title="bbox 1821 1166 3411 1238">
     <span class='ocr_line' id='line_1_26' title="bbox 1821 1166 3411 1238; baseline -0.002 -12"><span class='ocrx_word' id='word_1_184' title='bbox 1821 1172 1952 1226; x_wconf 84' lang='lat' dir='ltr'><strong>ravit</strong></span> <span class='ocrx_word' id='word_1_185' title='bbox 1972 1179 2141 1226; x_wconf 84' lang='lat' dir='ltr'><strong>autem</strong></span> <span class='ocrx_word' id='word_1_186' title='bbox 2158 1170 2307 1225; x_wconf 65' lang='lat' dir='ltr'><strong>caios</strong></span> <span class='ocrx_word' id='word_1_187' title='bbox 2329 1168 2611 1237; x_wconf 77' lang='lat' dir='ltr'><strong>prudentia</strong></span> <span class='ocrx_word' id='word_1_188' title='bbox 2647 1166 2847 1237; x_wconf 85' lang='lat' dir='ltr'><strong>(Prov.</strong></span> <span class='ocrx_word' id='word_1_189' title='bbox 2881 1183 2964 1235; x_wconf 86' lang='lat' dir='ltr'><strong>nt,</strong></span> <span class='ocrx_word' id='word_1_190' title='bbox 2997 1167 3120 1238; x_wconf 80' lang='grc'><strong>19).</strong></span> <span class='ocrx_word' id='word_1_191' title='bbox 3155 1168 3254 1222; x_wconf 82' lang='lat' dir='ltr'><strong>Est</strong></span> <span class='ocrx_word' id='word_1_192' title='bbox 3280 1183 3411 1238; x_wconf 84' lang='lat' dir='ltr'><strong>ergo</strong></span> 
     </span>
    </p>
   </div>
   <div class='ocr_carea' id='block_1_27' title="bbox 1821 1260 3411 1335">
    <p class='ocr_par' dir='ltr' id='par_1_27' title="bbox 1821 1260 3411 1335">
     <span class='ocr_line' id='line_1_27' title="bbox 1821 1260 3411 1335; baseline -0.003 -15"><span class='ocrx_word' id='word_1_193' title='bbox 1821 1264 2001 1335; x_wconf 88' lang='lat' dir='ltr'><strong>aliqua</strong></span> <span class='ocrx_word' id='word_1_194' title='bbox 2030 1260 2311 1333; x_wconf 85' lang='lat' dir='ltr'><strong>prudentia</strong></span> <span class='ocrx_word' id='word_1_195' title='bbox 2344 1261 2462 1327; x_wconf 91' lang='lat' dir='ltr'><strong>Dei,</strong></span> <span class='ocrx_word' id='word_1_196' title='bbox 2500 1276 2660 1333; x_wconf 89' lang='lat' dir='ltr'><strong>quam</strong></span> <span class='ocrx_word' id='word_1_197' title='bbox 2701 1260 2827 1317; x_wconf 87' lang='lat' dir='ltr'><strong>nolo</strong></span> <span class='ocrx_word' id='word_1_198' title='bbox 2857 1272 2915 1317; x_wconf 91' lang='lat' dir='ltr'><strong>ut</strong></span> <span class='ocrx_word' id='word_1_199' title='bbox 2953 1270 3107 1317; x_wconf 81' lang='lat' dir='ltr'><strong>extra</strong></span> <span class='ocrx_word' id='word_1_200' title='bbox 3137 1260 3411 1316; x_wconf 87' lang='lat' dir='ltr'><strong>Christum</strong></span> 
     </span>
    </p>
   </div>
   <div class='ocr_carea' id='block_1_28' title="bbox 1822 1351 3415 1428">
    <p class='ocr_par' dir='ltr' id='par_1_28' title="bbox 1822 1351 3415 1428">
     <span class='ocr_line' id='line_1_28' title="bbox 1822 1351 3415 1428; baseline -0.002 -15"><span class='ocrx_word' id='word_1_201' title='bbox 1822 1355 2087 1428; x_wconf 80' lang='lat' dir='ltr'><strong>requiras.</strong></span> <span class='ocrx_word' id='word_1_202' title='bbox 2121 1354 2311 1410; x_wconf 87' lang='lat' dir='ltr'><strong>Omnia</strong></span> <span class='ocrx_word' id='word_1_203' title='bbox 2339 1354 2540 1425; x_wconf 84' lang='lat' dir='ltr'><strong>quippe</strong></span> <span class='ocrx_word' id='word_1_204' title='bbox 2572 1367 2692 1423; x_wconf 63' lang='lat' dir='ltr'><strong>quae</strong></span> <span class='ocrx_word' id='word_1_205' title='bbox 2723 1353 2815 1408; x_wconf 86' lang='lat' dir='ltr'><strong>Dei</strong></span> <span class='ocrx_word' id='word_1_206' title='bbox 2844 1362 2989 1422; x_wconf 90' lang='lat' dir='ltr'><strong>sunt,</strong></span> <span class='ocrx_word' id='word_1_207' title='bbox 3022 1351 3266 1408; x_wconf 89' lang='lat' dir='ltr'><strong>Christus</strong></span> <span class='ocrx_word' id='word_1_208' title='bbox 3307 1363 3415 1410; x_wconf 89' lang='lat' dir='ltr'><strong>est.</strong></span> 
     </span>
    </p>
   </div>
   <div class='ocr_carea' id='block_1_29' title="bbox 1822 1443 3411 1519">
    <p class='ocr_par' dir='ltr' id='par_1_29' title="bbox 1822 1443 3411 1519">
     <span class='ocr_line' id='line_1_29' title="bbox 1822 1443 3411 1519; baseline -0.003 -15"><span class='ocrx_word' id='word_1_209' title='bbox 1822 1446 1946 1519; x_wconf 90' lang='lat' dir='ltr'><strong>Ipse</strong></span> <span class='ocrx_word' id='word_1_210' title='bbox 1974 1447 2238 1516; x_wconf 85' lang='lat' dir='ltr'><strong>sapientia</strong></span> <span class='ocrx_word' id='word_1_211' title='bbox 2265 1444 2405 1515; x_wconf 86' lang='lat' dir='ltr'><strong>ejus,</strong></span> <span class='ocrx_word' id='word_1_212' title='bbox 2440 1445 2555 1514; x_wconf 87' lang='lat' dir='ltr'><strong>ipse</strong></span> <span class='ocrx_word' id='word_1_213' title='bbox 2581 1443 2843 1499; x_wconf 83' lang='lat' dir='ltr'><strong>fortitudo</strong></span> <span class='ocrx_word' id='word_1_214' title='bbox 2874 1444 3014 1515; x_wconf 87' lang='lat' dir='ltr'><strong>ejus,</strong></span> <span class='ocrx_word' id='word_1_215' title='bbox 3044 1444 3159 1514; x_wconf 91' lang='lat' dir='ltr'><strong>ipse</strong></span> <span class='ocrx_word' id='word_1_216' title='bbox 3180 1444 3411 1513; x_wconf 84' lang='lat' dir='ltr'><strong>justitia,</strong></span> 
     </span>
    </p>
   </div>
   <div class='ocr_carea' id='block_1_30' title="bbox 1823 1537 3417 1611">
    <p class='ocr_par' dir='ltr' id='par_1_30' title="bbox 1823 1537 3417 1611">
     <span class='ocr_line' id='line_1_30' title="bbox 1823 1537 3417 1611; baseline -0.002 -13"><span class='ocrx_word' id='word_1_217' title='bbox 1823 1542 1945 1611; x_wconf 87' lang='lat' dir='ltr'><strong>ipse</strong></span> <span class='ocrx_word' id='word_1_218' title='bbox 1992 1538 2251 1596; x_wconf 84' lang='lat' dir='ltr'><strong>sanctitas</strong></span> <span class='ocrx_word' id='word_1_219' title='bbox 2297 1548 2354 1594; x_wconf 90' lang='lat' dir='ltr'><strong>et</strong></span> <span class='ocrx_word' id='word_1_220' title='bbox 2396 1538 2723 1609; x_wconf 88' lang='lat' dir='ltr'><strong>redemptio,</strong></span> <span class='ocrx_word' id='word_1_221' title='bbox 2776 1537 2893 1608; x_wconf 90' lang='lat' dir='ltr'><strong>ipse</strong></span> <span class='ocrx_word' id='word_1_222' title='bbox 2948 1538 3047 1607; x_wconf 88' lang='lat' dir='ltr'><strong>(ut</strong></span> <span class='ocrx_word' id='word_1_223' title='bbox 3075 1537 3143 1593; x_wconf 89' lang='lat' dir='ltr'><strong>ad</strong></span> <span class='ocrx_word' id='word_1_224' title='bbox 3176 1553 3417 1606; x_wconf 67' lang='lat' dir='ltr'><strong>praesens</strong></span> 
     </span>
    </p>
   </div>
   <div class='ocr_carea' id='block_1_31' title="bbox 1823 1628 3414 1703">
    <p class='ocr_par' dir='ltr' id='par_1_31' title="bbox 1823 1628 3414 1703">
     <span class='ocr_line' id='line_1_31' title="bbox 1823 1628 3414 1703; baseline -0.004 -13"><span class='ocrx_word' id='word_1_225' title='bbox 1823 1632 2061 1703; x_wconf 81' lang='lat' dir='ltr'><strong>veniam)</strong></span> <span class='ocrx_word' id='word_1_226' title='bbox 2094 1635 2258 1689; x_wconf 88' lang='lat' dir='ltr'><strong>etiam</strong></span> <span class='ocrx_word' id='word_1_227' title='bbox 2292 1629 2600 1702; x_wconf 88' lang='lat' dir='ltr'><strong>prudentia.</strong></span> <span class='ocrx_word' id='word_1_228' title='bbox 2636 1628 2743 1686; x_wconf 88' lang='lat' dir='ltr'><strong>Sed</strong></span> <span class='ocrx_word' id='word_1_229' title='bbox 2774 1644 2896 1685; x_wconf 90' lang='lat' dir='ltr'><strong>cum</strong></span> <span class='ocrx_word' id='word_1_230' title='bbox 2926 1629 2999 1685; x_wconf 87' lang='lat' dir='ltr'><strong>sit</strong></span> <span class='ocrx_word' id='word_1_231' title='bbox 3025 1629 3170 1687; x_wconf 91' lang='lat' dir='ltr'><strong>idem</strong></span> <span class='ocrx_word' id='word_1_232' title='bbox 3200 1630 3252 1685; x_wconf 91' lang='lat' dir='ltr'><strong>in</strong></span> <span class='ocrx_word' id='word_1_233' title='bbox 3284 1630 3414 1684; x_wconf 88' lang='lat' dir='ltr'><strong>sub-</strong></span> 
     </span>
    </p>
   </div>
   <div class='ocr_carea' id='block_1_32' title="bbox 1821 1721 3412 1795">
    <p class='ocr_par' dir='ltr' id='par_1_32' title="bbox 1821 1721 3412 1795">
     <span class='ocr_line' id='line_1_32' title="bbox 1821 1721 3412 1795; baseline -0.003 -14"><span class='ocrx_word' id='word_1_234' title='bbox 1821 1724 2045 1795; x_wconf 88' lang='lat' dir='ltr'><strong>jaccnti,</strong></span> <span class='ocrx_word' id='word_1_235' title='bbox 2080 1738 2176 1794; x_wconf 90' lang='lat' dir='ltr'><strong>pro</strong></span> <span class='ocrx_word' id='word_1_236' title='bbox 2206 1722 2469 1779; x_wconf 83' lang='lat' dir='ltr'><strong>varietate</strong></span> <span class='ocrx_word' id='word_1_237' title='bbox 2516 1735 2798 1790; x_wconf 88' lang='lat' dir='ltr'><strong>sensuum,</strong></span> <span class='ocrx_word' id='word_1_238' title='bbox 2848 1721 3081 1779; x_wconf 83' lang='lat' dir='ltr'><strong>diversis</strong></span> <span class='ocrx_word' id='word_1_239' title='bbox 3136 1722 3412 1779; x_wconf 86' lang='lat' dir='ltr'><strong>vocabulis</strong></span> 
     </span>
    </p>
   </div>
   <div class='ocr_carea' id='block_1_33' title="bbox 189 1817 3413 1898">
    <p class='ocr_par' dir='ltr' id='par_1_33' title="bbox 189 1817 3413 1898">
     <span class='ocr_line' id='line_1_33' title="bbox 189 1817 3413 1898; baseline -0.002 -16"><span class='ocrx_word' id='word_1_240' title='bbox 189 1827 475 1897; x_wconf 65' lang='lat' dir='ltr'><strong>exemplaria,</strong></span> <span class='ocrx_word' id='word_1_241' title='bbox 506 1822 797 1898; x_wconf 80' lang='lat' dir='ltr'><strong>quomodo</strong></span> <span class='ocrx_word' id='word_1_242' title='bbox 822 1823 1079 1880; x_wconf 82' lang='lat' dir='ltr'><strong>statuerit</strong></span> <span class='ocrx_word' id='word_1_243' title='bbox 1108 1837 1227 1879; x_wconf 86' lang='lat' dir='ltr'><strong>eam</strong></span> <span class='ocrx_word' id='word_1_244' title='bbox 1259 1834 1426 1889; x_wconf 77' lang='lat' dir='ltr'><strong>super</strong></span> <span class='ocrx_word' id='word_1_245' title='bbox 1464 1817 1717 1882; x_wconf 80' lang='lat' dir='ltr'><strong>nihilum.</strong></span> <span class='ocrx_word' id='word_1_246' title='bbox 1750 1817 1797 1880; x_wconf 89' lang='grc' dir='ltr'><strong>Β</strong></span> <span class='ocrx_word' id='word_1_247' title='bbox 1826 1831 2189 1893; x_wconf 89' lang='lat' dir='ltr'><strong>nuncupatur.</strong></span> <span class='ocrx_word' id='word_1_248' title='bbox 2222 1819 2384 1878; x_wconf 82' lang='lat' dir='ltr'><strong>Aliud</strong></span> <span class='ocrx_word' id='word_1_249' title='bbox 2415 1820 2686 1892; x_wconf 81' lang='lat' dir='ltr'><strong>signiﬁcat</strong></span> <span class='ocrx_word' id='word_1_250' title='bbox 2716 1821 3010 1891; x_wconf 86' lang='lat' dir='ltr'><strong>sapientia,</strong></span> <span class='ocrx_word' id='word_1_251' title='bbox 3057 1822 3206 1879; x_wconf 85' lang='lat' dir='ltr'><strong>aliud</strong></span> <span class='ocrx_word' id='word_1_252' title='bbox 3249 1820 3413 1892; x_wconf 89' lang='lat' dir='ltr'><strong>justi-</strong></span> 
     </span>
    </p>
   </div>
   <div class='ocr_carea' id='block_1_34' title="bbox 187 1910 1719 1975">
    <p class='ocr_par' dir='ltr' id='par_1_34' title="bbox 187 1910 1719 1975">
     <span class='ocr_line' id='line_1_34' title="bbox 187 1910 1719 1975; baseline -0.007 -2"><span class='ocrx_word' id='word_1_253' title='bbox 187 1918 377 1975; x_wconf 78' lang='lat' dir='ltr'><strong>inmies</strong></span> <span class='ocrx_word' id='word_1_254' title='bbox 398 1916 781 1974; x_wconf 77' lang='lat' dir='ltr'><strong>fortitudinem</strong></span> <span class='ocrx_word' id='word_1_255' title='bbox 810 1915 907 1973; x_wconf 86' lang='lat' dir='ltr'><strong>Dei</strong></span> <span class='ocrx_word' id='word_1_256' title='bbox 936 1916 990 1970; x_wconf 92' lang='lat' dir='ltr'><strong>in</strong></span> <span class='ocrx_word' id='word_1_257' title='bbox 1018 1913 1309 1972; x_wconf 87' lang='lat' dir='ltr'><strong>medietate</strong></span> <span class='ocrx_word' id='word_1_258' title='bbox 1330 1910 1516 1966; x_wconf 90' lang='lat' dir='ltr'><strong>mundi</strong></span> <span class='ocrx_word' id='word_1_259' title='bbox 1558 1920 1719 1965; x_wconf 74' lang='lat' dir='ltr'><strong>terra:</strong></span> 
     </span>
    </p>
   </div>
   <div class='ocr_carea' id='block_1_35' title="bbox 189 2004 1716 2079">
    <p class='ocr_par' dir='ltr' id='par_1_35' title="bbox 189 2004 1716 2079">
     <span class='ocr_line' id='line_1_35' title="bbox 189 2004 1716 2079; baseline -0.009 -12"><span class='ocrx_word' id='word_1_260' title='bbox 189 2011 328 2067; x_wconf 72' lang='lat' dir='ltr'><strong>lihtun</strong></span> <span class='ocrx_word' id='word_1_261' title='bbox 352 2011 654 2069; x_wconf 81' lang='lat' dir='ltr'><strong>sustinere.</strong></span> <span class='ocrx_word' id='word_1_262' title='bbox 688 2008 916 2065; x_wconf 81' lang='lat' dir='ltr'><strong>Veniam</strong></span> <span class='ocrx_word' id='word_1_263' title='bbox 943 2021 1077 2079; x_wconf 87' lang='lat' dir='ltr'><strong>ergo</strong></span> <span class='ocrx_word' id='word_1_264' title='bbox 1111 2004 1178 2062; x_wconf 91' lang='lat' dir='ltr'><strong>ad</strong></span> <span class='ocrx_word' id='word_1_265' title='bbox 1206 2005 1394 2061; x_wconf 89' lang='lat' dir='ltr'><strong>orbem</strong></span> <span class='ocrx_word' id='word_1_266' title='bbox 1425 2015 1716 2069; x_wconf 89' lang='lat' dir='ltr'><strong>terrarum,</strong></span> 
     </span>
    </p>
   </div>
   <div class='ocr_carea' id='block_1_36' title="bbox 197 2091 1715 2177">
    <p class='ocr_par' dir='ltr' id='par_1_36' title="bbox 197 2091 1715 2177">
     <span class='ocr_line' id='line_1_36' title="bbox 197 2091 1715 2177; baseline -0.009 -20"><span class='ocrx_word' id='word_1_267' title='bbox 197 2104 261 2172; x_wconf 71' lang='lat' dir='ltr'><strong>qui</strong></span> <span class='ocrx_word' id='word_1_268' title='bbox 288 2102 441 2160; x_wconf 64' lang='lat' dir='ltr'><strong>Graec</strong></span> <span class='ocrx_word' id='word_1_269' title='bbox 474 2104 754 2177; x_wconf 71' lang='grc' dir='ltr'><strong>οἰκθυμένη</strong></span> <span class='ocrx_word' id='word_1_270' title='bbox 800 2110 1144 2170; x_wconf 87' lang='lat' dir='ltr'><strong>nuncupatur</strong></span> <span class='ocrx_word' id='word_1_271' title='bbox 1170 2143 1185 2167; x_wconf 88' lang='lat'><strong>,</strong></span> <span class='ocrx_word' id='word_1_272' title='bbox 1222 2096 1276 2153; x_wconf 88' lang='lat' dir='ltr'><strong>id</strong></span> <span class='ocrx_word' id='word_1_273' title='bbox 1333 2104 1456 2162; x_wconf 76' lang='grc' dir='ltr'>εει,</span> <span class='ocrx_word' id='word_1_274' title='bbox 1509 2091 1715 2147; x_wconf 83' lang='lat' dir='ltr'><strong>inhabi-</strong></span> 
     </span>
    </p>
   </div>
   <div class='ocr_carea' id='block_1_37' title="bbox 198 2180 1719 2257">
    <p class='ocr_par' dir='ltr' id='par_1_37' title="bbox 198 2180 1719 2257">
     <span class='ocr_line' id='line_1_37' title="bbox 198 2180 1719 2257; baseline -0.005 -12"><span class='ocrx_word' id='word_1_275' title='bbox 198 2203 284 2246; x_wconf 73' lang='grc' dir='ltr'><strong>ιω.</strong></span> <span class='ocrx_word' id='word_1_276' title='bbox 315 2193 424 2250; x_wconf 82' lang='lat' dir='ltr'><strong>Scio</strong></span> <span class='ocrx_word' id='word_1_277' title='bbox 450 2192 707 2257; x_wconf 28' lang='lat' dir='ltr'><strong>animam,</strong></span> <span class='ocrx_word' id='word_1_278' title='bbox 732 2189 1113 2253; x_wconf 84' lang='lat' dir='ltr'><strong>inbabitatam,</strong></span> <span class='ocrx_word' id='word_1_279' title='bbox 1167 2186 1282 2242; x_wconf 90' lang='lat' dir='ltr'><strong>scio</strong></span> <span class='ocrx_word' id='word_1_280' title='bbox 1326 2185 1625 2240; x_wconf 79' lang='lat' dir='ltr'><strong>desertam.</strong></span> <span class='ocrx_word' id='word_1_281' title='bbox 1662 2180 1719 2237; x_wconf 89' lang='lat' dir='ltr'><strong>Si</strong></span> 
     </span>
    </p>
   </div>
   <div class='ocr_carea' id='block_1_38' title="bbox 193 2275 1717 2341">
    <p class='ocr_par' dir='ltr' id='par_1_38' title="bbox 193 2275 1717 2341">
     <span class='ocr_line' id='line_1_38' title="bbox 193 2275 1717 2341; baseline -0.007 -2"><span class='ocrx_word' id='word_1_282' title='bbox 193 2286 287 2339; x_wconf 75' lang='lat' dir='ltr'><strong>enini</strong></span> <span class='ocrx_word' id='word_1_283' title='bbox 311 2299 403 2340; x_wconf 85' lang='lat' dir='ltr'><strong>non</strong></span> <span class='ocrx_word' id='word_1_284' title='bbox 430 2284 610 2341; x_wconf 81' lang='lat' dir='ltr'><strong>habet</strong></span> <span class='ocrx_word' id='word_1_285' title='bbox 634 2284 800 2339; x_wconf 88' lang='lat' dir='ltr'><strong>Deum</strong></span> <span class='ocrx_word' id='word_1_286' title='bbox 830 2281 1045 2341; x_wconf 82' lang='lat' dir='ltr'><strong>Patrem</strong></span> <span class='ocrx_word' id='word_1_287' title='bbox 1073 2297 1088 2335; x_wconf 91' lang='lat'><strong>:</strong></span> <span class='ocrx_word' id='word_1_288' title='bbox 1114 2280 1161 2333; x_wconf 90' lang='lat' dir='ltr'><strong>si</strong></span> <span class='ocrx_word' id='word_1_289' title='bbox 1192 2293 1300 2334; x_wconf 89' lang='lat' dir='ltr'><strong>non</strong></span> <span class='ocrx_word' id='word_1_290' title='bbox 1331 2276 1495 2331; x_wconf 87' lang='lat' dir='ltr'><strong>habet</strong></span> <span class='ocrx_word' id='word_1_291' title='bbox 1520 2275 1717 2331; x_wconf 77' lang='lat' dir='ltr'><strong>Filium</strong></span> 
     </span>
    </p>
   </div>
   <div class='ocr_carea' id='block_1_39' title="bbox 184 2368 1717 2448">
    <p class='ocr_par' dir='ltr' id='par_1_39' title="bbox 184 2368 1717 2448">
     <span class='ocr_line' id='line_1_39' title="bbox 184 2368 1717 2448; baseline -0.007 -17"><span class='ocrx_word' id='word_1_292' title='bbox 184 2377 392 2432; x_wconf 76' lang='lat' dir='ltr'><strong>dicentem</strong></span> <span class='ocrx_word' id='word_1_293' title='bbox 416 2393 430 2433; x_wconf 85' lang='lat'><strong>:</strong></span> <span class='ocrx_word' id='word_1_294' title='bbox 457 2392 565 2448; x_wconf 76' lang='lat' dir='ltr'><strong>ego</strong></span> <span class='ocrx_word' id='word_1_295' title='bbox 594 2384 644 2430; x_wconf 84' lang='lat' dir='ltr'><strong>et</strong></span> <span class='ocrx_word' id='word_1_296' title='bbox 667 2374 831 2429; x_wconf 88' lang='lat' dir='ltr'><strong>Pater</strong></span> <span class='ocrx_word' id='word_1_297' title='bbox 858 2373 1113 2428; x_wconf 77' lang='lat' dir='ltr'><strong>veniemus</strong></span> <span class='ocrx_word' id='word_1_298' title='bbox 1140 2371 1207 2425; x_wconf 89' lang='lat' dir='ltr'><strong>ad</strong></span> <span class='ocrx_word' id='word_1_299' title='bbox 1243 2386 1382 2436; x_wconf 84' lang='lat' dir='ltr'><strong>eum,</strong></span> <span class='ocrx_word' id='word_1_300' title='bbox 1406 2379 1455 2423; x_wconf 86' lang='lat' dir='ltr'><strong>et</strong></span> <span class='ocrx_word' id='word_1_301' title='bbox 1483 2368 1717 2423; x_wconf 86' lang='lat' dir='ltr'><strong>mansio-</strong></span> 
     </span>
    </p>
   </div>
   <div class='ocr_carea' id='block_1_40' title="bbox 181 2461 1717 2543">
    <p class='ocr_par' dir='ltr' id='par_1_40' title="bbox 181 2461 1717 2543">
     <span class='ocr_line' id='line_1_40' title="bbox 181 2461 1717 2543; baseline -0.007 -17"><span class='ocrx_word' id='word_1_302' title='bbox 181 2489 262 2526; x_wconf 71' lang='lat' dir='ltr'><strong>seu</strong></span> <span class='ocrx_word' id='word_1_303' title='bbox 289 2471 414 2538; x_wconf 68' lang='lat' dir='ltr'><strong>apud</strong></span> <span class='ocrx_word' id='word_1_304' title='bbox 447 2487 575 2527; x_wconf 81' lang='lat' dir='ltr'><strong>eum</strong></span> <span class='ocrx_word' id='word_1_305' title='bbox 616 2471 866 2543; x_wconf 77' lang='lat' dir='ltr'><strong>faciemus</strong></span> <span class='ocrx_word' id='word_1_306' title='bbox 893 2466 1075 2539; x_wconf 83' lang='lat' dir='ltr'><strong>(Joan.</strong></span> <span class='ocrx_word' id='word_1_307' title='bbox 1102 2481 1215 2535; x_wconf 76' lang='lat' dir='ltr'><strong>xiv,</strong></span> <span class='ocrx_word' id='word_1_308' title='bbox 1248 2464 1374 2529; x_wconf 71' lang='lat'><strong>25):</strong></span> <span class='ocrx_word' id='word_1_309' title='bbox 1405 2464 1451 2519; x_wconf 88' lang='lat' dir='ltr'><strong>si</strong></span> <span class='ocrx_word' id='word_1_310' title='bbox 1482 2478 1591 2519; x_wconf 91' lang='lat' dir='ltr'><strong>non</strong></span> <span class='ocrx_word' id='word_1_311' title='bbox 1621 2461 1717 2517; x_wconf 83' lang='lat' dir='ltr'><strong>ha-</strong></span> 
     </span>
    </p>
   </div>
   <div class='ocr_carea' id='block_1_41' title="bbox 175 2555 1719 2635">
    <p class='ocr_par' dir='ltr' id='par_1_41' title="bbox 175 2555 1719 2635">
     <span class='ocr_line' id='line_1_41' title="bbox 175 2555 1719 2635; baseline -0.006 -16"><span class='ocrx_word' id='word_1_312' title='bbox 175 2564 240 2619; x_wconf 78' lang='lat' dir='ltr'><strong>bet</strong></span> <span class='ocrx_word' id='word_1_313' title='bbox 256 2564 495 2635; x_wconf 79' lang='lat' dir='ltr'><strong>Spiritum</strong></span> <span class='ocrx_word' id='word_1_314' title='bbox 536 2572 819 2625; x_wconf 86' lang='lat' dir='ltr'><strong>sanctum,</strong></span> <span class='ocrx_word' id='word_1_315' title='bbox 860 2562 1043 2617; x_wconf 86' lang='lat' dir='ltr'><strong>anima</strong></span> <span class='ocrx_word' id='word_1_316' title='bbox 1081 2558 1301 2613; x_wconf 87' lang='lat' dir='ltr'><strong>deserta</strong></span> <span class='ocrx_word' id='word_1_317' title='bbox 1324 2565 1430 2612; x_wconf 90' lang='lat' dir='ltr'><strong>est.</strong></span> <span class='ocrx_word' id='word_1_318' title='bbox 1465 2555 1719 2611; x_wconf 82' lang='lat' dir='ltr'><strong>Habitata</strong></span> 
     </span>
    </p>
   </div>
   <div class='ocr_carea' id='block_1_42' title="bbox 172 2649 1718 2728">
    <p class='ocr_par' dir='ltr' id='par_1_42' title="bbox 172 2649 1718 2728">
     <span class='ocr_line' id='line_1_42' title="bbox 172 2649 1718 2728; baseline -0.003 -20"><span class='ocrx_word' id='word_1_319' title='bbox 172 2666 311 2713; x_wconf 81' lang='lat' dir='ltr'><strong>autem</strong></span> <span class='ocrx_word' id='word_1_320' title='bbox 353 2668 453 2723; x_wconf 87' lang='lat' dir='ltr'><strong>est,</strong></span> <span class='ocrx_word' id='word_1_321' title='bbox 503 2655 731 2728; x_wconf 79' lang='lat' dir='ltr'><strong>quando</strong></span> <span class='ocrx_word' id='word_1_322' title='bbox 768 2654 925 2726; x_wconf 87' lang='lat' dir='ltr'><strong>plena</strong></span> <span class='ocrx_word' id='word_1_323' title='bbox 958 2664 1042 2709; x_wconf 90' lang='lat' dir='ltr'><strong>est</strong></span> <span class='ocrx_word' id='word_1_324' title='bbox 1088 2652 1202 2707; x_wconf 89' lang='lat' dir='ltr'><strong>Deo</strong></span> <span class='ocrx_word' id='word_1_325' title='bbox 1253 2651 1446 2718; x_wconf 83' lang='lat' dir='ltr'><strong>Patre,</strong></span> <span class='ocrx_word' id='word_1_326' title='bbox 1499 2649 1718 2722; x_wconf 84' lang='lat' dir='ltr'><strong>quando</strong></span> 
     </span>
    </p>
   </div>
   <div class='ocr_carea' id='block_1_43' title="bbox 172 2744 1716 2817">
    <p class='ocr_par' dir='ltr' id='par_1_43' title="bbox 172 2744 1716 2817">
     <span class='ocr_line' id='line_1_43' title="bbox 172 2744 1716 2817; baseline -0.001 -16"><span class='ocrx_word' id='word_1_327' title='bbox 172 2748 296 2805; x_wconf 79' lang='lat' dir='ltr'><strong>habet</strong></span> <span class='ocrx_word' id='word_1_328' title='bbox 320 2752 598 2808; x_wconf 84' lang='lat' dir='ltr'><strong>Christum</strong></span> <span class='ocrx_word' id='word_1_329' title='bbox 624 2748 823 2806; x_wconf 76' lang='lat' dir='ltr'><strong>Filium</strong></span> <span class='ocrx_word' id='word_1_330' title='bbox 851 2747 1192 2817; x_wconf 89' lang='lat' dir='ltr'><strong>etSpiritum</strong></span> <span class='ocrx_word' id='word_1_331' title='bbox 1219 2756 1489 2801; x_wconf 90' lang='lat' dir='ltr'><strong>sanctum.</strong></span> <span class='ocrx_word' id='word_1_332' title='bbox 1515 2744 1716 2800; x_wconf 77' lang='lat' dir='ltr'><strong>Verum</strong></span> 
     </span>
    </p>
   </div>
   <div class='ocr_carea' id='block_1_44' title="bbox 170 2837 1718 2910">
    <p class='ocr_par' dir='ltr' id='par_1_44' title="bbox 170 2837 1718 2910">
     <span class='ocr_line' id='line_1_44' title="bbox 170 2837 1718 2910; baseline -0.001 -15"><span class='ocrx_word' id='word_1_333' title='bbox 170 2841 258 2896; x_wconf 72' lang='lat' dir='ltr'><strong>hac</strong></span> <span class='ocrx_word' id='word_1_334' title='bbox 279 2843 590 2899; x_wconf 65' lang='lat' dir='ltr'><strong>diﬁcrenter</strong></span> <span class='ocrx_word' id='word_1_335' title='bbox 629 2852 685 2897; x_wconf 91' lang='lat' dir='ltr'><strong>et</strong></span> <span class='ocrx_word' id='word_1_336' title='bbox 716 2842 862 2896; x_wconf 82' lang='lat' dir='ltr'><strong>varie</strong></span> <span class='ocrx_word' id='word_1_337' title='bbox 904 2839 956 2896; x_wconf 89' lang='lat' dir='ltr'><strong>in</strong></span> <span class='ocrx_word' id='word_1_338' title='bbox 987 2839 1285 2910; x_wconf 88' lang='lat' dir='ltr'><strong>Scripturis</strong></span> <span class='ocrx_word' id='word_1_339' title='bbox 1314 2837 1570 2893; x_wconf 81' lang='lat' dir='ltr'><strong>dicuntur</strong></span> <span class='ocrx_word' id='word_1_340' title='bbox 1604 2853 1620 2891; x_wconf 91' lang='lat'>:</span> <span class='ocrx_word' id='word_1_341' title='bbox 1664 2838 1718 2894; x_wconf 82' lang='lat' dir='ltr'><strong>in</strong></span> 
     </span>
    </p>
   </div>
   <div class='ocr_carea' id='block_1_45' title="bbox 164 2931 1717 3001">
    <p class='ocr_par' dir='ltr' id='par_1_45' title="bbox 164 2931 1717 3001">
     <span class='ocr_line' id='line_1_45' title="bbox 164 2931 1717 3001; baseline -0.001 -15"><span class='ocrx_word' id='word_1_342' title='bbox 164 2935 305 2990; x_wconf 77' lang='lat' dir='ltr'><strong>anima</strong></span> <span class='ocrx_word' id='word_1_343' title='bbox 333 2935 577 2991; x_wconf 83' lang='lat' dir='ltr'><strong>hominis</strong></span> <span class='ocrx_word' id='word_1_344' title='bbox 608 2934 825 2990; x_wconf 88' lang='lat' dir='ltr'><strong>Patrem</strong></span> <span class='ocrx_word' id='word_1_345' title='bbox 869 2943 925 2989; x_wconf 89' lang='lat' dir='ltr'><strong>et</strong></span> <span class='ocrx_word' id='word_1_346' title='bbox 959 2932 1157 2988; x_wconf 90' lang='lat' dir='ltr'><strong>Filium</strong></span> <span class='ocrx_word' id='word_1_347' title='bbox 1198 2940 1254 2987; x_wconf 89' lang='lat' dir='ltr'><strong>et</strong></span> <span class='ocrx_word' id='word_1_348' title='bbox 1282 2931 1544 3001; x_wconf 78' lang='lat' dir='ltr'><strong>Spiritum</strong></span> <span class='ocrx_word' id='word_1_349' title='bbox 1583 2944 1717 2985; x_wconf 89' lang='lat' dir='ltr'><strong>san-</strong></span> 
     </span>
    </p>
   </div>
   <div class='ocr_carea' id='block_1_46' title="bbox 164 3021 1718 3094">
    <p class='ocr_par' dir='ltr' id='par_1_46' title="bbox 164 3021 1718 3094">
     <span class='ocr_line' id='line_1_46' title="bbox 164 3021 1718 3094; baseline -0.003 -14"><span class='ocrx_word' id='word_1_350' title='bbox 164 3036 277 3081; x_wconf 71' lang='lat' dir='ltr'><strong>ctum</strong></span> <span class='ocrx_word' id='word_1_351' title='bbox 302 3027 656 3084; x_wconf 78' lang='lat' dir='ltr'><strong>commorari.</strong></span> <span class='ocrx_word' id='word_1_352' title='bbox 702 3025 833 3082; x_wconf 85' lang='lat' dir='ltr'><strong>Nam</strong></span> <span class='ocrx_word' id='word_1_353' title='bbox 862 3033 918 3082; x_wconf 89' lang='lat' dir='ltr'><strong>et</strong></span> <span class='ocrx_word' id='word_1_354' title='bbox 960 3024 1129 3079; x_wconf 86' lang='lat' dir='ltr'><strong>David</strong></span> <span class='ocrx_word' id='word_1_355' title='bbox 1175 3024 1225 3078; x_wconf 92' lang='lat' dir='ltr'><strong>in</strong></span> <span class='ocrx_word' id='word_1_356' title='bbox 1265 3023 1476 3094; x_wconf 86' lang='lat' dir='ltr'><strong>psalmo</strong></span> <span class='ocrx_word' id='word_1_357' title='bbox 1505 3021 1718 3077; x_wconf 83' lang='lat' dir='ltr'><strong>confes-</strong></span> 
     </span>
    </p>
   </div>
   <div class='ocr_carea' id='block_1_47' title="bbox 162 3115 1719 3192">
    <p class='ocr_par' dir='ltr' id='par_1_47' title="bbox 162 3115 1719 3192">
     <span class='ocr_line' id='line_1_47' title="bbox 162 3115 1719 3192; baseline -0.005 -16"><span class='ocrx_word' id='word_1_358' title='bbox 162 3120 296 3176; x_wconf 83' lang='lat' dir='ltr'><strong>sionis</strong></span> <span class='ocrx_word' id='word_1_359' title='bbox 325 3135 431 3180; x_wconf 88' lang='lat' dir='ltr'><strong>tres</strong></span> <span class='ocrx_word' id='word_1_360' title='bbox 460 3120 700 3192; x_wconf 80' lang='lat' dir='ltr'><strong>spiritus</strong></span> <span class='ocrx_word' id='word_1_361' title='bbox 732 3120 989 3190; x_wconf 85' lang='lat' dir='ltr'><strong>postulat,</strong></span> <span class='ocrx_word' id='word_1_362' title='bbox 1030 3117 1255 3174; x_wconf 85' lang='lat' dir='ltr'><strong>dicens:</strong></span> <span class='ocrx_word' id='word_1_363' title='bbox 1287 3116 1492 3186; x_wconf 81' lang='lat' dir='ltr'><strong>Spiritu</strong></span> <span class='ocrx_word' id='word_1_364' title='bbox 1522 3115 1719 3187; x_wconf 83' lang='lat' dir='ltr'><strong>princi-</strong></span> 
     </span>
    </p>
   </div>
   <div class='ocr_carea' id='block_1_48' title="bbox 1823 1910 3410 1986">
    <p class='ocr_par' dir='ltr' id='par_1_48' title="bbox 1823 1910 3410 1986">
     <span class='ocr_line' id='line_1_48' title="bbox 1823 1910 3410 1986; baseline -0.002 -17"><span class='ocrx_word' id='word_1_365' title='bbox 1823 1914 1917 1970; x_wconf 88' lang='lat' dir='ltr'><strong>tia.</strong></span> <span class='ocrx_word' id='word_1_366' title='bbox 1961 1912 2192 1981; x_wconf 87' lang='lat' dir='ltr'><strong>Quando</strong></span> <span class='ocrx_word' id='word_1_367' title='bbox 2236 1911 2379 1968; x_wconf 83' lang='lat' dir='ltr'><strong>enim</strong></span> <span class='ocrx_word' id='word_1_368' title='bbox 2434 1911 2699 1983; x_wconf 88' lang='lat' dir='ltr'><strong>sapientia</strong></span> <span class='ocrx_word' id='word_1_369' title='bbox 2752 1911 2969 1982; x_wconf 88' lang='lat' dir='ltr'><strong>dicitur,</strong></span> <span class='ocrx_word' id='word_1_370' title='bbox 3026 1910 3325 1986; x_wconf 86' lang='lat' dir='ltr'><strong>disciplinis</strong></span> <span class='ocrx_word' id='word_1_371' title='bbox 3356 1920 3410 1966; x_wconf 91' lang='lat' dir='ltr'><strong>te</strong></span> 
     </span>
    </p>
   </div>
   <div class='ocr_carea' id='block_1_49' title="bbox 1820 2001 3413 2073">
    <p class='ocr_par' dir='ltr' id='par_1_49' title="bbox 1820 2001 3413 2073">
     <span class='ocr_line' id='line_1_49' title="bbox 1820 2001 3413 2073; baseline -0.003 -11"><span class='ocrx_word' id='word_1_372' title='bbox 1820 2004 2129 2062; x_wconf 90' lang='lat' dir='ltr'><strong>divinarum</strong></span> <span class='ocrx_word' id='word_1_373' title='bbox 2172 2001 2640 2073; x_wconf 89' lang='lat' dir='ltr'><strong>humanarumque</strong></span> <span class='ocrx_word' id='word_1_374' title='bbox 2691 2018 2873 2060; x_wconf 89' lang='lat' dir='ltr'><strong>rerum</strong></span> <span class='ocrx_word' id='word_1_375' title='bbox 2901 2003 3153 2060; x_wconf 88' lang='lat' dir='ltr'><strong>instituit.</strong></span> <span class='ocrx_word' id='word_1_376' title='bbox 3187 2002 3413 2071; x_wconf 89' lang='lat' dir='ltr'><strong>Quando</strong></span> 
     </span>
    </p>
   </div>
   <div class='ocr_carea' id='block_1_50' title="bbox 1814 2095 3409 2171">
    <p class='ocr_par' dir='ltr' id='par_1_50' title="bbox 1814 2095 3409 2171">
     <span class='ocr_line' id='line_1_50' title="bbox 1814 2095 3409 2171; baseline -0.003 -17"><span class='ocrx_word' id='word_1_377' title='bbox 1814 2096 2048 2171; x_wconf 89' lang='lat' dir='ltr'><strong>justitia,</strong></span> <span class='ocrx_word' id='word_1_378' title='bbox 2082 2096 2405 2153; x_wconf 88' lang='lat' dir='ltr'><strong>distributor</strong></span> <span class='ocrx_word' id='word_1_379' title='bbox 2429 2106 2485 2152; x_wconf 92' lang='lat' dir='ltr'><strong>et</strong></span> <span class='ocrx_word' id='word_1_380' title='bbox 2503 2095 2669 2166; x_wconf 85' lang='lat' dir='ltr'><strong>judex</strong></span> <span class='ocrx_word' id='word_1_381' title='bbox 2697 2096 3019 2152; x_wconf 86' lang='lat' dir='ltr'><strong>meritorum</strong></span> <span class='ocrx_word' id='word_1_382' title='bbox 3051 2096 3409 2168; x_wconf 80' lang='lat' dir='ltr'><strong>signiﬁcatur.</strong></span> 
     </span>
    </p>
   </div>
   <div class='ocr_carea' id='block_1_51' title="bbox 1820 2188 3413 2261">
    <p class='ocr_par' dir='ltr' id='par_1_51' title="bbox 1820 2188 3413 2261">
     <span class='ocr_line' id='line_1_51' title="bbox 1820 2188 3413 2261; baseline -0.001 -15"><span class='ocrx_word' id='word_1_383' title='bbox 1820 2191 2045 2260; x_wconf 82' lang='lat' dir='ltr'><strong>Quando</strong></span> <span class='ocrx_word' id='word_1_384' title='bbox 2074 2190 2357 2259; x_wconf 86' lang='lat' dir='ltr'><strong>sanctitas,</strong></span> <span class='ocrx_word' id='word_1_385' title='bbox 2391 2190 2481 2245; x_wconf 90' lang='lat' dir='ltr'><strong>illa</strong></span> <span class='ocrx_word' id='word_1_386' title='bbox 2512 2189 2687 2245; x_wconf 88' lang='lat' dir='ltr'><strong>virtus</strong></span> <span class='ocrx_word' id='word_1_387' title='bbox 2734 2188 3081 2255; x_wconf 89' lang='lat' dir='ltr'><strong>describitur,</strong></span> <span class='ocrx_word' id='word_1_388' title='bbox 3123 2206 3245 2261; x_wconf 77' lang='lat' dir='ltr'><strong>qua:</strong></span> <span class='ocrx_word' id='word_1_389' title='bbox 3292 2205 3413 2246; x_wconf 89' lang='lat' dir='ltr'><strong>cre-</strong></span> 
     </span>
    </p>
   </div>
   <div class='ocr_carea' id='block_1_52' title="bbox 1821 2279 3414 2353">
    <p class='ocr_par' dir='ltr' id='par_1_52' title="bbox 1821 2279 3414 2353">
     <span class='ocr_line' id='line_1_52' title="bbox 1821 2279 3414 2353; baseline -0.002 -14"><span class='ocrx_word' id='word_1_390' title='bbox 1821 2282 2015 2339; x_wconf 91' lang='lat' dir='ltr'><strong>dentes</strong></span> <span class='ocrx_word' id='word_1_391' title='bbox 2044 2280 2178 2351; x_wconf 87' lang='lat' dir='ltr'><strong>Deo,</strong></span> <span class='ocrx_word' id='word_1_392' title='bbox 2205 2279 2373 2337; x_wconf 72' lang='lat' dir='ltr'><strong>efficit</strong></span> <span class='ocrx_word' id='word_1_393' title='bbox 2400 2291 2639 2336; x_wconf 84' lang='lat' dir='ltr'><strong>sanctos.</strong></span> <span class='ocrx_word' id='word_1_394' title='bbox 2671 2281 2745 2336; x_wconf 88' lang='lat' dir='ltr'><strong>lta</strong></span> <span class='ocrx_word' id='word_1_395' title='bbox 2776 2296 2905 2352; x_wconf 84' lang='lat' dir='ltr'><strong>ergo</strong></span> <span class='ocrx_word' id='word_1_396' title='bbox 2929 2292 2983 2337; x_wconf 91' lang='lat' dir='ltr'><strong>et</strong></span> <span class='ocrx_word' id='word_1_397' title='bbox 3011 2283 3144 2337; x_wconf 88' lang='lat' dir='ltr'><strong>mihi</strong></span> <span class='ocrx_word' id='word_1_398' title='bbox 3178 2281 3414 2353; x_wconf 88' lang='lat' dir='ltr'><strong>pruden-</strong></span> 
     </span>
    </p>
   </div>
   <div class='ocr_carea' id='block_1_53' title="bbox 1822 2375 3411 2447">
    <p class='ocr_par' dir='ltr' id='par_1_53' title="bbox 1822 2375 3411 2447">
     <span class='ocr_line' id='line_1_53' title="bbox 1822 2375 3411 2447; baseline -0.001 -15"><span class='ocrx_word' id='word_1_399' title='bbox 1822 2378 1955 2433; x_wconf 86' lang='lat' dir='ltr'><strong>tiam</strong></span> <span class='ocrx_word' id='word_1_400' title='bbox 1977 2376 2095 2446; x_wconf 88' lang='lat' dir='ltr'><strong>ejus</strong></span> <span class='ocrx_word' id='word_1_401' title='bbox 2126 2375 2373 2447; x_wconf 80' lang='lat' dir='ltr'><strong>iutellige</strong></span> <span class='ocrx_word' id='word_1_402' title='bbox 2397 2394 2409 2430; x_wconf 89' lang='lat'><strong>:</strong></span> <span class='ocrx_word' id='word_1_403' title='bbox 2433 2390 2553 2430; x_wconf 92' lang='lat' dir='ltr'><strong>cum</strong></span> <span class='ocrx_word' id='word_1_404' title='bbox 2584 2376 2833 2432; x_wconf 88' lang='lat' dir='ltr'><strong>doctrina</strong></span> <span class='ocrx_word' id='word_1_405' title='bbox 2859 2384 2964 2443; x_wconf 88' lang='lat' dir='ltr'><strong>est,</strong></span> <span class='ocrx_word' id='word_1_406' title='bbox 2990 2386 3043 2432; x_wconf 88' lang='lat' dir='ltr'><strong>et</strong></span> <span class='ocrx_word' id='word_1_407' title='bbox 3069 2376 3411 2432; x_wconf 86' lang='lat' dir='ltr'><strong>demonstra-</strong></span> 
     </span>
    </p>
   </div>
   <div class='ocr_carea' id='block_1_54' title="bbox 1821 2471 3406 2538">
    <p class='ocr_par' dir='ltr' id='par_1_54' title="bbox 1821 2471 3406 2538">
     <span class='ocr_line' id='line_1_54' title="bbox 1821 2471 3406 2538; baseline 0.001 -12"><span class='ocrx_word' id='word_1_408' title='bbox 1821 2473 1899 2527; x_wconf 92' lang='lat' dir='ltr'><strong>tio</strong></span> <span class='ocrx_word' id='word_1_409' title='bbox 1929 2471 2211 2533; x_wconf 83' lang='lat' dir='ltr'><strong>bonarum.</strong></span> <span class='ocrx_word' id='word_1_410' title='bbox 2243 2479 2337 2533; x_wconf 86' lang='lat' dir='ltr'><strong>aut</strong></span> <span class='ocrx_word' id='word_1_411' title='bbox 2366 2471 2631 2526; x_wconf 89' lang='lat' dir='ltr'><strong>malarum</strong></span> <span class='ocrx_word' id='word_1_412' title='bbox 2662 2485 2866 2538; x_wconf 88' lang='lat' dir='ltr'><strong>rerum,</strong></span> <span class='ocrx_word' id='word_1_413' title='bbox 2901 2471 3016 2527; x_wconf 87' lang='lat' dir='ltr'><strong>sive</strong></span> <span class='ocrx_word' id='word_1_414' title='bbox 3047 2484 3364 2527; x_wconf 76' lang='lat' dir='ltr'><strong>neutrorum</strong></span> <span class='ocrx_word' id='word_1_415' title='bbox 3391 2488 3406 2526; x_wconf 87' lang='lat'><strong>:</strong></span> 
     </span>
    </p>
   </div>
   <div class='ocr_carea' id='block_1_55' title="bbox 1820 2563 3411 2636">
    <p class='ocr_par' dir='ltr' id='par_1_55' title="bbox 1820 2563 3411 2636">
     <span class='ocr_line' id='line_1_55' title="bbox 1820 2563 3411 2636; baseline 0.002 -16"><span class='ocrx_word' id='word_1_416' title='bbox 1820 2575 1981 2636; x_wconf 88' lang='lat' dir='ltr'><strong>atque</strong></span> <span class='ocrx_word' id='word_1_417' title='bbox 2029 2564 2081 2619; x_wconf 92' lang='lat' dir='ltr'><strong>in</strong></span> <span class='ocrx_word' id='word_1_418' title='bbox 2112 2563 2257 2620; x_wconf 88' lang='lat' dir='ltr'><strong>hunc</strong></span> <span class='ocrx_word' id='word_1_419' title='bbox 2289 2564 2508 2619; x_wconf 90' lang='lat' dir='ltr'><strong>modum</strong></span> <span class='ocrx_word' id='word_1_420' title='bbox 2540 2564 2855 2622; x_wconf 80' lang='lat' dir='ltr'><strong>extendisse</strong></span> <span class='ocrx_word' id='word_1_421' title='bbox 2894 2580 3038 2622; x_wconf 91' lang='lat' dir='ltr'><strong>nunc</strong></span> <span class='ocrx_word' id='word_1_422' title='bbox 3068 2565 3269 2622; x_wconf 88' lang='lat' dir='ltr'><strong>dicitur</strong></span> <span class='ocrx_word' id='word_1_423' title='bbox 3300 2581 3411 2623; x_wconf 70' lang='lat' dir='ltr'><strong>cm-</strong></span> 
     </span>
    </p>
   </div>
   <div class='ocr_carea' id='block_1_56' title="bbox 1820 2653 3414 2727">
    <p class='ocr_par' dir='ltr' id='par_1_56' title="bbox 1820 2653 3414 2727">
     <span class='ocr_line' id='line_1_56' title="bbox 1820 2653 3414 2727; baseline 0.003 -16"><span class='ocrx_word' id='word_1_424' title='bbox 1820 2658 1932 2712; x_wconf 88' lang='lat' dir='ltr'><strong>lum</strong></span> <span class='ocrx_word' id='word_1_425' title='bbox 1964 2657 2015 2711; x_wconf 92' lang='lat' dir='ltr'><strong>in</strong></span> <span class='ocrx_word' id='word_1_426' title='bbox 2046 2653 2334 2727; x_wconf 84' lang='lat' dir='ltr'><strong>prudentia</strong></span> <span class='ocrx_word' id='word_1_427' title='bbox 2364 2671 2483 2711; x_wconf 88' lang='lat' dir='ltr'><strong>sua.</strong></span> <span class='ocrx_word' id='word_1_428' title='bbox 2527 2656 2816 2724; x_wconf 84' lang='lat' dir='ltr'><strong>Quomodo</strong></span> <span class='ocrx_word' id='word_1_429' title='bbox 2861 2665 3040 2714; x_wconf 89' lang='lat' dir='ltr'><strong>autem</strong></span> <span class='ocrx_word' id='word_1_430' title='bbox 3083 2658 3414 2714; x_wconf 73' lang='lat' dir='ltr'><strong>extendatur</strong></span> 
     </span>
    </p>
   </div>
   <div class='ocr_carea' id='block_1_57' title="bbox 1820 2746 3408 2818">
    <p class='ocr_par' dir='ltr' id='par_1_57' title="bbox 1820 2746 3408 2818">
     <span class='ocr_line' id='line_1_57' title="bbox 1820 2746 3408 2818; baseline 0.001 -14"><span class='ocrx_word' id='word_1_431' title='bbox 1820 2750 2039 2814; x_wconf 70' lang='lat' dir='ltr'><strong>coelum,</strong></span> <span class='ocrx_word' id='word_1_432' title='bbox 2092 2749 2424 2804; x_wconf 80' lang='lat' dir='ltr'><strong>extendente</strong></span> <span class='ocrx_word' id='word_1_433' title='bbox 2476 2746 2531 2803; x_wconf 91' lang='lat' dir='ltr'><strong>id</strong></span> <span class='ocrx_word' id='word_1_434' title='bbox 2580 2748 2908 2818; x_wconf 89' lang='lat' dir='ltr'><strong>prudentia,</strong></span> <span class='ocrx_word' id='word_1_435' title='bbox 2956 2748 3079 2805; x_wconf 89' lang='lat' dir='ltr'><strong>audi</strong></span> <span class='ocrx_word' id='word_1_436' title='bbox 3111 2749 3408 2818; x_wconf 88' lang='lat' dir='ltr'><strong>:quoniam</strong></span> 
     </span>
    </p>
   </div>
   <div class='ocr_carea' id='block_1_58' title="bbox 1819 2838 3410 2913">
    <p class='ocr_par' dir='ltr' id='par_1_58' title="bbox 1819 2838 3410 2913">
     <span class='ocr_line' id='line_1_58' title="bbox 1819 2838 3410 2913; baseline 0 -17"><span class='ocrx_word' id='word_1_437' title='bbox 1819 2855 1927 2896; x_wconf 83' lang='lat' dir='ltr'><strong>non</strong></span> <span class='ocrx_word' id='word_1_438' title='bbox 1954 2838 2200 2896; x_wconf 89' lang='lat' dir='ltr'><strong>extendit</strong></span> <span class='ocrx_word' id='word_1_439' title='bbox 2225 2839 2390 2894; x_wconf 83' lang='lat' dir='ltr'><strong>verba</strong></span> <span class='ocrx_word' id='word_1_440' title='bbox 2432 2853 2538 2895; x_wconf 91' lang='lat' dir='ltr'><strong>non</strong></span> <span class='ocrx_word' id='word_1_441' title='bbox 2578 2839 2931 2895; x_wconf 87' lang='lat' dir='ltr'><strong>attendentis.</strong></span> <span class='ocrx_word' id='word_1_442' title='bbox 2961 2838 3172 2897; x_wconf 80' lang='lat' dir='ltr'><strong>Asserit</strong></span> <span class='ocrx_word' id='word_1_443' title='bbox 3209 2842 3410 2913; x_wconf 79' lang='lat' dir='ltr'><strong>quippe</strong></span> 
     </span>
    </p>
   </div>
   <div class='ocr_carea' id='block_1_59' title="bbox 1818 2930 3415 3001">
    <p class='ocr_par' dir='ltr' id='par_1_59' title="bbox 1818 2930 3415 3001">
     <span class='ocr_line' id='line_1_59' title="bbox 1818 2930 3415 3001; baseline 0.001 -11"><span class='ocrx_word' id='word_1_444' title='bbox 1818 2931 2197 2990; x_wconf 83' lang='lat' dir='ltr'><strong>cxtensiunem</strong></span> <span class='ocrx_word' id='word_1_445' title='bbox 2226 2930 2513 3001; x_wconf 87' lang='lat' dir='ltr'><strong>quamdam</strong></span> <span class='ocrx_word' id='word_1_446' title='bbox 2544 2945 2667 2987; x_wconf 89' lang='lat' dir='ltr'><strong>esse</strong></span> <span class='ocrx_word' id='word_1_447' title='bbox 2713 2932 3003 2988; x_wconf 89' lang='lat' dir='ltr'><strong>verborum</strong></span> <span class='ocrx_word' id='word_1_448' title='bbox 3047 2933 3321 2999; x_wconf 88' lang='lat' dir='ltr'><strong>similiter,</strong></span> <span class='ocrx_word' id='word_1_449' title='bbox 3353 2941 3415 2991; x_wconf 86' lang='lat' dir='ltr'><strong>ut</strong></span> 
     </span>
    </p>
   </div>
   <div class='ocr_carea' id='block_1_60' title="bbox 1819 3023 3412 3095">
    <p class='ocr_par' dir='ltr' id='par_1_60' title="bbox 1819 3023 3412 3095">
     <span class='ocr_line' id='line_1_60' title="bbox 1819 3023 3412 3095; baseline 0.001 -15"><span class='ocrx_word' id='word_1_450' title='bbox 1819 3039 1963 3081; x_wconf 89' lang='lat' dir='ltr'><strong>nunc</strong></span> <span class='ocrx_word' id='word_1_451' title='bbox 1986 3023 2183 3080; x_wconf 89' lang='lat' dir='ltr'><strong>dicitur</strong></span> <span class='ocrx_word' id='word_1_452' title='bbox 2207 3024 2362 3079; x_wconf 64' lang='lat' dir='ltr'><strong>coeli:</strong></span> <span class='ocrx_word' id='word_1_453' title='bbox 2381 3023 2533 3094; x_wconf 85' lang='lat' dir='ltr'><strong>juxta</strong></span> <span class='ocrx_word' id='word_1_454' title='bbox 2566 3025 2699 3081; x_wconf 88' lang='lat' dir='ltr'><strong>illud</strong></span> <span class='ocrx_word' id='word_1_455' title='bbox 2730 3024 2873 3095; x_wconf 90' lang='lat' dir='ltr'><strong>quod</strong></span> <span class='ocrx_word' id='word_1_456' title='bbox 2905 3024 2958 3080; x_wconf 91' lang='lat' dir='ltr'><strong>in</strong></span> <span class='ocrx_word' id='word_1_457' title='bbox 2990 3025 3095 3080; x_wconf 84' lang='lat' dir='ltr'><strong>alio</strong></span> <span class='ocrx_word' id='word_1_458' title='bbox 3129 3026 3249 3082; x_wconf 87' lang='lat' dir='ltr'><strong>loco</strong></span> <span class='ocrx_word' id='word_1_459' title='bbox 3276 3026 3412 3081; x_wconf 87' lang='lat' dir='ltr'><strong>scri-</strong></span> 
     </span>
    </p>
   </div>
   <div class='ocr_carea' id='block_1_61' title="bbox 1822 3118 3407 3192">
    <p class='ocr_par' dir='ltr' id='par_1_61' title="bbox 1822 3118 3407 3192">
     <span class='ocr_line' id='line_1_61' title="bbox 1822 3118 3407 3192; baseline 0.001 -19"><span class='ocrx_word' id='word_1_460' title='bbox 1822 3130 1969 3190; x_wconf 87' lang='lat' dir='ltr'><strong>ptum</strong></span> <span class='ocrx_word' id='word_1_461' title='bbox 1996 3130 2120 3176; x_wconf 89' lang='lat' dir='ltr'><strong>est:</strong></span> <span class='ocrx_word' id='word_1_462' title='bbox 2153 3119 2256 3187; x_wconf 82' lang='lat' dir='ltr'><strong>Qui</strong></span> <span class='ocrx_word' id='word_1_463' title='bbox 2276 3119 2505 3174; x_wconf 68' lang='lat' dir='ltr'><strong>extendit</strong></span> <span class='ocrx_word' id='word_1_464' title='bbox 2534 3121 2716 3174; x_wconf 72' lang='lat' dir='ltr'><strong>ctutum</strong></span> <span class='ocrx_word' id='word_1_465' title='bbox 2736 3130 2790 3174; x_wconf 90' lang='lat' dir='ltr'><strong>ut</strong></span> <span class='ocrx_word' id='word_1_466' title='bbox 2818 3119 3006 3190; x_wconf 81' lang='lat' dir='ltr'><strong>pellem</strong></span> <span class='ocrx_word' id='word_1_467' title='bbox 3039 3120 3157 3190; x_wconf 85' lang='lat' dir='ltr'><strong>(Ps.</strong></span> <span class='ocrx_word' id='word_1_468' title='bbox 3184 3136 3296 3184; x_wconf 87' lang='lat' dir='ltr'><strong>cm,</strong></span> <span class='ocrx_word' id='word_1_469' title='bbox 3326 3118 3407 3192; x_wconf 70' lang='grc'><strong>2).</strong></span> 
     </span>
    </p>
   </div>
   <div class='ocr_carea' id='block_1_62' title="bbox 161 3201 3414 3288">
    <p class='ocr_par' dir='ltr' id='par_1_62' title="bbox 161 3201 3414 3288">
     <span class='ocr_line' id='line_1_62' title="bbox 161 3201 3414 3288; baseline -0.003 -9"><span class='ocrx_word' id='word_1_470' title='bbox 161 3213 245 3279; x_wconf 66' lang='grc' dir='ltr'><strong>Ριιὶ</strong></span> <span class='ocrx_word' id='word_1_471' title='bbox 267 3215 505 3285; x_wconf 67' lang='lat' dir='ltr'><strong>conﬁrma</strong></span> <span class='ocrx_word' id='word_1_472' title='bbox 535 3229 654 3268; x_wconf 86' lang='lat' dir='ltr'><strong>me:</strong></span> <span class='ocrx_word' id='word_1_473' title='bbox 680 3212 917 3283; x_wconf 80' lang='lat' dir='ltr'><strong>spiritum</strong></span> <span class='ocrx_word' id='word_1_474' title='bbox 960 3220 1156 3264; x_wconf 78' lang='lat' dir='ltr'><strong>rectum</strong></span> <span class='ocrx_word' id='word_1_475' title='bbox 1184 3209 1376 3263; x_wconf 85' lang='lat' dir='ltr'><strong>iunova</strong></span> <span class='ocrx_word' id='word_1_476' title='bbox 1403 3209 1458 3260; x_wconf 87' lang='lat' dir='ltr'><strong>in</strong></span> <span class='ocrx_word' id='word_1_477' title='bbox 1502 3206 1714 3262; x_wconf 80' lang='lat' dir='ltr'><strong>uisceri-</strong></span> <span class='ocrx_word' id='word_1_478' title='bbox 1743 3201 1790 3265; x_wconf 83' lang='lat' dir='ltr'><strong>C</strong></span> <span class='ocrx_word' id='word_1_479' title='bbox 1824 3213 2152 3271; x_wconf 84' lang='lat' dir='ltr'><strong>Extenditur</strong></span> <span class='ocrx_word' id='word_1_480' title='bbox 2180 3224 2365 3269; x_wconf 85' lang='lat' dir='ltr'><strong>autem</strong></span> <span class='ocrx_word' id='word_1_481' title='bbox 2392 3224 2448 3269; x_wconf 88' lang='lat' dir='ltr'><strong>et</strong></span> <span class='ocrx_word' id='word_1_482' title='bbox 2472 3214 2654 3269; x_wconf 88' lang='lat' dir='ltr'><strong>anima</strong></span> <span class='ocrx_word' id='word_1_483' title='bbox 2681 3224 2888 3281; x_wconf 86' lang='lat' dir='ltr'><strong>nostra,</strong></span> <span class='ocrx_word' id='word_1_484' title='bbox 2913 3230 3033 3285; x_wconf 72' lang='lat' dir='ltr'><strong>qua:</strong></span> <span class='ocrx_word' id='word_1_485' title='bbox 3062 3216 3213 3288; x_wconf 87' lang='lat' dir='ltr'><strong>prius</strong></span> <span class='ocrx_word' id='word_1_486' title='bbox 3236 3215 3414 3270; x_wconf 85' lang='lat' dir='ltr'><strong>fuerat</strong></span> 
     </span>
    </p>
   </div>
   <div class='ocr_carea' id='block_1_63' title="bbox 158 3298 1718 3375">
    <p class='ocr_par' dir='ltr' id='par_1_63' title="bbox 158 3298 1718 3375">
     <span class='ocr_line' id='line_1_63' title="bbox 158 3298 1718 3375; baseline -0.004 -18"><span class='ocrx_word' id='word_1_487' title='bbox 158 3304 231 3358; x_wconf 75' lang='lat' dir='ltr'><strong>bss</strong></span> <span class='ocrx_word' id='word_1_488' title='bbox 267 3306 380 3359; x_wconf 79' lang='lat' dir='ltr'><strong>areis</strong></span> <span class='ocrx_word' id='word_1_489' title='bbox 417 3321 435 3358; x_wconf 91' lang='lat'><em>:</em></span> <span class='ocrx_word' id='word_1_490' title='bbox 475 3304 727 3375; x_wconf 76' lang='lat' dir='ltr'><strong>spiritum</strong></span> <span class='ocrx_word' id='word_1_491' title='bbox 771 3310 1009 3356; x_wconf 83' lang='lat' dir='ltr'><strong>sanctum</strong></span> <span class='ocrx_word' id='word_1_492' title='bbox 1050 3308 1196 3354; x_wconf 88' lang='lat' dir='ltr'><strong>tuum</strong></span> <span class='ocrx_word' id='word_1_493' title='bbox 1230 3315 1295 3352; x_wconf 87' lang='lat' dir='ltr'><strong>ne</strong></span> <span class='ocrx_word' id='word_1_494' title='bbox 1328 3298 1541 3370; x_wconf 70' lang='lat' dir='ltr'><strong>auferas</strong></span> <span class='ocrx_word' id='word_1_495' title='bbox 1579 3313 1613 3351; x_wconf 90' lang='lat' dir='ltr'><strong>a</strong></span> <span class='ocrx_word' id='word_1_496' title='bbox 1637 3311 1718 3351; x_wconf 84' lang='lat' dir='ltr'><strong>me</strong></span> 
     </span>
    </p>
   </div>
   <div class='ocr_carea' id='block_1_64' title="bbox 158 3387 1718 3468">
    <p class='ocr_par' dir='ltr' id='par_1_64' title="bbox 158 3387 1718 3468">
     <span class='ocr_line' id='line_1_64' title="bbox 158 3387 1718 3468; baseline -0.011 -11"><span class='ocrx_word' id='word_1_497' title='bbox 158 3394 299 3457; x_wconf 78' lang='lat' dir='ltr'><strong>(Psol.</strong></span> <span class='ocrx_word' id='word_1_498' title='bbox 336 3413 395 3463; x_wconf 81' lang='grc' dir='ltr'><strong>ι,</strong></span> <span class='ocrx_word' id='word_1_499' title='bbox 424 3396 536 3468; x_wconf 81' lang='grc'><strong>12).</strong></span> <span class='ocrx_word' id='word_1_500' title='bbox 575 3395 678 3464; x_wconf 86' lang='lat' dir='ltr'><strong>Qui</strong></span> <span class='ocrx_word' id='word_1_501' title='bbox 708 3401 837 3451; x_wconf 87' lang='lat' dir='ltr'><strong>sunt</strong></span> <span class='ocrx_word' id='word_1_502' title='bbox 868 3392 960 3449; x_wconf 87' lang='lat' dir='ltr'><strong>isti</strong></span> <span class='ocrx_word' id='word_1_503' title='bbox 991 3401 1103 3447; x_wconf 85' lang='lat' dir='ltr'><strong>tres</strong></span> <span class='ocrx_word' id='word_1_504' title='bbox 1137 3390 1401 3462; x_wconf 81' lang='lat' dir='ltr'><strong>spiritus?</strong></span> <span class='ocrx_word' id='word_1_505' title='bbox 1432 3387 1718 3458; x_wconf 85' lang='lat' dir='ltr'><strong>Principa-</strong></span> 
     </span>
    </p>
   </div>
   <div class='ocr_carea' id='block_1_65' title="bbox 146 3482 1712 3560">
    <p class='ocr_par' dir='ltr' id='par_1_65' title="bbox 146 3482 1712 3560">
     <span class='ocr_line' id='line_1_65' title="bbox 146 3482 1712 3560; baseline -0.005 -17"><span class='ocrx_word' id='word_1_506' title='bbox 146 3482 210 3544; x_wconf 79' lang='lat' dir='ltr'><strong>lis</strong></span> <span class='ocrx_word' id='word_1_507' title='bbox 223 3488 453 3560; x_wconf 81' lang='lat' dir='ltr'><strong>spiritus,</strong></span> <span class='ocrx_word' id='word_1_508' title='bbox 483 3490 656 3544; x_wconf 83' lang='lat' dir='ltr'><strong>Pater</strong></span> <span class='ocrx_word' id='word_1_509' title='bbox 680 3498 796 3543; x_wconf 88' lang='lat' dir='ltr'><strong>est:</strong></span> <span class='ocrx_word' id='word_1_510' title='bbox 820 3496 1001 3543; x_wconf 89' lang='lat' dir='ltr'><strong>rectus</strong></span> <span class='ocrx_word' id='word_1_511' title='bbox 1028 3484 1277 3557; x_wconf 88' lang='lat' dir='ltr'><strong>spiritus,</strong></span> <span class='ocrx_word' id='word_1_512' title='bbox 1302 3483 1555 3539; x_wconf 90' lang='lat' dir='ltr'><strong>Christus</strong></span> <span class='ocrx_word' id='word_1_513' title='bbox 1585 3490 1675 3537; x_wconf 85' lang='lat' dir='ltr'><strong>est</strong></span> <span class='ocrx_word' id='word_1_514' title='bbox 1701 3498 1712 3535; x_wconf 92' lang='lat'>:</span> 
     </span>
    </p>
   </div>
   <div class='ocr_carea' id='block_1_66' title="bbox 156 3573 1718 3651">
    <p class='ocr_par' dir='ltr' id='par_1_66' title="bbox 156 3573 1718 3651">
     <span class='ocr_line' id='line_1_66' title="bbox 156 3573 1718 3651; baseline -0.004 -17"><span class='ocrx_word' id='word_1_515' title='bbox 156 3584 348 3651; x_wconf 78' lang='lat' dir='ltr'><strong>spiritus</strong></span> <span class='ocrx_word' id='word_1_516' title='bbox 389 3593 658 3648; x_wconf 86' lang='lat' dir='ltr'><strong>sanctus,</strong></span> <span class='ocrx_word' id='word_1_517' title='bbox 706 3578 944 3650; x_wconf 84' lang='lat' dir='ltr'><strong>Spiritus</strong></span> <span class='ocrx_word' id='word_1_518' title='bbox 972 3587 1195 3633; x_wconf 84' lang='lat' dir='ltr'><strong>sanctus</strong></span> <span class='ocrx_word' id='word_1_519' title='bbox 1240 3586 1345 3632; x_wconf 90' lang='lat' dir='ltr'><strong>est.</strong></span> <span class='ocrx_word' id='word_1_520' title='bbox 1383 3576 1495 3629; x_wconf 89' lang='lat' dir='ltr'><strong>lloc</strong></span> <span class='ocrx_word' id='word_1_521' title='bbox 1534 3573 1590 3629; x_wconf 90' lang='lat' dir='ltr'><strong>in</strong></span> <span class='ocrx_word' id='word_1_522' title='bbox 1622 3588 1718 3643; x_wconf 87' lang='lat' dir='ltr'><strong>ap-</strong></span> 
     </span>
    </p>
   </div>
   <div class='ocr_carea' id='block_1_67' title="bbox 155 3669 1715 3745">
    <p class='ocr_par' dir='ltr' id='par_1_67' title="bbox 155 3669 1715 3745">
     <span class='ocr_line' id='line_1_67' title="bbox 155 3669 1715 3745; baseline -0.004 -16"><span class='ocrx_word' id='word_1_523' title='bbox 155 3676 491 3744; x_wconf 82' lang='lat' dir='ltr'><strong>probationem</strong></span> <span class='ocrx_word' id='word_1_524' title='bbox 517 3675 645 3745; x_wconf 89' lang='lat' dir='ltr'><strong>ejus</strong></span> <span class='ocrx_word' id='word_1_525' title='bbox 673 3674 747 3728; x_wconf 91' lang='lat' dir='ltr'><strong>rei</strong></span> <span class='ocrx_word' id='word_1_526' title='bbox 771 3672 1027 3742; x_wconf 83' lang='lat' dir='ltr'><strong>diximus,</strong></span> <span class='ocrx_word' id='word_1_527' title='bbox 1056 3671 1200 3743; x_wconf 86' lang='lat' dir='ltr'><strong>quod</strong></span> <span class='ocrx_word' id='word_1_528' title='bbox 1225 3670 1490 3736; x_wconf 87' lang='lat' dir='ltr'><strong>habitata,</strong></span> <span class='ocrx_word' id='word_1_529' title='bbox 1523 3669 1577 3724; x_wconf 90' lang='lat' dir='ltr'><strong>id</strong></span> <span class='ocrx_word' id='word_1_530' title='bbox 1604 3679 1715 3734; x_wconf 71' lang='grc' dir='ltr'>εει,</span> 
     </span>
    </p>
   </div>
   <div class='ocr_carea' id='block_1_68' title="bbox 154 3763 1713 3842">
    <p class='ocr_par' dir='ltr' id='par_1_68' title="bbox 154 3763 1713 3842">
     <span class='ocr_line' id='line_1_68' title="bbox 154 3763 1713 3842; baseline 0.006 -19"><span class='ocrx_word' id='word_1_531' title='bbox 154 3772 275 3826; x_wconf 88' lang='lat' dir='ltr'><strong>orbis</strong></span> <span class='ocrx_word' id='word_1_532' title='bbox 304 3781 614 3837; x_wconf 88' lang='lat' dir='ltr'><strong>terrarum,</strong></span> <span class='ocrx_word' id='word_1_533' title='bbox 659 3771 713 3828; x_wconf 89' lang='lat' dir='ltr'><strong>in</strong></span> <span class='ocrx_word' id='word_1_534' title='bbox 744 3770 1012 3842; x_wconf 86' lang='lat' dir='ltr'><strong>sapientia</strong></span> <span class='ocrx_word' id='word_1_535' title='bbox 1042 3773 1134 3830; x_wconf 90' lang='lat' dir='ltr'><strong>Dei</strong></span> <span class='ocrx_word' id='word_1_536' title='bbox 1166 3773 1428 3832; x_wconf 86' lang='lat' dir='ltr'><strong>fabricata</strong></span> <span class='ocrx_word' id='word_1_537' title='bbox 1470 3771 1564 3833; x_wconf 83' lang='lat' dir='ltr'><strong>sll-</strong></span> <span class='ocrx_word' id='word_1_538' title='bbox 1606 3763 1713 3822; x_wconf 86' lang='lat' dir='ltr'><strong>Sa-</strong></span> 
     </span>
    </p>
   </div>
   <div class='ocr_carea' id='block_1_69' title="bbox 154 3863 1718 3939">
    <p class='ocr_par' dir='ltr' id='par_1_69' title="bbox 154 3863 1718 3939">
     <span class='ocr_line' id='line_1_69' title="bbox 154 3863 1718 3939; baseline 0.002 -21"><span class='ocrx_word' id='word_1_539' title='bbox 154 3864 313 3931; x_wconf 75' lang='lat' dir='ltr'><strong>pientia</strong></span> <span class='ocrx_word' id='word_1_540' title='bbox 351 3868 547 3939; x_wconf 82' lang='lat' dir='ltr'><strong>quippe</strong></span> <span class='ocrx_word' id='word_1_541' title='bbox 585 3863 931 3919; x_wconf 72' lang='lat' dir='ltr'><strong>uuxiiiabitur</strong></span> <span class='ocrx_word' id='word_1_542' title='bbox 945 3868 1117 3937; x_wconf 84' lang='lat' dir='ltr'><strong>justo,</strong></span> <span class='ocrx_word' id='word_1_543' title='bbox 1147 3882 1299 3938; x_wconf 82' lang='lat' dir='ltr'><strong>super</strong></span> <span class='ocrx_word' id='word_1_544' title='bbox 1328 3868 1502 3923; x_wconf 80' lang='lat' dir='ltr'><strong>decem</strong></span> <span class='ocrx_word' id='word_1_545' title='bbox 1531 3871 1718 3925; x_wconf 87' lang='lat' dir='ltr'><strong>civita-</strong></span> 
     </span>
    </p>
   </div>
   <div class='ocr_carea' id='block_1_70' title="bbox 155 3958 1720 4035">
    <p class='ocr_par' dir='ltr' id='par_1_70' title="bbox 155 3958 1720 4035">
     <span class='ocr_line' id='line_1_70' title="bbox 155 3958 1720 4035; baseline 0.008 -28"><span class='ocrx_word' id='word_1_546' title='bbox 155 3965 211 4011; x_wconf 76' lang='lat' dir='ltr'><strong>tes</strong></span> <span class='ocrx_word' id='word_1_547' title='bbox 242 3960 439 4015; x_wconf 70' lang='lat' dir='ltr'><strong>babenti</strong></span> <span class='ocrx_word' id='word_1_548' title='bbox 484 3966 796 4027; x_wconf 81' lang='lat' dir='ltr'><strong>potestatem</strong></span> <span class='ocrx_word' id='word_1_549' title='bbox 844 3958 1028 4030; x_wconf 83' lang='lat' dir='ltr'><strong>(Eccl.</strong></span> <span class='ocrx_word' id='word_1_550' title='bbox 1078 3975 1172 4029; x_wconf 83' lang='lat' dir='ltr'><strong>vn,</strong></span> <span class='ocrx_word' id='word_1_551' title='bbox 1219 3961 1292 4017; x_wconf 73' lang='grc'><strong>20</strong></span> <span class='ocrx_word' id='word_1_552' title='bbox 1315 3958 1355 4030; x_wconf 94' lang='grc'><strong>).</strong></span> <span class='ocrx_word' id='word_1_553' title='bbox 1390 3962 1720 4035; x_wconf 84' lang='lat' dir='ltr'><strong>Sapientiam</strong></span> 
     </span>
    </p>
   </div>
   <div class='ocr_carea' id='block_1_71' title="bbox 155 4053 1716 4126">
    <p class='ocr_par' dir='ltr' id='par_1_71' title="bbox 155 4053 1716 4126">
     <span class='ocr_line' id='line_1_71' title="bbox 155 4053 1716 4126; baseline 0.008 -23"><span class='ocrx_word' id='word_1_554' title='bbox 155 4062 290 4106; x_wconf 71' lang='lat' dir='ltr'><strong>autem</strong></span> <span class='ocrx_word' id='word_1_555' title='bbox 317 4065 363 4109; x_wconf 83' lang='lat' dir='ltr'><strong>et</strong></span> <span class='ocrx_word' id='word_1_556' title='bbox 390 4054 737 4121; x_wconf 79' lang='lat' dir='ltr'><strong>disciplinam</strong></span> <span class='ocrx_word' id='word_1_557' title='bbox 763 4053 851 4122; x_wconf 85' lang='lat' dir='ltr'><strong>qui</strong></span> <span class='ocrx_word' id='word_1_558' title='bbox 879 4053 1080 4124; x_wconf 78' lang='lat' dir='ltr'><strong>objicit,</strong></span> <span class='ocrx_word' id='word_1_559' title='bbox 1112 4054 1303 4126; x_wconf 73' lang='lat' dir='ltr'><strong>infelix</strong></span> <span class='ocrx_word' id='word_1_560' title='bbox 1331 4066 1439 4125; x_wconf 87' lang='lat' dir='ltr'><strong>est,</strong></span> <span class='ocrx_word' id='word_1_561' title='bbox 1489 4068 1539 4112; x_wconf 84' lang='lat' dir='ltr'><strong>et</strong></span> <span class='ocrx_word' id='word_1_562' title='bbox 1582 4076 1716 4116; x_wconf 80' lang='lat' dir='ltr'><strong>vana</strong></span> 
     </span>
    </p>
   </div>
   <div class='ocr_carea' id='block_1_72' title="bbox 152 4147 1717 4219">
    <p class='ocr_par' dir='ltr' id='par_1_72' title="bbox 152 4147 1717 4219">
     <span class='ocr_line' id='line_1_72' title="bbox 152 4147 1717 4219; baseline 0.004 -22"><span class='ocrx_word' id='word_1_563' title='bbox 152 4155 209 4197; x_wconf 78' lang='lat' dir='ltr'><strong>est</strong></span> <span class='ocrx_word' id='word_1_564' title='bbox 232 4165 333 4218; x_wconf 79' lang='lat' dir='ltr'><strong>spes</strong></span> <span class='ocrx_word' id='word_1_565' title='bbox 360 4150 557 4218; x_wconf 83' lang='lat' dir='ltr'><strong>ejus,et</strong></span> <span class='ocrx_word' id='word_1_566' title='bbox 587 4147 787 4201; x_wconf 86' lang='lat' dir='ltr'><strong>labores</strong></span> <span class='ocrx_word' id='word_1_567' title='bbox 800 4149 924 4219; x_wconf 57' lang='lat' dir='ltr'><strong>‘ejus</strong></span> <span class='ocrx_word' id='word_1_568' title='bbox 954 4148 1202 4201; x_wconf 83' lang='lat' dir='ltr'><strong>insensuti</strong></span> <span class='ocrx_word' id='word_1_569' title='bbox 1234 4155 1279 4202; x_wconf 90' lang='lat' dir='ltr'><strong>et</strong></span> <span class='ocrx_word' id='word_1_570' title='bbox 1309 4150 1422 4203; x_wconf 85' lang='lat' dir='ltr'><strong>sine</strong></span> <span class='ocrx_word' id='word_1_571' title='bbox 1449 4154 1643 4219; x_wconf 79' lang='lat' dir='ltr'><strong>fructu,</strong></span> <span class='ocrx_word' id='word_1_572' title='bbox 1671 4161 1717 4206; x_wconf 83' lang='lat' dir='ltr'><strong>et</strong></span> 
     </span>
    </p>
   </div>
   <div class='ocr_carea' id='block_1_73' title="bbox 151 4237 1712 4312">
    <p class='ocr_par' dir='ltr' id='par_1_73' title="bbox 151 4237 1712 4312">
     <span class='ocr_line' id='line_1_73' title="bbox 151 4237 1712 4312; baseline 0.004 -23"><span class='ocrx_word' id='word_1_573' title='bbox 151 4238 326 4293; x_wconf 71' lang='lat' dir='ltr'><strong>inutilia</strong></span> <span class='ocrx_word' id='word_1_574' title='bbox 352 4258 511 4312; x_wconf 83' lang='lat' dir='ltr'><strong>opera</strong></span> <span class='ocrx_word' id='word_1_575' title='bbox 538 4243 677 4312; x_wconf 82' lang='lat' dir='ltr'><strong>ejus,</strong></span> <span class='ocrx_word' id='word_1_576' title='bbox 710 4238 791 4295; x_wconf 89' lang='lat' dir='ltr'><strong>ait</strong></span> <span class='ocrx_word' id='word_1_577' title='bbox 817 4237 1095 4308; x_wconf 89' lang='lat' dir='ltr'><strong>Sapientia</strong></span> <span class='ocrx_word' id='word_1_578' title='bbox 1117 4284 1131 4307; x_wconf 96' lang='lat'><strong>,</strong></span> <span class='ocrx_word' id='word_1_579' title='bbox 1174 4254 1296 4309; x_wconf 73' lang='lat' dir='ltr'><strong>qua:</strong></span> <span class='ocrx_word' id='word_1_580' title='bbox 1327 4240 1486 4295; x_wconf 90' lang='lat' dir='ltr'><strong>titulo</strong></span> <span class='ocrx_word' id='word_1_581' title='bbox 1513 4240 1712 4296; x_wconf 86' lang='lat' dir='ltr'><strong>inscri-</strong></span> 
     </span>
    </p>
   </div>
   <div class='ocr_carea' id='block_1_74' title="bbox 152 4329 1716 4405">
    <p class='ocr_par' dir='ltr' id='par_1_74' title="bbox 152 4329 1716 4405">
     <span class='ocr_line' id='line_1_74' title="bbox 152 4329 1716 4405; baseline 0.004 -22"><span class='ocrx_word' id='word_1_582' title='bbox 152 4329 265 4388; x_wconf 81' lang='lat' dir='ltr'><strong>bitur</strong></span> <span class='ocrx_word' id='word_1_583' title='bbox 283 4334 595 4391; x_wconf 83' lang='lat' dir='ltr'><strong>Salomonis</strong></span> <span class='ocrx_word' id='word_1_584' title='bbox 617 4331 773 4405; x_wconf 91' lang='lat' dir='ltr'><strong>(Sap.</strong></span> <span class='ocrx_word' id='word_1_585' title='bbox 807 4347 889 4398; x_wconf 85' lang='lat' dir='ltr'><strong>tu,</strong></span> <span class='ocrx_word' id='word_1_586' title='bbox 918 4332 1031 4403; x_wconf 83' lang='grc'><strong>11).</strong></span> <span class='ocrx_word' id='word_1_587' title='bbox 1064 4331 1271 4388; x_wconf 86' lang='lat' dir='ltr'><strong>Idcirco</strong></span> <span class='ocrx_word' id='word_1_588' title='bbox 1297 4343 1500 4403; x_wconf 86' lang='lat' dir='ltr'><strong>quanto</strong></span> <span class='ocrx_word' id='word_1_589' title='bbox 1527 4348 1716 4404; x_wconf 84' lang='lat' dir='ltr'><strong>possu-</strong></span> 
     </span>
    </p>
   </div>
   <div class='ocr_carea' id='block_1_75' title="bbox 154 4421 1714 4505">
    <p class='ocr_par' dir='ltr' id='par_1_75' title="bbox 154 4421 1714 4505">
     <span class='ocr_line' id='line_1_75' title="bbox 154 4421 1714 4505; baseline 0.005 -31"><span class='ocrx_word' id='word_1_590' title='bbox 154 4437 249 4477; x_wconf 84' lang='lat' dir='ltr'><strong>tuus</strong></span> <span class='ocrx_word' id='word_1_591' title='bbox 272 4424 461 4481; x_wconf 82' lang='lat' dir='ltr'><strong>labore</strong></span> <span class='ocrx_word' id='word_1_592' title='bbox 492 4425 734 4505; x_wconf 82' lang='lat' dir='ltr'><strong>nitamur</strong></span> <span class='ocrx_word' id='word_1_593' title='bbox 774 4439 788 4476; x_wconf 93' lang='lat'>:</span> <span class='ocrx_word' id='word_1_594' title='bbox 837 4431 896 4478; x_wconf 81' lang='lat' dir='ltr'><strong>ut</strong></span> <span class='ocrx_word' id='word_1_595' title='bbox 924 4421 1163 4478; x_wconf 87' lang='lat' dir='ltr'><strong>habitata</strong></span> <span class='ocrx_word' id='word_1_596' title='bbox 1192 4434 1375 4479; x_wconf 88' lang='lat' dir='ltr'><strong>nostra</strong></span> <span class='ocrx_word' id='word_1_597' title='bbox 1400 4463 1415 4488; x_wconf 92' lang='lat'><strong>,</strong></span> <span class='ocrx_word' id='word_1_598' title='bbox 1441 4426 1714 4496; x_wconf 84' lang='lat' dir='ltr'><strong>sapientia</strong></span> 
     </span>
    </p>
   </div>
   <div class='ocr_carea' id='block_1_76' title="bbox 152 4513 1711 4590">
    <p class='ocr_par' dir='ltr' id='par_1_76' title="bbox 152 4513 1711 4590">
     <span class='ocr_line' id='line_1_76' title="bbox 152 4513 1711 4590; baseline 0.006 -22"><span class='ocrx_word' id='word_1_599' title='bbox 152 4513 227 4569; x_wconf 85' lang='lat' dir='ltr'><strong>Dei</strong></span> <span class='ocrx_word' id='word_1_600' title='bbox 250 4518 509 4589; x_wconf 84' lang='lat' dir='ltr'><strong>erigatur.</strong></span> <span class='ocrx_word' id='word_1_601' title='bbox 544 4514 758 4573; x_wconf 84' lang='lat' dir='ltr'><strong>Cecidit</strong></span> <span class='ocrx_word' id='word_1_602' title='bbox 787 4516 983 4587; x_wconf 86' lang='lat' dir='ltr'><strong>quippe</strong></span> <span class='ocrx_word' id='word_1_603' title='bbox 1010 4527 1065 4572; x_wconf 90' lang='lat' dir='ltr'><strong>et</strong></span> <span class='ocrx_word' id='word_1_604' title='bbox 1108 4516 1176 4572; x_wconf 90' lang='lat' dir='ltr'><strong>de</strong></span> <span class='ocrx_word' id='word_1_605' title='bbox 1223 4519 1443 4575; x_wconf 90' lang='lat' dir='ltr'><strong>sublimi</strong></span> <span class='ocrx_word' id='word_1_606' title='bbox 1474 4523 1711 4590; x_wconf 90' lang='lat' dir='ltr'><strong>corruit,</strong></span> 
     </span>
    </p>
   </div>
   <div class='ocr_carea' id='block_1_77' title="bbox 1820 3307 3408 3379">
    <p class='ocr_par' dir='ltr' id='par_1_77' title="bbox 1820 3307 3408 3379">
     <span class='ocr_line' id='line_1_77' title="bbox 1820 3307 3408 3379; baseline -0.001 -15"><span class='ocrx_word' id='word_1_607' title='bbox 1820 3318 2098 3365; x_wconf 82' lang='lat' dir='ltr'><strong>contracta</strong></span> <span class='ocrx_word' id='word_1_608' title='bbox 2122 3348 2140 3373; x_wconf 90' lang='lat'><strong>,</strong></span> <span class='ocrx_word' id='word_1_609' title='bbox 2190 3316 2248 3362; x_wconf 90' lang='lat' dir='ltr'><strong>ut</strong></span> <span class='ocrx_word' id='word_1_610' title='bbox 2273 3308 2449 3379; x_wconf 90' lang='lat' dir='ltr'><strong>possit</strong></span> <span class='ocrx_word' id='word_1_611' title='bbox 2488 3322 2657 3378; x_wconf 83' lang='lat' dir='ltr'><strong>capax</strong></span> <span class='ocrx_word' id='word_1_612' title='bbox 2685 3322 2809 3364; x_wconf 90' lang='lat' dir='ltr'><strong>esse</strong></span> <span class='ocrx_word' id='word_1_613' title='bbox 2837 3308 3116 3378; x_wconf 85' lang='lat' dir='ltr'><strong>sapientiae</strong></span> <span class='ocrx_word' id='word_1_614' title='bbox 3148 3308 3264 3364; x_wconf 91' lang='lat' dir='ltr'><strong>Dei.</strong></span> <span class='ocrx_word' id='word_1_615' title='bbox 3296 3307 3408 3364; x_wconf 80' lang='lat' dir='ltr'><strong>Ve-</strong></span> 
     </span>
    </p>
   </div>
   <div class='ocr_carea' id='block_1_78' title="bbox 1820 3400 3408 3472">
    <p class='ocr_par' dir='ltr' id='par_1_78' title="bbox 1820 3400 3408 3472">
     <span class='ocr_line' id='line_1_78' title="bbox 1820 3400 3408 3472; baseline -0.001 -14"><span class='ocrx_word' id='word_1_616' title='bbox 1820 3418 1964 3465; x_wconf 86' lang='lat' dir='ltr'><strong>rum,</strong></span> <span class='ocrx_word' id='word_1_617' title='bbox 1996 3411 2058 3457; x_wconf 90' lang='lat' dir='ltr'><strong>ut</strong></span> <span class='ocrx_word' id='word_1_618' title='bbox 2086 3401 2151 3456; x_wconf 86' lang='lat' dir='ltr'><strong>ad</strong></span> <span class='ocrx_word' id='word_1_619' title='bbox 2187 3403 2524 3471; x_wconf 86' lang='lat' dir='ltr'><strong>propositum</strong></span> <span class='ocrx_word' id='word_1_620' title='bbox 2563 3411 2929 3467; x_wconf 85' lang='lat' dir='ltr'><strong>revertamur,</strong></span> <span class='ocrx_word' id='word_1_621' title='bbox 2961 3400 3198 3458; x_wconf 89' lang='lat' dir='ltr'><strong>diximus</strong></span> <span class='ocrx_word' id='word_1_622' title='bbox 3221 3401 3289 3457; x_wconf 89' lang='lat' dir='ltr'><strong>de</strong></span> <span class='ocrx_word' id='word_1_623' title='bbox 3317 3416 3408 3472; x_wconf 91' lang='lat' dir='ltr'><strong>eo,</strong></span> 
     </span>
    </p>
   </div>
   <div class='ocr_carea' id='block_1_79' title="bbox 1819 3492 3408 3567">
    <p class='ocr_par' dir='ltr' id='par_1_79' title="bbox 1819 3492 3408 3567">
     <span class='ocr_line' id='line_1_79' title="bbox 1819 3492 3408 3567; baseline -0.001 -16"><span class='ocrx_word' id='word_1_624' title='bbox 1819 3493 1962 3567; x_wconf 89' lang='lat' dir='ltr'><strong>quod</strong></span> <span class='ocrx_word' id='word_1_625' title='bbox 1994 3493 2274 3559; x_wconf 85' lang='lat' dir='ltr'><strong>prudentia</strong></span> <span class='ocrx_word' id='word_1_626' title='bbox 2305 3493 2502 3550; x_wconf 77' lang='lat' dir='ltr'><strong>coelum</strong></span> <span class='ocrx_word' id='word_1_627' title='bbox 2542 3492 2746 3549; x_wconf 84' lang='lat' dir='ltr'><strong>factum</strong></span> <span class='ocrx_word' id='word_1_628' title='bbox 2774 3495 2880 3550; x_wconf 89' lang='lat' dir='ltr'><strong>sit:</strong></span> <span class='ocrx_word' id='word_1_629' title='bbox 2906 3503 2964 3550; x_wconf 91' lang='lat' dir='ltr'><strong>et</strong></span> <span class='ocrx_word' id='word_1_630' title='bbox 2992 3509 3139 3550; x_wconf 90' lang='lat' dir='ltr'><strong>nunc</strong></span> <span class='ocrx_word' id='word_1_631' title='bbox 3164 3494 3408 3549; x_wconf 77' lang='lat' dir='ltr'><strong>afﬁrma-</strong></span> 
     </span>
    </p>
   </div>
   <div class='ocr_carea' id='block_1_80' title="bbox 1820 3586 3409 3657">
    <p class='ocr_par' dir='ltr' id='par_1_80' title="bbox 1820 3586 3409 3657">
     <span class='ocr_line' id='line_1_80' title="bbox 1820 3586 3409 3657; baseline -0.001 -14"><span class='ocrx_word' id='word_1_632' title='bbox 1820 3603 1941 3643; x_wconf 90' lang='lat' dir='ltr'><strong>mus</strong></span> <span class='ocrx_word' id='word_1_633' title='bbox 1968 3602 2084 3651; x_wconf 90' lang='lat' dir='ltr'><strong>eos,</strong></span> <span class='ocrx_word' id='word_1_634' title='bbox 2117 3586 2206 3656; x_wconf 89' lang='lat' dir='ltr'><strong>qui</strong></span> <span class='ocrx_word' id='word_1_635' title='bbox 2236 3586 2520 3641; x_wconf 79' lang='lat' dir='ltr'><strong>ctelestem</strong></span> <span class='ocrx_word' id='word_1_636' title='bbox 2564 3586 2836 3642; x_wconf 88' lang='lat' dir='ltr'><strong>hominem</strong></span> <span class='ocrx_word' id='word_1_637' title='bbox 2877 3596 3111 3657; x_wconf 90' lang='lat' dir='ltr'><strong>portant,</strong></span> <span class='ocrx_word' id='word_1_638' title='bbox 3145 3602 3268 3642; x_wconf 92' lang='lat' dir='ltr'><strong>esse</strong></span> <span class='ocrx_word' id='word_1_639' title='bbox 3295 3604 3409 3643; x_wconf 69' lang='grc' dir='ltr'>εω-</span> 
     </span>
    </p>
   </div>
   <div class='ocr_carea' id='block_1_81' title="bbox 1820 3678 3407 3749">
    <p class='ocr_par' dir='ltr' id='par_1_81' title="bbox 1820 3678 3407 3749">
     <span class='ocr_line' id='line_1_81' title="bbox 1820 3678 3407 3749; baseline 0.001 -16"><span class='ocrx_word' id='word_1_640' title='bbox 1820 3678 2007 3734; x_wconf 89' lang='lat' dir='ltr'><strong>lestes.</strong></span> <span class='ocrx_word' id='word_1_641' title='bbox 2041 3678 2097 3733; x_wconf 85' lang='lat' dir='ltr'><strong>Si</strong></span> <span class='ocrx_word' id='word_1_642' title='bbox 2128 3678 2271 3733; x_wconf 87' lang='lat' dir='ltr'><strong>enim</strong></span> <span class='ocrx_word' id='word_1_643' title='bbox 2310 3678 2376 3733; x_wconf 88' lang='lat' dir='ltr'><strong>ad</strong></span> <span class='ocrx_word' id='word_1_644' title='bbox 2422 3688 2768 3749; x_wconf 87' lang='lat' dir='ltr'><strong>peccatorem</strong></span> <span class='ocrx_word' id='word_1_645' title='bbox 2806 3679 3004 3735; x_wconf 84' lang='lat' dir='ltr'><strong>dicitur</strong></span> <span class='ocrx_word' id='word_1_646' title='bbox 3028 3696 3042 3736; x_wconf 89' lang='lat'><strong>:</strong></span> <span class='ocrx_word' id='word_1_647' title='bbox 3067 3679 3229 3735; x_wconf 85' lang='lat' dir='ltr'><strong>Terra</strong></span> <span class='ocrx_word' id='word_1_648' title='bbox 3255 3696 3328 3747; x_wconf 82' lang='lat' dir='ltr'><strong>es,</strong></span> <span class='ocrx_word' id='word_1_649' title='bbox 3358 3690 3407 3734; x_wconf 89' lang='lat' dir='ltr'><strong>et</strong></span> 
     </span>
    </p>
   </div>
   <div class='ocr_carea' id='block_1_82' title="bbox 1821 3770 3407 3841">
    <p class='ocr_par' dir='ltr' id='par_1_82' title="bbox 1821 3770 3407 3841">
     <span class='ocr_line' id='line_1_82' title="bbox 1821 3770 3407 3841; baseline -0.001 -16"><span class='ocrx_word' id='word_1_650' title='bbox 1821 3771 1873 3825; x_wconf 89' lang='lat' dir='ltr'><strong>in</strong></span> <span class='ocrx_word' id='word_1_651' title='bbox 1905 3780 2095 3825; x_wconf 87' lang='lat' dir='ltr'><strong>terram</strong></span> <span class='ocrx_word' id='word_1_652' title='bbox 2133 3770 2271 3824; x_wconf 89' lang='lat' dir='ltr'><strong>ibis:</strong></span> <span class='ocrx_word' id='word_1_653' title='bbox 2298 3785 2472 3840; x_wconf 87' lang='lat' dir='ltr'><strong>quare</strong></span> <span class='ocrx_word' id='word_1_654' title='bbox 2510 3786 2616 3826; x_wconf 91' lang='lat' dir='ltr'><strong>non</strong></span> <span class='ocrx_word' id='word_1_655' title='bbox 2657 3770 2870 3825; x_wconf 89' lang='lat' dir='ltr'><strong>dicatur</strong></span> <span class='ocrx_word' id='word_1_656' title='bbox 2895 3770 2961 3825; x_wconf 90' lang='lat' dir='ltr'><strong>ad</strong></span> <span class='ocrx_word' id='word_1_657' title='bbox 2988 3772 3216 3841; x_wconf 86' lang='lat' dir='ltr'><strong>justum,</strong></span> <span class='ocrx_word' id='word_1_658' title='bbox 3247 3773 3407 3841; x_wconf 86' lang='lat' dir='ltr'><strong>cujus</strong></span> 
     </span>
    </p>
   </div>
   <div class='ocr_carea' id='block_1_83' title="bbox 1820 3862 3406 3934">
    <p class='ocr_par' dir='ltr' id='par_1_83' title="bbox 1820 3862 3406 3934">
     <span class='ocr_line' id='line_1_83' title="bbox 1820 3862 3406 3934; baseline -0.003 -13"><span class='ocrx_word' id='word_1_659' title='bbox 1820 3875 1904 3921; x_wconf 90' lang='lat' dir='ltr'><strong>est</strong></span> <span class='ocrx_word' id='word_1_660' title='bbox 1932 3878 2156 3934; x_wconf 81' lang='lat' dir='ltr'><strong>regnum</strong></span> <span class='ocrx_word' id='word_1_661' title='bbox 2188 3862 2449 3917; x_wconf 80' lang='lat' dir='ltr'><strong>caelorum</strong></span> <span class='ocrx_word' id='word_1_662' title='bbox 2476 3879 2491 3920; x_wconf 84' lang='lat'>;</span> <span class='ocrx_word' id='word_1_663' title='bbox 2516 3862 2723 3918; x_wconf 53' lang='lat' dir='ltr'><strong>Caelum</strong></span> <span class='ocrx_word' id='word_1_664' title='bbox 2756 3877 2838 3929; x_wconf 90' lang='lat' dir='ltr'><strong>es,</strong></span> <span class='ocrx_word' id='word_1_665' title='bbox 2872 3864 3004 3918; x_wconf 88' lang='lat' dir='ltr'><strong>etin</strong></span> <span class='ocrx_word' id='word_1_666' title='bbox 3036 3864 3233 3918; x_wconf 84' lang='lat' dir='ltr'><strong>coelum</strong></span> <span class='ocrx_word' id='word_1_667' title='bbox 3261 3863 3406 3919; x_wconf 80' lang='lat' dir='ltr'><strong>ibis?</strong></span> 
     </span>
    </p>
   </div>
   <div class='ocr_carea' id='block_1_84' title="bbox 1818 3955 3405 4032">
    <p class='ocr_par' dir='ltr' id='par_1_84' title="bbox 1818 3955 3405 4032">
     <span class='ocr_line' id='line_1_84' title="bbox 1818 3955 3405 4032; baseline -0.003 -17"><span class='ocrx_word' id='word_1_668' title='bbox 1818 3960 1929 4015; x_wconf 85' lang='lat' dir='ltr'><strong>Aut</strong></span> <span class='ocrx_word' id='word_1_669' title='bbox 1956 3958 2003 4013; x_wconf 89' lang='lat' dir='ltr'><strong>si</strong></span> <span class='ocrx_word' id='word_1_670' title='bbox 2057 3966 2277 4028; x_wconf 87' lang='lat' dir='ltr'><strong>propter</strong></span> <span class='ocrx_word' id='word_1_671' title='bbox 2304 3961 2488 4032; x_wconf 74' lang='grc' dir='ltr'><strong>γήϊνον,</strong></span> <span class='ocrx_word' id='word_1_672' title='bbox 2521 3955 2576 4011; x_wconf 90' lang='lat' dir='ltr'><strong>id</strong></span> <span class='ocrx_word' id='word_1_673' title='bbox 2620 3967 2744 4026; x_wconf 88' lang='lat' dir='ltr'><strong>est,</strong></span> <span class='ocrx_word' id='word_1_674' title='bbox 2778 3965 3058 4021; x_wconf 84' lang='lat' dir='ltr'><strong>terrenum,</strong></span> <span class='ocrx_word' id='word_1_675' title='bbox 3111 3956 3309 4011; x_wconf 89' lang='lat' dir='ltr'><strong>dicitur</strong></span> <span class='ocrx_word' id='word_1_676' title='bbox 3352 3955 3405 4011; x_wconf 89' lang='lat' dir='ltr'><strong>ei</strong></span> 
     </span>
    </p>
   </div>
   <div class='ocr_carea' id='block_1_85' title="bbox 1816 4046 3401 4124">
    <p class='ocr_par' dir='ltr' id='par_1_85' title="bbox 1816 4046 3401 4124">
     <span class='ocr_line' id='line_1_85' title="bbox 1816 4046 3401 4124; baseline 0.001 -21"><span class='ocrx_word' id='word_1_677' title='bbox 1816 4051 1908 4123; x_wconf 90' lang='lat' dir='ltr'><strong>qui</strong></span> <span class='ocrx_word' id='word_1_678' title='bbox 1953 4059 2126 4121; x_wconf 85' lang='lat' dir='ltr'><strong>portat</strong></span> <span class='ocrx_word' id='word_1_679' title='bbox 2162 4050 2475 4120; x_wconf 77' lang='lat' dir='ltr'><strong>imaginem,</strong></span> <span class='ocrx_word' id='word_1_680' title='bbox 2523 4059 2586 4124; x_wconf 71' lang='grc' dir='ltr'><strong>γῆ</strong></span> <span class='ocrx_word' id='word_1_681' title='bbox 2616 4046 2683 4116; x_wconf 76' lang='grc' dir='ltr'><strong>εἴ,</strong></span> <span class='ocrx_word' id='word_1_682' title='bbox 2716 4050 2765 4104; x_wconf 88' lang='lat' dir='ltr'><strong>id</strong></span> <span class='ocrx_word' id='word_1_683' title='bbox 2811 4059 2913 4118; x_wconf 89' lang='lat' dir='ltr'><strong>est,</strong></span> <span class='ocrx_word' id='word_1_684' title='bbox 2968 4050 3199 4122; x_wconf 57' lang='lat' dir='ltr'><strong>terra!“</strong></span> <span class='ocrx_word' id='word_1_685' title='bbox 3224 4096 3239 4119; x_wconf 96' lang='lat'><strong>,</strong></span> <span class='ocrx_word' id='word_1_686' title='bbox 3270 4061 3317 4107; x_wconf 87' lang='lat' dir='ltr'><strong>et</strong></span> <span class='ocrx_word' id='word_1_687' title='bbox 3347 4053 3401 4105; x_wconf 87' lang='lat' dir='ltr'><strong>in</strong></span> 
     </span>
    </p>
   </div>
   <div class='ocr_carea' id='block_1_86' title="bbox 1817 4141 3397 4215">
    <p class='ocr_par' dir='ltr' id='par_1_86' title="bbox 1817 4141 3397 4215">
     <span class='ocr_line' id='line_1_86' title="bbox 1817 4141 3397 4215; baseline -0.001 -14"><span class='ocrx_word' id='word_1_688' title='bbox 1817 4156 2004 4201; x_wconf 81' lang='lat' dir='ltr'><strong>terram</strong></span> <span class='ocrx_word' id='word_1_689' title='bbox 2040 4143 2133 4198; x_wconf 83' lang='lat' dir='ltr'><strong>ibis</strong></span> <span class='ocrx_word' id='word_1_690' title='bbox 2174 4142 2327 4215; x_wconf 82' lang='lat' dir='ltr'><strong>(Gen.</strong></span> <span class='ocrx_word' id='word_1_691' title='bbox 2354 4141 2696 4210; x_wconf 67' lang='lat' dir='ltr'><strong>ut,19):cur</strong></span> <span class='ocrx_word' id='word_1_692' title='bbox 2735 4153 2961 4215; x_wconf 87' lang='lat' dir='ltr'><strong>propter</strong></span> <span class='ocrx_word' id='word_1_693' title='bbox 3000 4145 3305 4212; x_wconf 70' lang='lat' dir='ltr'><strong>caelestem,</strong></span> <span class='ocrx_word' id='word_1_694' title='bbox 3346 4148 3397 4202; x_wconf 89' lang='lat' dir='ltr'><strong>ei</strong></span> 
     </span>
    </p>
   </div>
   <div class='ocr_carea' id='block_1_87' title="bbox 1816 4238 3397 4309">
    <p class='ocr_par' dir='ltr' id='par_1_87' title="bbox 1816 4238 3397 4309">
     <span class='ocr_line' id='line_1_87' title="bbox 1816 4238 3397 4309; baseline 0.001 -15"><span class='ocrx_word' id='word_1_695' title='bbox 1816 4239 1909 4309; x_wconf 89' lang='lat' dir='ltr'><strong>qui</strong></span> <span class='ocrx_word' id='word_1_696' title='bbox 1959 4238 2246 4308; x_wconf 77' lang='lat' dir='ltr'><strong>imaginem</strong></span> <span class='ocrx_word' id='word_1_697' title='bbox 2298 4238 2544 4295; x_wconf 65' lang='lat' dir='ltr'><strong>caelestis</strong></span> <span class='ocrx_word' id='word_1_698' title='bbox 2596 4248 2800 4309; x_wconf 85' lang='lat' dir='ltr'><strong>portat,</strong></span> <span class='ocrx_word' id='word_1_699' title='bbox 2835 4256 2942 4294; x_wconf 86' lang='lat' dir='ltr'><strong>non</strong></span> <span class='ocrx_word' id='word_1_700' title='bbox 2972 4241 3226 4296; x_wconf 88' lang='lat' dir='ltr'><strong>convenit</strong></span> <span class='ocrx_word' id='word_1_701' title='bbox 3251 4241 3397 4297; x_wconf 88' lang='lat' dir='ltr'><strong>dici:</strong></span> 
     </span>
    </p>
   </div>
   <div class='ocr_carea' id='block_1_88' title="bbox 1816 4331 3400 4405">
    <p class='ocr_par' dir='ltr' id='par_1_88' title="bbox 1816 4331 3400 4405">
     <span class='ocr_line' id='line_1_88' title="bbox 1816 4331 3400 4405; baseline 0.001 -15"><span class='ocrx_word' id='word_1_702' title='bbox 1816 4334 2027 4390; x_wconf 64' lang='lat' dir='ltr'><strong>Casium</strong></span> <span class='ocrx_word' id='word_1_703' title='bbox 2057 4348 2137 4396; x_wconf 89' lang='lat' dir='ltr'><strong>es,</strong></span> <span class='ocrx_word' id='word_1_704' title='bbox 2169 4340 2225 4388; x_wconf 90' lang='lat' dir='ltr'><strong>et</strong></span> <span class='ocrx_word' id='word_1_705' title='bbox 2274 4331 2328 4386; x_wconf 92' lang='lat' dir='ltr'><strong>in</strong></span> <span class='ocrx_word' id='word_1_706' title='bbox 2373 4331 2570 4388; x_wconf 78' lang='lat' dir='ltr'><strong>caelum</strong></span> <span class='ocrx_word' id='word_1_707' title='bbox 2617 4332 2760 4387; x_wconf 83' lang='lat' dir='ltr'><strong>ibis?</strong></span> <span class='ocrx_word' id='word_1_708' title='bbox 2793 4331 3173 4405; x_wconf 82' lang='lat' dir='ltr'><strong>Unusquisque</strong></span> <span class='ocrx_word' id='word_1_709' title='bbox 3218 4346 3400 4391; x_wconf 86' lang='lat' dir='ltr'><strong>autem</strong></span> 
     </span>
    </p>
   </div>
   <div class='ocr_carea' id='block_1_89' title="bbox 1818 4425 3402 4492">
    <p class='ocr_par' dir='ltr' id='par_1_89' title="bbox 1818 4425 3402 4492">
     <span class='ocr_line' id='line_1_89' title="bbox 1818 4425 3402 4492; baseline 0.003 -11"><span class='ocrx_word' id='word_1_710' title='bbox 1818 4439 2087 4489; x_wconf 88' lang='lat' dir='ltr'><strong>nostrum,</strong></span> <span class='ocrx_word' id='word_1_711' title='bbox 2119 4436 2211 4480; x_wconf 85' lang='lat' dir='ltr'><strong>aut</strong></span> <span class='ocrx_word' id='word_1_712' title='bbox 2240 4425 2483 4481; x_wconf 76' lang='lat' dir='ltr'><strong>caelestia</strong></span> <span class='ocrx_word' id='word_1_713' title='bbox 2531 4425 2671 4481; x_wconf 82' lang='lat' dir='ltr'><strong>facta</strong></span> <span class='ocrx_word' id='word_1_714' title='bbox 2720 4425 2886 4481; x_wconf 86' lang='lat' dir='ltr'><strong>habet</strong></span> <span class='ocrx_word' id='word_1_715' title='bbox 2912 4469 2926 4492; x_wconf 91' lang='lat'><strong>,</strong></span> <span class='ocrx_word' id='word_1_716' title='bbox 2957 4437 3051 4482; x_wconf 88' lang='lat' dir='ltr'><strong>aut</strong></span> <span class='ocrx_word' id='word_1_717' title='bbox 3081 4437 3315 4486; x_wconf 88' lang='lat' dir='ltr'><strong>terrena.</strong></span> <span class='ocrx_word' id='word_1_718' title='bbox 3346 4432 3402 4485; x_wconf 88' lang='lat' dir='ltr'><strong>Si</strong></span> 
     </span>
    </p>
   </div>
   <div class='ocr_carea' id='block_1_90' title="bbox 1819 4518 3403 4590">
    <p class='ocr_par' dir='ltr' id='par_1_90' title="bbox 1819 4518 3403 4590">
     <span class='ocr_line' id='line_1_90' title="bbox 1819 4518 3403 4590; baseline 0.002 -15"><span class='ocrx_word' id='word_1_719' title='bbox 1819 4529 2035 4576; x_wconf 83' lang='lat' dir='ltr'><strong>terrena</strong></span> <span class='ocrx_word' id='word_1_720' title='bbox 2065 4518 2202 4574; x_wconf 85' lang='lat' dir='ltr'><strong>facta</strong></span> <span class='ocrx_word' id='word_1_721' title='bbox 2234 4530 2395 4585; x_wconf 90' lang='lat' dir='ltr'><strong>sunt,</strong></span> <span class='ocrx_word' id='word_1_722' title='bbox 2434 4518 2502 4573; x_wconf 90' lang='lat' dir='ltr'><strong>ad</strong></span> <span class='ocrx_word' id='word_1_723' title='bbox 2530 4530 2814 4590; x_wconf 81' lang='lat' dir='ltr'><strong>cognatam</strong></span> <span class='ocrx_word' id='word_1_724' title='bbox 2846 4521 2949 4575; x_wconf 89' lang='lat' dir='ltr'><strong>sibi</strong></span> <span class='ocrx_word' id='word_1_725' title='bbox 2985 4531 3186 4577; x_wconf 88' lang='lat' dir='ltr'><strong>terram</strong></span> <span class='ocrx_word' id='word_1_726' title='bbox 3229 4522 3403 4578; x_wconf 85' lang='lat' dir='ltr'><strong>dedu-</strong></span> 
     </span>
    </p>
   </div>
   <div class='ocr_carea' id='block_1_91' title="bbox 152 4587 3398 4683">
    <p class='ocr_par' dir='ltr' id='par_1_91' title="bbox 152 4587 3398 4683">
     <span class='ocr_line' id='line_1_91' title="bbox 152 4587 3398 4683; baseline 0.003 -21"><span class='ocrx_word' id='word_1_727' title='bbox 152 4608 466 4666; x_wconf 73' lang='lat' dir='ltr'><strong>teaientibus</strong></span> <span class='ocrx_word' id='word_1_728' title='bbox 495 4610 660 4665; x_wconf 89' lang='lat' dir='ltr'><strong>nobis</strong></span> <span class='ocrx_word' id='word_1_729' title='bbox 706 4610 757 4663; x_wconf 91' lang='lat' dir='ltr'><strong>in</strong></span> <span class='ocrx_word' id='word_1_730' title='bbox 791 4610 969 4664; x_wconf 88' lang='lat' dir='ltr'><strong>locum</strong></span> <span class='ocrx_word' id='word_1_731' title='bbox 1015 4609 1173 4664; x_wconf 88' lang='lat' dir='ltr'><strong>istum</strong></span> <span class='ocrx_word' id='word_1_732' title='bbox 1206 4612 1572 4669; x_wconf 86' lang='lat' dir='ltr'><strong>miseriarum.</strong></span> <span class='ocrx_word' id='word_1_733' title='bbox 1605 4615 1715 4671; x_wconf 84' lang='lat' dir='ltr'><strong>Ce-</strong></span> <span class='ocrx_word' id='word_1_734' title='bbox 1740 4587 1790 4648; x_wconf 78' lang='lat' dir='ltr'><strong>D</strong></span> <span class='ocrx_word' id='word_1_735' title='bbox 1819 4626 1952 4668; x_wconf 90' lang='lat' dir='ltr'><strong>cunt</strong></span> <span class='ocrx_word' id='word_1_736' title='bbox 1980 4629 2126 4675; x_wconf 89' lang='lat' dir='ltr'><strong>eum,</strong></span> <span class='ocrx_word' id='word_1_737' title='bbox 2152 4613 2242 4683; x_wconf 90' lang='lat' dir='ltr'><strong>qui</strong></span> <span class='ocrx_word' id='word_1_738' title='bbox 2274 4613 2607 4670; x_wconf 86' lang='lat' dir='ltr'><strong>thesaurizat</strong></span> <span class='ocrx_word' id='word_1_739' title='bbox 2634 4627 2698 4667; x_wconf 90' lang='lat' dir='ltr'><strong>ea</strong></span> <span class='ocrx_word' id='word_1_740' title='bbox 2739 4613 2791 4667; x_wconf 92' lang='lat' dir='ltr'><strong>in</strong></span> <span class='ocrx_word' id='word_1_741' title='bbox 2820 4621 2984 4682; x_wconf 87' lang='lat' dir='ltr'><strong>terra,</strong></span> <span class='ocrx_word' id='word_1_742' title='bbox 3018 4627 3207 4671; x_wconf 88' lang='lat' dir='ltr'><strong>etnon</strong></span> <span class='ocrx_word' id='word_1_743' title='bbox 3233 4615 3398 4671; x_wconf 67' lang='lat' dir='ltr'><strong>coelo.</strong></span> 
     </span>
    </p>
   </div>
   <div class='ocr_carea' id='block_1_92' title="bbox 150 4700 1717 4777">
    <p class='ocr_par' dir='ltr' id='par_1_92' title="bbox 150 4700 1717 4777">
     <span class='ocr_line' id='line_1_92' title="bbox 150 4700 1717 4777; baseline 0.009 -28"><span class='ocrx_word' id='word_1_744' title='bbox 150 4700 255 4755; x_wconf 80' lang='lat' dir='ltr'><strong>cidit</strong></span> <span class='ocrx_word' id='word_1_745' title='bbox 297 4702 544 4759; x_wconf 81' lang='lat' dir='ltr'><strong>habitata</strong></span> <span class='ocrx_word' id='word_1_746' title='bbox 588 4710 803 4767; x_wconf 87' lang='lat' dir='ltr'><strong>nostra,</strong></span> <span class='ocrx_word' id='word_1_747' title='bbox 853 4711 1137 4772; x_wconf 86' lang='lat' dir='ltr'><strong>postquam</strong></span> <span class='ocrx_word' id='word_1_748' title='bbox 1169 4706 1512 4775; x_wconf 80' lang='lat' dir='ltr'><strong>peccavimus,</strong></span> <span class='ocrx_word' id='word_1_749' title='bbox 1545 4707 1717 4777; x_wconf 82' lang='lat' dir='ltr'><strong>inique</strong></span> 
     </span>
    </p>
   </div>
   <div class='ocr_carea' id='block_1_93' title="bbox 151 4790 1712 4869">
    <p class='ocr_par' dir='ltr' id='par_1_93' title="bbox 151 4790 1712 4869">
     <span class='ocr_line' id='line_1_93' title="bbox 151 4790 1712 4869; baseline 0.008 -26"><span class='ocrx_word' id='word_1_750' title='bbox 151 4790 353 4859; x_wconf 70' lang='lat' dir='ltr'><strong>(scimus,</strong></span> <span class='ocrx_word' id='word_1_751' title='bbox 372 4795 571 4867; x_wconf 84' lang='lat' dir='ltr'><strong>injuste</strong></span> <span class='ocrx_word' id='word_1_752' title='bbox 599 4796 816 4864; x_wconf 82' lang='lat' dir='ltr'><strong>egimus,</strong></span> <span class='ocrx_word' id='word_1_753' title='bbox 832 4794 984 4865; x_wconf 83' lang='lat' dir='ltr'><strong>impie</strong></span> <span class='ocrx_word' id='word_1_754' title='bbox 1008 4797 1260 4866; x_wconf 84' lang='lat' dir='ltr'><strong>gessimus</strong></span> <span class='ocrx_word' id='word_1_755' title='bbox 1289 4795 1461 4866; x_wconf 79' lang='lat' dir='ltr'><strong>(Psai.</strong></span> <span class='ocrx_word' id='word_1_756' title='bbox 1493 4799 1673 4869; x_wconf 72' lang='lat' dir='ltr'><strong>cvr,6)</strong></span> <span class='ocrx_word' id='word_1_757' title='bbox 1697 4818 1712 4856; x_wconf 92' lang='lat'><strong>:</strong></span> 
     </span>
    </p>
   </div>
   <div class='ocr_carea' id='block_1_94' title="bbox 152 4887 1715 4958">
    <p class='ocr_par' dir='ltr' id='par_1_94' title="bbox 152 4887 1715 4958">
     <span class='ocr_line' id='line_1_94' title="bbox 152 4887 1715 4958; baseline 0.008 -22"><span class='ocrx_word' id='word_1_758' title='bbox 152 4894 329 4956; x_wconf 76' lang='lat' dir='ltr'><strong>etpost</strong></span> <span class='ocrx_word' id='word_1_759' title='bbox 368 4890 589 4943; x_wconf 89' lang='lat' dir='ltr'><strong>ruinam</strong></span> <span class='ocrx_word' id='word_1_760' title='bbox 626 4887 836 4958; x_wconf 80' lang='lat' dir='ltr'><strong>indiget</strong></span> <span class='ocrx_word' id='word_1_761' title='bbox 862 4891 1153 4944; x_wconf 88' lang='lat' dir='ltr'><strong>erectioue.</strong></span> <span class='ocrx_word' id='word_1_762' title='bbox 1197 4890 1252 4947; x_wconf 88' lang='lat' dir='ltr'><strong>Si</strong></span> <span class='ocrx_word' id='word_1_763' title='bbox 1283 4900 1463 4945; x_wconf 90' lang='lat' dir='ltr'><strong>autem</strong></span> <span class='ocrx_word' id='word_1_764' title='bbox 1494 4908 1599 4948; x_wconf 90' lang='lat' dir='ltr'><strong>non</strong></span> <span class='ocrx_word' id='word_1_765' title='bbox 1633 4892 1715 4948; x_wconf 90' lang='lat' dir='ltr'><strong>vis</strong></span> 
     </span>
    </p>
   </div>
   <div class='ocr_carea' id='block_1_95' title="bbox 155 4976 1715 5058">
    <p class='ocr_par' dir='ltr' id='par_1_95' title="bbox 155 4976 1715 5058">
     <span class='ocr_line' id='line_1_95' title="bbox 155 4976 1715 5058; baseline 0.006 -25"><span class='ocrx_word' id='word_1_766' title='bbox 155 4976 233 5033; x_wconf 78' lang='lat' dir='ltr'><strong>ista</strong></span> <span class='ocrx_word' id='word_1_767' title='bbox 256 4982 533 5038; x_wconf 82' lang='lat' dir='ltr'><strong>sententia</strong></span> <span class='ocrx_word' id='word_1_768' title='bbox 561 4981 779 5047; x_wconf 88' lang='lat' dir='ltr'><strong>adduci,</strong></span> <span class='ocrx_word' id='word_1_769' title='bbox 818 4996 1165 5039; x_wconf 89' lang='lat' dir='ltr'><strong>communem</strong></span> <span class='ocrx_word' id='word_1_770' title='bbox 1195 4984 1362 5041; x_wconf 89' lang='lat' dir='ltr'><strong>totius</strong></span> <span class='ocrx_word' id='word_1_771' title='bbox 1389 4986 1540 5042; x_wconf 86' lang='lat' dir='ltr'><strong>orbis</strong></span> <span class='ocrx_word' id='word_1_772' title='bbox 1565 5002 1715 5058; x_wconf 76' lang='lat' dir='ltr'><strong>qnte-</strong></span> 
     </span>
    </p>
   </div>
   <div class='ocr_carea' id='block_1_96' title="bbox 153 5077 1709 5152">
    <p class='ocr_par' dir='ltr' id='par_1_96' title="bbox 153 5077 1709 5152">
     <span class='ocr_line' id='line_1_96' title="bbox 153 5077 1709 5152; baseline 0.007 -26"><span class='ocrx_word' id='word_1_773' title='bbox 153 5086 304 5131; x_wconf 83' lang='lat' dir='ltr'><strong>muts</strong></span> <span class='ocrx_word' id='word_1_774' title='bbox 342 5077 590 5142; x_wconf 88' lang='lat' dir='ltr'><strong>ruinam,</strong></span> <span class='ocrx_word' id='word_1_775' title='bbox 636 5084 694 5132; x_wconf 88' lang='lat' dir='ltr'><strong>et</strong></span> <span class='ocrx_word' id='word_1_776' title='bbox 745 5086 864 5147; x_wconf 79' lang='lat' dir='ltr'><strong>post</strong></span> <span class='ocrx_word' id='word_1_777' title='bbox 912 5092 1098 5134; x_wconf 86' lang='lat' dir='ltr'><strong>casum</strong></span> <span class='ocrx_word' id='word_1_778' title='bbox 1140 5078 1261 5150; x_wconf 89' lang='lat' dir='ltr'><strong>ejus</strong></span> <span class='ocrx_word' id='word_1_779' title='bbox 1306 5090 1709 5152; x_wconf 89' lang='lat' dir='ltr'><strong>consequenter</strong></span> 
     </span>
    </p>
   </div>
   <div class='ocr_carea' id='block_1_97' title="bbox 156 5162 895 5241">
    <p class='ocr_par' dir='ltr' id='par_1_97' title="bbox 156 5162 895 5241">
     <span class='ocr_line' id='line_1_97' title="bbox 156 5162 895 5241; baseline 0 -17"><span class='ocrx_word' id='word_1_780' title='bbox 156 5162 273 5224; x_wconf 79' lang='lat' dir='ltr'><strong>Dens</strong></span> <span class='ocrx_word' id='word_1_781' title='bbox 293 5170 507 5241; x_wconf 83' lang='lat' dir='ltr'><strong>erigens</strong></span> <span class='ocrx_word' id='word_1_782' title='bbox 543 5170 895 5241; x_wconf 59' lang='lat' dir='ltr'><strong>praedicetur.</strong></span> 
     </span>
    </p>
   </div>
   <div class='ocr_carea' id='block_1_98' title="bbox 208 5257 1711 5334">
    <p class='ocr_par' dir='ltr' id='par_1_98' title="bbox 208 5257 1711 5334">
     <span class='ocr_line' id='line_1_98' title="bbox 208 5257 1711 5334; baseline 0.006 -19"><span class='ocrx_word' id='word_1_783' title='bbox 208 5257 263 5315; x_wconf 84' lang='lat' dir='ltr'><strong>ii.</strong></span> <span class='ocrx_word' id='word_1_784' title='bbox 298 5262 639 5334; x_wconf 86' lang='lat' dir='ltr'><strong>Quicumque</strong></span> <span class='ocrx_word' id='word_1_785' title='bbox 667 5273 750 5319; x_wconf 90' lang='lat' dir='ltr'><strong>est</strong></span> <span class='ocrx_word' id='word_1_786' title='bbox 796 5263 850 5319; x_wconf 92' lang='lat' dir='ltr'><strong>in</strong></span> <span class='ocrx_word' id='word_1_787' title='bbox 894 5263 1031 5321; x_wconf 87' lang='lat' dir='ltr'><strong>orbe</strong></span> <span class='ocrx_word' id='word_1_788' title='bbox 1074 5264 1200 5331; x_wconf 87' lang='lat' dir='ltr'><strong>isto,</strong></span> <span class='ocrx_word' id='word_1_789' title='bbox 1232 5276 1356 5322; x_wconf 89' lang='lat' dir='ltr'><strong>ante</strong></span> <span class='ocrx_word' id='word_1_790' title='bbox 1384 5268 1711 5325; x_wconf 89' lang='lat' dir='ltr'><strong>erectionem</strong></span> 
     </span>
    </p>
   </div>
   <div class='ocr_carea' id='block_1_99' title="bbox 155 5352 1713 5431">
    <p class='ocr_par' dir='ltr' id='par_1_99' title="bbox 155 5352 1713 5431">
     <span class='ocr_line' id='line_1_99' title="bbox 155 5352 1713 5431; baseline 0.007 -27"><span class='ocrx_word' id='word_1_791' title='bbox 155 5352 339 5407; x_wconf 80' lang='lat' dir='ltr'><strong>cecidit.</strong></span> <span class='ocrx_word' id='word_1_792' title='bbox 390 5357 450 5412; x_wconf 87' lang='lat' dir='ltr'><strong>Si</strong></span> <span class='ocrx_word' id='word_1_793' title='bbox 498 5366 681 5412; x_wconf 86' lang='lat' dir='ltr'><strong>autem</strong></span> <span class='ocrx_word' id='word_1_794' title='bbox 728 5356 945 5425; x_wconf 89' lang='lat' dir='ltr'><strong>cecidit,</strong></span> <span class='ocrx_word' id='word_1_795' title='bbox 990 5368 1384 5429; x_wconf 85' lang='lat' dir='ltr'><strong>consequenter</strong></span> <span class='ocrx_word' id='word_1_796' title='bbox 1425 5360 1713 5431; x_wconf 85' lang='lat' dir='ltr'><strong>erigendus</strong></span> 
     </span>
    </p>
   </div>
   <div class='ocr_carea' id='block_1_100' title="bbox 156 5445 1709 5520">
    <p class='ocr_par' dir='ltr' id='par_1_100' title="bbox 156 5445 1709 5520">
     <span class='ocr_line' id='line_1_100' title="bbox 156 5445 1709 5520; baseline 0.006 -22"><span class='ocrx_word' id='word_1_797' title='bbox 156 5445 457 5505; x_wconf 73' lang='lat' dir='ltr'><strong>luitzNemo</strong></span> <span class='ocrx_word' id='word_1_798' title='bbox 500 5451 700 5520; x_wconf 86' lang='lat' dir='ltr'><strong>quippe</strong></span> <span class='ocrx_word' id='word_1_799' title='bbox 734 5450 850 5506; x_wconf 86' lang='lat' dir='ltr'><strong>sine</strong></span> <span class='ocrx_word' id='word_1_800' title='bbox 889 5465 1018 5505; x_wconf 88' lang='lat' dir='ltr'><strong>casu</strong></span> <span class='ocrx_word' id='word_1_801' title='bbox 1054 5450 1395 5508; x_wconf 85' lang='lat' dir='ltr'><strong>sublevatur.</strong></span> <span class='ocrx_word' id='word_1_802' title='bbox 1430 5452 1486 5508; x_wconf 90' lang='lat' dir='ltr'><strong>Si</strong></span> <span class='ocrx_word' id='word_1_803' title='bbox 1527 5462 1709 5508; x_wconf 88' lang='lat' dir='ltr'><strong>autem</strong></span> 
     </span>
    </p>
   </div>
   <div class='ocr_carea' id='block_1_101' title="bbox 158 5541 1715 5614">
    <p class='ocr_par' dir='ltr' id='par_1_101' title="bbox 158 5541 1715 5614">
     <span class='ocr_line' id='line_1_101' title="bbox 158 5541 1715 5614; baseline 0.006 -21"><span class='ocrx_word' id='word_1_804' title='bbox 158 5549 336 5596; x_wconf 62' lang='lat' dir='ltr'><strong>nectus</strong></span> <span class='ocrx_word' id='word_1_805' title='bbox 354 5553 465 5611; x_wconf 86' lang='lat' dir='ltr'><strong>est,</strong></span> <span class='ocrx_word' id='word_1_806' title='bbox 491 5541 774 5599; x_wconf 83' lang='lat' dir='ltr'><strong>videamus</strong></span> <span class='ocrx_word' id='word_1_807' title='bbox 795 5560 916 5614; x_wconf 63' lang='lat' dir='ltr'><strong>quae</strong></span> <span class='ocrx_word' id='word_1_808' title='bbox 937 5545 1090 5600; x_wconf 87' lang='lat' dir='ltr'><strong>ruina</strong></span> <span class='ocrx_word' id='word_1_809' title='bbox 1124 5546 1465 5614; x_wconf 71' lang='lat' dir='ltr'><strong>praecesserit</strong></span> <span class='ocrx_word' id='word_1_810' title='bbox 1482 5564 1494 5600; x_wconf 91' lang='lat'><strong>:</strong></span> <span class='ocrx_word' id='word_1_811' title='bbox 1511 5546 1715 5605; x_wconf 88' lang='lat' dir='ltr'><strong>Omnes</strong></span> 
     </span>
    </p>
   </div>
   <div class='ocr_carea' id='block_1_102' title="bbox 159 5635 1712 5706">
    <p class='ocr_par' dir='ltr' id='par_1_102' title="bbox 159 5635 1712 5706">
     <span class='ocr_line' id='line_1_102' title="bbox 159 5635 1712 5706; baseline 0.006 -20"><span class='ocrx_word' id='word_1_812' title='bbox 159 5640 425 5690; x_wconf 73' lang='lat' dir='ltr'><strong>tenuimus</strong></span> <span class='ocrx_word' id='word_1_813' title='bbox 459 5650 562 5706; x_wconf 90' lang='lat' dir='ltr'><strong>per</strong></span> <span class='ocrx_word' id='word_1_814' title='bbox 589 5646 868 5706; x_wconf 87' lang='lat' dir='ltr'><strong>peccatum</strong></span> <span class='ocrx_word' id='word_1_815' title='bbox 917 5635 971 5691; x_wconf 91' lang='lat' dir='ltr'><strong>in</strong></span> <span class='ocrx_word' id='word_1_816' title='bbox 1017 5636 1151 5691; x_wconf 90' lang='lat' dir='ltr'><strong>orbe</strong></span> <span class='ocrx_word' id='word_1_817' title='bbox 1182 5644 1473 5693; x_wconf 90' lang='lat' dir='ltr'><strong>terrarum.</strong></span> <span class='ocrx_word' id='word_1_818' title='bbox 1510 5639 1577 5694; x_wconf 79' lang='lat' dir='ltr'><strong>Et</strong></span> <span class='ocrx_word' id='word_1_819' title='bbox 1602 5639 1712 5694; x_wconf 88' lang='lat' dir='ltr'><strong>Do-</strong></span> 
     </span>
    </p>
   </div>
   <div class='ocr_carea' id='block_1_103' title="bbox 163 5722 1712 5801">
    <p class='ocr_par' dir='ltr' id='par_1_103' title="bbox 163 5722 1712 5801">
     <span class='ocr_line' id='line_1_103' title="bbox 163 5722 1712 5801; baseline 0.009 -25"><span class='ocrx_word' id='word_1_820' title='bbox 163 5722 310 5780; x_wconf 76' lang='lat' dir='ltr'><strong>minus</strong></span> <span class='ocrx_word' id='word_1_821' title='bbox 352 5729 445 5799; x_wconf 89' lang='lat' dir='ltr'><strong>qui</strong></span> <span class='ocrx_word' id='word_1_822' title='bbox 479 5729 637 5800; x_wconf 86' lang='lat' dir='ltr'><strong>erigit</strong></span> <span class='ocrx_word' id='word_1_823' title='bbox 670 5730 872 5799; x_wconf 87' lang='lat' dir='ltr'><strong>elisos,</strong></span> <span class='ocrx_word' id='word_1_824' title='bbox 922 5730 1157 5785; x_wconf 85' lang='lat' dir='ltr'><strong>elevavit</strong></span> <span class='ocrx_word' id='word_1_825' title='bbox 1204 5746 1304 5789; x_wconf 89' lang='lat' dir='ltr'><strong>nos</strong></span> <span class='ocrx_word' id='word_1_826' title='bbox 1345 5732 1614 5801; x_wconf 87' lang='lat' dir='ltr'><strong>jacentes.</strong></span> <span class='ocrx_word' id='word_1_827' title='bbox 1655 5734 1712 5790; x_wconf 91' lang='lat' dir='ltr'><strong>In</strong></span> 
     </span>
    </p>
   </div>
   <div class='ocr_carea' id='block_1_104' title="bbox 162 5814 1713 5898">
    <p class='ocr_par' dir='ltr' id='par_1_104' title="bbox 162 5814 1713 5898">
     <span class='ocr_line' id='line_1_104' title="bbox 162 5814 1713 5898; baseline 0.003 -20"><span class='ocrx_word' id='word_1_828' title='bbox 162 5814 303 5878; x_wconf 70' lang='lat' dir='ltr'><strong>Nam</strong></span> <span class='ocrx_word' id='word_1_829' title='bbox 328 5839 524 5882; x_wconf 88' lang='lat' dir='ltr'><strong>omnes</strong></span> <span class='ocrx_word' id='word_1_830' title='bbox 552 5826 812 5883; x_wconf 83' lang='lat' dir='ltr'><strong>morimur</strong></span> <span class='ocrx_word' id='word_1_831' title='bbox 843 5843 857 5881; x_wconf 72' lang='grc' dir='ltr'>ς</span> <span class='ocrx_word' id='word_1_832' title='bbox 891 5835 1054 5898; x_wconf 86' lang='lat' dir='ltr'><strong>atque</strong></span> <span class='ocrx_word' id='word_1_833' title='bbox 1080 5824 1155 5881; x_wconf 90' lang='lat' dir='ltr'><strong>ita</strong></span> <span class='ocrx_word' id='word_1_834' title='bbox 1184 5826 1394 5883; x_wconf 84' lang='lat' dir='ltr'><strong>corruit</strong></span> <span class='ocrx_word' id='word_1_835' title='bbox 1419 5827 1570 5885; x_wconf 85' lang='lat' dir='ltr'><strong>orbis</strong></span> <span class='ocrx_word' id='word_1_836' title='bbox 1600 5839 1713 5886; x_wconf 86' lang='lat' dir='ltr'><strong>ter-</strong></span> 
     </span>
    </p>
   </div>
   <div class='ocr_carea' id='block_1_105' title="bbox 1819 4705 3400 4779">
    <p class='ocr_par' dir='ltr' id='par_1_105' title="bbox 1819 4705 3400 4779">
     <span class='ocr_line' id='line_1_105' title="bbox 1819 4705 3400 4779; baseline 0.002 -18"><span class='ocrx_word' id='word_1_837' title='bbox 1819 4706 2164 4775; x_wconf 78' lang='lat' dir='ltr'><strong>linrsumque</strong></span> <span class='ocrx_word' id='word_1_838' title='bbox 2212 4705 2329 4761; x_wconf 64' lang='lat' dir='ltr'><strong>hinc</strong></span> <span class='ocrx_word' id='word_1_839' title='bbox 2374 4722 2493 4775; x_wconf 84' lang='lat' dir='ltr'><strong>quae</strong></span> <span class='ocrx_word' id='word_1_840' title='bbox 2540 4705 2697 4776; x_wconf 87' lang='lat' dir='ltr'><strong>juxta</strong></span> <span class='ocrx_word' id='word_1_841' title='bbox 2748 4706 3005 4764; x_wconf 87' lang='lat' dir='ltr'><strong>virtutem</strong></span> <span class='ocrx_word' id='word_1_842' title='bbox 3050 4719 3200 4779; x_wconf 81' lang='lat' dir='ltr'><strong>gesta</strong></span> <span class='ocrx_word' id='word_1_843' title='bbox 3251 4720 3400 4775; x_wconf 88' lang='lat' dir='ltr'><strong>sunt,</strong></span> 
     </span>
    </p>
   </div>
   <div class='ocr_carea' id='block_1_106' title="bbox 1822 4801 3408 4871">
    <p class='ocr_par' dir='ltr' id='par_1_106' title="bbox 1822 4801 3408 4871">
     <span class='ocr_line' id='line_1_106' title="bbox 1822 4801 3408 4871; baseline 0.001 -14"><span class='ocrx_word' id='word_1_844' title='bbox 1822 4802 2303 4857; x_wconf 77' lang='lat' dir='ltr'><strong>tbeSaurizatorem</strong></span> <span class='ocrx_word' id='word_1_845' title='bbox 2334 4816 2487 4854; x_wconf 86' lang='lat' dir='ltr'><strong>suum</strong></span> <span class='ocrx_word' id='word_1_846' title='bbox 2517 4801 3043 4871; x_wconf 83' lang='lat' dir='ltr'><strong>appropinquantem</strong></span> <span class='ocrx_word' id='word_1_847' title='bbox 3072 4802 3173 4858; x_wconf 86' lang='lat' dir='ltr'><strong>sibi</strong></span> <span class='ocrx_word' id='word_1_848' title='bbox 3200 4803 3267 4858; x_wconf 90' lang='lat' dir='ltr'><strong>ad</strong></span> <span class='ocrx_word' id='word_1_849' title='bbox 3296 4817 3408 4859; x_wconf 73' lang='lat' dir='ltr'><strong>cm-</strong></span> 
     </span>
    </p>
   </div>
   <div class='ocr_carea' id='block_1_107' title="bbox 1818 4894 3405 4963">
    <p class='ocr_par' dir='ltr' id='par_1_107' title="bbox 1818 4894 3405 4963">
     <span class='ocr_line' id='line_1_107' title="bbox 1818 4894 3405 4963; baseline -0.001 -11"><span class='ocrx_word' id='word_1_850' title='bbox 1818 4898 1993 4953; x_wconf 89' lang='lat' dir='ltr'><strong>Iorttm</strong></span> <span class='ocrx_word' id='word_1_851' title='bbox 2029 4898 2277 4963; x_wconf 75' lang='lat' dir='ltr'><strong>regiones</strong></span> <span class='ocrx_word' id='word_1_852' title='bbox 2306 4896 2633 4951; x_wconf 82' lang='lat' dir='ltr'><strong>subvehunt.</strong></span> <span class='ocrx_word' id='word_1_853' title='bbox 2668 4894 2733 4949; x_wconf 84' lang='lat' dir='ltr'><strong>Et</strong></span> <span class='ocrx_word' id='word_1_854' title='bbox 2763 4896 2944 4951; x_wconf 71' lang='lat' dir='ltr'><strong>eduxit</strong></span> <span class='ocrx_word' id='word_1_855' title='bbox 2993 4897 3149 4951; x_wconf 87' lang='lat' dir='ltr'><strong>nubes</strong></span> <span class='ocrx_word' id='word_1_856' title='bbox 3198 4902 3261 4952; x_wconf 89' lang='lat' dir='ltr'><strong>ab</strong></span> <span class='ocrx_word' id='word_1_857' title='bbox 3311 4915 3405 4951; x_wconf 78' lang='lat' dir='ltr'><strong>ea:-</strong></span> 
     </span>
    </p>
   </div>
   <div class='ocr_carea' id='block_1_108' title="bbox 1820 4985 3405 5061">
    <p class='ocr_par' dir='ltr' id='par_1_108' title="bbox 1820 4985 3405 5061">
     <span class='ocr_line' id='line_1_108' title="bbox 1820 4985 3405 5061; baseline 0.001 -16"><span class='ocrx_word' id='word_1_858' title='bbox 1820 5002 1984 5045; x_wconf 86' lang='lat' dir='ltr'><strong>tremo</strong></span> <span class='ocrx_word' id='word_1_859' title='bbox 2010 5002 2161 5044; x_wconf 73' lang='lat' dir='ltr'><strong>terra:</strong></span> <span class='ocrx_word' id='word_1_860' title='bbox 2192 4987 2364 5060; x_wconf 83' lang='lat' dir='ltr'><strong>(Psat.</strong></span> <span class='ocrx_word' id='word_1_861' title='bbox 2396 5002 2606 5058; x_wconf 80' lang='lat' dir='ltr'><strong>cxxxv,</strong></span> <span class='ocrx_word' id='word_1_862' title='bbox 2637 4987 2716 5059; x_wconf 88' lang='lat'><strong>7).</strong></span> <span class='ocrx_word' id='word_1_863' title='bbox 2759 4985 3072 5044; x_wconf 88' lang='lat' dir='ltr'><strong>Istiusmodi</strong></span> <span class='ocrx_word' id='word_1_864' title='bbox 3114 4988 3405 5061; x_wconf 86' lang='lat' dir='ltr'><strong>disputatio</strong></span> 
     </span>
    </p>
   </div>
   <div class='ocr_carea' id='block_1_109' title="bbox 1818 5080 3404 5154">
    <p class='ocr_par' dir='ltr' id='par_1_109' title="bbox 1818 5080 3404 5154">
     <span class='ocr_line' id='line_1_109' title="bbox 1818 5080 3404 5154; baseline -0.001 -14"><span class='ocrx_word' id='word_1_865' title='bbox 1818 5087 1872 5141; x_wconf 92' lang='lat' dir='ltr'><strong>in</strong></span> <span class='ocrx_word' id='word_1_866' title='bbox 1921 5086 2131 5154; x_wconf 89' lang='lat' dir='ltr'><strong>psalmo</strong></span> <span class='ocrx_word' id='word_1_867' title='bbox 2176 5098 2349 5151; x_wconf 85' lang='lat' dir='ltr'><strong>nuper</strong></span> <span class='ocrx_word' id='word_1_868' title='bbox 2397 5081 2611 5147; x_wconf 85' lang='lat' dir='ltr'><strong>incidit,</strong></span> <span class='ocrx_word' id='word_1_869' title='bbox 2664 5095 2719 5137; x_wconf 87' lang='lat' dir='ltr'><strong>et</strong></span> <span class='ocrx_word' id='word_1_870' title='bbox 2766 5080 2970 5138; x_wconf 91' lang='lat' dir='ltr'><strong>dictum</strong></span> <span class='ocrx_word' id='word_1_871' title='bbox 3019 5092 3105 5138; x_wconf 92' lang='lat' dir='ltr'><strong>cst</strong></span> <span class='ocrx_word' id='word_1_872' title='bbox 3146 5098 3178 5137; x_wconf 91' lang='lat' dir='ltr'><strong>a</strong></span> <span class='ocrx_word' id='word_1_873' title='bbox 3219 5084 3404 5151; x_wconf 87' lang='lat' dir='ltr'><strong>nobis,</strong></span> 
     </span>
    </p>
   </div>
   <div class='ocr_carea' id='block_1_110' title="bbox 1816 5175 3403 5250">
    <p class='ocr_par' dir='ltr' id='par_1_110' title="bbox 1816 5175 3403 5250">
     <span class='ocr_line' id='line_1_110' title="bbox 1816 5175 3403 5250; baseline -0.003 -17"><span class='ocrx_word' id='word_1_874' title='bbox 1816 5178 2091 5250; x_wconf 86' lang='lat' dir='ltr'><strong>quomodo</strong></span> <span class='ocrx_word' id='word_1_875' title='bbox 2121 5179 2262 5234; x_wconf 87' lang='lat' dir='ltr'><strong>Deus</strong></span> <span class='ocrx_word' id='word_1_876' title='bbox 2290 5176 2540 5234; x_wconf 85' lang='lat' dir='ltr'><strong>eduxerit</strong></span> <span class='ocrx_word' id='word_1_877' title='bbox 2570 5175 2744 5232; x_wconf 88' lang='lat' dir='ltr'><strong>nubes</strong></span> <span class='ocrx_word' id='word_1_878' title='bbox 2786 5176 2855 5230; x_wconf 88' lang='lat' dir='ltr'><strong>ab</strong></span> <span class='ocrx_word' id='word_1_879' title='bbox 2901 5186 3150 5231; x_wconf 81' lang='lat' dir='ltr'><strong>extremo</strong></span> <span class='ocrx_word' id='word_1_880' title='bbox 3202 5186 3362 5232; x_wconf 80' lang='lat' dir='ltr'><strong>terra:</strong></span> <span class='ocrx_word' id='word_1_881' title='bbox 3391 5196 3403 5229; x_wconf 91' lang='lat'><strong>:</strong></span> 
     </span>
    </p>
   </div>
   <div class='ocr_carea' id='block_1_111' title="bbox 1816 5272 3403 5343">
    <p class='ocr_par' dir='ltr' id='par_1_111' title="bbox 1816 5272 3403 5343">
     <span class='ocr_line' id='line_1_111' title="bbox 1816 5272 3403 5343; baseline -0.003 -16"><span class='ocrx_word' id='word_1_882' title='bbox 1816 5272 1959 5343; x_wconf 85' lang='lat' dir='ltr'><strong>quod</strong></span> <span class='ocrx_word' id='word_1_883' title='bbox 1989 5272 2207 5342; x_wconf 88' lang='lat' dir='ltr'><strong>quidem</strong></span> <span class='ocrx_word' id='word_1_884' title='bbox 2241 5285 2385 5327; x_wconf 92' lang='lat' dir='ltr'><strong>nunc</strong></span> <span class='ocrx_word' id='word_1_885' title='bbox 2426 5272 2673 5343; x_wconf 83' lang='lat' dir='ltr'><strong>cogimur</strong></span> <span class='ocrx_word' id='word_1_886' title='bbox 2702 5284 2914 5325; x_wconf 89' lang='lat' dir='ltr'><strong>rursum</strong></span> <span class='ocrx_word' id='word_1_887' title='bbox 2960 5278 3235 5326; x_wconf 87' lang='lat' dir='ltr'><strong>tractare:</strong></span> <span class='ocrx_word' id='word_1_888' title='bbox 3262 5281 3317 5323; x_wconf 92' lang='lat' dir='ltr'><strong>ut</strong></span> <span class='ocrx_word' id='word_1_889' title='bbox 3347 5277 3403 5325; x_wconf 89' lang='lat' dir='ltr'><strong>ct</strong></span> 
     </span>
    </p>
   </div>
   <div class='ocr_carea' id='block_1_112' title="bbox 1817 5364 3399 5436">
    <p class='ocr_par' dir='ltr' id='par_1_112' title="bbox 1817 5364 3399 5436">
     <span class='ocr_line' id='line_1_112' title="bbox 1817 5364 3399 5436; baseline -0.004 -15"><span class='ocrx_word' id='word_1_890' title='bbox 1817 5365 1873 5421; x_wconf 87' lang='lat' dir='ltr'><strong>bi</strong></span> <span class='ocrx_word' id='word_1_891' title='bbox 1924 5370 2012 5436; x_wconf 87' lang='lat' dir='ltr'><strong>qui</strong></span> <span class='ocrx_word' id='word_1_892' title='bbox 2063 5366 2375 5430; x_wconf 86' lang='lat' dir='ltr'><strong>audierunt,</strong></span> <span class='ocrx_word' id='word_1_893' title='bbox 2426 5364 2743 5432; x_wconf 83' lang='lat' dir='ltr'><strong>plenissime</strong></span> <span class='ocrx_word' id='word_1_894' title='bbox 2793 5378 2982 5418; x_wconf 85' lang='lat' dir='ltr'><strong>eorum</strong></span> <span class='ocrx_word' id='word_1_895' title='bbox 3031 5379 3153 5431; x_wconf 75' lang='lat' dir='ltr'><strong>quae</strong></span> <span class='ocrx_word' id='word_1_896' title='bbox 3202 5364 3399 5426; x_wconf 88' lang='lat' dir='ltr'><strong>sciunt,</strong></span> 
     </span>
    </p>
   </div>
   <div class='ocr_carea' id='block_1_113' title="bbox 1816 5456 3400 5527">
    <p class='ocr_par' dir='ltr' id='par_1_113' title="bbox 1816 5456 3400 5527">
     <span class='ocr_line' id='line_1_113' title="bbox 1816 5456 3400 5527; baseline -0.003 -13"><span class='ocrx_word' id='word_1_897' title='bbox 1816 5458 2236 5514; x_wconf 89' lang='lat' dir='ltr'><strong>reminiscantur</strong></span> <span class='ocrx_word' id='word_1_898' title='bbox 2277 5477 2291 5513; x_wconf 90' lang='lat'><strong>:</strong></span> <span class='ocrx_word' id='word_1_899' title='bbox 2336 5468 2389 5513; x_wconf 89' lang='lat' dir='ltr'><strong>et</strong></span> <span class='ocrx_word' id='word_1_900' title='bbox 2420 5457 2471 5511; x_wconf 91' lang='lat' dir='ltr'><strong>hi</strong></span> <span class='ocrx_word' id='word_1_901' title='bbox 2497 5459 2585 5527; x_wconf 89' lang='lat' dir='ltr'><strong>qui</strong></span> <span class='ocrx_word' id='word_1_902' title='bbox 2618 5465 2712 5511; x_wconf 88' lang='lat' dir='ltr'><strong>aut</strong></span> <span class='ocrx_word' id='word_1_903' title='bbox 2745 5472 2851 5512; x_wconf 87' lang='lat' dir='ltr'><strong>non</strong></span> <span class='ocrx_word' id='word_1_904' title='bbox 2886 5456 3270 5521; x_wconf 82' lang='lat' dir='ltr'><strong>interfuerunt,</strong></span> <span class='ocrx_word' id='word_1_905' title='bbox 3305 5464 3400 5509; x_wconf 90' lang='lat' dir='ltr'><strong>aut</strong></span> 
     </span>
    </p>
   </div>
   <div class='ocr_carea' id='block_1_114' title="bbox 1812 5550 3396 5621">
    <p class='ocr_par' dir='ltr' id='par_1_114' title="bbox 1812 5550 3396 5621">
     <span class='ocr_line' id='line_1_114' title="bbox 1812 5550 3396 5621; baseline -0.001 -17"><span class='ocrx_word' id='word_1_906' title='bbox 1812 5550 1968 5605; x_wconf 88' lang='lat' dir='ltr'><strong>obliti</strong></span> <span class='ocrx_word' id='word_1_907' title='bbox 2017 5560 2163 5615; x_wconf 88' lang='lat' dir='ltr'><strong>sunt,</strong></span> <span class='ocrx_word' id='word_1_908' title='bbox 2212 5560 2524 5605; x_wconf 88' lang='lat' dir='ltr'><strong>contextum</strong></span> <span class='ocrx_word' id='word_1_909' title='bbox 2557 5550 2835 5605; x_wconf 86' lang='lat' dir='ltr'><strong>sermonis</strong></span> <span class='ocrx_word' id='word_1_910' title='bbox 2866 5558 3204 5621; x_wconf 86' lang='lat' dir='ltr'><strong>agnoscant:</strong></span> <span class='ocrx_word' id='word_1_911' title='bbox 3233 5563 3396 5617; x_wconf 75' lang='lat' dir='ltr'><strong>quem</strong></span> 
     </span>
    </p>
   </div>
   <div class='ocr_carea' id='block_1_115' title="bbox 1817 5640 3401 5712">
    <p class='ocr_par' dir='ltr' id='par_1_115' title="bbox 1817 5640 3401 5712">
     <span class='ocr_line' id='line_1_115' title="bbox 1817 5640 3401 5712; baseline -0.002 -14"><span class='ocrx_word' id='word_1_912' title='bbox 1817 5652 1969 5707; x_wconf 90' lang='lat' dir='ltr'><strong>tunc,</strong></span> <span class='ocrx_word' id='word_1_913' title='bbox 2001 5651 2159 5712; x_wconf 88' lang='lat' dir='ltr'><strong>prout</strong></span> <span class='ocrx_word' id='word_1_914' title='bbox 2196 5642 2498 5707; x_wconf 88' lang='lat' dir='ltr'><strong>valuimus,</strong></span> <span class='ocrx_word' id='word_1_915' title='bbox 2530 5640 2897 5696; x_wconf 86' lang='lat' dir='ltr'><strong>exhibuimus.</strong></span> <span class='ocrx_word' id='word_1_916' title='bbox 2941 5640 3181 5695; x_wconf 87' lang='lat' dir='ltr'><strong>Diximus</strong></span> <span class='ocrx_word' id='word_1_917' title='bbox 3221 5649 3401 5695; x_wconf 86' lang='lat' dir='ltr'><strong>autem</strong></span> 
     </span>
    </p>
   </div>
   <div class='ocr_carea' id='block_1_116' title="bbox 1818 5732 3401 5805">
    <p class='ocr_par' dir='ltr' id='par_1_116' title="bbox 1818 5732 3401 5805">
     <span class='ocr_line' id='line_1_116' title="bbox 1818 5732 3401 5805; baseline -0.003 -13"><span class='ocrx_word' id='word_1_918' title='bbox 1818 5746 2035 5792; x_wconf 88' lang='lat' dir='ltr'><strong>sanctos</strong></span> <span class='ocrx_word' id='word_1_919' title='bbox 2064 5752 2186 5792; x_wconf 85' lang='lat' dir='ltr'><strong>esse</strong></span> <span class='ocrx_word' id='word_1_920' title='bbox 2214 5736 2406 5791; x_wconf 89' lang='lat' dir='ltr'><strong>nubes.</strong></span> <span class='ocrx_word' id='word_1_921' title='bbox 2434 5734 2649 5789; x_wconf 83' lang='lat' dir='ltr'><strong>Etenim</strong></span> <span class='ocrx_word' id='word_1_922' title='bbox 2682 5736 2782 5789; x_wconf 82' lang='lat' dir='ltr'><strong>hoc</strong></span> <span class='ocrx_word' id='word_1_923' title='bbox 2811 5734 2952 5805; x_wconf 81' lang='lat' dir='ltr'><strong>quod</strong></span> <span class='ocrx_word' id='word_1_924' title='bbox 2991 5732 3253 5804; x_wconf 87' lang='lat' dir='ltr'><strong>scriptum</strong></span> <span class='ocrx_word' id='word_1_925' title='bbox 3285 5743 3401 5789; x_wconf 87' lang='lat' dir='ltr'><strong>est:</strong></span> 
     </span>
    </p>
   </div>
   <div class='ocr_carea' id='block_1_117' title="bbox 1826 5822 3407 5897">
    <p class='ocr_par' dir='ltr' id='par_1_117' title="bbox 1826 5822 3407 5897">
     <span class='ocr_line' id='line_1_117' title="bbox 1826 5822 3407 5897; baseline -0.003 -9"><span class='ocrx_word' id='word_1_926' title='bbox 1826 5829 2025 5888; x_wconf 75' lang='lat' dir='ltr'><strong>Veritas</strong></span> <span class='ocrx_word' id='word_1_927' title='bbox 2059 5840 2147 5883; x_wconf 85' lang='lat' dir='ltr'><strong>tua</strong></span> <span class='ocrx_word' id='word_1_928' title='bbox 2179 5844 2336 5897; x_wconf 80' lang='lat' dir='ltr'><strong>usque</strong></span> <span class='ocrx_word' id='word_1_929' title='bbox 2361 5826 2428 5882; x_wconf 83' lang='lat' dir='ltr'><strong>ad</strong></span> <span class='ocrx_word' id='word_1_930' title='bbox 2459 5827 2613 5882; x_wconf 81' lang='lat' dir='ltr'><strong>nubes</strong></span> <span class='ocrx_word' id='word_1_931' title='bbox 2636 5822 2806 5897; x_wconf 84' lang='lat' dir='ltr'><strong>(Psal.</strong></span> <span class='ocrx_word' id='word_1_932' title='bbox 2839 5840 3022 5893; x_wconf 59' lang='grc' dir='ltr'>χχχιιι,</span> <span class='ocrx_word' id='word_1_933' title='bbox 3052 5825 3134 5897; x_wconf 82' lang='grc'><strong>6),</strong></span> <span class='ocrx_word' id='word_1_934' title='bbox 3176 5842 3283 5885; x_wconf 88' lang='lat' dir='ltr'><strong>non</strong></span> <span class='ocrx_word' id='word_1_935' title='bbox 3306 5841 3407 5897; x_wconf 84' lang='lat' dir='ltr'><strong>po-</strong></span> 
     </span>
    </p>
   </div>
  </div>
