4080 6296
549 322 655 381 119

1572 317 1631 376 S.
1672 317 2053 377 HIERONYMI
2088 314 2376 375 OPERUM
2413 315 2772 379 MANTISSA.
3709 321 3805 383 190

552 445 663 492 test
712 433 903 492 referri
949 433 1018 491 ad
1066 434 1391 491 inanimales
1435 433 1629 501 nubes,
1672 434 1767 491 sed
1809 435 2007 490 veritas
2046 434 2141 490 Dei
2170 437 2353 501 Acet,
2401 435 2676 491 sonituum
2725 434 3000 493 indicante
3041 449 3359 504 concursus,
3410 447 3465 494 et
3495 437 3694 511 fulgura
3715 457 3800 497 ex-

553 545 728 602 usque
775 530 842 586 ad
887 530 1010 586 illas
1057 532 1229 586 nubes
1260 540 1365 598 est,
1416 546 1539 602 qua:
1568 529 1798 585 audiunt
1824 529 2141 585 mandatum

552 623 793 690 Domini,
844 633 901 679 et
949 632 1216 678 noverunt
1266 637 1374 693 quo
1419 623 1631 693 pluvias
1690 623 1961 690 deferant,
2007 630 2065 677 et
2111 637 2142 678 a

552 718 751 788 quibus
777 731 869 771 eas
900 716 1259 787 suspendant.
1298 716 1375 772 De
1406 715 1490 773 his
1517 716 1754 772 nubibus
1782 716 1985 772 dictum
2016 728 2140 774 est:

551 811 625 865 Et
663 809 916 864 mandabo
955 809 1174 864 nubibus
1200 810 1348 877 meis,
1384 826 1447 864 ne
1478 809 1661 880 pluant
1692 826 1850 881 super
1875 826 2010 879 eam,
2042 812 2145 864 int-

553 905 693 958 brem
734 900 868 974 (Isa.
900 918 954 969 v,
990 901 1069 973 6).
1116 902 1192 957 De
1224 902 1307 957 his
1334 902 1481 957 enim
1509 917 1630 973 quae
1656 917 1722 959 ex
1762 902 1990 958 densato
2018 918 2145 959 aere

552 1005 803 1052 constare
832 997 1127 1051 dicuntur:
1172 995 1218 1049 si
1248 1010 1353 1051 non
1382 996 1546 1050 fuerit
1574 996 1781 1067 pluvia,
1813 1012 1921 1051 non
1948 999 2143 1067 praeci-

550 1094 630 1163 pit
680 1092 940 1147 Dominus
986 1106 1053 1146 ne
1100 1090 1290 1161 pluunt
1337 1105 1501 1160 super
1548 1090 1783 1156 vineam,
1837 1099 1930 1144 aut
1976 1107 2145 1163 super

550 1201 946 1260 quamcumque
994 1185 1584 1257 regionem,imbrem;
1627 1183 1724 1239 sed
1761 1183 1986 1240 omnino
2033 1200 2143 1240 non

548 1289 832 1354 apparent,
869 1290 927 1336 ut
950 1280 1004 1335 in
1039 1280 1201 1336 tertio
1231 1280 1437 1351 Regum
1470 1279 1608 1333 libro
1636 1277 1865 1347 legimus
1892 1277 1984 1351 (lll
2004 1279 2139 1350 Reg.

548 1392 697 1440 xvm,
731 1373 851 1445 44),
878 1371 1097 1444 quando
1131 1376 1186 1427 in
1216 1381 1461 1453 tempore
1490 1370 1753 1426 siccitatis
1792 1370 1965 1427 nubes
1994 1372 2142 1427 nulla

450 1516 473 1522 μ
547 1468 825 1539 apparuit,
879 1473 935 1521 et
963 1474 1149 1535 postea
1177 1464 1331 1535 juxta
1372 1462 1715 1534 prophetiam
1768 1462 1899 1518 Elite
1944 1462 2144 1519 futura:

546 1559 747 1630 pluviae
794 1557 1008 1627 signum
1053 1557 1106 1610 in
1138 1556 1371 1625 vestigio
1422 1553 1661 1609 hominis
1709 1562 1985 1609 ostensum
2025 1561 2138 1622 est,

548 1663 712 1725 atque
743 1651 817 1707 ita
846 1660 967 1721 post
993 1651 1191 1705 nubem
1223 1648 1626 1719 conglobatam,
1656 1646 1832 1701 imber
1852 1646 2146 1725 descendit

548 1724 633 1801 ad,
660 1756 852 1800 terras.
895 1743 1019 1799 Istis
1057 1759 1189 1798 vero
1227 1741 1383 1812 quasi
1423 1724 1858 1795 subsistentibus.
1904 1739 2140 1806 nebulis,

2246 529 2391 584 cussi
2437 530 2659 585 luminis
2711 529 2979 586 claritate.
3020 529 3078 585 Si
3128 530 3443 586 intellexisti
3497 533 3798 601 exemplum,

2247 621 2535 677 considera
2558 637 2702 678 nunc
2726 622 2899 678 nubes
2920 622 3232 678 rationales.
3255 623 3465 695 Moyses
3488 623 3649 679 nubes
3672 636 3799 683 erat:

2247 712 2408 769 Jesus
2436 713 2585 770 Nave
2614 716 2783 770 nubes
2810 724 2945 770 erat.
2976 715 3068 771 lsti
3095 715 3142 769 si
3167 730 3353 771 secum
3382 716 3716 786 collocantur,
3740 730 3801 775 ex

2249 806 2592 861 sermonibus
2622 821 2810 862 eorum
2844 806 3050 876 fulgura
3091 808 3316 863 micant.
3358 806 3617 865 Jeremias
3643 821 3693 865 et
3717 811 3803 866 Ba-

2249 899 2383 954 ruch
2408 902 2577 957 nubes
2598 912 2791 957 erant:
2817 902 3256 959 sermocinemur
3280 904 3527 967 invicem,
3549 916 3602 960 et
3620 905 3806 963 videbis

2249 992 2472 1048 rutilare
2500 992 2735 1064 fulgura.
2768 995 2931 1051 Potes
2962 1006 3017 1050 et
3048 1005 3103 1050 tu
3130 996 3248 1066 ipse
3284 996 3353 1053 de
3377 997 3668 1068 Seriptnris
3693 1012 3808 1054 san-

2249 1087 2350 1142 etis
2380 1087 2433 1141 in
2467 1089 2611 1143 hunc
2640 1089 2863 1145 modum
2896 1090 3117 1146 nubium
3146 1091 3391 1147 invenire
3419 1106 3725 1158 concursus,
3748 1110 3807 1149 es

2249 1180 2447 1251 quibus
2500 1182 2652 1253 ignes
2702 1184 3037 1239 emittantur.
3090 1184 3158 1241 Ut
3186 1195 3369 1240 autem
3406 1185 3475 1241 ad
3505 1202 3693 1242 novum
3719 1187 3810 1244 Te-

2249 1281 2577 1331 stamentum
2626 1277 2947 1333 veniamus:
2979 1278 3179 1335 Paulus
3226 1287 3282 1334 et
3310 1279 3564 1335 Silvanus
3587 1280 3698 1336 dum
3725 1297 3813 1336 nu-

2248 1367 2347 1424 bes
2391 1369 2443 1424 in
2474 1386 2638 1425 unum
2671 1383 3066 1437 convenerunt,
3104 1384 3159 1428 et
3200 1388 3328 1429 ecce
3360 1384 3535 1429 totum
3574 1375 3810 1431 mundum

2247 1461 2506 1532 Epistolzn
2554 1479 2743 1520 eorum
2786 1465 2963 1536 fulgor
3002 1466 3293 1524 illuminat.
3334 1466 3595 1540 Fulgura,
3634 1480 3678 1523 et
3710 1468 3816 1540 plu-

2248 1558 2382 1610 viam
2412 1558 2553 1627 [θείῃ
2583 1567 2632 1612 et
2661 1560 2837 1613 eduxit
2864 1568 3039 1615 uentos
3084 1562 3147 1615 a'e
3185 1562 3438 1617 thesauris
3488 1564 3593 1617 suis
3636 1562 3813 1633 (Psal.

2251 1667 2445 1719 cxxxv,
2483 1653 2561 1720 7).
2595 1653 2810 1723 Ergone
2855 1652 2912 1708 hi
2940 1656 3111 1721 venti,
3144 1656 3233 1727 qui
3281 1670 3448 1727 super
3489 1667 3678 1711 terram
3711 1671 3817 1726 per-

2249 1745 2401 1813 flant,
2436 1748 2489 1802 in
2528 1746 2800 1803 thesauris
2832 1748 2927 1804 Dei
2959 1758 3109 1817 sunt,
3159 1761 3211 1805 et
3261 1766 3369 1806 non
3419 1751 3610 1808 horum
3641 1761 3816 1806 natura

545 1840 771 1911 jubetur
797 1838 1033 1913 pluviam
1057 1837 1363 1903 continere,
1386 1850 1508 1890 cum
1532 1834 1748 1904 indigna
1776 1832 1943 1888 fuerit.
1963 1835 2142 1889 anima
2175 1835 2223 1897 B
2250 1840 2541 1894 manifesta
2569 1852 2673 1909 est,
2703 1841 2979 1912 quomodo
3013 1852 3069 1898 et
3093 1857 3198 1913 qua
3244 1844 3461 1899 ratione
3505 1844 3816 1900 subsistant?

545 1935 722 1991 imbre
749 1932 983 2001 caelesti,
1015 1939 1072 1986 et
1100 1929 1340 1985 dicitur:
1366 1928 1630 1983 Mandabo
1654 1926 1873 1983 nubibus
1899 1928 2046 1997 meis,
2082 1944 2145 1983 ne

548 2028 735 2100 pluunt
763 2043 918 2097 super
949 2042 1061 2081 eam
1088 2024 1320 2079 imbrem.
1373 2023 1560 2092 Itaque
1604 2022 1977 2092 unusquisque
2021 2035 2147 2076 san-

548 2130 762 2177 ctorum
805 2119 979 2174 nubes
1010 2126 1115 2174 est.
1147 2117 1362 2195 Moyses
1402 2117 1577 2170 nubes
1605 2108 1744 2181 erat,
1775 2124 1829 2168 et
1858 2113 2014 2183 quasi
2044 2130 2146 2167 nu-

550 2213 648 2268 bes
674 2211 1027 2281 loquebatur:
1055 2207 1339 2274 Attendite,
1362 2208 1639 2278 caelt',‘qttat
1658 2207 1864 2277 loquar,
1890 2218 1937 2263 et
1962 2207 2147 2261 audiat

551 2316 689 2360 terra
736 2320 993 2359 sermones
1043 2321 1107 2357 ea;
1144 2318 1231 2355 ore
1269 2317 1403 2354 meo.
1456 2300 1834 2371 lt'xspectentur
1871 2306 1925 2351 ut
1971 2299 2147 2369 pluvia

548 2398 699 2453 verba
746 2414 881 2464 mea,
930 2407 978 2451 et
1019 2395 1333 2450 descendant
1360 2402 1415 2447 ut
1448 2409 1530 2446 ros
1562 2390 1772 2461 eloquia
1796 2406 1910 2444 mea
1938 2389 2141 2461 (Deut.

549 2508 728 2559 xxxn,
762 2494 817 2556 i,
856 2490 935 2561 2).
967 2489 1023 2545 Si
1051 2503 1160 2544 non
1193 2487 1382 2542 fuisset
1412 2486 1603 2551 nubes,
1630 2500 1921 2554 numquam
1965 2484 2143 2538 dixis-

551 2592 635 2639 set
662 2599 676 2635 :
710 2580 1089 2650 Exspectantur
1120 2587 1174 2633 ut
1200 2578 1376 2651 pluvia
1405 2576 1555 2630 verba
1584 2592 1716 2643 mea,
1757 2585 1804 2631 et
1830 2575 2146 2630 descendant

554 2684 611 2728 ut
658 2690 742 2729 ras
773 2674 979 2741 eloquia
1010 2688 1142 2727 mea.
1175 2660 1341 2739 Quasi
1372 2669 1545 2725 nubes
1574 2669 1786 2724 dicebat
1819 2685 1831 2722 :
1886 2676 1941 2721 ut
1984 2667 2146 2721 imber

550 2784 705 2841 super
742 2782 986 2841 gramen,
1032 2777 1078 2821 et
1122 2766 1309 2837 pruina
1354 2780 1512 2835 super
1554 2763 1759 2832 fenum,
1801 2762 1926 2833 quia
1960 2776 2146 2815 nomen

550 2860 769 2916 Domini
814 2859 1046 2915 invocavi
1077 2859 1095 2928 (
1121 2856 1290 2923 Ibid.,
1324 2857 1420 2928 '5).
1461 2854 1725 2911 Similiter
1765 2863 1821 2909 et
1863 2852 2052 2919 Isaias,
2087 2860 2148 2908 ut

554 2955 730 3011 nubes
762 2952 1083 3025 loquebatur
1108 2966 1123 3006 :
1148 2950 1317 3017 Audi,
1357 2949 1563 3018 ctutum,
1606 2957 1653 3002 et
1676 2947 1886 3003 auribus
1915 2947 2139 3017 percipe,

552 3058 711 3115 terra,
744 3046 868 3119 quia
896 3046 1152 3100 Dominus
1190 3042 1397 3098 locutus
1438 3051 1510 3097 est
1556 3039 1695 3113 (Isa.
1727 3057 1767 3108 I,
1798 3039 1880 3111 2).
1912 3040 1981 3096 Et
2016 3042 2141 3111 quia

554 3143 726 3199 nubes
756 3140 875 3212 ipse
902 3149 1042 3209 erat,
1084 3148 1138 3194 et
1170 3137 1375 3193 sciebat
1404 3136 1537 3191 alias
1567 3134 1737 3191 nubes
1778 3132 2143 3205 comprophe-

2249 1933 2357 1989 Sed
2387 1943 2513 1988 sunt
2560 1934 2777 2004 quidam
2824 1944 3113 1990 ventorum
3166 1934 3431 2005 thesauri,
3464 1936 3696 1992 thesauri
3721 1937 3817 2007 spi-

2251 2027 2481 2095 rituum,
2538 2026 2765 2099 spiritus
2810 2028 3105 2098 sapientiai»
3141 2038 3196 2083 et
3244 2030 3571 2095 intellectus,
3618 2030 3818 2099 spiritus

2251 2120 2466 2175 consilii
2498 2130 2548 2175 et
2579 2119 2823 2187 virtutis,
2856 2121 3081 2192 spiritus
3121 2122 3477 2190 fortitudinis,
3516 2123 3749 2179 scientia:
3771 2133 3818 2179 et

2251 2213 2494 2283 pietatis,
2526 2213 2750 2285 spiritus
2786 2215 2999 2269 timoris
3031 2215 3271 2284 Domini,
3324 2216 3676 2283 fortitudinis,
3701 2216 3820 2272 dile-

2251 2306 2450 2361 ctionis
2480 2315 2535 2361 et
2564 2306 2864 2362 eharitatis.
2896 2307 3059 2362 Potes
3090 2316 3145 2363 et
3175 2308 3291 2377 ipse
3327 2310 3399 2365 de
3422 2310 3710 2381 Seriptnris
3737 2308 3822 2363 bas

2252 2407 2444 2454 ventos
2494 2415 2851 2471 congregare,
2903 2408 2958 2454 et
3005 2402 3225 2455 istorum
3278 2402 3565 2473 spirituum
3601 2401 3825 2457 invenire

2252 2492 2561 2546 thesauros.
2597 2491 2695 2546 Ubi
2744 2501 2870 2547 sunt
2910 2493 2997 2547 isti
3030 2492 3308 2549 thesauri?
3339 2494 3541 2566 Utique
3582 2496 3639 2548 in
3684 2510 3737 2548 eo
3778 2494 3825 2547 in

2250 2601 2348 2656 quo
2384 2592 2503 2638 sunt
2543 2600 2719 2639 omnes
2752 2586 2983 2640 thesauri
3014 2587 3351 2658 sapientiw'et
3377 2589 3612 2644 scientia:
3632 2588 3824 2643 abscon-

2252 2678 2350 2731 diti
2399 2677 2535 2749 (Col.
2588 2694 2647 2744 ιι,
2696 2679 2775 2752 5).
2817 2678 2877 2734 In
2904 2679 3130 2735 Christo
3175 2681 3362 2737 sedem
3420 2682 3623 2739 habent
3658 2696 3673 2737 :
3713 2681 3823 2735 inde

2250 2771 2499 2825 oriuntur
2527 2770 2582 2825 hi
2610 2772 2854 2842 spiritus,
2882 2783 2942 2827 ut
2960 2773 3098 2828 alius
3121 2773 3338 2844 sapiens
3359 2775 3454 2841 sit,
3486 2775 3622 2830 alius
3642 2773 3819 2837 fidelis,

2250 2863 2386 2919 alius
2426 2862 2668 2919 eruditus
2693 2906 2707 2929 ,
2753 2875 2809 2920 et
2851 2864 2993 2920 alius
3029 2866 3414 2937 quodcumque
3443 2869 3699 2923 donorum
3737 2863 3820 2919 Dei

2250 2954 2546 3026 possideat.
2581 2954 2687 3009 Alii
2709 2958 2847 3011 enim
2876 2972 2965 3028 per
2993 2959 3230 3029 spiritum
3261 2958 3424 3014 datur
3443 2976 3609 3016 sermo
3635 2958 3820 3028 sapien-

2251 3046 2338 3100 tia:
2365 3060 2383 3099 :
2414 3044 2509 3099 alii
2532 3062 2699 3100 sermo
2727 3046 2956 3101 scientia:
2972 3048 3133 3119 juxta
3163 3050 3403 3104 eumdem
3423 3051 3660 3124 spiritum
3685 3065 3701 3102 :
3738 3045 3822 3100 alii

2250 3137 2381 3208 ﬁdes
2405 3139 2461 3191 in
2493 3138 2670 3192 eodem
2710 3139 2894 3210 spiritu
2937 3137 3000 3208 (Ι
3029 3139 3150 3194 Cor.
3185 3156 3258 3196 xtt
3284 3183 3300 3209 ,
3339 3144 3439 3213 8).
3470 3142 3665 3198 Eduxit
3704 3154 3820 3209 ergo

552 3244 728 3292 tantes
773 3233 908 3301 sibi,
958 3231 1080 3290 ideo
1108 3232 1407 3287 vaticinans
1436 3230 1615 3285 aiebat
1651 3248 1663 3284 :
1700 3228 1966 3283 Mandabo
1994 3227 2142 3282 nubi-
2173 3234 2219 3299 C
2251 3233 2421 3289 nubes
2450 3234 2518 3290 ab
2546 3241 2792 3289 extremo
2821 3243 2980 3290 terra;
3004 3278 3019 3303 ,
3061 3235 3273 3307 fulgura
3304 3238 3354 3292 in
3395 3238 3633 3309 p|uviam
3664 3235 3779 3292 fecit
3804 3251 3815 3286 :

552 3334 667 3402 bus,
698 3347 760 3385 ne
786 3331 969 3401 pluant
1012 3343 1166 3399 super
1206 3342 1320 3380 eam
1354 3325 1566 3379 imbrem
1596 3322 1732 3394 (Isa.
1763 3340 1820 3393 v,
1852 3324 1932 3393 6).
1962 3323 2019 3378 Si
2048 3338 2144 3378 au-

551 3439 660 3483 tem
683 3426 793 3496 jam
821 3423 1051 3479 dicimus
1079 3423 1169 3493 qui
1200 3421 1310 3477 sint
1338 3420 1510 3476 nubes
1528 3436 1544 3479 :
1564 3419 1844 3474 videamus
1866 3418 2142 3489 quomodo

550 3521 695 3575 Deus
733 3518 925 3573 educat
952 3516 1124 3571 nubes
1153 3515 1221 3571 ab
1249 3522 1494 3570 extremo
1526 3523 1705 3567 terra).
1738 3513 1830 3568 Ait
1858 3511 2142 3567 Salvator:

554 3614 657 3679 Qui
697 3612 805 3665 vult
846 3612 900 3664 in
924 3611 1064 3665 vobis
1100 3625 1208 3664 esse
1235 3611 1454 3680 primus,
1482 3608 1547 3662 sit
1575 3607 1807 3661 omnium
1836 3607 2142 3663 novissimus

553 3706 748 3779 (Marc.
791 3720 866 3771 ix,
899 3702 1017 3775 25).
1050 3702 1308 3759 Servavit
1337 3703 1440 3756 hoc
1479 3701 1793 3756 mandatum
1827 3700 2048 3769 Paulus,
2089 3713 2143 3758 et

550 3802 653 3858 fuit
678 3800 1005 3857 novissimus
1032 3798 1086 3853 in
1125 3798 1227 3853 hoc
1272 3795 1498 3865 mundo,
1539 3794 1777 3861 dicens;
1819 3793 1959 3850 Puto
1983 3798 2142 3863 enim,

553 3914 647 3952 nos
688 3895 827 3950 Deus
853 3893 1114 3960 apostolos
1140 3890 1443 3945 nouissimos
1472 3888 1715 3958 ostendit,
1750 3889 1899 3957 quasi
1926 3889 2145 3959 mortiﬁ-

554 4001 718 4057 ratos,
747 3989 867 4060 quia
891 3984 1240 4060 spectaculum
1266 3985 1393 4057 facti
1419 3999 1597 4038 sumus
1626 3982 1840 4050 mundo,
1872 3992 1920 4037 et
1945 3983 2145 4055 angelis

555 4095 603 4137 et
634 4080 944 4137 hominibus.
977 4078 1036 4135 Si
1068 4078 1189 4148 quis
1215 4092 1345 4147 ergo
1387 4084 1606 4132 sanctus
1652 4074 1967 4129 custodiens
2006 4088 2145 4144 pra:-

556 4188 772 4246 ceptum
799 4169 1014 4228 Domini
1043 4170 1361 4233 Salvatoris,
1397 4167 1565 4222 factus
1605 4166 1767 4221 fuerit
1806 4166 1862 4220 in
1901 4165 2003 4220 hac
2035 4167 2141 4219 vita

555 4268 914 4331 novissimus,
964 4263 1070 4318 iste
1118 4262 1179 4315 lit
1223 4260 1414 4315 nubes.
1468 4258 1537 4312 Et
1584 4260 1764 4313 eduxit
1794 4257 1934 4313 Deus
1962 4258 2141 4326 nubes,

556 4378 663 4419 non
685 4378 715 4416 a
739 4359 936 4415 ﬁnibus
961 4366 1144 4423 terrm,
1170 4368 1276 4409 non
1303 4368 1332 4407 a
1357 4351 1689 4421 consulibus,
1707 4367 1813 4406 non
1836 4366 1865 4405 a
1892 4350 2139 4418 ducibus,

552 4471 662 4512 non
693 4468 724 4508 a
752 4452 1033 4516 divitibus,
1071 4445 1168 4503 sed
1206 4447 1270 4501 ab
1308 4448 1550 4501 extremis
1589 4454 1757 4499 teme.
1816 4441 1966 4498 Beati
1994 4445 2139 4499 enim

552 4563 805 4621 pauperes
831 4590 845 4615 ,
900 4542 1145 4616 quoniam
1206 4549 1426 4595 vestrum
1488 4548 1564 4593 est
1615 4551 1829 4609 regnum
1893 4537 2137 4592 caelorum

2252 3335 2306 3382 et
2330 3326 2515 3382 eduxit
2540 3336 2731 3383 ventos
2756 3328 2825 3383 de
2854 3327 3123 3384 thesauris
3154 3330 3268 3386 suis
3294 3372 3309 3396 ,
3339 3341 3397 3387 et
3429 3347 3526 3389 nos
3551 3333 3690 3403 iuxta
3732 3327 3821 3382 nii-

2251 3420 2605 3477 sericordiam
2653 3421 2749 3477 Dei
2781 3421 2849 3476 ad
2893 3423 2993 3477 hos
3020 3423 3307 3479 thesauros
3332 3438 3656 3481 occursuros
3684 3432 3819 3492 puta-

2251 3530 2391 3569 mus.
2440 3513 2511 3567 Et
2552 3514 2677 3583 quia
2709 3514 2891 3583 plures
2914 3526 3040 3571 sunt
3075 3517 3313 3572 thesauri
3344 3534 3357 3572 :
3390 3520 3533 3575 forte
3567 3519 3716 3589 juxta
3738 3530 3820 3569 or-

2250 3605 2431 3661 dinem
2461 3608 2857 3678 resurgentium
2887 3608 2991 3662 erit
3021 3616 3075 3664 et
3101 3610 3320 3680 requies
3344 3610 3399 3665 in
3431 3609 3693 3667 thesauris
3718 3606 3817 3661 Dei.

2250 3697 2403 3766 Quod
2436 3707 2615 3754 autem
2646 3699 2767 3755 dico
2794 3744 2808 3767 ,
2844 3701 3147 3757 istiusmodi
3177 3711 3260 3758 est
3287 3720 3298 3757 :
3331 3703 3663 3760 resurrectio
3690 3714 3820 3755 mor-

2251 3804 2463 3850 tuorum
2489 3795 2541 3849 in
2563 3795 2884 3866 quihusdam
2907 3796 3188 3853 ordinibus
3209 3798 3385 3854 futura
3408 3808 3513 3855 est.
3532 3796 3622 3853 Ait
3639 3797 3820 3865 quippe

2251 3888 2541 3957 Apostolus
2570 3904 2584 3940 :
2619 3887 2981 3959 Unusquisque
3002 3899 3174 3943 autem
3211 3903 3447 3961 resurget
3475 3893 3529 3945 in
3549 3905 3639 3945 suo
3659 3888 3823 3940 ordine

2250 3979 2293 4051 (l
2323 3978 2445 4036 Cor.
2485 3996 2558 4035 xv
2584 4026 2597 4049 ,
2633 3980 2708 4035 25
2733 3983 2751 4051 )
2779 4022 2794 4049 ,
2827 3989 2885 4036 et
2914 3996 3018 4037 non
3043 3993 3101 4036 ut
3129 3982 3262 4039 libet
3292 3985 3592 4041 miscentur
3619 3979 3821 4037 ordines

2251 4078 2675 4149 resurgentium.
2728 4079 2878 4134 Alius
2922 4080 3058 4133 ordo
3088 4078 3192 4135 erit
3222 4079 3273 4135 in
3307 4080 3402 4135 illo
3429 4091 3484 4137 et
3516 4082 3568 4135 in
3597 4078 3686 4133 illo
3715 4075 3819 4128 the-

2250 4187 2411 4227 sauro
2441 4173 2531 4225 Dei
2563 4190 2575 4225 :
2609 4172 2748 4226 alius
2774 4173 2908 4226 ordo
2939 4172 2989 4225 in
3019 4172 3128 4227 alio
3151 4182 3205 4227 et
3225 4173 3279 4227 in
3306 4174 3413 4229 alio
3437 4178 3689 4229 thesauro
3713 4165 3817 4221 Dei.

2248 4262 2340 4317 Isti
2370 4271 2549 4318 autem
2580 4277 2769 4318 omnes
2794 4262 3033 4317 thesauri
3065 4279 3232 4318 unum
3262 4264 3465 4321 habent
3498 4266 3815 4320 thesaurum.

2250 4353 2303 4407 in
2328 4368 2436 4423 quo
2454 4361 2581 4407 sunt
2597 4368 2785 4409 omnes
2810 4354 3047 4409 thesauri
3071 4357 3348 4425 sapientiae
3374 4366 3431 4413 et
3451 4355 3689 4414 scientia:
3710 4352 3821 4403 abs-

2248 4446 2469 4502 conditi.
2501 4446 2571 4501 Et
2594 4447 2867 4517 quomodo
2896 4446 3151 4516 possideo
3195 4464 3352 4503 unam
3384 4445 3817 4522 pretiosissimum

2249 4537 2593 4608 margaritam
2622 4554 2721 4607 per
2762 4538 2944 4608 plures
2991 4538 3125 4594 alias
3167 4544 3488 4611 margaritas
3521 4562 3535 4598 :
3568 4539 3645 4596 sic
3673 4532 3819 4591 venio

556 4642 773 4715 (Matth.
802 4655 859 4707 v,
889 4636 971 4709 2).
1006 4635 1201 4701 Vides,
1248 4632 1517 4704 quomodo
1567 4630 1635 4686 ab
1683 4629 1944 4686 extremis
1979 4641 2137 4685 terrae
2166 4635 2216 4696 Ι)
2242 4634 2309 4689 ad
2354 4635 2667 4689 thesaurum
2713 4634 3094 4690 thesaurorum
3120 4678 3136 4700 ,
3189 4646 3246 4691 et
3274 4636 3558 4694 Dominum
3587 4630 3819 4690 domino-

556 4740 754 4795 educat
784 4734 925 4788 Deus
954 4732 1127 4786 nubes
1152 4738 1207 4782 et
1232 4738 1527 4797 corporeas
1556 4723 1778 4779 nebulas
1795 4725 1819 4778 ἰ
1839 4722 2135 4794 Propterea

553 4835 598 4887 si
647 4830 895 4885 volumus
943 4822 1115 4878 nubes
1157 4817 1315 4887 fieri,
1363 4818 1430 4873 ad
1479 4832 1614 4888 quas
1649 4816 1897 4887 pervenit
1940 4816 2138 4870 veritas

552 4926 673 4992 Dei,
705 4915 986 4977 novissimi
1012 4912 1254 4970 omnium
1283 4911 1495 4977 fiamus,
1525 4917 1581 4965 et
1609 4920 1715 4964 tam
1748 4907 1945 4962 all‘ectu
1972 4922 2133 4977 quam

552 5030 717 5087 Opere
746 5014 1021 5071 dicamus:
1045 5007 1180 5062 Puto
1211 5006 1367 5075 enim,
1396 5021 1489 5060 nos
1511 5002 1651 5060 Deus
1675 5003 1937 5073 apostolos
1968 5002 2141 5055 novis-

553 5113 707 5163 simos
754 5104 998 5161 ostendit.
1049 5098 1203 5168 Quod
1250 5098 1296 5153 si
1348 5113 1455 5152 non
1504 5110 1624 5151 sum
1660 5095 2136 5166 apostoluszlicet

552 5216 733 5258 tamen
785 5199 918 5254 mihi
964 5196 1083 5250 ﬁeri
1130 5202 1456 5257 extremum,
1509 5199 1569 5244 ut
1597 5188 1837 5244 educens
1864 5187 2036 5242 nubes
2069 5187 2139 5241 ab

552 5305 801 5355 extremo
833 5302 1011 5356 terrze,
1043 5288 1239 5343 educat
1268 5296 1322 5341 et
1348 5300 1459 5351 me,
1489 5294 1544 5339 et
1573 5282 1780 5352 fulgura
1821 5282 1873 5334 in
1900 5281 2137 5350 pluviam

552 5390 738 5446 faciat.
779 5384 945 5442 Aiunt
980 5379 1305 5437 naturalium
1345 5392 1630 5433 causarum
1669 5384 2005 5430 scrutatores
2032 5372 2139 5445 (Ea:

554 5482 785 5547 Isidoro,
838 5477 1040 5549 Origin.
1092 5474 1181 5529 lib.
1232 5487 1349 5537 xm,
1389 5488 1503 5543 cap.
1536 5470 1648 5542 ll),
1679 5470 1800 5541 quia
1832 5468 2042 5540 fulgura
2069 5483 2135 5523 ex

553 5577 773 5633 nubium
813 5572 1090 5629 eullisione
1120 5577 1469 5635 generentur,
1511 5580 1666 5620 more
1692 5565 1901 5618 silicum
1942 5564 2134 5618 durio-

554 5684 710 5725 rum:
738 5681 874 5737 quos
912 5680 1032 5717 cum
1072 5659 1450 5729 contploseris,
1487 5659 1671 5722 idest,
1707 5659 1977 5717 colliscris
2011 5664 2132 5721 sibi.

551 5764 763 5821 medius
795 5778 860 5816 ex
893 5762 976 5816 his
1005 5759 1139 5830 ignis
1166 5758 1394 5811 extritus
1426 5755 1678 5819 elabitur,
1718 5768 1879 5827 atque
1911 5762 1977 5814 ita
2011 5779 2132 5817 cum

549 5862 757 5931 fulgore
788 5860 989 5928 pariter
1019 5862 1073 5911 et
1103 5851 1336 5911 tonitrua
1376 5850 1582 5920 mugire
1628 5868 1640 5905 :
1688 5854 1946 5923 tonitrua,
1980 5856 2130 5912 scili~

2244 4745 2382 4795 rum,
2411 4738 2466 4784 et
2494 4744 2676 4800 regem
2703 4744 2890 4801 regum
2920 4770 2933 4793 ,
2981 4743 3103 4784 cum
3134 4729 3327 4801 dignus
3365 4730 3521 4789 fuero
3547 4723 3816 4800 spiritibus

2242 4821 2298 4877 in
2331 4821 2421 4877 Dei
2450 4821 2707 4877 thesauro
2735 4822 3220 4879 commorantibus.
3257 4823 3456 4880 Eduxit
3491 4824 3623 4881 enim
3652 4825 3815 4875 uentos

2242 4915 2307 4969 de
2344 4915 2594 4969 thesauris
2615 4917 2744 4969 suis.

2316 5007 2403 5062 ΙΙΙ.
2439 5005 2737 5079 Infatuatus
2788 5017 2863 5061 est
2905 5009 3071 5063 omnis
3110 5008 3263 5065 homo
3317 5028 3350 5065 a
3395 5010 3610 5068 scientia
3649 5001 3814 5075 (Psal.

2242 5119 2446 5169 cxxxv,
2479 5103 2557 5174 7).
2586 5102 2643 5157 Si
2674 5103 2852 5157 omnis
2883 5106 3044 5158 homo
3074 5105 3370 5161 infatuatus
3399 5116 3484 5162 est
3511 5120 3541 5159 a
3569 5094 3810 5159 scientia.

2243 5206 2297 5252 et
2320 5197 2514 5251 Paulus
2541 5196 2704 5250 homo
2725 5204 2829 5261 est,
2856 5196 3055 5250 Paulus
3086 5196 3378 5253 infatuatus
3402 5207 3485 5253 est
3510 5212 3540 5251 a
3572 5186 3809 5249 scientia-

2243 5288 2327 5343 Ex
2356 5299 2501 5360 parte
2526 5290 2680 5355 enim,
2714 5289 2814 5354 ait,
2839 5290 3214 5360 cognoscimus,
3248 5298 3295 5345 et
3322 5307 3385 5345 ea:
3422 5299 3565 5362 parte
3594 5276 3810 5357 propin"

2243 5394 2410 5438 tamus
2443 5381 2485 5453 (l
2511 5381 2629 5436 Cor.
2675 5397 2793 5447 xm,
2824 5381 2907 5450 9).
2944 5381 3237 5438 lnfatuatus
3264 5394 3349 5439 est
3387 5399 3417 5439 a
3449 5377 3670 5440 scientia
3696 5413 3710 5437 ,
3738 5365 3812 5419 Vi'

2243 5476 2376 5532 dens
2421 5491 2517 5546 per
2546 5478 2826 5546 speculum
2848 5516 2863 5543 ,
2895 5484 2950 5531 et
2979 5476 3031 5530 in
3062 5478 3348 5548 tenigmate
3376 5520 3389 5543 ,
3424 5463 3811 5549 portiunculam

2243 5571 2527 5645 quamdam
2575 5571 2764 5625 videns
2793 5616 2806 5637 ,
2845 5579 2898 5624 et
2943 5570 2985 5625 si
3017 5569 3094 5625 sic
3134 5572 3355 5641 expedit
3390 5572 3602 5630 dicere,
3649 5554 3810 5629 ipsius

2240 5680 2455 5736 quoque
2484 5664 2840 5734 portiunculm
2864 5671 3068 5732 partem
3097 5665 3376 5721 minimam
3401 5660 3806 5732 τροοεηοεοοηδο

2242 5759 2555 5814 Econtrariu
2588 5767 2765 5812 autem
2816 5758 3059 5827 intelligo
3098 5758 3226 5828 quid
3273 5759 3343 5813 sit
3384 5776 3397 5811 :
3436 5756 3716 5827 infatuatus
3741 5741 3809 5790 es!

2242 5858 2405 5912 omnis
2419 5857 2568 5911 homo
2585 5873 2617 5911 a
2637 5854 2867 5911 scicntia.
2889 5855 3016 5912 Cum
3024 5872 3087 5926 pa
3096 5855 3301 5912 ratione
3315 5859 3653 5926 peccatorum
3669 5836 3809 5894 Jcrll'
