  <div class='ocr_page' id='page_1' title='image "/cluster/home/n/w/nwhite01/storage/ocr_20150623/30/hvd.32044096580535/070.png"; bbox 0 0 3916 6288; ppageno 0'>
   <div class='ocr_carea' id='block_1_1' title="bbox 169 322 241 383">
    <p class='ocr_par' dir='ltr' id='par_1_1' title="bbox 169 322 241 383">
     <span class='ocr_line' id='line_1_1' title="bbox 169 322 241 383; baseline -0.083 0"><span class='ocrx_word' id='word_1_1' title='bbox 169 322 241 383; x_wconf 65' lang='lat' dir='ltr'><strong>HI</strong></span> 
     </span>
    </p>
   </div>
   <div class='ocr_carea' id='block_1_2' title="bbox 486 291 2957 370">
    <p class='ocr_par' dir='ltr' id='par_1_2' title="bbox 486 291 2957 370">
     <span class='ocr_line' id='line_1_2' title="bbox 486 291 2957 370; baseline -0.01 1"><span class='ocrx_word' id='word_1_2' title='bbox 486 309 806 370; x_wconf 75' lang='lat' dir='ltr'><strong>EPISTULA</strong></span> <span class='ocrx_word' id='word_1_3' title='bbox 844 307 938 365; x_wconf 77' lang='lat' dir='ltr'><strong>IX.</strong></span> <span class='ocrx_word' id='word_1_4' title='bbox 980 307 1069 365; x_wconf 79' lang='lat' dir='ltr'><strong>AD</strong></span> <span class='ocrx_word' id='word_1_5' title='bbox 1110 303 1398 364; x_wconf 72' lang='lat' dir='ltr'><strong>PAULAM</strong></span> <span class='ocrx_word' id='word_1_6' title='bbox 1438 303 1525 362; x_wconf 62' lang='lat' dir='ltr'><strong>ET</strong></span> <span class='ocrx_word' id='word_1_7' title='bbox 1563 298 2041 367; x_wconf 78' lang='lat' dir='ltr'><strong>EUSTOCDIUM,</strong></span> <span class='ocrx_word' id='word_1_8' title='bbox 2084 296 2173 355; x_wconf 84' lang='lat' dir='ltr'><strong>DE</strong></span> <span class='ocrx_word' id='word_1_9' title='bbox 2211 294 2545 356; x_wconf 75' lang='lat' dir='ltr'><strong>ASSUMPT.</strong></span> <span class='ocrx_word' id='word_1_10' title='bbox 2590 293 2651 350; x_wconf 85' lang='grc' dir='ltr'><strong>Β.</strong></span> <span class='ocrx_word' id='word_1_11' title='bbox 2692 291 2957 351; x_wconf 80' lang='lat' dir='ltr'><strong>MARUE.</strong></span> 
     </span>
    </p>
   </div>
   <div class='ocr_carea' id='block_1_3' title="bbox 3267 286 3369 347">
    <p class='ocr_par' dir='ltr' id='par_1_3' title="bbox 3267 286 3369 347">
     <span class='ocr_line' id='line_1_3' title="bbox 3267 286 3369 347; baseline -0.039 0"><span class='ocrx_word' id='word_1_12' title='bbox 3267 286 3369 347; x_wconf 62' lang='grc' dir='ltr'><strong>ηε</strong></span> 
     </span>
    </p>
   </div>
   <div class='ocr_carea' id='block_1_4' title="bbox 164 411 3371 503">
    <p class='ocr_par' dir='ltr' id='par_1_4' title="bbox 164 411 3371 503">
     <span class='ocr_line' id='line_1_4' title="bbox 164 411 3371 503; baseline -0.01 -4"><span class='ocrx_word' id='word_1_13' title='bbox 164 443 314 503; x_wconf 84' lang='lat' dir='ltr'><strong>salem,</strong></span> <span class='ocrx_word' id='word_1_14' title='bbox 340 433 669 494; x_wconf 83' lang='lat' dir='ltr'><strong>Sodomorum</strong></span> <span class='ocrx_word' id='word_1_15' title='bbox 694 440 978 502; x_wconf 88' lang='lat' dir='ltr'><strong>peceatum</strong></span> <span class='ocrx_word' id='word_1_16' title='bbox 1003 428 1216 498; x_wconf 87' lang='lat' dir='ltr'><strong>justitia</strong></span> <span class='ocrx_word' id='word_1_17' title='bbox 1238 435 1323 483; x_wconf 90' lang='lat' dir='ltr'><strong>est</strong></span> <span class='ocrx_word' id='word_1_18' title='bbox 1346 443 1361 481; x_wconf 74' lang='grc' dir='ltr'><strong>ι</strong></span> <span class='ocrx_word' id='word_1_19' title='bbox 1382 422 1676 495; x_wconf 84' lang='lat' dir='ltr'><strong>justiticata</strong></span> <span class='ocrx_word' id='word_1_20' title='bbox 1702 424 1755 484; x_wconf 85' lang='grc' dir='ltr'><strong>Α</strong></span> <span class='ocrx_word' id='word_1_21' title='bbox 1782 420 1949 477; x_wconf 85' lang='lat' dir='ltr'><strong>traria</strong></span> <span class='ocrx_word' id='word_1_22' title='bbox 1978 418 2231 475; x_wconf 89' lang='lat' dir='ltr'><strong>Salvator</strong></span> <span class='ocrx_word' id='word_1_23' title='bbox 2256 432 2410 474; x_wconf 89' lang='lat' dir='ltr'><strong>meus</strong></span> <span class='ocrx_word' id='word_1_24' title='bbox 2432 425 2486 473; x_wconf 92' lang='lat' dir='ltr'><strong>et</strong></span> <span class='ocrx_word' id='word_1_25' title='bbox 2519 415 2779 472; x_wconf 86' lang='lat' dir='ltr'><strong>Dominus</strong></span> <span class='ocrx_word' id='word_1_26' title='bbox 2808 411 3122 484; x_wconf 83' lang='lat' dir='ltr'><strong>assumpsit,</strong></span> <span class='ocrx_word' id='word_1_27' title='bbox 3156 418 3213 467; x_wconf 92' lang='lat' dir='ltr'><strong>ut</strong></span> <span class='ocrx_word' id='word_1_28' title='bbox 3237 425 3340 467; x_wconf 91' lang='lat' dir='ltr'><strong>cou</strong></span> <span class='ocrx_word' id='word_1_29' title='bbox 3364 438 3371 445; x_wconf 70' lang='grc' dir='ltr'><strong><em>ε</em></strong></span> 
     </span>
    </p>
   </div>
   <div class='ocr_carea' id='block_1_5' title="bbox 166 515 1673 596">
    <p class='ocr_par' dir='ltr' id='par_1_5' title="bbox 166 515 1673 596">
     <span class='ocr_line' id='line_1_5' title="bbox 166 515 1673 596; baseline -0.015 -6"><span class='ocrx_word' id='word_1_30' title='bbox 166 544 228 591; x_wconf 87' lang='lat' dir='ltr'><strong>est</strong></span> <span class='ocrx_word' id='word_1_31' title='bbox 247 530 367 588; x_wconf 86' lang='lat' dir='ltr'><strong>enim</strong></span> <span class='ocrx_word' id='word_1_32' title='bbox 390 570 406 596; x_wconf 95' lang='lat'><strong>,</strong></span> <span class='ocrx_word' id='word_1_33' title='bbox 427 526 516 592; x_wconf 91' lang='lat' dir='ltr'><strong>ait,</strong></span> <span class='ocrx_word' id='word_1_34' title='bbox 546 524 772 581; x_wconf 87' lang='lat' dir='ltr'><strong>Sodoma</strong></span> <span class='ocrx_word' id='word_1_35' title='bbox 800 539 865 577; x_wconf 77' lang='lat' dir='ltr'><strong>ea:</strong></span> <span class='ocrx_word' id='word_1_36' title='bbox 889 530 939 576; x_wconf 85' lang='lat' dir='ltr'><strong>te</strong></span> <span class='ocrx_word' id='word_1_37' title='bbox 960 519 1179 590; x_wconf 77' lang='lat' dir='ltr'><strong>(Ezeclt.</strong></span> <span class='ocrx_word' id='word_1_38' title='bbox 1223 534 1311 574; x_wconf 75' lang='lat' dir='ltr'><strong>xvr</strong></span> <span class='ocrx_word' id='word_1_39' title='bbox 1329 558 1346 587; x_wconf 92' lang='lat'><strong>,</strong></span> <span class='ocrx_word' id='word_1_40' title='bbox 1372 516 1491 589; x_wconf 66' lang='grc'><strong>48).</strong></span> <span class='ocrx_word' id='word_1_41' title='bbox 1523 515 1673 583; x_wconf 85' lang='lat' dir='ltr'><strong>Quo—</strong></span> 
     </span>
    </p>
   </div>
   <div class='ocr_carea' id='block_1_6' title="bbox 164 612 1677 687">
    <p class='ocr_par' dir='ltr' id='par_1_6' title="bbox 164 612 1677 687">
     <span class='ocr_line' id='line_1_6' title="bbox 164 612 1677 687; baseline -0.015 0"><span class='ocrx_word' id='word_1_42' title='bbox 164 627 287 687; x_wconf 86' lang='lat' dir='ltr'><strong>modo</strong></span> <span class='ocrx_word' id='word_1_43' title='bbox 307 625 436 681; x_wconf 84' lang='lat' dir='ltr'><strong>enim</strong></span> <span class='ocrx_word' id='word_1_44' title='bbox 474 635 578 676; x_wconf 89' lang='lat' dir='ltr'><strong>non</strong></span> <span class='ocrx_word' id='word_1_45' title='bbox 608 617 806 673; x_wconf 81' lang='lat' dir='ltr'><strong>habent</strong></span> <span class='ocrx_word' id='word_1_46' title='bbox 839 614 1105 685; x_wconf 83' lang='lat' dir='ltr'><strong>justitiam</strong></span> <span class='ocrx_word' id='word_1_47' title='bbox 1147 612 1508 670; x_wconf 86' lang='lat' dir='ltr'><strong>Sodomorum</strong></span> <span class='ocrx_word' id='word_1_48' title='bbox 1548 624 1677 679; x_wconf 87' lang='lat' dir='ltr'><strong>pec-</strong></span> 
     </span>
    </p>
   </div>
   <div class='ocr_carea' id='block_1_7' title="bbox 164 704 1677 791">
    <p class='ocr_par' dir='ltr' id='par_1_7' title="bbox 164 704 1677 791">
     <span class='ocr_line' id='line_1_7' title="bbox 164 704 1677 791; baseline -0.015 -11"><span class='ocrx_word' id='word_1_49' title='bbox 164 734 251 780; x_wconf 78' lang='lat' dir='ltr'><strong>cata</strong></span> <span class='ocrx_word' id='word_1_50' title='bbox 273 736 356 791; x_wconf 89' lang='lat' dir='ltr'><strong>per</strong></span> <span class='ocrx_word' id='word_1_51' title='bbox 379 733 435 774; x_wconf 91' lang='lat' dir='ltr'><strong>se</strong></span> <span class='ocrx_word' id='word_1_52' title='bbox 454 756 470 782; x_wconf 91' lang='lat'><strong>,</strong></span> <span class='ocrx_word' id='word_1_53' title='bbox 495 714 589 770; x_wconf 89' lang='lat' dir='ltr'><strong>sed</strong></span> <span class='ocrx_word' id='word_1_54' title='bbox 617 713 685 769; x_wconf 91' lang='lat' dir='ltr'><strong>ad</strong></span> <span class='ocrx_word' id='word_1_55' title='bbox 720 710 1066 767; x_wconf 87' lang='lat' dir='ltr'><strong>collationem</strong></span> <span class='ocrx_word' id='word_1_56' title='bbox 1104 707 1374 778; x_wconf 83' lang='lat' dir='ltr'><strong>majorum</strong></span> <span class='ocrx_word' id='word_1_57' title='bbox 1410 704 1677 762; x_wconf 88' lang='lat' dir='ltr'><strong>scelerum</strong></span> 
     </span>
    </p>
   </div>
   <div class='ocr_carea' id='block_1_8' title="bbox 165 798 1677 888">
    <p class='ocr_par' dir='ltr' id='par_1_8' title="bbox 165 798 1677 888">
     <span class='ocr_line' id='line_1_8' title="bbox 165 798 1677 888; baseline -0.014 -16"><span class='ocrx_word' id='word_1_58' title='bbox 165 815 471 888; x_wconf 82' lang='lat' dir='ltr'><strong>justiﬁcantur</strong></span> <span class='ocrx_word' id='word_1_59' title='bbox 498 827 512 863; x_wconf 89' lang='lat'><strong>:</strong></span> <span class='ocrx_word' id='word_1_60' title='bbox 535 810 614 866; x_wconf 90' lang='lat' dir='ltr'><strong>sic</strong></span> <span class='ocrx_word' id='word_1_61' title='bbox 639 806 951 864; x_wconf 86' lang='lat' dir='ltr'><strong>econtrario</strong></span> <span class='ocrx_word' id='word_1_62' title='bbox 980 802 1210 859; x_wconf 85' lang='lat' dir='ltr'><strong>scientia</strong></span> <span class='ocrx_word' id='word_1_63' title='bbox 1251 798 1404 855; x_wconf 88' lang='lat' dir='ltr'><strong>Pauli</strong></span> <span class='ocrx_word' id='word_1_64' title='bbox 1429 798 1500 854; x_wconf 88' lang='lat' dir='ltr'><strong>ad</strong></span> <span class='ocrx_word' id='word_1_65' title='bbox 1529 798 1677 852; x_wconf 86' lang='lat' dir='ltr'><strong>illam</strong></span> 
     </span>
    </p>
   </div>
   <div class='ocr_carea' id='block_1_9' title="bbox 1781 504 3371 575">
    <p class='ocr_par' dir='ltr' id='par_1_9' title="bbox 1781 504 3371 575">
     <span class='ocr_line' id='line_1_9' title="bbox 1781 504 3371 575; baseline -0.004 -9"><span class='ocrx_word' id='word_1_66' title='bbox 1781 512 1960 568; x_wconf 89' lang='lat' dir='ltr'><strong>trariis</strong></span> <span class='ocrx_word' id='word_1_67' title='bbox 1989 511 2254 567; x_wconf 81' lang='lat' dir='ltr'><strong>dissolvat</strong></span> <span class='ocrx_word' id='word_1_68' title='bbox 2280 510 2550 567; x_wconf 88' lang='lat' dir='ltr'><strong>contraria</strong></span> <span class='ocrx_word' id='word_1_69' title='bbox 2572 551 2587 575; x_wconf 93' lang='lat'><strong>,</strong></span> <span class='ocrx_word' id='word_1_70' title='bbox 2629 516 2683 565; x_wconf 91' lang='lat' dir='ltr'><strong>et</strong></span> <span class='ocrx_word' id='word_1_71' title='bbox 2709 509 3098 564; x_wconf 82' lang='lat' dir='ltr'><strong>contirinemur</strong></span> <span class='ocrx_word' id='word_1_72' title='bbox 3124 504 3191 561; x_wconf 91' lang='lat' dir='ltr'><strong>ab</strong></span> <span class='ocrx_word' id='word_1_73' title='bbox 3219 504 3371 560; x_wconf 75' lang='lat' dir='ltr'><strong>infir-</strong></span> 
     </span>
    </p>
   </div>
   <div class='ocr_carea' id='block_1_10' title="bbox 1780 597 3374 674">
    <p class='ocr_par' dir='ltr' id='par_1_10' title="bbox 1780 597 3374 674">
     <span class='ocr_line' id='line_1_10' title="bbox 1780 597 3374 674; baseline -0.004 -15"><span class='ocrx_word' id='word_1_74' title='bbox 1780 606 1968 659; x_wconf 85' lang='lat' dir='ltr'><strong>mitate</strong></span> <span class='ocrx_word' id='word_1_75' title='bbox 1989 604 2138 674; x_wconf 89' lang='lat' dir='ltr'><strong>ejus,</strong></span> <span class='ocrx_word' id='word_1_76' title='bbox 2166 612 2221 658; x_wconf 93' lang='lat' dir='ltr'><strong>et</strong></span> <span class='ocrx_word' id='word_1_77' title='bbox 2250 603 2523 672; x_wconf 86' lang='lat' dir='ltr'><strong>sapientes</strong></span> <span class='ocrx_word' id='word_1_78' title='bbox 2552 602 2852 658; x_wconf 82' lang='lat' dir='ltr'><strong>efﬁciamur</strong></span> <span class='ocrx_word' id='word_1_79' title='bbox 2889 614 2920 654; x_wconf 90' lang='lat' dir='ltr'><strong>a</strong></span> <span class='ocrx_word' id='word_1_80' title='bbox 2951 601 3097 655; x_wconf 71' lang='lat' dir='ltr'><strong>fatuo</strong></span> <span class='ocrx_word' id='word_1_81' title='bbox 3131 597 3286 668; x_wconf 86' lang='lat' dir='ltr'><strong>ejus,</strong></span> <span class='ocrx_word' id='word_1_82' title='bbox 3317 606 3374 653; x_wconf 87' lang='lat' dir='ltr'><strong>et</strong></span> 
     </span>
    </p>
   </div>
   <div class='ocr_carea' id='block_1_11' title="bbox 1788 693 3370 769">
    <p class='ocr_par' dir='ltr' id='par_1_11' title="bbox 1788 693 3370 769">
     <span class='ocr_line' id='line_1_11' title="bbox 1788 693 3370 769; baseline -0.004 -13"><span class='ocrx_word' id='word_1_83' title='bbox 1788 700 1840 756; x_wconf 93' lang='lat' dir='ltr'><strong>in</strong></span> <span class='ocrx_word' id='word_1_84' title='bbox 1865 700 1968 757; x_wconf 90' lang='lat' dir='ltr'><strong>hoc</strong></span> <span class='ocrx_word' id='word_1_85' title='bbox 1998 698 2293 756; x_wconf 86' lang='lat' dir='ltr'><strong>introducti</strong></span> <span class='ocrx_word' id='word_1_86' title='bbox 2323 699 2591 769; x_wconf 81' lang='lat' dir='ltr'><strong>possimus</strong></span> <span class='ocrx_word' id='word_1_87' title='bbox 2624 696 2919 753; x_wconf 87' lang='lat' dir='ltr'><strong>ascendere</strong></span> <span class='ocrx_word' id='word_1_88' title='bbox 2955 694 3022 750; x_wconf 90' lang='lat' dir='ltr'><strong>ad</strong></span> <span class='ocrx_word' id='word_1_89' title='bbox 3050 693 3370 766; x_wconf 85' lang='lat' dir='ltr'><strong>sapientiam</strong></span> 
     </span>
    </p>
   </div>
   <div class='ocr_carea' id='block_1_12' title="bbox 1781 790 3375 864">
    <p class='ocr_par' dir='ltr' id='par_1_12' title="bbox 1781 790 3375 864">
     <span class='ocr_line' id='line_1_12' title="bbox 1781 790 3375 864; baseline -0.003 -15"><span class='ocrx_word' id='word_1_90' title='bbox 1781 803 1837 849; x_wconf 85' lang='lat' dir='ltr'><strong>et</strong></span> <span class='ocrx_word' id='word_1_91' title='bbox 1856 795 2111 850; x_wconf 79' lang='lat' dir='ltr'><strong>virtutem</strong></span> <span class='ocrx_word' id='word_1_92' title='bbox 2158 795 2288 864; x_wconf 91' lang='lat' dir='ltr'><strong>Dei,</strong></span> <span class='ocrx_word' id='word_1_93' title='bbox 2323 792 2596 850; x_wconf 88' lang='lat' dir='ltr'><strong>Christum</strong></span> <span class='ocrx_word' id='word_1_94' title='bbox 2629 791 2833 856; x_wconf 87' lang='lat' dir='ltr'><strong>Jesum,</strong></span> <span class='ocrx_word' id='word_1_95' title='bbox 2874 791 2961 846; x_wconf 90' lang='lat' dir='ltr'><strong>cui</strong></span> <span class='ocrx_word' id='word_1_96' title='bbox 2991 799 3077 847; x_wconf 87' lang='lat' dir='ltr'><strong>est</strong></span> <span class='ocrx_word' id='word_1_97' title='bbox 3113 790 3285 863; x_wconf 84' lang='lat' dir='ltr'><strong>gloria</strong></span> <span class='ocrx_word' id='word_1_98' title='bbox 3316 797 3375 847; x_wconf 87' lang='lat' dir='ltr'><strong>et</strong></span> 
     </span>
    </p>
   </div>
   <div class='ocr_carea' id='block_1_13' title="bbox 167 885 3038 967">
    <p class='ocr_par' dir='ltr' id='par_1_13' title="bbox 167 885 3038 967">
     <span class='ocr_line' id='line_1_13' title="bbox 167 885 3038 967; baseline -0.008 -3"><span class='ocrx_word' id='word_1_99' title='bbox 167 885 388 965; x_wconf 69' lang='lat' dir='ltr'><strong>celestem</strong></span> <span class='ocrx_word' id='word_1_100' title='bbox 420 900 732 967; x_wconf 85' lang='lat' dir='ltr'><strong>scientiam,</strong></span> <span class='ocrx_word' id='word_1_101' title='bbox 777 897 848 952; x_wconf 89' lang='lat' dir='ltr'><strong>ad</strong></span> <span class='ocrx_word' id='word_1_102' title='bbox 877 897 1026 955; x_wconf 90' lang='lat' dir='ltr'><strong>illum</strong></span> <span class='ocrx_word' id='word_1_103' title='bbox 1066 902 1505 952; x_wconf 88' lang='lat' dir='ltr'><strong>consummatum</strong></span> <span class='ocrx_word' id='word_1_104' title='bbox 1534 890 1679 947; x_wconf 87' lang='lat' dir='ltr'><strong>elec—</strong></span> <span class='ocrx_word' id='word_1_105' title='bbox 1781 886 1953 943; x_wconf 89' lang='lat' dir='ltr'><strong>virtus</strong></span> <span class='ocrx_word' id='word_1_106' title='bbox 1978 896 2033 943; x_wconf 90' lang='lat' dir='ltr'><strong>et</strong></span> <span class='ocrx_word' id='word_1_107' title='bbox 2061 888 2348 955; x_wconf 87' lang='lat' dir='ltr'><strong>imperium</strong></span> <span class='ocrx_word' id='word_1_108' title='bbox 2378 888 2432 942; x_wconf 90' lang='lat' dir='ltr'><strong>in</strong></span> <span class='ocrx_word' id='word_1_109' title='bbox 2462 885 2661 943; x_wconf 62' lang='lat' dir='ltr'><strong>saecula</strong></span> <span class='ocrx_word' id='word_1_110' title='bbox 2691 886 3038 942; x_wconf 71' lang='lat' dir='ltr'><strong>smculorum.</strong></span> 
     </span>
    </p>
   </div>
   <div class='ocr_carea' id='block_1_14' title="bbox 166 986 1684 1061">
    <p class='ocr_par' dir='ltr' id='par_1_14' title="bbox 166 986 1684 1061">
     <span class='ocr_line' id='line_1_14' title="bbox 166 986 1684 1061; baseline -0.009 -5"><span class='ocrx_word' id='word_1_111' title='bbox 166 1001 288 1056; x_wconf 89' lang='lat' dir='ltr'><strong>tionis</strong></span> <span class='ocrx_word' id='word_1_112' title='bbox 306 995 641 1060; x_wconf 85' lang='lat' dir='ltr'><strong>intellectum,</strong></span> <span class='ocrx_word' id='word_1_113' title='bbox 665 991 900 1049; x_wconf 82' lang='lat' dir='ltr'><strong>stultitia</strong></span> <span class='ocrx_word' id='word_1_114' title='bbox 929 998 1237 1061; x_wconf 80' lang='lat' dir='ltr'><strong>reputatur.</strong></span> <span class='ocrx_word' id='word_1_115' title='bbox 1268 986 1570 1044; x_wconf 84' lang='lat' dir='ltr'><strong>lnfatuatus</strong></span> <span class='ocrx_word' id='word_1_116' title='bbox 1596 995 1684 1043; x_wconf 86' lang='lat' dir='ltr'><strong>est</strong></span> 
     </span>
    </p>
   </div>
   <div class='ocr_carea' id='block_1_15' title="bbox 166 1081 1679 1153">
    <p class='ocr_par' dir='ltr' id='par_1_15' title="bbox 166 1081 1679 1153">
     <span class='ocr_line' id='line_1_15' title="bbox 166 1081 1679 1153; baseline -0.008 -4"><span class='ocrx_word' id='word_1_117' title='bbox 166 1094 319 1149; x_wconf 86' lang='lat' dir='ltr'><strong>idcirco</strong></span> <span class='ocrx_word' id='word_1_118' title='bbox 337 1089 500 1146; x_wconf 89' lang='lat' dir='ltr'><strong>omnis</strong></span> <span class='ocrx_word' id='word_1_119' title='bbox 526 1087 690 1144; x_wconf 91' lang='lat' dir='ltr'><strong>homo</strong></span> <span class='ocrx_word' id='word_1_120' title='bbox 717 1101 748 1141; x_wconf 90' lang='lat' dir='ltr'><strong>a</strong></span> <span class='ocrx_word' id='word_1_121' title='bbox 774 1084 1023 1141; x_wconf 89' lang='lat' dir='ltr'><strong>scientia.</strong></span> <span class='ocrx_word' id='word_1_122' title='bbox 1054 1083 1186 1139; x_wconf 84' lang='lat' dir='ltr'><strong>Tale</strong></span> <span class='ocrx_word' id='word_1_123' title='bbox 1203 1081 1459 1153; x_wconf 89' lang='lat' dir='ltr'><strong>quiddam</strong></span> <span class='ocrx_word' id='word_1_124' title='bbox 1487 1081 1679 1137; x_wconf 86' lang='lat' dir='ltr'><strong>Eccle-</strong></span> 
     </span>
    </p>
   </div>
   <div class='ocr_carea' id='block_1_16' title="bbox 164 1173 1679 1250">
    <p class='ocr_par' dir='ltr' id='par_1_16' title="bbox 164 1173 1679 1250">
     <span class='ocr_line' id='line_1_16' title="bbox 164 1173 1679 1250; baseline -0.01 -8"><span class='ocrx_word' id='word_1_125' title='bbox 164 1190 327 1250; x_wconf 77' lang='lat' dir='ltr'><strong>siastes,</strong></span> <span class='ocrx_word' id='word_1_126' title='bbox 352 1193 403 1239; x_wconf 91' lang='lat' dir='ltr'><strong>ut</strong></span> <span class='ocrx_word' id='word_1_127' title='bbox 426 1181 681 1250; x_wconf 86' lang='lat' dir='ltr'><strong>arbitror,</strong></span> <span class='ocrx_word' id='word_1_128' title='bbox 710 1178 1129 1248; x_wconf 90' lang='lat' dir='ltr'><strong>deprehendens</strong></span> <span class='ocrx_word' id='word_1_129' title='bbox 1151 1176 1347 1232; x_wconf 77' lang='lat' dir='ltr'><strong>effatus</strong></span> <span class='ocrx_word' id='word_1_130' title='bbox 1370 1186 1454 1232; x_wconf 88' lang='lat' dir='ltr'><strong>est</strong></span> <span class='ocrx_word' id='word_1_131' title='bbox 1486 1193 1499 1229; x_wconf 88' lang='lat'><strong>:</strong></span> <span class='ocrx_word' id='word_1_132' title='bbox 1530 1173 1679 1243; x_wconf 70' lang='lat' dir='ltr'><strong>Dixi,</strong></span> 
     </span>
    </p>
   </div>
   <div class='ocr_carea' id='block_1_17' title="bbox 165 1271 1682 1353">
    <p class='ocr_par' dir='ltr' id='par_1_17' title="bbox 165 1271 1682 1353">
     <span class='ocr_line' id='line_1_17' title="bbox 165 1271 1682 1353; baseline -0.008 -18"><span class='ocrx_word' id='word_1_133' title='bbox 165 1284 315 1353; x_wconf 68' lang='lat' dir='ltr'><strong>sapiens</strong></span> <span class='ocrx_word' id='word_1_134' title='bbox 337 1278 548 1349; x_wconf 73' lang='lat' dir='ltr'><strong>efﬁciar,</strong></span> <span class='ocrx_word' id='word_1_135' title='bbox 581 1286 627 1330; x_wconf 86' lang='lat' dir='ltr'><strong>et</strong></span> <span class='ocrx_word' id='word_1_136' title='bbox 650 1276 765 1348; x_wconf 84' lang='lat' dir='ltr'><strong>ipsa</strong></span> <span class='ocrx_word' id='word_1_137' title='bbox 785 1273 1044 1343; x_wconf 83' lang='lat' dir='ltr'><strong>elongavit</strong></span> <span class='ocrx_word' id='word_1_138' title='bbox 1067 1288 1121 1328; x_wconf 87' lang='lat' dir='ltr'><strong>se</strong></span> <span class='ocrx_word' id='word_1_139' title='bbox 1147 1289 1180 1326; x_wconf 93' lang='lat' dir='ltr'><strong>a</strong></span> <span class='ocrx_word' id='word_1_140' title='bbox 1199 1287 1280 1325; x_wconf 85' lang='lat' dir='ltr'><strong>me</strong></span> <span class='ocrx_word' id='word_1_141' title='bbox 1302 1271 1504 1345; x_wconf 84' lang='lat' dir='ltr'><strong>longius</strong></span> <span class='ocrx_word' id='word_1_142' title='bbox 1525 1285 1682 1340; x_wconf 87' lang='lat' dir='ltr'><strong>quam</strong></span> 
     </span>
    </p>
   </div>
   <div class='ocr_carea' id='block_1_18' title="bbox 165 1364 1681 1444">
    <p class='ocr_par' dir='ltr' id='par_1_18' title="bbox 165 1364 1681 1444">
     <span class='ocr_line' id='line_1_18' title="bbox 165 1364 1681 1444; baseline -0.009 -12"><span class='ocrx_word' id='word_1_143' title='bbox 165 1385 264 1443; x_wconf 75' lang='lat' dir='ltr'><strong>erat,</strong></span> <span class='ocrx_word' id='word_1_144' title='bbox 280 1382 319 1430; x_wconf 78' lang='lat' dir='ltr'><strong>et</strong></span> <span class='ocrx_word' id='word_1_145' title='bbox 334 1373 431 1427; x_wconf 85' lang='lat' dir='ltr'><strong>alta</strong></span> <span class='ocrx_word' id='word_1_146' title='bbox 452 1369 788 1444; x_wconf 69' lang='lat' dir='ltr'><strong>profunditas</strong></span> <span class='ocrx_word' id='word_1_147' title='bbox 807 1385 828 1422; x_wconf 88' lang='lat'><strong><em>:</em></strong></span> <span class='ocrx_word' id='word_1_148' title='bbox 847 1368 961 1439; x_wconf 86' lang='lat' dir='ltr'><strong>quis</strong></span> <span class='ocrx_word' id='word_1_149' title='bbox 981 1366 1205 1422; x_wconf 76' lang='lat' dir='ltr'><strong>inveniet</strong></span> <span class='ocrx_word' id='word_1_150' title='bbox 1224 1381 1336 1420; x_wconf 85' lang='lat' dir='ltr'><strong>eam</strong></span> <span class='ocrx_word' id='word_1_151' title='bbox 1360 1366 1377 1436; x_wconf 94' lang='lat'>(</span> <span class='ocrx_word' id='word_1_152' title='bbox 1402 1364 1546 1419; x_wconf 79' lang='lat' dir='ltr'><strong>Eccl.</strong></span> <span class='ocrx_word' id='word_1_153' title='bbox 1587 1379 1681 1435; x_wconf 83' lang='lat' dir='ltr'><strong>vn,</strong></span> 
     </span>
    </p>
   </div>
   <div class='ocr_carea' id='block_1_19' title="bbox 167 1457 1685 1537">
    <p class='ocr_par' dir='ltr' id='par_1_19' title="bbox 167 1457 1685 1537">
     <span class='ocr_line' id='line_1_19' title="bbox 167 1457 1685 1537; baseline -0.007 -14"><span class='ocrx_word' id='word_1_154' title='bbox 167 1468 470 1537; x_wconf 64' lang='lat' dir='ltr'><strong>cltjiiolumus</strong></span> <span class='ocrx_word' id='word_1_155' title='bbox 482 1463 762 1536; x_wconf 88' lang='lat' dir='ltr'><strong>quiddam,</strong></span> <span class='ocrx_word' id='word_1_156' title='bbox 774 1461 1038 1517; x_wconf 87' lang='lat' dir='ltr'><strong>audenter</strong></span> <span class='ocrx_word' id='word_1_157' title='bbox 1050 1458 1384 1523; x_wconf 87' lang='lat' dir='ltr'><strong>licet,dieere</strong></span> <span class='ocrx_word' id='word_1_158' title='bbox 1400 1475 1413 1511; x_wconf 88' lang='lat'><strong>:</strong></span> <span class='ocrx_word' id='word_1_159' title='bbox 1430 1457 1685 1528; x_wconf 87' lang='lat' dir='ltr'><strong>quoniam</strong></span> 
     </span>
    </p>
   </div>
   <div class='ocr_carea' id='block_1_20' title="bbox 168 1550 1684 1633">
    <p class='ocr_par' dir='ltr' id='par_1_20' title="bbox 168 1550 1684 1633">
     <span class='ocr_line' id='line_1_20' title="bbox 168 1550 1684 1633; baseline -0.009 -16"><span class='ocrx_word' id='word_1_160' title='bbox 168 1564 243 1619; x_wconf 85' lang='lat' dir='ltr'><strong>hoc</strong></span> <span class='ocrx_word' id='word_1_161' title='bbox 262 1560 371 1633; x_wconf 84' lang='lat' dir='ltr'><strong>quod</strong></span> <span class='ocrx_word' id='word_1_162' title='bbox 392 1556 680 1616; x_wconf 86' lang='lat' dir='ltr'><strong>descendit</strong></span> <span class='ocrx_word' id='word_1_163' title='bbox 704 1557 761 1613; x_wconf 89' lang='lat' dir='ltr'><strong>in</strong></span> <span class='ocrx_word' id='word_1_164' title='bbox 790 1554 1076 1621; x_wconf 91' lang='lat' dir='ltr'><strong>mundum,</strong></span> <span class='ocrx_word' id='word_1_165' title='bbox 1108 1551 1392 1608; x_wconf 89' lang='lat' dir='ltr'><strong>evacuavit</strong></span> <span class='ocrx_word' id='word_1_166' title='bbox 1420 1550 1684 1619; x_wconf 83' lang='lat' dir='ltr'><strong>Seipsum,</strong></span> 
     </span>
    </p>
   </div>
   <div class='ocr_carea' id='block_1_21' title="bbox 166 1643 1689 1721">
    <p class='ocr_par' dir='ltr' id='par_1_21' title="bbox 166 1643 1689 1721">
     <span class='ocr_line' id='line_1_21' title="bbox 166 1643 1689 1721; baseline -0.01 -10"><span class='ocrx_word' id='word_1_167' title='bbox 166 1654 527 1711; x_wconf 78' lang='lat' dir='ltr'><strong>utevaeuatione</strong></span> <span class='ocrx_word' id='word_1_168' title='bbox 552 1651 678 1721; x_wconf 89' lang='lat' dir='ltr'><strong>ejus</strong></span> <span class='ocrx_word' id='word_1_169' title='bbox 698 1647 934 1706; x_wconf 89' lang='lat' dir='ltr'><strong>mundus</strong></span> <span class='ocrx_word' id='word_1_170' title='bbox 960 1646 1349 1716; x_wconf 88' lang='lat' dir='ltr'><strong>compleretur.</strong></span> <span class='ocrx_word' id='word_1_171' title='bbox 1383 1643 1440 1698; x_wconf 88' lang='lat' dir='ltr'><strong>Si</strong></span> <span class='ocrx_word' id='word_1_172' title='bbox 1470 1643 1571 1697; x_wconf 89' lang='lat' dir='ltr'><strong>hoc</strong></span> <span class='ocrx_word' id='word_1_173' title='bbox 1594 1657 1689 1696; x_wconf 89' lang='lat' dir='ltr'><strong>au-</strong></span> 
     </span>
    </p>
   </div>
   <div class='ocr_carea' id='block_1_22' title="bbox 163 1734 1688 1819">
    <p class='ocr_par' dir='ltr' id='par_1_22' title="bbox 163 1734 1688 1819">
     <span class='ocr_line' id='line_1_22' title="bbox 163 1734 1688 1819; baseline -0.012 -15"><span class='ocrx_word' id='word_1_174' title='bbox 163 1758 237 1804; x_wconf 87' lang='lat' dir='ltr'><strong>tem</strong></span> <span class='ocrx_word' id='word_1_175' title='bbox 260 1746 376 1819; x_wconf 85' lang='lat' dir='ltr'><strong>quod</strong></span> <span class='ocrx_word' id='word_1_176' title='bbox 402 1743 695 1803; x_wconf 85' lang='lat' dir='ltr'><strong>descendit</strong></span> <span class='ocrx_word' id='word_1_177' title='bbox 724 1744 780 1798; x_wconf 93' lang='lat' dir='ltr'><strong>in</strong></span> <span class='ocrx_word' id='word_1_178' title='bbox 810 1738 1097 1806; x_wconf 90' lang='lat' dir='ltr'><strong>mundum,</strong></span> <span class='ocrx_word' id='word_1_179' title='bbox 1130 1734 1417 1793; x_wconf 88' lang='lat' dir='ltr'><strong>evacuavit</strong></span> <span class='ocrx_word' id='word_1_180' title='bbox 1444 1749 1525 1801; x_wconf 92' lang='lat' dir='ltr'><strong>se,</strong></span> <span class='ocrx_word' id='word_1_181' title='bbox 1557 1748 1688 1788; x_wconf 85' lang='lat' dir='ltr'><strong>eva-</strong></span> 
     </span>
    </p>
   </div>
   <div class='ocr_carea' id='block_1_23' title="bbox 163 1824 1764 1913">
    <p class='ocr_par' dir='ltr' id='par_1_23' title="bbox 163 1824 1764 1913">
     <span class='ocr_line' id='line_1_23' title="bbox 163 1824 1764 1913; baseline -0.009 -13"><span class='ocrx_word' id='word_1_182' title='bbox 163 1845 289 1899; x_wconf 73' lang='lat' dir='ltr'><strong>etalio</strong></span> <span class='ocrx_word' id='word_1_183' title='bbox 317 1843 418 1913; x_wconf 89' lang='lat' dir='ltr'><strong>ipsa</strong></span> <span class='ocrx_word' id='word_1_184' title='bbox 443 1837 766 1909; x_wconf 84' lang='lat' dir='ltr'><strong>insipientia</strong></span> <span class='ocrx_word' id='word_1_185' title='bbox 806 1844 892 1891; x_wconf 90' lang='lat' dir='ltr'><strong>est</strong></span> <span class='ocrx_word' id='word_1_186' title='bbox 932 1852 947 1891; x_wconf 89' lang='lat'>:</span> <span class='ocrx_word' id='word_1_187' title='bbox 989 1830 1249 1903; x_wconf 91' lang='lat' dir='ltr'><strong>quoniam</strong></span> <span class='ocrx_word' id='word_1_188' title='bbox 1297 1827 1443 1900; x_wconf 91' lang='lat' dir='ltr'><strong>quod</strong></span> <span class='ocrx_word' id='word_1_189' title='bbox 1481 1828 1686 1882; x_wconf 75' lang='lat' dir='ltr'><strong>fatuum</strong></span> <span class='ocrx_word' id='word_1_190' title='bbox 1719 1824 1764 1885; x_wconf 90' lang='lat' dir='ltr'><strong>B</strong></span> 
     </span>
    </p>
   </div>
   <div class='ocr_carea' id='block_1_24' title="bbox 164 1919 1688 2007">
    <p class='ocr_par' dir='ltr' id='par_1_24' title="bbox 164 1919 1688 2007">
     <span class='ocr_line' id='line_1_24' title="bbox 164 1919 1688 2007; baseline -0.013 -12"><span class='ocrx_word' id='word_1_191' title='bbox 164 1937 334 2005; x_wconf 86' lang='lat' dir='ltr'><strong>estDei,</strong></span> <span class='ocrx_word' id='word_1_192' title='bbox 374 1933 676 2007; x_wconf 79' lang='lat' dir='ltr'><strong>sapientius</strong></span> <span class='ocrx_word' id='word_1_193' title='bbox 708 1940 793 1987; x_wconf 88' lang='lat' dir='ltr'><strong>est</strong></span> <span class='ocrx_word' id='word_1_194' title='bbox 833 1927 1147 1984; x_wconf 90' lang='lat' dir='ltr'><strong>hominibus</strong></span> <span class='ocrx_word' id='word_1_195' title='bbox 1193 1923 1233 1997; x_wconf 90' lang='lat' dir='ltr'><strong>(l</strong></span> <span class='ocrx_word' id='word_1_196' title='bbox 1267 1921 1390 1978; x_wconf 86' lang='lat' dir='ltr'><strong>Cor.</strong></span> <span class='ocrx_word' id='word_1_197' title='bbox 1422 1921 1601 1991; x_wconf 69' lang='lat'><strong>1,17).</strong></span> <span class='ocrx_word' id='word_1_198' title='bbox 1631 1919 1688 1976; x_wconf 91' lang='lat' dir='ltr'><strong>Si</strong></span> 
     </span>
    </p>
   </div>
   <div class='ocr_carea' id='block_1_25' title="bbox 166 2021 1687 2103">
    <p class='ocr_par' dir='ltr' id='par_1_25' title="bbox 166 2021 1687 2103">
     <span class='ocr_line' id='line_1_25' title="bbox 166 2021 1687 2103; baseline -0.012 -14"><span class='ocrx_word' id='word_1_199' title='bbox 166 2050 235 2103; x_wconf 75' lang='lat' dir='ltr'><strong>ego</strong></span> <span class='ocrx_word' id='word_1_200' title='bbox 251 2033 466 2088; x_wconf 79' lang='lat' dir='ltr'><strong>dixissem</strong></span> <span class='ocrx_word' id='word_1_201' title='bbox 508 2029 726 2085; x_wconf 86' lang='lat' dir='ltr'><strong>fatuum</strong></span> <span class='ocrx_word' id='word_1_202' title='bbox 752 2024 882 2092; x_wconf 89' lang='lat' dir='ltr'><strong>Dei,</strong></span> <span class='ocrx_word' id='word_1_203' title='bbox 906 2021 1183 2094; x_wconf 88' lang='lat' dir='ltr'><strong>quomodo</strong></span> <span class='ocrx_word' id='word_1_204' title='bbox 1213 2032 1452 2088; x_wconf 86' lang='lat' dir='ltr'><strong>aucupes</strong></span> <span class='ocrx_word' id='word_1_205' title='bbox 1476 2031 1687 2073; x_wconf 87' lang='lat' dir='ltr'><strong>sermo-</strong></span> 
     </span>
    </p>
   </div>
   <div class='ocr_carea' id='block_1_26' title="bbox 174 2108 1688 2190">
    <p class='ocr_par' dir='ltr' id='par_1_26' title="bbox 174 2108 1688 2190">
     <span class='ocr_line' id='line_1_26' title="bbox 174 2108 1688 2190; baseline -0.011 -10"><span class='ocrx_word' id='word_1_206' title='bbox 174 2142 261 2181; x_wconf 85' lang='lat' dir='ltr'><strong>num</strong></span> <span class='ocrx_word' id='word_1_207' title='bbox 274 2138 505 2189; x_wconf 77' lang='lat' dir='ltr'><strong>raeorum,</strong></span> <span class='ocrx_word' id='word_1_208' title='bbox 526 2129 592 2177; x_wconf 86' lang='lat' dir='ltr'><strong>el.</strong></span> <span class='ocrx_word' id='word_1_209' title='bbox 616 2133 832 2190; x_wconf 85' lang='lat' dir='ltr'><strong>semper</strong></span> <span class='ocrx_word' id='word_1_210' title='bbox 858 2115 1026 2172; x_wconf 91' lang='lat' dir='ltr'><strong>dediti</strong></span> <span class='ocrx_word' id='word_1_211' title='bbox 1049 2114 1117 2169; x_wconf 89' lang='lat' dir='ltr'><strong>ad</strong></span> <span class='ocrx_word' id='word_1_212' title='bbox 1141 2108 1563 2178; x_wconf 90' lang='lat' dir='ltr'><strong>criminandum,</strong></span> <span class='ocrx_word' id='word_1_213' title='bbox 1593 2122 1688 2164; x_wconf 88' lang='lat' dir='ltr'><strong>ve-</strong></span> 
     </span>
    </p>
   </div>
   <div class='ocr_carea' id='block_1_27' title="bbox 175 2201 1688 2285">
    <p class='ocr_par' dir='ltr' id='par_1_27' title="bbox 175 2201 1688 2285">
     <span class='ocr_line' id='line_1_27' title="bbox 175 2201 1688 2285; baseline -0.011 -13"><span class='ocrx_word' id='word_1_214' title='bbox 175 2230 326 2274; x_wconf 77' lang='lat' dir='ltr'><strong>nenatas</strong></span> <span class='ocrx_word' id='word_1_215' title='bbox 346 2218 395 2272; x_wconf 92' lang='lat' dir='ltr'><strong>in</strong></span> <span class='ocrx_word' id='word_1_216' title='bbox 426 2232 515 2273; x_wconf 91' lang='lat' dir='ltr'><strong>me</strong></span> <span class='ocrx_word' id='word_1_217' title='bbox 548 2215 771 2285; x_wconf 80' lang='lat' dir='ltr'><strong>linguas</strong></span> <span class='ocrx_word' id='word_1_218' title='bbox 798 2208 1118 2267; x_wconf 83' lang='lat' dir='ltr'><strong>vibrarent?</strong></span> <span class='ocrx_word' id='word_1_219' title='bbox 1148 2205 1300 2262; x_wconf 84' lang='lat' dir='ltr'><strong>Nune</strong></span> <span class='ocrx_word' id='word_1_220' title='bbox 1328 2218 1463 2260; x_wconf 91' lang='lat' dir='ltr'><strong>vero</strong></span> <span class='ocrx_word' id='word_1_221' title='bbox 1487 2201 1688 2258; x_wconf 88' lang='lat' dir='ltr'><strong>Paulus</strong></span> 
     </span>
    </p>
   </div>
   <div class='ocr_carea' id='block_1_28' title="bbox 166 2299 1689 2380">
    <p class='ocr_par' dir='ltr' id='par_1_28' title="bbox 166 2299 1689 2380">
     <span class='ocr_line' id='line_1_28' title="bbox 166 2299 1689 2380; baseline -0.01 -15"><span class='ocrx_word' id='word_1_222' title='bbox 166 2312 326 2380; x_wconf 77' lang='lat' dir='ltr'><strong>sapiens,</strong></span> <span class='ocrx_word' id='word_1_223' title='bbox 346 2319 395 2367; x_wconf 90' lang='lat' dir='ltr'><strong>et</strong></span> <span class='ocrx_word' id='word_1_224' title='bbox 415 2318 754 2380; x_wconf 88' lang='lat' dir='ltr'><strong>potestatem</strong></span> <span class='ocrx_word' id='word_1_225' title='bbox 777 2304 987 2359; x_wconf 87' lang='lat' dir='ltr'><strong>habens</strong></span> <span class='ocrx_word' id='word_1_226' title='bbox 1010 2299 1388 2373; x_wconf 85' lang='lat' dir='ltr'><strong>apostolicam,</strong></span> <span class='ocrx_word' id='word_1_227' title='bbox 1413 2310 1575 2351; x_wconf 90' lang='lat' dir='ltr'><strong>ausus</strong></span> <span class='ocrx_word' id='word_1_228' title='bbox 1600 2304 1689 2351; x_wconf 89' lang='lat' dir='ltr'><strong>est</strong></span> 
     </span>
    </p>
   </div>
   <div class='ocr_carea' id='block_1_29' title="bbox 162 2390 1687 2471">
    <p class='ocr_par' dir='ltr' id='par_1_29' title="bbox 162 2390 1687 2471">
     <span class='ocr_line' id='line_1_29' title="bbox 162 2390 1687 2471; baseline -0.012 -11"><span class='ocrx_word' id='word_1_229' title='bbox 162 2404 301 2471; x_wconf 78' lang='lat' dir='ltr'><strong>dicere,</strong></span> <span class='ocrx_word' id='word_1_230' title='bbox 322 2418 528 2459; x_wconf 89' lang='lat' dir='ltr'><strong>omnem</strong></span> <span class='ocrx_word' id='word_1_231' title='bbox 553 2398 887 2470; x_wconf 88' lang='lat' dir='ltr'><strong>sapientiam</strong></span> <span class='ocrx_word' id='word_1_232' title='bbox 914 2406 1211 2459; x_wconf 89' lang='lat' dir='ltr'><strong>terrenam,</strong></span> <span class='ocrx_word' id='word_1_233' title='bbox 1235 2405 1356 2462; x_wconf 61' lang='lat' dir='ltr'><strong>quae</strong></span> <span class='ocrx_word' id='word_1_234' title='bbox 1380 2390 1437 2446; x_wconf 89' lang='lat' dir='ltr'><strong>in</strong></span> <span class='ocrx_word' id='word_1_235' title='bbox 1458 2403 1544 2453; x_wconf 89' lang='lat' dir='ltr'><strong>se,</strong></span> <span class='ocrx_word' id='word_1_236' title='bbox 1566 2402 1687 2460; x_wconf 66' lang='lat' dir='ltr'><strong>quas</strong></span> 
     </span>
    </p>
   </div>
   <div class='ocr_carea' id='block_1_30' title="bbox 155 2472 1685 2567">
    <p class='ocr_par' dir='ltr' id='par_1_30' title="bbox 155 2472 1685 2567">
     <span class='ocr_line' id='line_1_30' title="bbox 155 2472 1685 2567; baseline -0.01 -18"><span class='ocrx_word' id='word_1_237' title='bbox 155 2495 191 2550; x_wconf 87' lang='lat' dir='ltr'><strong>in</strong></span> <span class='ocrx_word' id='word_1_238' title='bbox 207 2496 348 2564; x_wconf 83' lang='lat' dir='ltr'><strong>Petro,</strong></span> <span class='ocrx_word' id='word_1_239' title='bbox 373 2510 492 2567; x_wconf 67' lang='lat' dir='ltr'><strong>quae</strong></span> <span class='ocrx_word' id='word_1_240' title='bbox 520 2495 585 2550; x_wconf 89' lang='lat' dir='ltr'><strong>in</strong></span> <span class='ocrx_word' id='word_1_241' title='bbox 609 2490 825 2549; x_wconf 67' lang='lat' dir='ltr'><strong>caeteris</strong></span> <span class='ocrx_word' id='word_1_242' title='bbox 853 2488 1112 2560; x_wconf 89' lang='lat' dir='ltr'><strong>apostolis</strong></span> <span class='ocrx_word' id='word_1_243' title='bbox 1134 2494 1275 2549; x_wconf 89' lang='lat' dir='ltr'><strong>erat,</strong></span> <span class='ocrx_word' id='word_1_244' title='bbox 1297 2497 1420 2555; x_wconf 67' lang='lat' dir='ltr'><strong>qua:</strong></span> <span class='ocrx_word' id='word_1_245' title='bbox 1446 2482 1499 2536; x_wconf 94' lang='lat' dir='ltr'><strong>in</strong></span> <span class='ocrx_word' id='word_1_246' title='bbox 1524 2472 1685 2536; x_wconf 81' lang='lat' dir='ltr'><strong>istum</strong></span> 
     </span>
    </p>
   </div>
   <div class='ocr_carea' id='block_1_31' title="bbox 155 2572 1683 2653">
    <p class='ocr_par' dir='ltr' id='par_1_31' title="bbox 155 2572 1683 2653">
     <span class='ocr_line' id='line_1_31' title="bbox 155 2572 1683 2653; baseline -0.012 -8"><span class='ocrx_word' id='word_1_247' title='bbox 155 2590 350 2646; x_wconf 82' lang='lat' dir='ltr'><strong>nandum</strong></span> <span class='ocrx_word' id='word_1_248' title='bbox 394 2588 809 2653; x_wconf 89' lang='lat' dir='ltr'><strong>descenderat,</strong></span> <span class='ocrx_word' id='word_1_249' title='bbox 857 2580 1140 2639; x_wconf 88' lang='lat' dir='ltr'><strong>stultitiam</strong></span> <span class='ocrx_word' id='word_1_250' title='bbox 1186 2591 1311 2634; x_wconf 90' lang='lat' dir='ltr'><strong>esse</strong></span> <span class='ocrx_word' id='word_1_251' title='bbox 1346 2574 1443 2630; x_wconf 90' lang='lat' dir='ltr'><strong>Dei</strong></span> <span class='ocrx_word' id='word_1_252' title='bbox 1472 2574 1519 2645; x_wconf 88' lang='grc' dir='ltr'>(ι</span> <span class='ocrx_word' id='word_1_253' title='bbox 1561 2572 1683 2628; x_wconf 86' lang='lat' dir='ltr'><strong>Cor.</strong></span> 
     </span>
    </p>
   </div>
   <div class='ocr_carea' id='block_1_32' title="bbox 146 2667 1683 2757">
    <p class='ocr_par' dir='ltr' id='par_1_32' title="bbox 146 2667 1683 2757">
     <span class='ocr_line' id='line_1_32' title="bbox 146 2667 1683 2757; baseline -0.009 -20"><span class='ocrx_word' id='word_1_254' title='bbox 146 2699 201 2751; x_wconf 85' lang='lat' dir='ltr'><strong>tu,</strong></span> <span class='ocrx_word' id='word_1_255' title='bbox 226 2684 316 2756; x_wconf 79' lang='lat' dir='ltr'><strong>i9).</strong></span> <span class='ocrx_word' id='word_1_256' title='bbox 343 2684 417 2739; x_wconf 75' lang='lat' dir='ltr'><strong>Ad</strong></span> <span class='ocrx_word' id='word_1_257' title='bbox 461 2679 938 2757; x_wconf 86' lang='lat' dir='ltr'><strong>comparationem</strong></span> <span class='ocrx_word' id='word_1_258' title='bbox 981 2675 1180 2747; x_wconf 84' lang='lat' dir='ltr'><strong>quippe</strong></span> <span class='ocrx_word' id='word_1_259' title='bbox 1206 2672 1351 2728; x_wconf 91' lang='lat' dir='ltr'><strong>illius</strong></span> <span class='ocrx_word' id='word_1_260' title='bbox 1379 2667 1683 2741; x_wconf 67' lang='lat' dir='ltr'><strong>sapientiae,</strong></span> 
     </span>
    </p>
   </div>
   <div class='ocr_carea' id='block_1_33' title="bbox 142 2759 1683 2847">
    <p class='ocr_par' dir='ltr' id='par_1_33' title="bbox 142 2759 1683 2847">
     <span class='ocr_line' id='line_1_33' title="bbox 142 2759 1683 2847; baseline -0.015 -11"><span class='ocrx_word' id='word_1_261' title='bbox 142 2792 259 2847; x_wconf 80' lang='lat' dir='ltr'><strong>quam</strong></span> <span class='ocrx_word' id='word_1_262' title='bbox 277 2788 512 2834; x_wconf 87' lang='lat' dir='ltr'><strong>terrenus</strong></span> <span class='ocrx_word' id='word_1_263' title='bbox 533 2790 652 2831; x_wconf 86' lang='lat' dir='ltr'><strong>non</strong></span> <span class='ocrx_word' id='word_1_264' title='bbox 681 2770 827 2844; x_wconf 89' lang='lat' dir='ltr'><strong>capit</strong></span> <span class='ocrx_word' id='word_1_265' title='bbox 853 2771 1027 2836; x_wconf 90' lang='lat' dir='ltr'><strong>locus,</strong></span> <span class='ocrx_word' id='word_1_266' title='bbox 1054 2769 1124 2821; x_wconf 90' lang='lat' dir='ltr'><strong>ad</strong></span> <span class='ocrx_word' id='word_1_267' title='bbox 1151 2764 1300 2820; x_wconf 88' lang='lat' dir='ltr'><strong>illam</strong></span> <span class='ocrx_word' id='word_1_268' title='bbox 1329 2759 1683 2833; x_wconf 87' lang='lat' dir='ltr'><strong>sapientiam,</strong></span> 
     </span>
    </p>
   </div>
   <div class='ocr_carea' id='block_1_34' title="bbox 141 2854 1686 2943">
    <p class='ocr_par' dir='ltr' id='par_1_34' title="bbox 141 2854 1686 2943">
     <span class='ocr_line' id='line_1_34' title="bbox 141 2854 1686 2943; baseline -0.014 -12"><span class='ocrx_word' id='word_1_269' title='bbox 141 2888 231 2943; x_wconf 76' lang='lat' dir='ltr'><strong>quae</strong></span> <span class='ocrx_word' id='word_1_270' title='bbox 248 2873 465 2930; x_wconf 75' lang='lat' dir='ltr'><strong>omlestis</strong></span> <span class='ocrx_word' id='word_1_271' title='bbox 485 2879 584 2928; x_wconf 79' lang='lat' dir='ltr'><strong>est</strong></span> <span class='ocrx_word' id='word_1_272' title='bbox 604 2913 621 2939; x_wconf 93' lang='lat'><strong>,</strong></span> <span class='ocrx_word' id='word_1_273' title='bbox 651 2882 773 2941; x_wconf 70' lang='lat' dir='ltr'><strong>qun:</strong></span> <span class='ocrx_word' id='word_1_274' title='bbox 815 2861 1002 2922; x_wconf 88' lang='lat' dir='ltr'><strong>mundi</strong></span> <span class='ocrx_word' id='word_1_275' title='bbox 1025 2861 1268 2918; x_wconf 85' lang='lat' dir='ltr'><strong>limitem</strong></span> <span class='ocrx_word' id='word_1_276' title='bbox 1293 2855 1510 2914; x_wconf 78' lang='lat' dir='ltr'><strong>excedit</strong></span> <span class='ocrx_word' id='word_1_277' title='bbox 1531 2894 1548 2921; x_wconf 94' lang='lat'><strong>,</strong></span> <span class='ocrx_word' id='word_1_278' title='bbox 1581 2854 1686 2909; x_wconf 88' lang='lat' dir='ltr'><strong>hoc</strong></span> 
     </span>
    </p>
   </div>
   <div class='ocr_carea' id='block_1_35' title="bbox 139 2947 1683 3037">
    <p class='ocr_par' dir='ltr' id='par_1_35' title="bbox 139 2947 1683 3037">
     <span class='ocr_line' id='line_1_35' title="bbox 139 2947 1683 3037; baseline -0.014 -14"><span class='ocrx_word' id='word_1_279' title='bbox 139 2970 243 3037; x_wconf 83' lang='lat' dir='ltr'><strong>quod</strong></span> <span class='ocrx_word' id='word_1_280' title='bbox 267 2966 534 3025; x_wconf 84' lang='lat' dir='ltr'><strong>descendit</strong></span> <span class='ocrx_word' id='word_1_281' title='bbox 564 2964 636 3020; x_wconf 85' lang='lat' dir='ltr'><strong>ad</strong></span> <span class='ocrx_word' id='word_1_282' title='bbox 668 2961 949 3026; x_wconf 85' lang='lat' dir='ltr'><strong>homines,</strong></span> <span class='ocrx_word' id='word_1_283' title='bbox 979 2956 1184 3013; x_wconf 88' lang='lat' dir='ltr'><strong>fatuum</strong></span> <span class='ocrx_word' id='word_1_284' title='bbox 1217 2951 1310 3009; x_wconf 89' lang='lat' dir='ltr'><strong>Dei</strong></span> <span class='ocrx_word' id='word_1_285' title='bbox 1345 2958 1451 3007; x_wconf 91' lang='lat' dir='ltr'><strong>est.</strong></span> <span class='ocrx_word' id='word_1_286' title='bbox 1484 2947 1683 3003; x_wconf 82' lang='lat' dir='ltr'><strong>Verum</strong></span> 
     </span>
    </p>
   </div>
   <div class='ocr_carea' id='block_1_36' title="bbox 141 3042 1687 3134">
    <p class='ocr_par' dir='ltr' id='par_1_36' title="bbox 141 3042 1687 3134">
     <span class='ocr_line' id='line_1_36' title="bbox 141 3042 1687 3134; baseline -0.013 -18"><span class='ocrx_word' id='word_1_287' title='bbox 141 3062 178 3117; x_wconf 90' lang='lat' dir='ltr'><strong>id</strong></span> <span class='ocrx_word' id='word_1_288' title='bbox 195 3064 341 3134; x_wconf 86' lang='lat' dir='ltr'><strong>ipsum</strong></span> <span class='ocrx_word' id='word_1_289' title='bbox 360 3062 574 3118; x_wconf 86' lang='lat' dir='ltr'><strong>fatuum</strong></span> <span class='ocrx_word' id='word_1_290' title='bbox 608 3057 726 3125; x_wconf 90' lang='lat' dir='ltr'><strong>Dei,</strong></span> <span class='ocrx_word' id='word_1_291' title='bbox 755 3052 1056 3128; x_wconf 87' lang='lat' dir='ltr'><strong>sapientius</strong></span> <span class='ocrx_word' id='word_1_292' title='bbox 1082 3057 1168 3106; x_wconf 87' lang='lat' dir='ltr'><strong>est</strong></span> <span class='ocrx_word' id='word_1_293' title='bbox 1196 3044 1525 3103; x_wconf 90' lang='lat' dir='ltr'><strong>hominibus.</strong></span> <span class='ocrx_word' id='word_1_294' title='bbox 1558 3042 1687 3111; x_wconf 85' lang='lat' dir='ltr'><strong>Qui-</strong></span> 
     </span>
    </p>
   </div>
   <div class='ocr_carea' id='block_1_37' title="bbox 66 3135 1679 3233">
    <p class='ocr_par' dir='ltr' id='par_1_37' title="bbox 66 3135 1679 3233">
     <span class='ocr_line' id='line_1_37' title="bbox 66 3135 1679 3233; baseline -0.015 -19"><span class='ocrx_word' id='word_1_295' title='bbox 66 3230 71 3233; x_wconf 23' lang='lat'><strong>,</strong></span> <span class='ocrx_word' id='word_1_296' title='bbox 138 3161 209 3213; x_wconf 85' lang='lat' dir='ltr'><strong>bus</strong></span> <span class='ocrx_word' id='word_1_297' title='bbox 226 3156 557 3213; x_wconf 79' lang='lat' dir='ltr'><strong>hominibus?</strong></span> <span class='ocrx_word' id='word_1_298' title='bbox 590 3152 707 3209; x_wconf 82' lang='lat' dir='ltr'><strong>Non</strong></span> <span class='ocrx_word' id='word_1_299' title='bbox 735 3150 920 3220; x_wconf 88' lang='lat' dir='ltr'><strong>utique</strong></span> <span class='ocrx_word' id='word_1_300' title='bbox 947 3142 1142 3209; x_wconf 87' lang='lat' dir='ltr'><strong>stultis,</strong></span> <span class='ocrx_word' id='word_1_301' title='bbox 1175 3140 1272 3198; x_wconf 90' lang='lat' dir='ltr'><strong>sed</strong></span> <span class='ocrx_word' id='word_1_302' title='bbox 1300 3135 1633 3233; x_wconf 83' lang='lat' dir='ltr'><strong>sapientibus</strong></span> <span class='ocrx_word' id='word_1_303' title='bbox 1664 3151 1679 3190; x_wconf 90' lang='lat'><strong>:</strong></span> 
     </span>
    </p>
   </div>
   <div class='ocr_carea' id='block_1_38' title="bbox 137 3216 1753 3319">
    <p class='ocr_par' dir='ltr' id='par_1_38' title="bbox 137 3216 1753 3319">
     <span class='ocr_line' id='line_1_38' title="bbox 137 3216 1753 3319; baseline -0.016 -13"><span class='ocrx_word' id='word_1_304' title='bbox 137 3252 242 3307; x_wconf 83' lang='lat' dir='ltr'><strong>dicat</strong></span> <span class='ocrx_word' id='word_1_305' title='bbox 265 3252 381 3307; x_wconf 81' lang='lat' dir='ltr'><strong>licet</strong></span> <span class='ocrx_word' id='word_1_306' title='bbox 406 3291 421 3315; x_wconf 87' lang='lat'><strong>,</strong></span> <span class='ocrx_word' id='word_1_307' title='bbox 453 3248 739 3319; x_wconf 85' lang='lat' dir='ltr'><strong>sapientes</strong></span> <span class='ocrx_word' id='word_1_308' title='bbox 769 3216 928 3312; x_wconf 73' lang='lat' dir='ltr'><strong>hujus</strong></span> <span class='ocrx_word' id='word_1_309' title='bbox 957 3236 1144 3295; x_wconf 70' lang='lat' dir='ltr'><strong>saeculi</strong></span> <span class='ocrx_word' id='word_1_310' title='bbox 1167 3276 1183 3302; x_wconf 92' lang='lat'><strong>,</strong></span> <span class='ocrx_word' id='word_1_311' title='bbox 1230 3233 1345 3289; x_wconf 83' lang='lat' dir='ltr'><strong>sive</strong></span> <span class='ocrx_word' id='word_1_312' title='bbox 1384 3229 1678 3303; x_wconf 86' lang='lat' dir='ltr'><strong>principes,</strong></span> <span class='ocrx_word' id='word_1_313' title='bbox 1707 3216 1753 3280; x_wconf 85' lang='lat' dir='ltr'><strong>C</strong></span> 
     </span>
    </p>
   </div>
   <div class='ocr_carea' id='block_1_39' title="bbox 135 3320 1683 3408">
    <p class='ocr_par' dir='ltr' id='par_1_39' title="bbox 135 3320 1683 3408">
     <span class='ocr_line' id='line_1_39' title="bbox 135 3320 1683 3408; baseline -0.016 -9"><span class='ocrx_word' id='word_1_314' title='bbox 135 3347 220 3400; x_wconf 80' lang='lat' dir='ltr'><strong>sive</strong></span> <span class='ocrx_word' id='word_1_315' title='bbox 250 3354 406 3401; x_wconf 82' lang='lat' dir='ltr'><strong>vates.</strong></span> <span class='ocrx_word' id='word_1_316' title='bbox 438 3340 577 3399; x_wconf 86' lang='lat' dir='ltr'><strong>Istis</strong></span> <span class='ocrx_word' id='word_1_317' title='bbox 616 3334 951 3408; x_wconf 88' lang='lat' dir='ltr'><strong>sapientibus</strong></span> <span class='ocrx_word' id='word_1_318' title='bbox 993 3328 1216 3395; x_wconf 79' lang='lat' dir='ltr'><strong>szeculi,</strong></span> <span class='ocrx_word' id='word_1_319' title='bbox 1265 3326 1370 3381; x_wconf 89' lang='lat' dir='ltr'><strong>hoc</strong></span> <span class='ocrx_word' id='word_1_320' title='bbox 1406 3320 1553 3395; x_wconf 88' lang='lat' dir='ltr'><strong>quod</strong></span> <span class='ocrx_word' id='word_1_321' title='bbox 1582 3335 1683 3376; x_wconf 87' lang='lat' dir='ltr'><strong>nos</strong></span> 
     </span>
    </p>
   </div>
   <div class='ocr_carea' id='block_1_40' title="bbox 136 3414 1682 3508">
    <p class='ocr_par' dir='ltr' id='par_1_40' title="bbox 136 3414 1682 3508">
     <span class='ocr_line' id='line_1_40' title="bbox 136 3414 1682 3508; baseline -0.015 -15"><span class='ocrx_word' id='word_1_322' title='bbox 136 3436 432 3508; x_wconf 77' lang='lat' dir='ltr'><strong>exposuimus</strong></span> <span class='ocrx_word' id='word_1_323' title='bbox 484 3434 701 3490; x_wconf 83' lang='lat' dir='ltr'><strong>fatuum</strong></span> <span class='ocrx_word' id='word_1_324' title='bbox 771 3427 865 3483; x_wconf 89' lang='lat' dir='ltr'><strong>Dei</strong></span> <span class='ocrx_word' id='word_1_325' title='bbox 918 3421 1217 3494; x_wconf 84' lang='lat' dir='ltr'><strong>sapientius</strong></span> <span class='ocrx_word' id='word_1_326' title='bbox 1286 3425 1388 3474; x_wconf 88' lang='lat' dir='ltr'><strong>est.</strong></span> <span class='ocrx_word' id='word_1_327' title='bbox 1440 3414 1682 3472; x_wconf 77' lang='lat' dir='ltr'><strong>Mirabile</strong></span> 
     </span>
    </p>
   </div>
   <div class='ocr_carea' id='block_1_41' title="bbox 133 3505 1682 3597">
    <p class='ocr_par' dir='ltr' id='par_1_41' title="bbox 133 3505 1682 3597">
     <span class='ocr_line' id='line_1_41' title="bbox 133 3505 1682 3597; baseline -0.014 -15"><span class='ocrx_word' id='word_1_328' title='bbox 133 3505 339 3597; x_wconf 81' lang='lat' dir='ltr'><strong>quiddam</strong></span> <span class='ocrx_word' id='word_1_329' title='bbox 359 3527 617 3584; x_wconf 87' lang='lat' dir='ltr'><strong>volumus</strong></span> <span class='ocrx_word' id='word_1_330' title='bbox 634 3523 878 3578; x_wconf 86' lang='lat' dir='ltr'><strong>inserere</strong></span> <span class='ocrx_word' id='word_1_331' title='bbox 901 3535 914 3571; x_wconf 92' lang='lat'>:</span> <span class='ocrx_word' id='word_1_332' title='bbox 938 3514 1191 3586; x_wconf 88' lang='lat' dir='ltr'><strong>quoniam</strong></span> <span class='ocrx_word' id='word_1_333' title='bbox 1212 3508 1473 3581; x_wconf 86' lang='lat' dir='ltr'><strong>sapientia</strong></span> <span class='ocrx_word' id='word_1_334' title='bbox 1495 3505 1682 3562; x_wconf 90' lang='lat' dir='ltr'><strong>mundi</strong></span> 
     </span>
    </p>
   </div>
   <div class='ocr_carea' id='block_1_42' title="bbox 134 3600 1681 3690">
    <p class='ocr_par' dir='ltr' id='par_1_42' title="bbox 134 3600 1681 3690">
     <span class='ocr_line' id='line_1_42' title="bbox 134 3600 1681 3690; baseline -0.012 -16"><span class='ocrx_word' id='word_1_335' title='bbox 134 3621 316 3676; x_wconf 78' lang='lat' dir='ltr'><strong>stultitia</strong></span> <span class='ocrx_word' id='word_1_336' title='bbox 347 3630 429 3676; x_wconf 87' lang='lat' dir='ltr'><strong>est</strong></span> <span class='ocrx_word' id='word_1_337' title='bbox 465 3616 619 3690; x_wconf 88' lang='lat' dir='ltr'><strong>apud</strong></span> <span class='ocrx_word' id='word_1_338' title='bbox 663 3614 872 3670; x_wconf 88' lang='lat' dir='ltr'><strong>Deum:</strong></span> <span class='ocrx_word' id='word_1_339' title='bbox 904 3619 958 3665; x_wconf 93' lang='lat' dir='ltr'><strong>et</strong></span> <span class='ocrx_word' id='word_1_340' title='bbox 985 3605 1268 3663; x_wconf 88' lang='lat' dir='ltr'><strong>infatuavit</strong></span> <span class='ocrx_word' id='word_1_341' title='bbox 1296 3603 1435 3658; x_wconf 90' lang='lat' dir='ltr'><strong>Deus</strong></span> <span class='ocrx_word' id='word_1_342' title='bbox 1462 3600 1681 3670; x_wconf 88' lang='lat' dir='ltr'><strong>sapien-</strong></span> 
     </span>
    </p>
   </div>
   <div class='ocr_carea' id='block_1_43' title="bbox 133 3692 1684 3781">
    <p class='ocr_par' dir='ltr' id='par_1_43' title="bbox 133 3692 1684 3781">
     <span class='ocr_line' id='line_1_43' title="bbox 133 3692 1684 3781; baseline -0.014 -13"><span class='ocrx_word' id='word_1_343' title='bbox 133 3715 229 3770; x_wconf 80' lang='lat' dir='ltr'><strong>tiam</strong></span> <span class='ocrx_word' id='word_1_344' title='bbox 250 3716 455 3781; x_wconf 89' lang='lat' dir='ltr'><strong>mundi,</strong></span> <span class='ocrx_word' id='word_1_345' title='bbox 491 3727 609 3768; x_wconf 89' lang='lat' dir='ltr'><strong>non</strong></span> <span class='ocrx_word' id='word_1_346' title='bbox 651 3709 706 3765; x_wconf 91' lang='lat' dir='ltr'><strong>in</strong></span> <span class='ocrx_word' id='word_1_347' title='bbox 742 3703 1009 3777; x_wconf 90' lang='lat' dir='ltr'><strong>sapientia</strong></span> <span class='ocrx_word' id='word_1_348' title='bbox 1053 3716 1151 3757; x_wconf 88' lang='lat' dir='ltr'><strong>sua</strong></span> <span class='ocrx_word' id='word_1_349' title='bbox 1188 3697 1471 3755; x_wconf 89' lang='lat' dir='ltr'><strong>infatuavit</strong></span> <span class='ocrx_word' id='word_1_350' title='bbox 1499 3692 1684 3749; x_wconf 88' lang='lat' dir='ltr'><strong>mundi</strong></span> 
     </span>
    </p>
   </div>
   <div class='ocr_carea' id='block_1_44' title="bbox 134 3787 1683 3877">
    <p class='ocr_par' dir='ltr' id='par_1_44' title="bbox 134 3787 1683 3877">
     <span class='ocr_line' id='line_1_44' title="bbox 134 3787 1683 3877; baseline -0.013 -16"><span class='ocrx_word' id='word_1_351' title='bbox 134 3808 441 3877; x_wconf 78' lang='lat' dir='ltr'><strong>sapiemiam,</strong></span> <span class='ocrx_word' id='word_1_352' title='bbox 472 3815 537 3861; x_wconf 87' lang='lat' dir='ltr'><strong>ut</strong></span> <span class='ocrx_word' id='word_1_353' title='bbox 561 3817 687 3860; x_wconf 88' lang='lat' dir='ltr'><strong>esse</strong></span> <span class='ocrx_word' id='word_1_354' title='bbox 725 3797 958 3857; x_wconf 90' lang='lat' dir='ltr'><strong>stultitia</strong></span> <span class='ocrx_word' id='word_1_355' title='bbox 1002 3802 1280 3865; x_wconf 79' lang='lat' dir='ltr'><strong>arguatur.</strong></span> <span class='ocrx_word' id='word_1_356' title='bbox 1310 3791 1497 3861; x_wconf 86' lang='lat' dir='ltr'><strong>Neque</strong></span> <span class='ocrx_word' id='word_1_357' title='bbox 1537 3787 1683 3843; x_wconf 90' lang='lat' dir='ltr'><strong>enim</strong></span> 
     </span>
    </p>
   </div>
   <div class='ocr_carea' id='block_1_45' title="bbox 132 3878 1683 3972">
    <p class='ocr_par' dir='ltr' id='par_1_45' title="bbox 132 3878 1683 3972">
     <span class='ocr_line' id='line_1_45' title="bbox 132 3878 1683 3972; baseline -0.013 -20"><span class='ocrx_word' id='word_1_358' title='bbox 132 3899 337 3969; x_wconf 75' lang='lat' dir='ltr'><strong>dignatur</strong></span> <span class='ocrx_word' id='word_1_359' title='bbox 360 3896 637 3972; x_wconf 85' lang='lat' dir='ltr'><strong>sapientia</strong></span> <span class='ocrx_word' id='word_1_360' title='bbox 667 3892 764 3950; x_wconf 87' lang='lat' dir='ltr'><strong>Dei</strong></span> <span class='ocrx_word' id='word_1_361' title='bbox 791 3890 861 3947; x_wconf 90' lang='lat' dir='ltr'><strong>ad</strong></span> <span class='ocrx_word' id='word_1_362' title='bbox 889 3887 1076 3945; x_wconf 90' lang='lat' dir='ltr'><strong>mundi</strong></span> <span class='ocrx_word' id='word_1_363' title='bbox 1108 3884 1426 3955; x_wconf 84' lang='lat' dir='ltr'><strong>sapientiam</strong></span> <span class='ocrx_word' id='word_1_364' title='bbox 1456 3878 1683 3972; x_wconf 85' lang='lat' dir='ltr'><strong>convin-</strong></span> 
     </span>
    </p>
   </div>
   <div class='ocr_carea' id='block_1_46' title="bbox 134 3971 1686 4050">
    <p class='ocr_par' dir='ltr' id='par_1_46' title="bbox 134 3971 1686 4050">
     <span class='ocr_line' id='line_1_46' title="bbox 134 3971 1686 4050; baseline -0.015 2"><span class='ocrx_word' id='word_1_365' title='bbox 134 3992 316 4049; x_wconf 72' lang='lat' dir='ltr'><strong>cwdam</strong></span> <span class='ocrx_word' id='word_1_366' title='bbox 359 3971 475 4048; x_wconf 86' lang='lat' dir='ltr'><strong>tota</strong></span> <span class='ocrx_word' id='word_1_367' title='bbox 502 3985 876 4050; x_wconf 89' lang='lat' dir='ltr'><strong>descendere,</strong></span> <span class='ocrx_word' id='word_1_368' title='bbox 916 3982 1011 4038; x_wconf 92' lang='lat' dir='ltr'><strong>sed</strong></span> <span class='ocrx_word' id='word_1_369' title='bbox 1054 3978 1234 4050; x_wconf 90' lang='lat' dir='ltr'><strong>potius</strong></span> <span class='ocrx_word' id='word_1_370' title='bbox 1259 3975 1551 4041; x_wconf 89' lang='lat' dir='ltr'><strong>modicum,</strong></span> <span class='ocrx_word' id='word_1_371' title='bbox 1582 3971 1686 4028; x_wconf 89' lang='lat' dir='ltr'><strong>hoc</strong></span> 
     </span>
    </p>
   </div>
   <div class='ocr_carea' id='block_1_47' title="bbox 134 4067 1684 4145">
    <p class='ocr_par' dir='ltr' id='par_1_47' title="bbox 134 4067 1684 4145">
     <span class='ocr_line' id='line_1_47' title="bbox 134 4067 1684 4145; baseline -0.014 -4"><span class='ocrx_word' id='word_1_372' title='bbox 134 4097 199 4141; x_wconf 86' lang='lat' dir='ltr'><strong>cst</strong></span> <span class='ocrx_word' id='word_1_373' title='bbox 235 4085 625 4145; x_wconf 84' lang='lat' dir='ltr'><strong>lncarnationis</strong></span> <span class='ocrx_word' id='word_1_374' title='bbox 660 4084 1087 4137; x_wconf 87' lang='lat' dir='ltr'><strong>sacramentum.</strong></span> <span class='ocrx_word' id='word_1_375' title='bbox 1130 4072 1267 4142; x_wconf 86' lang='lat' dir='ltr'><strong>Quid</strong></span> <span class='ocrx_word' id='word_1_376' title='bbox 1319 4067 1684 4125; x_wconf 90' lang='lat' dir='ltr'><strong>necessarium</strong></span> 
     </span>
    </p>
   </div>
   <div class='ocr_carea' id='block_1_48' title="bbox 134 4158 1687 4251">
    <p class='ocr_par' dir='ltr' id='par_1_48' title="bbox 134 4158 1687 4251">
     <span class='ocr_line' id='line_1_48' title="bbox 134 4158 1687 4251; baseline -0.017 -13"><span class='ocrx_word' id='word_1_377' title='bbox 134 4178 224 4244; x_wconf 73' lang='lat' dir='ltr'><strong>fuit,</strong></span> <span class='ocrx_word' id='word_1_378' title='bbox 250 4179 385 4251; x_wconf 86' lang='lat' dir='ltr'><strong>quod</strong></span> <span class='ocrx_word' id='word_1_379' title='bbox 430 4178 647 4233; x_wconf 83' lang='lat' dir='ltr'><strong>fatuum</strong></span> <span class='ocrx_word' id='word_1_380' title='bbox 691 4171 790 4227; x_wconf 89' lang='lat' dir='ltr'><strong>Dei</strong></span> <span class='ocrx_word' id='word_1_381' title='bbox 814 4176 934 4225; x_wconf 90' lang='lat' dir='ltr'><strong>erat</strong></span> <span class='ocrx_word' id='word_1_382' title='bbox 957 4210 972 4235; x_wconf 91' lang='lat'><strong>,</strong></span> <span class='ocrx_word' id='word_1_383' title='bbox 1003 4174 1065 4221; x_wconf 89' lang='lat' dir='ltr'><strong>ut</strong></span> <span class='ocrx_word' id='word_1_384' title='bbox 1104 4164 1208 4219; x_wconf 88' lang='lat' dir='ltr'><strong>hoc</strong></span> <span class='ocrx_word' id='word_1_385' title='bbox 1255 4177 1421 4233; x_wconf 85' lang='lat' dir='ltr'><strong>parvo</strong></span> <span class='ocrx_word' id='word_1_386' title='bbox 1454 4169 1509 4215; x_wconf 91' lang='lat' dir='ltr'><strong>et</strong></span> <span class='ocrx_word' id='word_1_387' title='bbox 1538 4158 1687 4213; x_wconf 89' lang='lat' dir='ltr'><strong>fatuo</strong></span> 
     </span>
    </p>
   </div>
   <div class='ocr_carea' id='block_1_49' title="bbox 133 4252 1688 4339">
    <p class='ocr_par' dir='ltr' id='par_1_49' title="bbox 133 4252 1688 4339">
     <span class='ocr_line' id='line_1_49' title="bbox 133 4252 1688 4339; baseline -0.014 -12"><span class='ocrx_word' id='word_1_388' title='bbox 133 4271 221 4339; x_wconf 79' lang='lat' dir='ltr'><strong>Dei,</strong></span> <span class='ocrx_word' id='word_1_389' title='bbox 245 4272 601 4329; x_wconf 84' lang='lat' dir='ltr'><strong>infatuaretur</strong></span> <span class='ocrx_word' id='word_1_390' title='bbox 622 4265 807 4323; x_wconf 66' lang='lat' dir='ltr'><strong>surculi</strong></span> <span class='ocrx_word' id='word_1_391' title='bbox 833 4254 1131 4334; x_wconf 79' lang='lat' dir='ltr'><strong>sapientia?</strong></span> <span class='ocrx_word' id='word_1_392' title='bbox 1160 4258 1279 4314; x_wconf 88' lang='lat' dir='ltr'><strong>Non</strong></span> <span class='ocrx_word' id='word_1_393' title='bbox 1307 4254 1455 4311; x_wconf 90' lang='lat' dir='ltr'><strong>enim</strong></span> <span class='ocrx_word' id='word_1_394' title='bbox 1477 4252 1688 4309; x_wconf 88' lang='lat' dir='ltr'><strong>valebat</strong></span> 
     </span>
    </p>
   </div>
   <div class='ocr_carea' id='block_1_50' title="bbox 134 4348 1690 4440">
    <p class='ocr_par' dir='ltr' id='par_1_50' title="bbox 134 4348 1690 4440">
     <span class='ocr_line' id='line_1_50' title="bbox 134 4348 1690 4440; baseline -0.014 -18"><span class='ocrx_word' id='word_1_395' title='bbox 134 4368 277 4423; x_wconf 68' lang='lat' dir='ltr'><strong>seculi</strong></span> <span class='ocrx_word' id='word_1_396' title='bbox 300 4366 580 4440; x_wconf 85' lang='lat' dir='ltr'><strong>sapientia</strong></span> <span class='ocrx_word' id='word_1_397' title='bbox 624 4357 1051 4431; x_wconf 83' lang='lat' dir='ltr'><strong>magnitudinem</strong></span> <span class='ocrx_word' id='word_1_398' title='bbox 1096 4355 1148 4409; x_wconf 89' lang='lat' dir='ltr'><strong>in</strong></span> <span class='ocrx_word' id='word_1_399' title='bbox 1193 4367 1255 4407; x_wconf 90' lang='lat' dir='ltr'><strong>se</strong></span> <span class='ocrx_word' id='word_1_400' title='bbox 1300 4348 1566 4406; x_wconf 86' lang='lat' dir='ltr'><strong>venientis</strong></span> <span class='ocrx_word' id='word_1_401' title='bbox 1600 4362 1690 4403; x_wconf 87' lang='lat' dir='ltr'><strong>sa-</strong></span> 
     </span>
    </p>
   </div>
   <div class='ocr_carea' id='block_1_51' title="bbox 132 4444 1691 4527">
    <p class='ocr_par' dir='ltr' id='par_1_51' title="bbox 132 4444 1691 4527">
     <span class='ocr_line' id='line_1_51' title="bbox 132 4444 1691 4527; baseline -0.017 -8"><span class='ocrx_word' id='word_1_402' title='bbox 132 4458 310 4527; x_wconf 78' lang='lat' dir='ltr'><strong>pientia:</strong></span> <span class='ocrx_word' id='word_1_403' title='bbox 331 4459 637 4515; x_wconf 85' lang='lat' dir='ltr'><strong>sustinere.</strong></span> <span class='ocrx_word' id='word_1_404' title='bbox 667 4453 863 4508; x_wconf 79' lang='lat' dir='ltr'><strong>Verum</strong></span> <span class='ocrx_word' id='word_1_405' title='bbox 892 4446 1207 4517; x_wconf 76' lang='lat' dir='ltr'><strong>exemplum</strong></span> <span class='ocrx_word' id='word_1_406' title='bbox 1238 4444 1599 4513; x_wconf 90' lang='lat' dir='ltr'><strong>interponam,</strong></span> <span class='ocrx_word' id='word_1_407' title='bbox 1633 4447 1691 4494; x_wconf 89' lang='lat' dir='ltr'><strong>ut</strong></span> 
     </span>
    </p>
   </div>
   <div class='ocr_carea' id='block_1_52' title="bbox 134 4532 1690 4622">
    <p class='ocr_par' dir='ltr' id='par_1_52' title="bbox 134 4532 1690 4622">
     <span class='ocr_line' id='line_1_52' title="bbox 134 4532 1690 4622; baseline -0.012 -16"><span class='ocrx_word' id='word_1_408' title='bbox 134 4554 383 4621; x_wconf 78' lang='lat' dir='ltr'><strong>perspicue</strong></span> <span class='ocrx_word' id='word_1_409' title='bbox 413 4548 594 4622; x_wconf 86' lang='lat' dir='ltr'><strong>possit</strong></span> <span class='ocrx_word' id='word_1_410' title='bbox 616 4544 864 4615; x_wconf 74' lang='lat' dir='ltr'><strong>intelligi,</strong></span> <span class='ocrx_word' id='word_1_411' title='bbox 889 4539 1162 4613; x_wconf 89' lang='lat' dir='ltr'><strong>quomodo</strong></span> <span class='ocrx_word' id='word_1_412' title='bbox 1181 4536 1389 4592; x_wconf 62' lang='lat' dir='ltr'><strong>fatuum</strong></span> <span class='ocrx_word' id='word_1_413' title='bbox 1415 4535 1531 4599; x_wconf 92' lang='lat' dir='ltr'><strong>Dei,</strong></span> <span class='ocrx_word' id='word_1_414' title='bbox 1557 4532 1690 4588; x_wconf 88' lang='lat' dir='ltr'><strong>stul-</strong></span> 
     </span>
    </p>
   </div>
   <div class='ocr_carea' id='block_1_53' title="bbox 1906 1018 3233 1090">
    <p class='ocr_par' dir='ltr' id='par_1_53' title="bbox 1906 1018 3233 1090">
     <span class='ocr_line' id='line_1_53' title="bbox 1906 1018 3233 1090; baseline -0.004 -10"><span class='ocrx_word' id='word_1_415' title='bbox 1906 1022 2220 1080; x_wconf 85' lang='lat' dir='ltr'><strong>MONITUM</strong></span> <span class='ocrx_word' id='word_1_416' title='bbox 2262 1022 2328 1079; x_wconf 85' lang='lat' dir='ltr'><strong>IN</strong></span> <span class='ocrx_word' id='word_1_417' title='bbox 2367 1020 2755 1079; x_wconf 80' lang='lat' dir='ltr'><strong>EPISTOLAM</strong></span> <span class='ocrx_word' id='word_1_418' title='bbox 2794 1018 3233 1090; x_wconf 76' lang='lat' dir='ltr'><strong>SEQUENTEM.</strong></span> 
     </span>
    </p>
   </div>
   <div class='ocr_carea' id='block_1_54' title="bbox 1859 1136 3370 1210">
    <p class='ocr_par' dir='ltr' id='par_1_54' title="bbox 1859 1136 3370 1210">
     <span class='ocr_line' id='line_1_54' title="bbox 1859 1136 3370 1210; baseline -0.005 -15"><span class='ocrx_word' id='word_1_419' title='bbox 1859 1138 2108 1195; x_wconf 85' lang='lat' dir='ltr'><strong>Erasmus</strong></span> <span class='ocrx_word' id='word_1_420' title='bbox 2128 1182 2143 1207; x_wconf 91' lang='lat'><strong>,</strong></span> <span class='ocrx_word' id='word_1_421' title='bbox 2176 1157 2325 1210; x_wconf 85' lang='lat' dir='ltr'><strong>quem</strong></span> <span class='ocrx_word' id='word_1_422' title='bbox 2357 1139 2550 1209; x_wconf 84' lang='lat' dir='ltr'><strong>passim</strong></span> <span class='ocrx_word' id='word_1_423' title='bbox 2582 1138 2874 1210; x_wconf 83' lang='lat' dir='ltr'><strong>criticorum</strong></span> <span class='ocrx_word' id='word_1_424' title='bbox 2914 1137 3011 1210; x_wconf 82' lang='lat' dir='ltr'><strong>[itii</strong></span> <span class='ocrx_word' id='word_1_425' title='bbox 3052 1136 3207 1210; x_wconf 82' lang='lat' dir='ltr'><strong>secuti</strong></span> <span class='ocrx_word' id='word_1_426' title='bbox 3232 1143 3370 1210; x_wconf 85' lang='lat' dir='ltr'><strong>sunt,</strong></span> 
     </span>
    </p>
   </div>
   <div class='ocr_carea' id='block_1_55' title="bbox 1787 1209 3369 1283">
    <p class='ocr_par' dir='ltr' id='par_1_55' title="bbox 1787 1209 3369 1283">
     <span class='ocr_line' id='line_1_55' title="bbox 1787 1209 3369 1283; baseline -0.004 -17"><span class='ocrx_word' id='word_1_427' title='bbox 1787 1227 1885 1266; x_wconf 86' lang='lat' dir='ltr'><strong>non</strong></span> <span class='ocrx_word' id='word_1_428' title='bbox 1915 1212 2115 1266; x_wconf 82' lang='lat' dir='ltr'><strong>dubitat</strong></span> <span class='ocrx_word' id='word_1_429' title='bbox 2146 1209 2335 1283; x_wconf 77' lang='lat' dir='ltr'><strong>negare</strong></span> <span class='ocrx_word' id='word_1_430' title='bbox 2371 1211 2615 1264; x_wconf 86' lang='lat' dir='ltr'><strong>Latinum</strong></span> <span class='ocrx_word' id='word_1_431' title='bbox 2653 1209 2813 1283; x_wconf 81' lang='lat' dir='ltr'><strong>fuisse</strong></span> <span class='ocrx_word' id='word_1_432' title='bbox 2838 1210 2925 1283; x_wconf 78' lang='lat' dir='ltr'><strong>qui</strong></span> <span class='ocrx_word' id='word_1_433' title='bbox 2952 1209 3058 1283; x_wconf 61' lang='lat' dir='ltr'><strong>hac</strong></span> <span class='ocrx_word' id='word_1_434' title='bbox 3082 1209 3369 1283; x_wconf 80' lang='lat' dir='ltr'><strong>scripserit,</strong></span> 
     </span>
    </p>
   </div>
   <div class='ocr_carea' id='block_1_56' title="bbox 1786 1279 3373 1352">
    <p class='ocr_par' dir='ltr' id='par_1_56' title="bbox 1786 1279 3373 1352">
     <span class='ocr_line' id='line_1_56' title="bbox 1786 1279 3373 1352; baseline -0.004 -14"><span class='ocrx_word' id='word_1_435' title='bbox 1786 1284 1873 1339; x_wconf 88' lang='lat' dir='ltr'><strong>sed</strong></span> <span class='ocrx_word' id='word_1_436' title='bbox 1895 1282 2134 1339; x_wconf 62' lang='lat' dir='ltr'><strong>Graecum</strong></span> <span class='ocrx_word' id='word_1_437' title='bbox 2163 1299 2182 1337; x_wconf 86' lang='lat'><strong><em>:</em></strong></span> <span class='ocrx_word' id='word_1_438' title='bbox 2210 1279 2273 1336; x_wconf 70' lang='lat' dir='ltr'><strong>ca:</strong></span> <span class='ocrx_word' id='word_1_439' title='bbox 2292 1300 2350 1337; x_wconf 90' lang='lat' dir='ltr'><strong>eo</strong></span> <span class='ocrx_word' id='word_1_440' title='bbox 2375 1283 2568 1337; x_wconf 78' lang='lat' dir='ltr'><strong>scilicet</strong></span> <span class='ocrx_word' id='word_1_441' title='bbox 2592 1279 2730 1352; x_wconf 87' lang='lat' dir='ltr'><strong>quod</strong></span> <span class='ocrx_word' id='word_1_442' title='bbox 2753 1282 2846 1344; x_wconf 90' lang='lat' dir='ltr'><strong>ait,</strong></span> <span class='ocrx_word' id='word_1_443' title='bbox 2873 1280 3062 1335; x_wconf 85' lang='lat' dir='ltr'><strong>Latino</strong></span> <span class='ocrx_word' id='word_1_444' title='bbox 3085 1290 3238 1335; x_wconf 82' lang='lat' dir='ltr'><strong>utens</strong></span> <span class='ocrx_word' id='word_1_445' title='bbox 3257 1279 3373 1352; x_wconf 83' lang='lat' dir='ltr'><strong>elo-</strong></span> 
     </span>
    </p>
   </div>
   <div class='ocr_carea' id='block_1_57' title="bbox 1788 1350 3373 1425">
    <p class='ocr_par' dir='ltr' id='par_1_57' title="bbox 1788 1350 3373 1425">
     <span class='ocr_line' id='line_1_57' title="bbox 1788 1350 3373 1425; baseline -0.004 -15"><span class='ocrx_word' id='word_1_446' title='bbox 1788 1357 1916 1425; x_wconf 90' lang='lat' dir='ltr'><strong>quio</strong></span> <span class='ocrx_word' id='word_1_447' title='bbox 1950 1372 1963 1409; x_wconf 89' lang='lat'><strong>:</strong></span> <span class='ocrx_word' id='word_1_448' title='bbox 1996 1365 2051 1410; x_wconf 92' lang='lat' dir='ltr'><strong>et</strong></span> <span class='ocrx_word' id='word_1_449' title='bbox 2082 1355 2370 1410; x_wconf 81' lang='lat' dir='ltr'><strong>infantium</strong></span> <span class='ocrx_word' id='word_1_450' title='bbox 2414 1369 2568 1409; x_wconf 89' lang='lat' dir='ltr'><strong>more</strong></span> <span class='ocrx_word' id='word_1_451' title='bbox 2594 1350 3030 1425; x_wconf 78' lang='lat' dir='ltr'><strong>balbutientium,</strong></span> <span class='ocrx_word' id='word_1_452' title='bbox 3051 1368 3112 1425; x_wconf 77' lang='lat' dir='ltr'><strong>se</strong></span> <span class='ocrx_word' id='word_1_453' title='bbox 3140 1350 3373 1407; x_wconf 87' lang='lat' dir='ltr'><strong>necdum</strong></span> 
     </span>
    </p>
   </div>
   <div class='ocr_carea' id='block_1_58' title="bbox 1790 1422 3365 1497">
    <p class='ocr_par' dir='ltr' id='par_1_58' title="bbox 1790 1422 3365 1497">
     <span class='ocr_line' id='line_1_58' title="bbox 1790 1422 3365 1497; baseline -0.005 -14"><span class='ocrx_word' id='word_1_454' title='bbox 1790 1422 1953 1497; x_wconf 85' lang='lat' dir='ltr'><strong>posse</strong></span> <span class='ocrx_word' id='word_1_455' title='bbox 1977 1426 2043 1481; x_wconf 91' lang='lat' dir='ltr'><strong>ad</strong></span> <span class='ocrx_word' id='word_1_456' title='bbox 2074 1426 2292 1496; x_wconf 90' lang='lat' dir='ltr'><strong>plenum</strong></span> <span class='ocrx_word' id='word_1_457' title='bbox 2326 1427 2489 1481; x_wconf 86' lang='lat' dir='ltr'><strong>verba</strong></span> <span class='ocrx_word' id='word_1_458' title='bbox 2523 1425 2780 1497; x_wconf 87' lang='lat' dir='ltr'><strong>formare.</strong></span> <span class='ocrx_word' id='word_1_459' title='bbox 2819 1422 3013 1478; x_wconf 86' lang='lat' dir='ltr'><strong>Verum</strong></span> <span class='ocrx_word' id='word_1_460' title='bbox 3042 1423 3194 1497; x_wconf 81' lang='lat' dir='ltr'><strong>longe</strong></span> <span class='ocrx_word' id='word_1_461' title='bbox 3222 1438 3365 1497; x_wconf 80' lang='lat' dir='ltr'><strong>secus</strong></span> 
     </span>
    </p>
   </div>
   <div class='ocr_carea' id='block_1_59' title="bbox 1791 1492 3371 1565">
    <p class='ocr_par' dir='ltr' id='par_1_59' title="bbox 1791 1492 3371 1565">
     <span class='ocr_line' id='line_1_59' title="bbox 1791 1492 3371 1565; baseline -0.004 -13"><span class='ocrx_word' id='word_1_462' title='bbox 1791 1492 1927 1552; x_wconf 74' lang='lat' dir='ltr'><strong>totus</strong></span> <span class='ocrx_word' id='word_1_463' title='bbox 1960 1492 2213 1552; x_wconf 82' lang='lat' dir='ltr'><strong>orationis</strong></span> <span class='ocrx_word' id='word_1_464' title='bbox 2243 1506 2509 1551; x_wconf 72' lang='lat' dir='ltr'><strong>contextus</strong></span> <span class='ocrx_word' id='word_1_465' title='bbox 2537 1496 2749 1559; x_wconf 82' lang='lat' dir='ltr'><strong>clamat,</strong></span> <span class='ocrx_word' id='word_1_466' title='bbox 2772 1504 2817 1548; x_wconf 87' lang='lat' dir='ltr'><strong>et</strong></span> <span class='ocrx_word' id='word_1_467' title='bbox 2844 1510 2961 1565; x_wconf 76' lang='lat' dir='ltr'><strong><em>qu</em></strong></span> <span class='ocrx_word' id='word_1_468' title='bbox 2988 1492 3228 1548; x_wconf 84' lang='lat' dir='ltr'><strong>continuo</strong></span> <span class='ocrx_word' id='word_1_469' title='bbox 3255 1492 3371 1546; x_wconf 83' lang='lat' dir='ltr'><strong>lau-</strong></span> 
     </span>
    </p>
   </div>
   <div class='ocr_carea' id='block_1_60' title="bbox 1792 1564 3374 1638">
    <p class='ocr_par' dir='ltr' id='par_1_60' title="bbox 1792 1564 3374 1638">
     <span class='ocr_line' id='line_1_60' title="bbox 1792 1564 3374 1638; baseline -0.004 -16"><span class='ocrx_word' id='word_1_470' title='bbox 1792 1570 1984 1624; x_wconf 81' lang='lat' dir='ltr'><strong>dantur</strong></span> <span class='ocrx_word' id='word_1_471' title='bbox 2013 1586 2077 1623; x_wconf 78' lang='lat' dir='ltr'><strong>ea:</strong></span> <span class='ocrx_word' id='word_1_472' title='bbox 2110 1568 2339 1638; x_wconf 77' lang='lat' dir='ltr'><strong>Vulgata</strong></span> <span class='ocrx_word' id='word_1_473' title='bbox 2380 1568 2567 1621; x_wconf 88' lang='lat' dir='ltr'><strong>Latina</strong></span> <span class='ocrx_word' id='word_1_474' title='bbox 2594 1564 3028 1638; x_wconf 73' lang='lat' dir='ltr'><strong>interpretatione</strong></span> <span class='ocrx_word' id='word_1_475' title='bbox 3071 1564 3374 1638; x_wconf 74' lang='lat' dir='ltr'><strong>Scriptura-</strong></span> 
     </span>
    </p>
   </div>
   <div class='ocr_carea' id='block_1_61' title="bbox 1791 1635 3377 1710">
    <p class='ocr_par' dir='ltr' id='par_1_61' title="bbox 1791 1635 3377 1710">
     <span class='ocr_line' id='line_1_61' title="bbox 1791 1635 3377 1710; baseline -0.004 -17"><span class='ocrx_word' id='word_1_476' title='bbox 1791 1658 1906 1696; x_wconf 88' lang='lat' dir='ltr'><strong>rum</strong></span> <span class='ocrx_word' id='word_1_477' title='bbox 1943 1635 2238 1695; x_wconf 84' lang='lat' dir='ltr'><strong>testimonia</strong></span> <span class='ocrx_word' id='word_1_478' title='bbox 2270 1655 2288 1693; x_wconf 93' lang='lat'><strong><em>:</em></strong></span> <span class='ocrx_word' id='word_1_479' title='bbox 2324 1651 2378 1693; x_wconf 88' lang='lat' dir='ltr'><strong>ut</strong></span> <span class='ocrx_word' id='word_1_480' title='bbox 2408 1640 2532 1710; x_wconf 87' lang='lat' dir='ltr'><strong>quin</strong></span> <span class='ocrx_word' id='word_1_481' title='bbox 2575 1635 2794 1692; x_wconf 85' lang='lat' dir='ltr'><strong>Latinus</strong></span> <span class='ocrx_word' id='word_1_482' title='bbox 2820 1640 2930 1709; x_wconf 79' lang='lat' dir='ltr'><strong>ipse</strong></span> <span class='ocrx_word' id='word_1_483' title='bbox 2968 1638 3155 1709; x_wconf 64' lang='lat' dir='ltr'><strong>(item,</strong></span> <span class='ocrx_word' id='word_1_484' title='bbox 3202 1635 3377 1689; x_wconf 84' lang='lat' dir='ltr'><strong>nullus</strong></span> 
     </span>
    </p>
   </div>
   <div class='ocr_carea' id='block_1_62' title="bbox 1793 1709 3378 1783">
    <p class='ocr_par' dir='ltr' id='par_1_62' title="bbox 1793 1709 3378 1783">
     <span class='ocr_line' id='line_1_62' title="bbox 1793 1709 3378 1783; baseline -0.006 -16"><span class='ocrx_word' id='word_1_485' title='bbox 1793 1730 1919 1767; x_wconf 87' lang='lat' dir='ltr'><strong>sane</strong></span> <span class='ocrx_word' id='word_1_486' title='bbox 1947 1712 2193 1773; x_wconf 87' lang='lat' dir='ltr'><strong>dubitem,</strong></span> <span class='ocrx_word' id='word_1_487' title='bbox 2224 1709 2530 1783; x_wconf 85' lang='lat' dir='ltr'><strong>quamquam</strong></span> <span class='ocrx_word' id='word_1_488' title='bbox 2560 1710 2627 1762; x_wconf 85' lang='lat' dir='ltr'><strong>ad</strong></span> <span class='ocrx_word' id='word_1_489' title='bbox 2658 1726 2788 1774; x_wconf 87' lang='lat' dir='ltr'><strong>eam,</strong></span> <span class='ocrx_word' id='word_1_490' title='bbox 2811 1725 2966 1780; x_wconf 88' lang='lat' dir='ltr'><strong>quam</strong></span> <span class='ocrx_word' id='word_1_491' title='bbox 2993 1709 3205 1783; x_wconf 79' lang='lat' dir='ltr'><strong>molitur</strong></span> <span class='ocrx_word' id='word_1_492' title='bbox 3227 1709 3378 1783; x_wconf 66' lang='lat' dir='ltr'><strong>[rau-</strong></span> 
     </span>
    </p>
   </div>
   <div class='ocr_carea' id='block_1_63' title="bbox 1796 1776 3375 1856">
    <p class='ocr_par' dir='ltr' id='par_1_63' title="bbox 1796 1776 3375 1856">
     <span class='ocr_line' id='line_1_63' title="bbox 1796 1776 3375 1856; baseline -0.003 -21"><span class='ocrx_word' id='word_1_493' title='bbox 1796 1786 1944 1849; x_wconf 85' lang='lat' dir='ltr'><strong>dem,</strong></span> <span class='ocrx_word' id='word_1_494' title='bbox 1973 1776 2296 1856; x_wconf 77' lang='lat' dir='ltr'><strong>peregrinum</strong></span> <span class='ocrx_word' id='word_1_495' title='bbox 2333 1776 2401 1837; x_wconf 73' lang='lat' dir='ltr'><strong>se</strong></span> <span class='ocrx_word' id='word_1_496' title='bbox 2428 1791 2625 1856; x_wconf 84' lang='lat' dir='ltr'><strong>tentare</strong></span> <span class='ocrx_word' id='word_1_497' title='bbox 2653 1776 3190 1856; x_wconf 34' lang='lat' dir='ltr'><strong>serntonentﬁsintulet.</strong></span> <span class='ocrx_word' id='word_1_498' title='bbox 3224 1776 3375 1831; x_wconf 79' lang='lat' dir='ltr'><strong>Nihil</strong></span> 
     </span>
    </p>
   </div>
   <div class='ocr_carea' id='block_1_64' title="bbox 1794 1850 3377 1926">
    <p class='ocr_par' dir='ltr' id='par_1_64' title="bbox 1794 1850 3377 1926">
     <span class='ocr_line' id='line_1_64' title="bbox 1794 1850 3377 1926; baseline -0.004 -18"><span class='ocrx_word' id='word_1_499' title='bbox 1794 1850 2068 1926; x_wconf 42' lang='lat' dir='ltr'><strong>itaque&#39;ad</strong></span> <span class='ocrx_word' id='word_1_500' title='bbox 2092 1850 2216 1909; x_wconf 61' lang='lat' dir='ltr'><strong>&#39;rem</strong></span> <span class='ocrx_word' id='word_1_501' title='bbox 2255 1863 2328 1908; x_wconf 85' lang='lat' dir='ltr'><strong>est</strong></span> <span class='ocrx_word' id='word_1_502' title='bbox 2364 1855 2660 1923; x_wconf 81' lang='lat' dir='ltr'><strong>conjectura</strong></span> <span class='ocrx_word' id='word_1_503' title='bbox 2709 1853 2800 1926; x_wconf 68' lang='lat' dir='ltr'><strong>itla</strong></span> <span class='ocrx_word' id='word_1_504' title='bbox 2837 1850 3254 1926; x_wconf 74' lang='lat' dir='ltr'><strong>de__Sophron_io,</strong></span> <span class='ocrx_word' id='word_1_505' title='bbox 3278 1865 3377 1926; x_wconf 70' lang='lat' dir='ltr'><strong>seu</strong></span> 
     </span>
    </p>
   </div>
   <div class='ocr_carea' id='block_1_65' title="bbox 1794 1920 3377 1996">
    <p class='ocr_par' dir='ltr' id='par_1_65' title="bbox 1794 1920 3377 1996">
     <span class='ocr_line' id='line_1_65' title="bbox 1794 1920 3377 1996; baseline -0.005 -16"><span class='ocrx_word' id='word_1_506' title='bbox 1794 1920 1970 1992; x_wconf 74' lang='lat' dir='ltr'><strong>veteri,</strong></span> <span class='ocrx_word' id='word_1_507' title='bbox 2000 1928 2139 1995; x_wconf 86' lang='lat' dir='ltr'><strong>quod</strong></span> <span class='ocrx_word' id='word_1_508' title='bbox 2154 1926 2392 1980; x_wconf 86' lang='lat' dir='ltr'><strong>Canisius</strong></span> <span class='ocrx_word' id='word_1_509' title='bbox 2413 1920 2613 1996; x_wconf 80' lang='lat' dir='ltr'><strong>quoque</strong></span> <span class='ocrx_word' id='word_1_510' title='bbox 2625 1923 2832 1996; x_wconf 58' lang='lat' dir='ltr'><strong>probat,</strong></span> <span class='ocrx_word' id='word_1_511' title='bbox 2863 1920 3377 1992; x_wconf 79' lang='lat' dir='ltr'><strong>Hieronymiamico,</strong></span> 
     </span>
    </p>
   </div>
   <div class='ocr_carea' id='block_1_66' title="bbox 1790 1993 3381 2066">
    <p class='ocr_par' dir='ltr' id='par_1_66' title="bbox 1790 1993 3381 2066">
     <span class='ocr_line' id='line_1_66' title="bbox 1790 1993 3381 2066; baseline -0.004 -15"><span class='ocrx_word' id='word_1_512' title='bbox 1790 2000 1877 2066; x_wconf 85' lang='lat' dir='ltr'><strong>qui</strong></span> <span class='ocrx_word' id='word_1_513' title='bbox 1907 1993 2243 2062; x_wconf 78' lang='lat' dir='ltr'><strong>Psalterium,</strong></span> <span class='ocrx_word' id='word_1_514' title='bbox 2272 1993 2523 2065; x_wconf 78' lang='lat' dir='ltr'><strong>pluraque</strong></span> <span class='ocrx_word' id='word_1_515' title='bbox 2548 1993 2656 2050; x_wconf 81' lang='lat' dir='ltr'><strong>alia</strong></span> <span class='ocrx_word' id='word_1_516' title='bbox 2680 1996 2742 2051; x_wconf 90' lang='lat' dir='ltr'><strong>S.</strong></span> <span class='ocrx_word' id='word_1_517' title='bbox 2771 1993 3012 2066; x_wconf 84' lang='lat' dir='ltr'><strong>Doctoris</strong></span> <span class='ocrx_word' id='word_1_518' title='bbox 3035 1996 3285 2066; x_wconf 74' lang='lat' dir='ltr'><strong>opuscula</strong></span> <span class='ocrx_word' id='word_1_519' title='bbox 3314 2007 3381 2066; x_wconf 67' lang='lat' dir='ltr'><strong>ea;</strong></span> 
     </span>
    </p>
   </div>
   <div class='ocr_carea' id='block_1_67' title="bbox 1789 2062 3382 2137">
    <p class='ocr_par' dir='ltr' id='par_1_67' title="bbox 1789 2062 3382 2137">
     <span class='ocr_line' id='line_1_67' title="bbox 1789 2062 3382 2137; baseline -0.004 -14"><span class='ocrx_word' id='word_1_520' title='bbox 1789 2062 1981 2123; x_wconf 78' lang='lat' dir='ltr'><strong>Latino</strong></span> <span class='ocrx_word' id='word_1_521' title='bbox 2011 2068 2207 2137; x_wconf 77' lang='lat' dir='ltr'><strong>refudit</strong></span> <span class='ocrx_word' id='word_1_522' title='bbox 2252 2062 2304 2121; x_wconf 87' lang='lat' dir='ltr'><strong>in</strong></span> <span class='ocrx_word' id='word_1_523' title='bbox 2335 2062 2577 2122; x_wconf 73' lang='lat' dir='ltr'><strong>Gra&#39;cum</strong></span> <span class='ocrx_word' id='word_1_524' title='bbox 2619 2082 2638 2120; x_wconf 92' lang='lat'><em>:</em></span> <span class='ocrx_word' id='word_1_525' title='bbox 2667 2084 2754 2121; x_wconf 83' lang='lat' dir='ltr'><strong>seu</strong></span> <span class='ocrx_word' id='word_1_526' title='bbox 2800 2065 3079 2137; x_wconf 82' lang='lat' dir='ltr'><strong>recentiore</strong></span> <span class='ocrx_word' id='word_1_527' title='bbox 3118 2063 3224 2137; x_wconf 82' lang='lat' dir='ltr'><strong>alio</strong></span> <span class='ocrx_word' id='word_1_528' title='bbox 3248 2102 3263 2128; x_wconf 93' lang='lat'><strong>,</strong></span> <span class='ocrx_word' id='word_1_529' title='bbox 3292 2062 3382 2137; x_wconf 75' lang='lat' dir='ltr'><strong>qui</strong></span> 
     </span>
    </p>
   </div>
   <div class='ocr_carea' id='block_1_68' title="bbox 1789 2133 3383 2201">
    <p class='ocr_par' dir='ltr' id='par_1_68' title="bbox 1789 2133 3383 2201">
     <span class='ocr_line' id='line_1_68' title="bbox 1789 2133 3383 2201; baseline -0.005 -7"><span class='ocrx_word' id='word_1_530' title='bbox 1789 2142 1932 2195; x_wconf 86' lang='lat' dir='ltr'><strong>circa</strong></span> <span class='ocrx_word' id='word_1_531' title='bbox 1975 2133 2199 2194; x_wconf 82' lang='lat' dir='ltr'><strong>medium</strong></span> <span class='ocrx_word' id='word_1_532' title='bbox 2227 2147 2461 2192; x_wconf 78' lang='lat' dir='ltr'><strong>octavum</strong></span> <span class='ocrx_word' id='word_1_533' title='bbox 2498 2139 2778 2201; x_wconf 73' lang='lat' dir='ltr'><strong>steculum,</strong></span> <span class='ocrx_word' id='word_1_534' title='bbox 2808 2146 2863 2189; x_wconf 86' lang='lat' dir='ltr'><strong>ut</strong></span> <span class='ocrx_word' id='word_1_535' title='bbox 2892 2152 2986 2189; x_wconf 84' lang='lat' dir='ltr'><strong>nos</strong></span> <span class='ocrx_word' id='word_1_536' title='bbox 3023 2135 3281 2196; x_wconf 75' lang='lat' dir='ltr'><strong>diximus,</strong></span> <span class='ocrx_word' id='word_1_537' title='bbox 3318 2133 3383 2186; x_wconf 78' lang='lat' dir='ltr'><strong>Ii-</strong></span> 
     </span>
    </p>
   </div>
   <div class='ocr_carea' id='block_1_69' title="bbox 1790 2207 3375 2277">
    <p class='ocr_par' dir='ltr' id='par_1_69' title="bbox 1790 2207 3375 2277">
     <span class='ocr_line' id='line_1_69' title="bbox 1790 2207 3375 2277; baseline -0.004 -11"><span class='ocrx_word' id='word_1_538' title='bbox 1790 2213 1941 2266; x_wconf 85' lang='lat' dir='ltr'><strong>brum</strong></span> <span class='ocrx_word' id='word_1_539' title='bbox 1986 2212 2052 2267; x_wconf 90' lang='lat' dir='ltr'><strong>de</strong></span> <span class='ocrx_word' id='word_1_540' title='bbox 2096 2209 2399 2265; x_wconf 81' lang='lat' dir='ltr'><strong>Illustribus</strong></span> <span class='ocrx_word' id='word_1_541' title='bbox 2460 2209 2592 2263; x_wconf 82' lang='lat' dir='ltr'><strong>Viris</strong></span> <span class='ocrx_word' id='word_1_542' title='bbox 2641 2207 2818 2263; x_wconf 65' lang='lat' dir='ltr'><strong>Grece</strong></span> <span class='ocrx_word' id='word_1_543' title='bbox 2862 2216 2937 2261; x_wconf 85' lang='lat' dir='ltr'><strong>est</strong></span> <span class='ocrx_word' id='word_1_544' title='bbox 2981 2209 3375 2277; x_wconf 83' lang='lat' dir='ltr'><strong>interpretatus.</strong></span> 
     </span>
    </p>
   </div>
   <div class='ocr_carea' id='block_1_70' title="bbox 1790 2278 3380 2352">
    <p class='ocr_par' dir='ltr' id='par_1_70' title="bbox 1790 2278 3380 2352">
     <span class='ocr_line' id='line_1_70' title="bbox 1790 2278 3380 2352; baseline -0.004 -15"><span class='ocrx_word' id='word_1_545' title='bbox 1790 2282 1969 2352; x_wconf 82' lang='lat' dir='ltr'><strong>Hujus</strong></span> <span class='ocrx_word' id='word_1_546' title='bbox 2009 2291 2187 2338; x_wconf 86' lang='lat' dir='ltr'><strong>auctor</strong></span> <span class='ocrx_word' id='word_1_547' title='bbox 2233 2282 2516 2346; x_wconf 83' lang='lat' dir='ltr'><strong>sermonis,</strong></span> <span class='ocrx_word' id='word_1_548' title='bbox 2549 2281 2782 2351; x_wconf 83' lang='lat' dir='ltr'><strong>quisquis</strong></span> <span class='ocrx_word' id='word_1_549' title='bbox 2810 2278 2917 2352; x_wconf 71' lang='lat' dir='ltr'><strong>ille</strong></span> <span class='ocrx_word' id='word_1_550' title='bbox 2942 2278 3133 2349; x_wconf 77' lang='lat' dir='ltr'><strong>fuerit,</strong></span> <span class='ocrx_word' id='word_1_551' title='bbox 3173 2285 3380 2332; x_wconf 64' lang='lat' dir='ltr'><strong>aetatem</strong></span> 
     </span>
    </p>
   </div>
   <div class='ocr_carea' id='block_1_71' title="bbox 1788 2348 3378 2425">
    <p class='ocr_par' dir='ltr' id='par_1_71' title="bbox 1788 2348 3378 2425">
     <span class='ocr_line' id='line_1_71' title="bbox 1788 2348 3378 2425; baseline -0.005 -17"><span class='ocrx_word' id='word_1_552' title='bbox 1788 2348 1937 2409; x_wconf 79' lang='lat' dir='ltr'><strong>suam</strong></span> <span class='ocrx_word' id='word_1_553' title='bbox 1977 2356 2252 2425; x_wconf 80' lang='lat' dir='ltr'><strong>manifesto</strong></span> <span class='ocrx_word' id='word_1_554' title='bbox 2298 2353 2469 2422; x_wconf 87' lang='lat' dir='ltr'><strong>prodit</strong></span> <span class='ocrx_word' id='word_1_555' title='bbox 2510 2369 2573 2407; x_wconf 83' lang='lat' dir='ltr'><strong>ea:</strong></span> <span class='ocrx_word' id='word_1_556' title='bbox 2598 2348 2935 2425; x_wconf 71' lang='lat' dir='ltr'><strong>ipso,_qnod_</strong></span> <span class='ocrx_word' id='word_1_557' title='bbox 2957 2355 3178 2425; x_wconf 77' lang='lat' dir='ltr'><strong>tractat,</strong></span> <span class='ocrx_word' id='word_1_558' title='bbox 3217 2364 3378 2425; x_wconf 68' lang='lat' dir='ltr'><strong>arqu-</strong></span> 
     </span>
    </p>
   </div>
   <div class='ocr_carea' id='block_1_72' title="bbox 1790 2419 3383 2495">
    <p class='ocr_par' dir='ltr' id='par_1_72' title="bbox 1790 2419 3383 2495">
     <span class='ocr_line' id='line_1_72' title="bbox 1790 2419 3383 2495; baseline -0.003 -17"><span class='ocrx_word' id='word_1_559' title='bbox 1790 2436 1983 2488; x_wconf 83' lang='lat' dir='ltr'><strong>mento,</strong></span> <span class='ocrx_word' id='word_1_560' title='bbox 2007 2419 2157 2495; x_wconf 78' lang='lat' dir='ltr'><strong>atque</strong></span> <span class='ocrx_word' id='word_1_561' title='bbox 2184 2440 2244 2479; x_wconf 93' lang='lat' dir='ltr'><strong>eo</strong></span> <span class='ocrx_word' id='word_1_562' title='bbox 2277 2419 2520 2485; x_wconf 78' lang='lat' dir='ltr'><strong>maxime,</strong></span> <span class='ocrx_word' id='word_1_563' title='bbox 2550 2419 2686 2491; x_wconf 83' lang='lat' dir='ltr'><strong>quod</strong></span> <span class='ocrx_word' id='word_1_564' title='bbox 2718 2419 2810 2495; x_wconf 76' lang='lat' dir='ltr'><strong>ait,</strong></span> <span class='ocrx_word' id='word_1_565' title='bbox 2844 2420 3254 2495; x_wconf 55' lang='lat' dir='ltr'><strong>solemnitatem</strong></span> <span class='ocrx_word' id='word_1_566' title='bbox 3273 2419 3383 2495; x_wconf 48' lang='lat' dir='ltr'><strong>ihs-</strong></span> 
     </span>
    </p>
   </div>
   <div class='ocr_carea' id='block_1_73' title="bbox 1790 2489 3378 2567">
    <p class='ocr_par' dir='ltr' id='par_1_73' title="bbox 1790 2489 3378 2567">
     <span class='ocr_line' id='line_1_73' title="bbox 1790 2489 3378 2567; baseline -0.004 -15"><span class='ocrx_word' id='word_1_567' title='bbox 1790 2489 2115 2567; x_wconf 85' lang='lat' dir='ltr'><strong>sumptionis</strong></span> <span class='ocrx_word' id='word_1_568' title='bbox 2165 2496 2335 2550; x_wconf 77' lang='lat' dir='ltr'><strong>beata:</strong></span> <span class='ocrx_word' id='word_1_569' title='bbox 2384 2489 2619 2565; x_wconf 75' lang='lat' dir='ltr'><strong>Virginis</strong></span> <span class='ocrx_word' id='word_1_570' title='bbox 2668 2492 2934 2549; x_wconf 87' lang='lat' dir='ltr'><strong>celebrari</strong></span> <span class='ocrx_word' id='word_1_571' title='bbox 2985 2491 3039 2567; x_wconf 84' lang='lat' dir='ltr'><strong>in</strong></span> <span class='ocrx_word' id='word_1_572' title='bbox 3062 2489 3378 2567; x_wconf 85' lang='lat' dir='ltr'><strong>_Ecclesi_is;</strong></span> 
     </span>
    </p>
   </div>
   <div class='ocr_carea' id='block_1_74' title="bbox 1790 2561 3383 2638">
    <p class='ocr_par' dir='ltr' id='par_1_74' title="bbox 1790 2561 3383 2638">
     <span class='ocr_line' id='line_1_74' title="bbox 1790 2561 3383 2638; baseline -0.004 -17"><span class='ocrx_word' id='word_1_573' title='bbox 1790 2561 2113 2638; x_wconf 80' lang='lat' dir='ltr'><strong>compertum</strong></span> <span class='ocrx_word' id='word_1_574' title='bbox 2137 2569 2275 2621; x_wconf 86' lang='lat' dir='ltr'><strong>enim</strong></span> <span class='ocrx_word' id='word_1_575' title='bbox 2300 2577 2394 2635; x_wconf 69' lang='lat' dir='ltr'><strong>est,</strong></span> <span class='ocrx_word' id='word_1_576' title='bbox 2426 2561 2604 2619; x_wconf 57' lang='lat' dir='ltr'><strong>oc&#39;tat&#39;o</strong></span> <span class='ocrx_word' id='word_1_577' title='bbox 2620 2563 3034 2638; x_wconf 58' lang='lat' dir='ltr'><strong>demumsa&#39;culo</strong></span> <span class='ocrx_word' id='word_1_578' title='bbox 3054 2561 3383 2638; x_wconf 43' lang='lat' dir='ltr'><strong>Itocncwpisse</strong></span> 
     </span>
    </p>
   </div>
   <div class='ocr_carea' id='block_1_75' title="bbox 1788 2632 3380 2710">
    <p class='ocr_par' dir='ltr' id='par_1_75' title="bbox 1788 2632 3380 2710">
     <span class='ocr_line' id='line_1_75' title="bbox 1788 2632 3380 2710; baseline -0.005 -17"><span class='ocrx_word' id='word_1_579' title='bbox 1788 2632 1977 2710; x_wconf 80' lang='lat' dir='ltr'><strong>festum</strong></span> <span class='ocrx_word' id='word_1_580' title='bbox 2005 2639 2230 2703; x_wconf 83' lang='lat' dir='ltr'><strong>institui,</strong></span> <span class='ocrx_word' id='word_1_581' title='bbox 2265 2632 2427 2709; x_wconf 80' lang='lat' dir='ltr'><strong>neque</strong></span> <span class='ocrx_word' id='word_1_582' title='bbox 2444 2640 2558 2710; x_wconf 85' lang='lat' dir='ltr'><strong>jam</strong></span> <span class='ocrx_word' id='word_1_583' title='bbox 2588 2637 2708 2710; x_wconf 82' lang='lat' dir='ltr'><strong>inde</strong></span> <span class='ocrx_word' id='word_1_584' title='bbox 2734 2637 2787 2689; x_wconf 91' lang='lat' dir='ltr'><strong>in</strong></span> <span class='ocrx_word' id='word_1_585' title='bbox 2818 2632 3380 2710; x_wconf 65' lang='lat' dir='ltr'><strong>Occidentis_Ecclesi_is</strong></span> 
     </span>
    </p>
   </div>
   <div class='ocr_carea' id='block_1_76' title="bbox 1790 2702 3381 2776">
    <p class='ocr_par' dir='ltr' id='par_1_76' title="bbox 1790 2702 3381 2776">
     <span class='ocr_line' id='line_1_76' title="bbox 1790 2702 3381 2776; baseline -0.006 -11"><span class='ocrx_word' id='word_1_586' title='bbox 1790 2702 2107 2770; x_wconf 78' lang='lat' dir='ltr'><strong>obtinuisse.</strong></span> <span class='ocrx_word' id='word_1_587' title='bbox 2132 2702 2247 2763; x_wconf 82' lang='lat' dir='ltr'><strong>cum</strong></span> <span class='ocrx_word' id='word_1_588' title='bbox 2292 2702 2384 2762; x_wconf 80' lang='lat' dir='ltr'><strong>sub</strong></span> <span class='ocrx_word' id='word_1_589' title='bbox 2426 2702 2548 2761; x_wconf 76' lang='lat' dir='ltr'><strong>noni</strong></span> <span class='ocrx_word' id='word_1_590' title='bbox 2585 2709 2788 2761; x_wconf 87' lang='lat' dir='ltr'><strong>initium</strong></span> <span class='ocrx_word' id='word_1_591' title='bbox 2816 2704 3031 2761; x_wconf 81' lang='lat' dir='ltr'><strong>Carolus</strong></span> <span class='ocrx_word' id='word_1_592' title='bbox 3075 2702 3381 2776; x_wconf 19' lang='lat' dir='ltr'><strong>Magnusiin</strong></span> 
     </span>
    </p>
   </div>
   <div class='ocr_carea' id='block_1_77' title="bbox 1788 2775 3383 2854">
    <p class='ocr_par' dir='ltr' id='par_1_77' title="bbox 1788 2775 3383 2854">
     <span class='ocr_line' id='line_1_77' title="bbox 1788 2775 3383 2854; baseline -0.004 -17"><span class='ocrx_word' id='word_1_593' title='bbox 1788 2782 2174 2854; x_wconf 72' lang='lat' dir='ltr'><strong>Capitntaribus</strong></span> <span class='ocrx_word' id='word_1_594' title='bbox 2197 2822 2211 2845; x_wconf 95' lang='lat'><strong>,</strong></span> <span class='ocrx_word' id='word_1_595' title='bbox 2246 2778 2339 2834; x_wconf 84' lang='lat' dir='ltr'><strong>lib.</strong></span> <span class='ocrx_word' id='word_1_596' title='bbox 2386 2796 2442 2847; x_wconf 83' lang='grc' dir='ltr'><strong>ι,</strong></span> <span class='ocrx_word' id='word_1_597' title='bbox 2473 2796 2589 2847; x_wconf 85' lang='lat' dir='ltr'><strong>cap.</strong></span> <span class='ocrx_word' id='word_1_598' title='bbox 2627 2778 2730 2835; x_wconf 79' lang='grc'><strong>158</strong></span> <span class='ocrx_word' id='word_1_599' title='bbox 2756 2822 2769 2844; x_wconf 84' lang='grc'>,</span> <span class='ocrx_word' id='word_1_600' title='bbox 2804 2775 3199 2854; x_wconf 79' lang='lat' dir='ltr'><strong>ita_constituat</strong></span> <span class='ocrx_word' id='word_1_601' title='bbox 3242 2775 3383 2854; x_wconf 60' lang='grc' dir='ltr'><strong>ίιιω</strong></span> 
     </span>
    </p>
   </div>
   <div class='ocr_carea' id='block_1_78' title="bbox 1787 2846 3384 2917">
    <p class='ocr_par' dir='ltr' id='par_1_78' title="bbox 1787 2846 3384 2917">
     <span class='ocr_line' id='line_1_78' title="bbox 1787 2846 3384 2917; baseline -0.004 -9"><span class='ocrx_word' id='word_1_602' title='bbox 1787 2846 1910 2908; x_wconf 81' lang='lat' dir='ltr'><strong>sunt</strong></span> <span class='ocrx_word' id='word_1_603' title='bbox 1952 2852 2295 2907; x_wconf 81' lang='lat' dir='ltr'><strong>Festivitates</strong></span> <span class='ocrx_word' id='word_1_604' title='bbox 2338 2854 2391 2907; x_wconf 91' lang='lat' dir='ltr'><strong>in</strong></span> <span class='ocrx_word' id='word_1_605' title='bbox 2417 2846 2560 2904; x_wconf 87' lang='lat' dir='ltr'><strong>anno</strong></span> <span class='ocrx_word' id='word_1_606' title='bbox 2590 2890 2607 2916; x_wconf 91' lang='lat'><strong>,</strong></span> <span class='ocrx_word' id='word_1_607' title='bbox 2637 2859 2841 2905; x_wconf 90' lang='lat' dir='ltr'><strong>etc.....</strong></span> <span class='ocrx_word' id='word_1_608' title='bbox 2882 2848 2961 2903; x_wconf 89' lang='lat' dir='ltr'><strong>De</strong></span> <span class='ocrx_word' id='word_1_609' title='bbox 2998 2846 3384 2917; x_wconf 85' lang='lat' dir='ltr'><strong>Assumptione</strong></span> 
     </span>
    </p>
   </div>
   <div class='ocr_carea' id='block_1_79' title="bbox 1787 2919 3069 2993">
    <p class='ocr_par' dir='ltr' id='par_1_79' title="bbox 1787 2919 3069 2993">
     <span class='ocr_line' id='line_1_79' title="bbox 1787 2919 3069 2993; baseline -0.006 -11"><span class='ocrx_word' id='word_1_610' title='bbox 1787 2933 1988 2982; x_wconf 78' lang='lat' dir='ltr'><strong>sach</strong></span> <span class='ocrx_word' id='word_1_611' title='bbox 2011 2923 2192 2981; x_wconf 72' lang='lat' dir='ltr'><strong>Maria:</strong></span> <span class='ocrx_word' id='word_1_612' title='bbox 2217 2922 2663 2993; x_wconf 77' lang='lat' dir='ltr'><strong>interrogandum</strong></span> <span class='ocrx_word' id='word_1_613' title='bbox 2694 2919 3069 2992; x_wconf 88' lang='lat' dir='ltr'><strong>relinquimus.</strong></span> 
     </span>
    </p>
   </div>
   <div class='ocr_carea' id='block_1_80' title="bbox 2345 3054 2808 3114">
    <p class='ocr_par' dir='ltr' id='par_1_80' title="bbox 2345 3054 2808 3114">
     <span class='ocr_line' id='line_1_80' title="bbox 2345 3054 2808 3114; baseline -0.002 -1"><span class='ocrx_word' id='word_1_614' title='bbox 2345 3054 2671 3114; x_wconf 75' lang='lat' dir='ltr'><strong>EPISTOLA</strong></span> <span class='ocrx_word' id='word_1_615' title='bbox 2714 3054 2808 3112; x_wconf 76' lang='lat' dir='ltr'><strong>1X.</strong></span> 
     </span>
    </p>
   </div>
   <div class='ocr_carea' id='block_1_81' title="bbox 2192 3188 2968 3231">
    <p class='ocr_par' dir='ltr' id='par_1_81' title="bbox 2192 3188 2968 3231">
     <span class='ocr_line' id='line_1_81' title="bbox 2192 3188 2968 3231; baseline -0.003 0"><span class='ocrx_word' id='word_1_616' title='bbox 2192 3192 2259 3231; x_wconf 74' lang='lat' dir='ltr'><strong>AD</strong></span> <span class='ocrx_word' id='word_1_617' title='bbox 2290 3190 2499 3231; x_wconf 73' lang='lat' dir='ltr'><strong>PAULAM</strong></span> <span class='ocrx_word' id='word_1_618' title='bbox 2528 3189 2597 3229; x_wconf 79' lang='grc' dir='ltr'><strong>ΕΤ</strong></span> <span class='ocrx_word' id='word_1_619' title='bbox 2629 3188 2968 3230; x_wconf 73' lang='grc' dir='ltr'><strong>ευετοοιιιωί</strong></span> 
     </span>
    </p>
   </div>
   <div class='ocr_carea' id='block_1_82' title="bbox 2000 3288 3158 3363">
    <p class='ocr_par' dir='ltr' id='par_1_82' title="bbox 2000 3288 3158 3363">
     <span class='ocr_line' id='line_1_82' title="bbox 2000 3288 3158 3363; baseline 0 -18"><span class='ocrx_word' id='word_1_620' title='bbox 2000 3290 2079 3347; x_wconf 89' lang='lat' dir='ltr'><strong>De</strong></span> <span class='ocrx_word' id='word_1_621' title='bbox 2103 3291 2451 3363; x_wconf 85' lang='lat' dir='ltr'><strong>assumptione</strong></span> <span class='ocrx_word' id='word_1_622' title='bbox 2481 3292 2645 3347; x_wconf 72' lang='lat' dir='ltr'><strong>beatw</strong></span> <span class='ocrx_word' id='word_1_623' title='bbox 2690 3290 2877 3346; x_wconf 68' lang='lat' dir='ltr'><strong>Maria:</strong></span> <span class='ocrx_word' id='word_1_624' title='bbox 2907 3288 3158 3361; x_wconf 87' lang='lat' dir='ltr'><strong>Virginis.</strong></span> 
     </span>
    </p>
   </div>
   <div class='ocr_carea' id='block_1_83' title="bbox 1857 3424 3387 3505">
    <p class='ocr_par' dir='ltr' id='par_1_83' title="bbox 1857 3424 3387 3505">
     <span class='ocr_line' id='line_1_83' title="bbox 1857 3424 3387 3505; baseline -0.005 -16"><span class='ocrx_word' id='word_1_625' title='bbox 1857 3434 1897 3489; x_wconf 89' lang='lat' dir='ltr'><strong>l.</strong></span> <span class='ocrx_word' id='word_1_626' title='bbox 1924 3433 2127 3505; x_wconf 85' lang='lat' dir='ltr'><strong>Cogitis</strong></span> <span class='ocrx_word' id='word_1_627' title='bbox 2153 3449 2260 3501; x_wconf 88' lang='lat' dir='ltr'><strong>me,</strong></span> <span class='ocrx_word' id='word_1_628' title='bbox 2289 3450 2322 3488; x_wconf 92' lang='grc' dir='ltr'>ο</span> <span class='ocrx_word' id='word_1_629' title='bbox 2346 3432 2509 3489; x_wconf 85' lang='lat' dir='ltr'><strong>Paula</strong></span> <span class='ocrx_word' id='word_1_630' title='bbox 2536 3442 2590 3487; x_wconf 92' lang='lat' dir='ltr'><strong>et</strong></span> <span class='ocrx_word' id='word_1_631' title='bbox 2609 3428 2981 3494; x_wconf 87' lang='lat' dir='ltr'><strong>Eustochium,</strong></span> <span class='ocrx_word' id='word_1_632' title='bbox 3012 3427 3121 3482; x_wconf 92' lang='lat' dir='ltr'><strong>imo</strong></span> <span class='ocrx_word' id='word_1_633' title='bbox 3149 3424 3387 3481; x_wconf 86' lang='lat' dir='ltr'><strong>eharitas</strong></span> 
     </span>
    </p>
   </div>
   <div class='ocr_carea' id='block_1_84' title="bbox 1784 3518 3387 3599">
    <p class='ocr_par' dir='ltr' id='par_1_84' title="bbox 1784 3518 3387 3599">
     <span class='ocr_line' id='line_1_84' title="bbox 1784 3518 3387 3599; baseline -0.007 -12"><span class='ocrx_word' id='word_1_634' title='bbox 1784 3530 1983 3587; x_wconf 86' lang='lat' dir='ltr'><strong>Christi</strong></span> <span class='ocrx_word' id='word_1_635' title='bbox 2026 3545 2113 3585; x_wconf 92' lang='lat' dir='ltr'><strong>me</strong></span> <span class='ocrx_word' id='word_1_636' title='bbox 2141 3527 2460 3599; x_wconf 88' lang='lat' dir='ltr'><strong>compellit,</strong></span> <span class='ocrx_word' id='word_1_637' title='bbox 2493 3526 2583 3597; x_wconf 90' lang='lat' dir='ltr'><strong>qui</strong></span> <span class='ocrx_word' id='word_1_638' title='bbox 2625 3524 2779 3580; x_wconf 83' lang='lat' dir='ltr'><strong>vobis</strong></span> <span class='ocrx_word' id='word_1_639' title='bbox 2823 3521 3022 3577; x_wconf 89' lang='lat' dir='ltr'><strong>dudum</strong></span> <span class='ocrx_word' id='word_1_640' title='bbox 3068 3518 3387 3576; x_wconf 80' lang='lat' dir='ltr'><strong>tractatibus</strong></span> 
     </span>
    </p>
   </div>
   <div class='ocr_carea' id='block_1_85' title="bbox 1785 3614 3384 3695">
    <p class='ocr_par' dir='ltr' id='par_1_85' title="bbox 1785 3614 3384 3695">
     <span class='ocr_line' id='line_1_85' title="bbox 1785 3614 3384 3695; baseline -0.006 -16"><span class='ocrx_word' id='word_1_641' title='bbox 1785 3624 1928 3695; x_wconf 87' lang='lat' dir='ltr'><strong>loqui</strong></span> <span class='ocrx_word' id='word_1_642' title='bbox 1953 3636 2364 3685; x_wconf 87' lang='lat' dir='ltr'><strong>consueveram,</strong></span> <span class='ocrx_word' id='word_1_643' title='bbox 2400 3626 2461 3675; x_wconf 89' lang='lat' dir='ltr'><strong>ut</strong></span> <span class='ocrx_word' id='word_1_644' title='bbox 2491 3633 2631 3674; x_wconf 89' lang='lat' dir='ltr'><strong>novo</strong></span> <span class='ocrx_word' id='word_1_645' title='bbox 2655 3615 2911 3688; x_wconf 87' lang='lat' dir='ltr'><strong>loquendi</strong></span> <span class='ocrx_word' id='word_1_646' title='bbox 2934 3629 3154 3686; x_wconf 83' lang='lat' dir='ltr'><strong>genere.</strong></span> <span class='ocrx_word' id='word_1_647' title='bbox 3180 3614 3384 3669; x_wconf 89' lang='lat' dir='ltr'><strong>sanctis</strong></span> 
     </span>
    </p>
   </div>
   <div class='ocr_carea' id='block_1_86' title="bbox 1787 3706 3382 3789">
    <p class='ocr_par' dir='ltr' id='par_1_86' title="bbox 1787 3706 3382 3789">
     <span class='ocr_line' id='line_1_86' title="bbox 1787 3706 3382 3789; baseline -0.007 -17"><span class='ocrx_word' id='word_1_648' title='bbox 1787 3734 1906 3789; x_wconf 73' lang='lat' dir='ltr'><strong>quae</strong></span> <span class='ocrx_word' id='word_1_649' title='bbox 1933 3717 2209 3773; x_wconf 90' lang='lat' dir='ltr'><strong>vobiscum</strong></span> <span class='ocrx_word' id='word_1_650' title='bbox 2240 3715 2443 3785; x_wconf 85' lang='lat' dir='ltr'><strong>degunt</strong></span> <span class='ocrx_word' id='word_1_651' title='bbox 2483 3711 2808 3783; x_wconf 78' lang='lat' dir='ltr'><strong>virginibus,</strong></span> <span class='ocrx_word' id='word_1_652' title='bbox 2855 3710 3048 3765; x_wconf 88' lang='lat' dir='ltr'><strong>Latino</strong></span> <span class='ocrx_word' id='word_1_653' title='bbox 3078 3717 3237 3763; x_wconf 91' lang='lat' dir='ltr'><strong>utens</strong></span> <span class='ocrx_word' id='word_1_654' title='bbox 3266 3706 3382 3762; x_wconf 89' lang='lat' dir='ltr'><strong>elo-</strong></span> 
     </span>
    </p>
   </div>
   <div class='ocr_carea' id='block_1_87' title="bbox 1788 3799 3384 3882">
    <p class='ocr_par' dir='ltr' id='par_1_87' title="bbox 1788 3799 3384 3882">
     <span class='ocr_line' id='line_1_87' title="bbox 1788 3799 3384 3882; baseline -0.004 -21"><span class='ocrx_word' id='word_1_655' title='bbox 1788 3812 1935 3882; x_wconf 87' lang='lat' dir='ltr'><strong>quio,</strong></span> <span class='ocrx_word' id='word_1_656' title='bbox 1961 3809 2353 3866; x_wconf 75' lang='lat' dir='ltr'><strong>exhortationis</strong></span> <span class='ocrx_word' id='word_1_657' title='bbox 2390 3807 2586 3877; x_wconf 81' lang='lat' dir='ltr'><strong>gratia,</strong></span> <span class='ocrx_word' id='word_1_658' title='bbox 2620 3818 2933 3860; x_wconf 89' lang='lat' dir='ltr'><strong>sermonem</strong></span> <span class='ocrx_word' id='word_1_659' title='bbox 2963 3800 3155 3856; x_wconf 89' lang='lat' dir='ltr'><strong>faciam</strong></span> <span class='ocrx_word' id='word_1_660' title='bbox 3187 3800 3253 3855; x_wconf 86' lang='lat' dir='ltr'><strong>de</strong></span> <span class='ocrx_word' id='word_1_661' title='bbox 3280 3799 3384 3855; x_wconf 84' lang='lat' dir='ltr'><strong>As-</strong></span> 
     </span>
    </p>
   </div>
   <div class='ocr_carea' id='block_1_88' title="bbox 1788 3891 3383 3973">
    <p class='ocr_par' dir='ltr' id='par_1_88' title="bbox 1788 3891 3383 3973">
     <span class='ocr_line' id='line_1_88' title="bbox 1788 3891 3383 3973; baseline -0.008 -15"><span class='ocrx_word' id='word_1_662' title='bbox 1788 3902 2096 3973; x_wconf 90' lang='lat' dir='ltr'><strong>sumptione</strong></span> <span class='ocrx_word' id='word_1_663' title='bbox 2118 3902 2289 3955; x_wconf 74' lang='lat' dir='ltr'><strong>beata:</strong></span> <span class='ocrx_word' id='word_1_664' title='bbox 2314 3911 2369 3955; x_wconf 84' lang='lat' dir='ltr'><strong>et</strong></span> <span class='ocrx_word' id='word_1_665' title='bbox 2397 3896 2645 3969; x_wconf 74' lang='lat' dir='ltr'><strong>gloriosa:</strong></span> <span class='ocrx_word' id='word_1_666' title='bbox 2676 3910 2892 3966; x_wconf 89' lang='lat' dir='ltr'><strong>semper</strong></span> <span class='ocrx_word' id='word_1_667' title='bbox 2914 3893 3150 3962; x_wconf 77' lang='lat' dir='ltr'><strong>Virginis</strong></span> <span class='ocrx_word' id='word_1_668' title='bbox 3177 3891 3383 3957; x_wconf 65' lang='lat' dir='ltr'><strong>Mariae,</strong></span> 
     </span>
    </p>
   </div>
   <div class='ocr_carea' id='block_1_89' title="bbox 1790 3982 3382 4065">
    <p class='ocr_par' dir='ltr' id='par_1_89' title="bbox 1790 3982 3382 4065">
     <span class='ocr_line' id='line_1_89' title="bbox 1790 3982 3382 4065; baseline -0.011 -12"><span class='ocrx_word' id='word_1_669' title='bbox 1790 4012 1941 4053; x_wconf 90' lang='lat' dir='ltr'><strong>more</strong></span> <span class='ocrx_word' id='word_1_670' title='bbox 1967 4011 2154 4052; x_wconf 90' lang='lat' dir='ltr'><strong>eorum</strong></span> <span class='ocrx_word' id='word_1_671' title='bbox 2186 3994 2274 4065; x_wconf 90' lang='lat' dir='ltr'><strong>qui</strong></span> <span class='ocrx_word' id='word_1_672' title='bbox 2303 3990 2685 4047; x_wconf 84' lang='lat' dir='ltr'><strong>declamatorie</strong></span> <span class='ocrx_word' id='word_1_673' title='bbox 2731 3988 2783 4044; x_wconf 92' lang='lat' dir='ltr'><strong>in</strong></span> <span class='ocrx_word' id='word_1_674' title='bbox 2816 3985 3072 4043; x_wconf 85' lang='lat' dir='ltr'><strong>Ecclesiis</strong></span> <span class='ocrx_word' id='word_1_675' title='bbox 3100 3984 3276 4039; x_wconf 84' lang='lat' dir='ltr'><strong>solent</strong></span> <span class='ocrx_word' id='word_1_676' title='bbox 3298 3982 3382 4038; x_wconf 89' lang='lat' dir='ltr'><strong>lo-</strong></span> 
     </span>
    </p>
   </div>
   <div class='ocr_carea' id='block_1_90' title="bbox 1790 4078 3385 4162">
    <p class='ocr_par' dir='ltr' id='par_1_90' title="bbox 1790 4078 3385 4162">
     <span class='ocr_line' id='line_1_90' title="bbox 1790 4078 3385 4162; baseline -0.008 -19"><span class='ocrx_word' id='word_1_677' title='bbox 1790 4083 1879 4162; x_wconf 85' lang='lat' dir='ltr'><strong>qui</strong></span> <span class='ocrx_word' id='word_1_678' title='bbox 1906 4089 1971 4144; x_wconf 94' lang='lat' dir='ltr'><strong>ad</strong></span> <span class='ocrx_word' id='word_1_679' title='bbox 2001 4090 2258 4160; x_wconf 90' lang='lat' dir='ltr'><strong>populum</strong></span> <span class='ocrx_word' id='word_1_680' title='bbox 2293 4104 2306 4138; x_wconf 90' lang='lat'>:</span> <span class='ocrx_word' id='word_1_681' title='bbox 2340 4084 2480 4155; x_wconf 90' lang='lat' dir='ltr'><strong>quod</strong></span> <span class='ocrx_word' id='word_1_682' title='bbox 2523 4084 2708 4154; x_wconf 88' lang='lat' dir='ltr'><strong>utique</strong></span> <span class='ocrx_word' id='word_1_683' title='bbox 2747 4096 2919 4153; x_wconf 82' lang='lat' dir='ltr'><strong>genus</strong></span> <span class='ocrx_word' id='word_1_684' title='bbox 2962 4078 3225 4143; x_wconf 88' lang='lat' dir='ltr'><strong>docendi,</strong></span> <span class='ocrx_word' id='word_1_685' title='bbox 3258 4094 3385 4132; x_wconf 85' lang='lat' dir='ltr'><strong>uec-</strong></span> 
     </span>
    </p>
   </div>
   <div class='ocr_carea' id='block_1_91' title="bbox 1791 4170 3383 4253">
    <p class='ocr_par' dir='ltr' id='par_1_91' title="bbox 1791 4170 3383 4253">
     <span class='ocr_line' id='line_1_91' title="bbox 1791 4170 3383 4253; baseline -0.008 -14"><span class='ocrx_word' id='word_1_686' title='bbox 1791 4185 1916 4239; x_wconf 91' lang='lat' dir='ltr'><strong>dum</strong></span> <span class='ocrx_word' id='word_1_687' title='bbox 1957 4182 2261 4253; x_wconf 84' lang='lat' dir='ltr'><strong>attigeram.</strong></span> <span class='ocrx_word' id='word_1_688' title='bbox 2311 4179 2417 4236; x_wconf 92' lang='lat' dir='ltr'><strong>Sed</strong></span> <span class='ocrx_word' id='word_1_689' title='bbox 2462 4178 2584 4249; x_wconf 87' lang='lat' dir='ltr'><strong>quia</strong></span> <span class='ocrx_word' id='word_1_690' title='bbox 2628 4191 2829 4246; x_wconf 85' lang='lat' dir='ltr'><strong>negare</strong></span> <span class='ocrx_word' id='word_1_691' title='bbox 2878 4188 3085 4245; x_wconf 87' lang='lat' dir='ltr'><strong>nequeo</strong></span> <span class='ocrx_word' id='word_1_692' title='bbox 3120 4170 3383 4244; x_wconf 81' lang='lat' dir='ltr'><strong>quidquid</strong></span> 
     </span>
    </p>
   </div>
   <div class='ocr_carea' id='block_1_92' title="bbox 1792 4267 3387 4348">
    <p class='ocr_par' dir='ltr' id='par_1_92' title="bbox 1792 4267 3387 4348">
     <span class='ocr_line' id='line_1_92' title="bbox 1792 4267 3387 4348; baseline -0.008 -16"><span class='ocrx_word' id='word_1_693' title='bbox 1792 4276 2089 4348; x_wconf 79' lang='lat' dir='ltr'><strong>injungitis,</strong></span> <span class='ocrx_word' id='word_1_694' title='bbox 2122 4276 2283 4330; x_wconf 90' lang='lat' dir='ltr'><strong>nimia</strong></span> <span class='ocrx_word' id='word_1_695' title='bbox 2307 4283 2480 4328; x_wconf 85' lang='lat' dir='ltr'><strong>vestra</strong></span> <span class='ocrx_word' id='word_1_696' title='bbox 2511 4272 2754 4327; x_wconf 89' lang='lat' dir='ltr'><strong>devictus</strong></span> <span class='ocrx_word' id='word_1_697' title='bbox 2781 4270 3092 4330; x_wconf 85' lang='lat' dir='ltr'><strong>dilectione.</strong></span> <span class='ocrx_word' id='word_1_698' title='bbox 3127 4267 3387 4336; x_wconf 81' lang='lat' dir='ltr'><strong>experiar</strong></span> 
     </span>
    </p>
   </div>
   <div class='ocr_carea' id='block_1_93' title="bbox 1791 4358 3385 4443">
    <p class='ocr_par' dir='ltr' id='par_1_93' title="bbox 1791 4358 3385 4443">
     <span class='ocr_line' id='line_1_93' title="bbox 1791 4358 3385 4443; baseline -0.009 -16"><span class='ocrx_word' id='word_1_699' title='bbox 1791 4388 1911 4443; x_wconf 62' lang='lat' dir='ltr'><strong>qua:</strong></span> <span class='ocrx_word' id='word_1_700' title='bbox 1951 4369 2239 4426; x_wconf 88' lang='lat' dir='ltr'><strong>hortamini</strong></span> <span class='ocrx_word' id='word_1_701' title='bbox 2284 4366 2476 4423; x_wconf 82' lang='lat' dir='ltr'><strong>atl&#39;ectu</strong></span> <span class='ocrx_word' id='word_1_702' title='bbox 2516 4365 2837 4430; x_wconf 85' lang='lat' dir='ltr'><strong>infantium,</strong></span> <span class='ocrx_word' id='word_1_703' title='bbox 2884 4377 3034 4417; x_wconf 89' lang='lat' dir='ltr'><strong>more</strong></span> <span class='ocrx_word' id='word_1_704' title='bbox 3076 4358 3385 4415; x_wconf 87' lang='lat' dir='ltr'><strong>balbutien—</strong></span> 
     </span>
    </p>
   </div>
   <div class='ocr_carea' id='block_1_94' title="bbox 1795 4454 3384 4536">
    <p class='ocr_par' dir='ltr' id='par_1_94' title="bbox 1795 4454 3384 4536">
     <span class='ocr_line' id='line_1_94' title="bbox 1795 4454 3384 4536; baseline -0.01 -15"><span class='ocrx_word' id='word_1_705' title='bbox 1795 4467 1925 4522; x_wconf 91' lang='lat' dir='ltr'><strong>tium</strong></span> <span class='ocrx_word' id='word_1_706' title='bbox 1950 4504 1965 4529; x_wconf 85' lang='lat'><strong>,</strong></span> <span class='ocrx_word' id='word_1_707' title='bbox 1990 4464 2080 4536; x_wconf 88' lang='lat' dir='ltr'><strong>qui</strong></span> <span class='ocrx_word' id='word_1_708' title='bbox 2112 4475 2467 4534; x_wconf 62' lang='lat' dir='ltr'><strong>quaecumque</strong></span> <span class='ocrx_word' id='word_1_709' title='bbox 2493 4457 2795 4523; x_wconf 83' lang='lat' dir='ltr'><strong>audierint,</strong></span> <span class='ocrx_word' id='word_1_710' title='bbox 2828 4455 2926 4510; x_wconf 87' lang='lat' dir='ltr'><strong>fari</strong></span> <span class='ocrx_word' id='word_1_711' title='bbox 2969 4454 3232 4525; x_wconf 85' lang='lat' dir='ltr'><strong>gestiunt,</strong></span> <span class='ocrx_word' id='word_1_712' title='bbox 3262 4466 3384 4505; x_wconf 84' lang='lat' dir='ltr'><strong>cum</strong></span> 
     </span>
    </p>
   </div>
   <div class='ocr_carea' id='block_1_95' title="bbox 1795 4547 3386 4627">
    <p class='ocr_par' dir='ltr' id='par_1_95' title="bbox 1795 4547 3386 4627">
     <span class='ocr_line' id='line_1_95' title="bbox 1795 4547 3386 4627; baseline -0.008 -12"><span class='ocrx_word' id='word_1_713' title='bbox 1795 4559 2021 4617; x_wconf 87' lang='lat' dir='ltr'><strong>necdum</strong></span> <span class='ocrx_word' id='word_1_714' title='bbox 2055 4557 2350 4627; x_wconf 84' lang='lat' dir='ltr'><strong>possintad</strong></span> <span class='ocrx_word' id='word_1_715' title='bbox 2383 4556 2595 4624; x_wconf 77' lang='lat' dir='ltr'><strong>plenum</strong></span> <span class='ocrx_word' id='word_1_716' title='bbox 2620 4552 2783 4609; x_wconf 91' lang='lat' dir='ltr'><strong>verba</strong></span> <span class='ocrx_word' id='word_1_717' title='bbox 2809 4552 3088 4607; x_wconf 89' lang='lat' dir='ltr'><strong>formare:</strong></span> <span class='ocrx_word' id='word_1_718' title='bbox 3121 4547 3386 4613; x_wconf 79' lang='lat' dir='ltr'><strong>maxime.</strong></span> 
     </span>
    </p>
   </div>
   <div class='ocr_carea' id='block_1_96' title="bbox 136 4620 3388 4724">
    <p class='ocr_par' dir='ltr' id='par_1_96' title="bbox 136 4620 3388 4724">
     <span class='ocr_line' id='line_1_96' title="bbox 136 4620 3388 4724; baseline -0 -27"><span class='ocrx_word' id='word_1_719' title='bbox 136 4649 216 4697; x_wconf 77' lang='lat' dir='ltr'><strong>tam</strong></span> <span class='ocrx_word' id='word_1_720' title='bbox 472 4639 801 4712; x_wconf 77' lang='lat' dir='ltr'><strong>sapientiam</strong></span> <span class='ocrx_word' id='word_1_721' title='bbox 834 4632 1038 4690; x_wconf 90' lang='lat' dir='ltr'><strong>mundi.</strong></span> <span class='ocrx_word' id='word_1_722' title='bbox 1080 4632 1372 4700; x_wconf 81' lang='lat' dir='ltr'><strong>Fingamus</strong></span> <span class='ocrx_word' id='word_1_723' title='bbox 1419 4626 1691 4724; x_wconf 51' lang='lat' dir='ltr'><strong>paeneper</strong></span> <span class='ocrx_word' id='word_1_724' title='bbox 1724 4620 1771 4681; x_wconf 72' lang='grc' dir='ltr'><strong>ί)</strong></span> <span class='ocrx_word' id='word_1_725' title='bbox 1795 4652 1915 4724; x_wconf 86' lang='lat' dir='ltr'><strong>quia</strong></span> <span class='ocrx_word' id='word_1_726' title='bbox 1951 4620 2170 4721; x_wconf 82' lang='lat' dir='ltr'><strong>propter</strong></span> <span class='ocrx_word' id='word_1_727' title='bbox 2199 4620 2564 4715; x_wconf 78' lang='lat' dir='ltr'><strong>simpliciores</strong></span> <span class='ocrx_word' id='word_1_728' title='bbox 2594 4659 2837 4715; x_wconf 89' lang='lat' dir='ltr'><strong>quasque</strong></span> <span class='ocrx_word' id='word_1_729' title='bbox 2867 4642 2919 4697; x_wconf 92' lang='lat' dir='ltr'><strong>id</strong></span> <span class='ocrx_word' id='word_1_730' title='bbox 2950 4658 3037 4697; x_wconf 88' lang='lat' dir='ltr'><strong>me</strong></span> <span class='ocrx_word' id='word_1_731' title='bbox 3063 4640 3388 4711; x_wconf 87' lang='lat' dir='ltr'><strong>depromere</strong></span> 
     </span>
    </p>
   </div>
   <div class='ocr_carea' id='block_1_97' title="bbox 135 4722 1691 4809">
    <p class='ocr_par' dir='ltr' id='par_1_97' title="bbox 135 4722 1691 4809">
     <span class='ocr_line' id='line_1_97' title="bbox 135 4722 1691 4809; baseline -0.012 -19"><span class='ocrx_word' id='word_1_732' title='bbox 135 4750 231 4801; x_wconf 84' lang='lat' dir='ltr'><strong>tae,</strong></span> <span class='ocrx_word' id='word_1_733' title='bbox 257 4738 344 4809; x_wconf 89' lang='lat' dir='ltr'><strong>qui</strong></span> <span class='ocrx_word' id='word_1_734' title='bbox 374 4735 585 4808; x_wconf 86' lang='lat' dir='ltr'><strong>aliquid</strong></span> <span class='ocrx_word' id='word_1_735' title='bbox 614 4742 775 4801; x_wconf 89' lang='lat' dir='ltr'><strong>putor</strong></span> <span class='ocrx_word' id='word_1_736' title='bbox 803 4742 964 4786; x_wconf 84' lang='lat' dir='ltr'><strong>nosse</strong></span> <span class='ocrx_word' id='word_1_737' title='bbox 983 4768 1000 4791; x_wconf 86' lang='lat'><strong>,</strong></span> <span class='ocrx_word' id='word_1_738' title='bbox 1041 4741 1164 4781; x_wconf 89' lang='lat' dir='ltr'><strong>cum</strong></span> <span class='ocrx_word' id='word_1_739' title='bbox 1190 4724 1482 4792; x_wconf 88' lang='lat' dir='ltr'><strong>insipiente</strong></span> <span class='ocrx_word' id='word_1_740' title='bbox 1511 4722 1691 4788; x_wconf 90' lang='lat' dir='ltr'><strong>aliquo</strong></span> 
     </span>
    </p>
   </div>
   <div class='ocr_carea' id='block_1_98' title="bbox 133 4812 1687 4888">
    <p class='ocr_par' dir='ltr' id='par_1_98' title="bbox 133 4812 1687 4888">
     <span class='ocr_line' id='line_1_98' title="bbox 133 4812 1687 4888; baseline -0.014 -2"><span class='ocrx_word' id='word_1_741' title='bbox 133 4838 170 4880; x_wconf 74' lang='lat' dir='ltr'><strong>et</strong></span> <span class='ocrx_word' id='word_1_742' title='bbox 188 4828 449 4885; x_wconf 83' lang='lat' dir='ltr'><strong>inerudito</strong></span> <span class='ocrx_word' id='word_1_743' title='bbox 474 4826 729 4884; x_wconf 74' lang='lat' dir='ltr'><strong>conferre</strong></span> <span class='ocrx_word' id='word_1_744' title='bbox 754 4834 1061 4878; x_wconf 87' lang='lat' dir='ltr'><strong>sermonem</strong></span> <span class='ocrx_word' id='word_1_745' title='bbox 1085 4860 1100 4885; x_wconf 91' lang='lat'><strong>,</strong></span> <span class='ocrx_word' id='word_1_746' title='bbox 1123 4818 1216 4888; x_wconf 91' lang='lat' dir='ltr'><strong>qui</strong></span> <span class='ocrx_word' id='word_1_747' title='bbox 1246 4814 1377 4870; x_wconf 87' lang='lat' dir='ltr'><strong>nihil</strong></span> <span class='ocrx_word' id='word_1_748' title='bbox 1407 4812 1687 4881; x_wconf 81' lang='lat' dir='ltr'><strong>intelligat,</strong></span> 
     </span>
    </p>
   </div>
   <div class='ocr_carea' id='block_1_99' title="bbox 136 4906 1693 4991">
    <p class='ocr_par' dir='ltr' id='par_1_99' title="bbox 136 4906 1693 4991">
     <span class='ocr_line' id='line_1_99' title="bbox 136 4906 1693 4991; baseline -0.009 -19"><span class='ocrx_word' id='word_1_749' title='bbox 136 4921 239 4976; x_wconf 83' lang='lat' dir='ltr'><strong>nihil</strong></span> <span class='ocrx_word' id='word_1_750' title='bbox 264 4933 437 4979; x_wconf 73' lang='lat' dir='ltr'><strong>acuta:</strong></span> <span class='ocrx_word' id='word_1_751' title='bbox 464 4918 853 4991; x_wconf 85' lang='lat' dir='ltr'><strong>disputationis</strong></span> <span class='ocrx_word' id='word_1_752' title='bbox 882 4915 1182 4982; x_wconf 79' lang='lat' dir='ltr'><strong>interroget</strong></span> <span class='ocrx_word' id='word_1_753' title='bbox 1212 4928 1223 4964; x_wconf 94' lang='lat'>:</span> <span class='ocrx_word' id='word_1_754' title='bbox 1257 4906 1517 4978; x_wconf 86' lang='lat' dir='ltr'><strong>numquid</strong></span> <span class='ocrx_word' id='word_1_755' title='bbox 1557 4920 1693 4975; x_wconf 86' lang='lat' dir='ltr'><strong>opus</strong></span> 
     </span>
    </p>
   </div>
   <div class='ocr_carea' id='block_1_100' title="bbox 138 5002 1694 5078">
    <p class='ocr_par' dir='ltr' id='par_1_100' title="bbox 138 5002 1694 5078">
     <span class='ocr_line' id='line_1_100' title="bbox 138 5002 1694 5078; baseline -0.005 -11"><span class='ocrx_word' id='word_1_756' title='bbox 138 5016 241 5072; x_wconf 83' lang='lat' dir='ltr'><strong>mihi</strong></span> <span class='ocrx_word' id='word_1_757' title='bbox 267 5028 350 5073; x_wconf 86' lang='lat' dir='ltr'><strong>est</strong></span> <span class='ocrx_word' id='word_1_758' title='bbox 376 5018 446 5073; x_wconf 86' lang='lat' dir='ltr'><strong>ad</strong></span> <span class='ocrx_word' id='word_1_759' title='bbox 471 5014 625 5072; x_wconf 86' lang='lat' dir='ltr'><strong>istius</strong></span> <span class='ocrx_word' id='word_1_760' title='bbox 651 5012 937 5069; x_wconf 88' lang='lat' dir='ltr'><strong>stultitiam</strong></span> <span class='ocrx_word' id='word_1_761' title='bbox 952 5005 1371 5078; x_wconf 85' lang='lat' dir='ltr'><strong>coarguendam,</strong></span> <span class='ocrx_word' id='word_1_762' title='bbox 1395 5002 1694 5059; x_wconf 76' lang='lat' dir='ltr'><strong>dialectica:</strong></span> 
     </span>
    </p>
   </div>
   <div class='ocr_carea' id='block_1_101' title="bbox 138 5104 1694 5177">
    <p class='ocr_par' dir='ltr' id='par_1_101' title="bbox 138 5104 1694 5177">
     <span class='ocr_line' id='line_1_101' title="bbox 138 5104 1694 5177; baseline -0.01 -11"><span class='ocrx_word' id='word_1_763' title='bbox 138 5111 241 5165; x_wconf 75' lang='lat' dir='ltr'><strong>artis</strong></span> <span class='ocrx_word' id='word_1_764' title='bbox 268 5113 623 5167; x_wconf 83' lang='lat' dir='ltr'><strong>calliditatem</strong></span> <span class='ocrx_word' id='word_1_765' title='bbox 650 5119 706 5164; x_wconf 91' lang='lat' dir='ltr'><strong>et</strong></span> <span class='ocrx_word' id='word_1_766' title='bbox 752 5104 1145 5177; x_wconf 85' lang='lat' dir='ltr'><strong>profundorum</strong></span> <span class='ocrx_word' id='word_1_767' title='bbox 1182 5114 1435 5157; x_wconf 91' lang='lat' dir='ltr'><strong>sensuum</strong></span> <span class='ocrx_word' id='word_1_768' title='bbox 1464 5112 1694 5153; x_wconf 91' lang='lat' dir='ltr'><strong>acumen</strong></span> 
     </span>
    </p>
   </div>
   <div class='ocr_carea' id='block_1_102' title="bbox 139 5193 1698 5264">
    <p class='ocr_par' dir='ltr' id='par_1_102' title="bbox 139 5193 1698 5264">
     <span class='ocr_line' id='line_1_102' title="bbox 139 5193 1698 5264; baseline -0.007 -6"><span class='ocrx_word' id='word_1_769' title='bbox 139 5202 399 5261; x_wconf 74' lang='lat' dir='ltr'><strong>adbibere?</strong></span> <span class='ocrx_word' id='word_1_770' title='bbox 429 5206 623 5261; x_wconf 79' lang='lat' dir='ltr'><strong>Nonne</strong></span> <span class='ocrx_word' id='word_1_771' title='bbox 666 5203 732 5257; x_wconf 89' lang='lat' dir='ltr'><strong>ad</strong></span> <span class='ocrx_word' id='word_1_772' title='bbox 764 5202 923 5256; x_wconf 88' lang='lat' dir='ltr'><strong>unius</strong></span> <span class='ocrx_word' id='word_1_773' title='bbox 960 5197 1228 5254; x_wconf 89' lang='lat' dir='ltr'><strong>sermonis</strong></span> <span class='ocrx_word' id='word_1_774' title='bbox 1252 5197 1457 5264; x_wconf 80' lang='lat' dir='ltr'><strong>jac-tum</strong></span> <span class='ocrx_word' id='word_1_775' title='bbox 1490 5193 1613 5247; x_wconf 87' lang='lat' dir='ltr'><strong>vilis</strong></span> <span class='ocrx_word' id='word_1_776' title='bbox 1642 5202 1698 5247; x_wconf 89' lang='lat' dir='ltr'><strong>et</strong></span> 
     </span>
    </p>
   </div>
   <div class='ocr_carea' id='block_1_103' title="bbox 142 5287 1696 5370">
    <p class='ocr_par' dir='ltr' id='par_1_103' title="bbox 142 5287 1696 5370">
     <span class='ocr_line' id='line_1_103' title="bbox 142 5287 1696 5370; baseline -0.007 -19"><span class='ocrx_word' id='word_1_777' title='bbox 142 5298 327 5365; x_wconf 70' lang='lat' dir='ltr'><strong>modici,</strong></span> <span class='ocrx_word' id='word_1_778' title='bbox 359 5300 451 5370; x_wconf 89' lang='lat' dir='ltr'><strong>qui</strong></span> <span class='ocrx_word' id='word_1_779' title='bbox 480 5307 661 5352; x_wconf 89' lang='lat' dir='ltr'><strong>tamen</strong></span> <span class='ocrx_word' id='word_1_780' title='bbox 692 5295 836 5351; x_wconf 91' lang='lat' dir='ltr'><strong>illius</strong></span> <span class='ocrx_word' id='word_1_781' title='bbox 865 5289 1240 5360; x_wconf 79' lang='lat' dir='ltr'><strong>intelligentia:</strong></span> <span class='ocrx_word' id='word_1_782' title='bbox 1269 5287 1514 5341; x_wconf 88' lang='lat' dir='ltr'><strong>videatur</strong></span> <span class='ocrx_word' id='word_1_783' title='bbox 1542 5299 1696 5340; x_wconf 88' lang='lat' dir='ltr'><strong>acer-</strong></span> 
     </span>
    </p>
   </div>
   <div class='ocr_carea' id='block_1_104' title="bbox 144 5380 1699 5458">
    <p class='ocr_par' dir='ltr' id='par_1_104' title="bbox 144 5380 1699 5458">
     <span class='ocr_line' id='line_1_104' title="bbox 144 5380 1699 5458; baseline -0.006 -14"><span class='ocrx_word' id='word_1_784' title='bbox 144 5389 299 5458; x_wconf 74' lang='lat' dir='ltr'><strong>rimus,</strong></span> <span class='ocrx_word' id='word_1_785' title='bbox 330 5392 541 5446; x_wconf 83' lang='lat' dir='ltr'><strong>fatuum</strong></span> <span class='ocrx_word' id='word_1_786' title='bbox 575 5406 699 5445; x_wconf 88' lang='lat' dir='ltr'><strong>eum</strong></span> <span class='ocrx_word' id='word_1_787' title='bbox 735 5399 790 5444; x_wconf 90' lang='lat' dir='ltr'><strong>et</strong></span> <span class='ocrx_word' id='word_1_788' title='bbox 819 5387 1161 5457; x_wconf 90' lang='lat' dir='ltr'><strong>insipientem</strong></span> <span class='ocrx_word' id='word_1_789' title='bbox 1190 5396 1311 5439; x_wconf 90' lang='lat' dir='ltr'><strong>esse</strong></span> <span class='ocrx_word' id='word_1_790' title='bbox 1347 5380 1699 5437; x_wconf 89' lang='lat' dir='ltr'><strong>convincam?</strong></span> 
     </span>
    </p>
   </div>
   <div class='ocr_carea' id='block_1_105' title="bbox 143 5477 1697 5555">
    <p class='ocr_par' dir='ltr' id='par_1_105' title="bbox 143 5477 1697 5555">
     <span class='ocr_line' id='line_1_105' title="bbox 143 5477 1697 5555; baseline -0.004 -19"><span class='ocrx_word' id='word_1_791' title='bbox 143 5480 382 5555; x_wconf 76' lang='lat' dir='ltr'><strong>Sieigitur</strong></span> <span class='ocrx_word' id='word_1_792' title='bbox 408 5485 481 5540; x_wconf 90' lang='lat' dir='ltr'><strong>ad</strong></span> <span class='ocrx_word' id='word_1_793' title='bbox 518 5482 701 5540; x_wconf 89' lang='lat' dir='ltr'><strong>mundi</strong></span> <span class='ocrx_word' id='word_1_794' title='bbox 738 5480 1059 5552; x_wconf 84' lang='lat' dir='ltr'><strong>sapientiam</strong></span> <span class='ocrx_word' id='word_1_795' title='bbox 1101 5477 1517 5535; x_wconf 85' lang='lat' dir='ltr'><strong>stultitieandam</strong></span> <span class='ocrx_word' id='word_1_796' title='bbox 1545 5519 1560 5543; x_wconf 95' lang='lat'><strong>,</strong></span> <span class='ocrx_word' id='word_1_797' title='bbox 1590 5492 1697 5531; x_wconf 91' lang='lat' dir='ltr'><strong>non</strong></span> 
     </span>
    </p>
   </div>
   <div class='ocr_carea' id='block_1_106' title="bbox 147 5571 1700 5648">
    <p class='ocr_par' dir='ltr' id='par_1_106' title="bbox 147 5571 1700 5648">
     <span class='ocr_line' id='line_1_106' title="bbox 147 5571 1700 5648; baseline -0.003 -19"><span class='ocrx_word' id='word_1_798' title='bbox 147 5586 209 5629; x_wconf 82' lang='lat' dir='ltr'><strong>est</strong></span> <span class='ocrx_word' id='word_1_799' title='bbox 229 5592 354 5647; x_wconf 86' lang='lat' dir='ltr'><strong>opus</strong></span> <span class='ocrx_word' id='word_1_800' title='bbox 383 5577 710 5648; x_wconf 87' lang='lat' dir='ltr'><strong>sapientiam</strong></span> <span class='ocrx_word' id='word_1_801' title='bbox 740 5577 838 5632; x_wconf 89' lang='lat' dir='ltr'><strong>Dei</strong></span> <span class='ocrx_word' id='word_1_802' title='bbox 867 5574 1222 5641; x_wconf 81' lang='lat' dir='ltr'><strong>descendere,</strong></span> <span class='ocrx_word' id='word_1_803' title='bbox 1251 5582 1309 5629; x_wconf 88' lang='lat' dir='ltr'><strong>et</strong></span> <span class='ocrx_word' id='word_1_804' title='bbox 1344 5586 1467 5629; x_wconf 88' lang='lat' dir='ltr'><strong>cum</strong></span> <span class='ocrx_word' id='word_1_805' title='bbox 1496 5589 1557 5626; x_wconf 88' lang='lat' dir='ltr'><strong>ea</strong></span> <span class='ocrx_word' id='word_1_806' title='bbox 1584 5571 1700 5625; x_wconf 89' lang='lat' dir='ltr'><strong>col-</strong></span> 
     </span>
    </p>
   </div>
   <div class='ocr_carea' id='block_1_107' title="bbox 149 5664 1703 5744">
    <p class='ocr_par' dir='ltr' id='par_1_107' title="bbox 149 5664 1703 5744">
     <span class='ocr_line' id='line_1_107' title="bbox 149 5664 1703 5744; baseline -0.005 -19"><span class='ocrx_word' id='word_1_807' title='bbox 149 5668 327 5735; x_wconf 77' lang='lat' dir='ltr'><strong>luctari.</strong></span> <span class='ocrx_word' id='word_1_808' title='bbox 357 5688 487 5744; x_wconf 74' lang='lat' dir='ltr'><strong>qua:</strong></span> <span class='ocrx_word' id='word_1_809' title='bbox 523 5670 774 5727; x_wconf 87' lang='lat' dir='ltr'><strong>deorsum</strong></span> <span class='ocrx_word' id='word_1_810' title='bbox 813 5679 895 5725; x_wconf 88' lang='lat' dir='ltr'><strong>cst</strong></span> <span class='ocrx_word' id='word_1_811' title='bbox 937 5667 1201 5739; x_wconf 87' lang='lat' dir='ltr'><strong>sapientia</strong></span> <span class='ocrx_word' id='word_1_812' title='bbox 1227 5706 1244 5733; x_wconf 93' lang='lat'><strong>,</strong></span> <span class='ocrx_word' id='word_1_813' title='bbox 1275 5665 1369 5720; x_wconf 89' lang='lat' dir='ltr'><strong>sed</strong></span> <span class='ocrx_word' id='word_1_814' title='bbox 1400 5664 1601 5720; x_wconf 87' lang='lat' dir='ltr'><strong>sufficit</strong></span> <span class='ocrx_word' id='word_1_815' title='bbox 1628 5665 1703 5718; x_wconf 80' lang='lat' dir='ltr'><strong>t&#39;a-</strong></span> 
     </span>
    </p>
   </div>
   <div class='ocr_carea' id='block_1_108' title="bbox 151 5758 1704 5836">
    <p class='ocr_par' dir='ltr' id='par_1_108' title="bbox 151 5758 1704 5836">
     <span class='ocr_line' id='line_1_108' title="bbox 151 5758 1704 5836; baseline 0 -19"><span class='ocrx_word' id='word_1_816' title='bbox 151 5768 272 5817; x_wconf 71' lang='lat' dir='ltr'><strong>tam</strong></span> <span class='ocrx_word' id='word_1_817' title='bbox 312 5763 407 5820; x_wconf 82' lang='lat' dir='ltr'><strong>Dei</strong></span> <span class='ocrx_word' id='word_1_818' title='bbox 446 5782 459 5818; x_wconf 91' lang='lat'>:</span> <span class='ocrx_word' id='word_1_819' title='bbox 495 5765 748 5836; x_wconf 89' lang='lat' dir='ltr'><strong>quoniam</strong></span> <span class='ocrx_word' id='word_1_820' title='bbox 791 5759 1090 5834; x_wconf 86' lang='lat' dir='ltr'><strong>sapientius</strong></span> <span class='ocrx_word' id='word_1_821' title='bbox 1129 5770 1211 5813; x_wconf 80' lang='lat' dir='ltr'><strong>est</strong></span> <span class='ocrx_word' id='word_1_822' title='bbox 1253 5758 1557 5815; x_wconf 81' lang='lat' dir='ltr'><strong>hominibus</strong></span> <span class='ocrx_word' id='word_1_823' title='bbox 1605 5777 1615 5811; x_wconf 91' lang='lat'><strong>:</strong></span> <span class='ocrx_word' id='word_1_824' title='bbox 1650 5772 1704 5816; x_wconf 88' lang='lat' dir='ltr'><strong>et</strong></span> 
     </span>
    </p>
   </div>
   <div class='ocr_carea' id='block_1_109' title="bbox 149 5854 1701 5928">
    <p class='ocr_par' dir='ltr' id='par_1_109' title="bbox 149 5854 1701 5928">
     <span class='ocr_line' id='line_1_109' title="bbox 149 5854 1701 5928; baseline -0.003 -12"><span class='ocrx_word' id='word_1_825' title='bbox 149 5856 390 5916; x_wconf 72' lang='lat' dir='ltr'><strong>inﬁrmum</strong></span> <span class='ocrx_word' id='word_1_826' title='bbox 422 5860 542 5928; x_wconf 81' lang='lat' dir='ltr'><strong>Dei,</strong></span> <span class='ocrx_word' id='word_1_827' title='bbox 572 5861 759 5919; x_wconf 87' lang='lat' dir='ltr'><strong>fortius</strong></span> <span class='ocrx_word' id='word_1_828' title='bbox 788 5868 874 5917; x_wconf 88' lang='lat' dir='ltr'><strong>est</strong></span> <span class='ocrx_word' id='word_1_829' title='bbox 899 5854 1207 5915; x_wconf 87' lang='lat' dir='ltr'><strong>hominibus</strong></span> <span class='ocrx_word' id='word_1_830' title='bbox 1237 5872 1251 5907; x_wconf 92' lang='lat'><strong>:</strong></span> <span class='ocrx_word' id='word_1_831' title='bbox 1282 5866 1337 5911; x_wconf 88' lang='lat' dir='ltr'><strong>et</strong></span> <span class='ocrx_word' id='word_1_832' title='bbox 1361 5855 1544 5911; x_wconf 83' lang='lat' dir='ltr'><strong>omnia</strong></span> <span class='ocrx_word' id='word_1_833' title='bbox 1574 5870 1701 5912; x_wconf 60' lang='lat' dir='ltr'><strong>cono</strong></span> 
     </span>
    </p>
   </div>
   <div class='ocr_carea' id='block_1_110' title="bbox 1796 4736 3387 4813">
    <p class='ocr_par' dir='ltr' id='par_1_110' title="bbox 1796 4736 3387 4813">
     <span class='ocr_line' id='line_1_110' title="bbox 1796 4736 3387 4813; baseline -0.007 -14"><span class='ocrx_word' id='word_1_834' title='bbox 1796 4742 2116 4813; x_wconf 84' lang='lat' dir='ltr'><strong>compellitis</strong></span> <span class='ocrx_word' id='word_1_835' title='bbox 2143 4785 2156 4806; x_wconf 92' lang='lat'><strong>,</strong></span> <span class='ocrx_word' id='word_1_836' title='bbox 2202 4750 2259 4797; x_wconf 90' lang='lat' dir='ltr'><strong>ut</strong></span> <span class='ocrx_word' id='word_1_837' title='bbox 2300 4741 2493 4796; x_wconf 88' lang='lat' dir='ltr'><strong>haheat</strong></span> <span class='ocrx_word' id='word_1_838' title='bbox 2529 4748 2774 4792; x_wconf 86' lang='lat' dir='ltr'><strong>sanctum</strong></span> <span class='ocrx_word' id='word_1_839' title='bbox 2820 4736 3107 4806; x_wconf 80' lang='lat' dir='ltr'><strong>collegium</strong></span> <span class='ocrx_word' id='word_1_840' title='bbox 3150 4743 3387 4790; x_wconf 86' lang='lat' dir='ltr'><strong>vestrum</strong></span> 
     </span>
    </p>
   </div>
   <div class='ocr_carea' id='block_1_111' title="bbox 1797 4827 3387 4901">
    <p class='ocr_par' dir='ltr' id='par_1_111' title="bbox 1797 4827 3387 4901">
     <span class='ocr_line' id='line_1_111' title="bbox 1797 4827 3387 4901; baseline -0.007 -9"><span class='ocrx_word' id='word_1_841' title='bbox 1797 4852 2050 4892; x_wconf 90' lang='lat' dir='ltr'><strong>sermone</strong></span> <span class='ocrx_word' id='word_1_842' title='bbox 2075 4834 2302 4897; x_wconf 88' lang='lat' dir='ltr'><strong>Latino,</strong></span> <span class='ocrx_word' id='word_1_843' title='bbox 2335 4832 2531 4901; x_wconf 90' lang='lat' dir='ltr'><strong>quibus</strong></span> <span class='ocrx_word' id='word_1_844' title='bbox 2562 4846 2621 4885; x_wconf 91' lang='lat' dir='ltr'><strong>se</strong></span> <span class='ocrx_word' id='word_1_845' title='bbox 2651 4838 2886 4901; x_wconf 88' lang='lat' dir='ltr'><strong>occupet</strong></span> <span class='ocrx_word' id='word_1_846' title='bbox 2910 4828 3163 4884; x_wconf 87' lang='lat' dir='ltr'><strong>laudibus</strong></span> <span class='ocrx_word' id='word_1_847' title='bbox 3198 4827 3387 4882; x_wconf 88' lang='lat' dir='ltr'><strong>eadem</strong></span> 
     </span>
    </p>
   </div>
   <div class='ocr_carea' id='block_1_112' title="bbox 1797 4918 3390 4998">
    <p class='ocr_par' dir='ltr' id='par_1_112' title="bbox 1797 4918 3390 4998">
     <span class='ocr_line' id='line_1_112' title="bbox 1797 4918 3390 4998; baseline -0.007 -14"><span class='ocrx_word' id='word_1_848' title='bbox 1797 4929 1920 4996; x_wconf 92' lang='lat' dir='ltr'><strong>die,</strong></span> <span class='ocrx_word' id='word_1_849' title='bbox 1948 4928 2210 4998; x_wconf 89' lang='lat' dir='ltr'><strong>quibusve</strong></span> <span class='ocrx_word' id='word_1_850' title='bbox 2254 4924 2454 4980; x_wconf 88' lang='lat' dir='ltr'><strong>divinis</strong></span> <span class='ocrx_word' id='word_1_851' title='bbox 2482 4930 2641 4978; x_wconf 86' lang='lat' dir='ltr'><strong>vacet</strong></span> <span class='ocrx_word' id='word_1_852' title='bbox 2678 4921 3005 4976; x_wconf 86' lang='lat' dir='ltr'><strong>lectionibus</strong></span> <span class='ocrx_word' id='word_1_853' title='bbox 3039 4936 3051 4973; x_wconf 91' lang='lat'><strong>:</strong></span> <span class='ocrx_word' id='word_1_854' title='bbox 3085 4918 3390 4990; x_wconf 67' lang='lat' dir='ltr'><strong>praesertim</strong></span> 
     </span>
    </p>
   </div>
   <div class='ocr_carea' id='block_1_113' title="bbox 1797 5011 3391 5077">
    <p class='ocr_par' dir='ltr' id='par_1_113' title="bbox 1797 5011 3391 5077">
     <span class='ocr_line' id='line_1_113' title="bbox 1797 5011 3391 5077; baseline -0.006 -1"><span class='ocrx_word' id='word_1_855' title='bbox 1797 5036 1920 5077; x_wconf 89' lang='lat' dir='ltr'><strong>cum</strong></span> <span class='ocrx_word' id='word_1_856' title='bbox 1955 5029 2011 5074; x_wconf 91' lang='lat' dir='ltr'><strong>et</strong></span> <span class='ocrx_word' id='word_1_857' title='bbox 2052 5017 2239 5074; x_wconf 89' lang='lat' dir='ltr'><strong>eadem</strong></span> <span class='ocrx_word' id='word_1_858' title='bbox 2291 5018 2342 5070; x_wconf 92' lang='lat' dir='ltr'><strong>in</strong></span> <span class='ocrx_word' id='word_1_859' title='bbox 2394 5016 2579 5071; x_wconf 88' lang='lat' dir='ltr'><strong>multis</strong></span> <span class='ocrx_word' id='word_1_860' title='bbox 2626 5013 3048 5077; x_wconf 89' lang='lat' dir='ltr'><strong>festivitatibus,</strong></span> <span class='ocrx_word' id='word_1_861' title='bbox 3096 5011 3391 5067; x_wconf 88' lang='lat' dir='ltr'><strong>multorum</strong></span> 
     </span>
    </p>
   </div>
   <div class='ocr_carea' id='block_1_114' title="bbox 1799 5103 3392 5174">
    <p class='ocr_par' dir='ltr' id='par_1_114' title="bbox 1799 5103 3392 5174">
     <span class='ocr_line' id='line_1_114' title="bbox 1799 5103 3392 5174; baseline -0.008 -5"><span class='ocrx_word' id='word_1_862' title='bbox 1799 5122 2109 5169; x_wconf 85' lang='lat' dir='ltr'><strong>sanctorum</strong></span> <span class='ocrx_word' id='word_1_863' title='bbox 2144 5111 2364 5166; x_wconf 88' lang='lat' dir='ltr'><strong>Patrum</strong></span> <span class='ocrx_word' id='word_1_864' title='bbox 2407 5109 2619 5173; x_wconf 89' lang='lat' dir='ltr'><strong>studia,</strong></span> <span class='ocrx_word' id='word_1_865' title='bbox 2663 5108 2804 5162; x_wconf 88' lang='lat' dir='ltr'><strong>miro</strong></span> <span class='ocrx_word' id='word_1_866' title='bbox 2848 5104 3098 5160; x_wconf 89' lang='lat' dir='ltr'><strong>cudcrint</strong></span> <span class='ocrx_word' id='word_1_867' title='bbox 3137 5103 3392 5174; x_wconf 88' lang='lat' dir='ltr'><strong>eloquio,</strong></span> 
     </span>
    </p>
   </div>
   <div class='ocr_carea' id='block_1_115' title="bbox 1799 5197 3394 5277">
    <p class='ocr_par' dir='ltr' id='par_1_115' title="bbox 1799 5197 3394 5277">
     <span class='ocr_line' id='line_1_115' title="bbox 1799 5197 3394 5277; baseline -0.006 -17"><span class='ocrx_word' id='word_1_868' title='bbox 1799 5222 1917 5277; x_wconf 74' lang='lat' dir='ltr'><strong>qum</strong></span> <span class='ocrx_word' id='word_1_869' title='bbox 1942 5204 2009 5260; x_wconf 91' lang='lat' dir='ltr'><strong>de</strong></span> <span class='ocrx_word' id='word_1_870' title='bbox 2031 5206 2133 5259; x_wconf 87' lang='lat' dir='ltr'><strong>hac</strong></span> <span class='ocrx_word' id='word_1_871' title='bbox 2159 5204 2377 5275; x_wconf 87' lang='lat' dir='ltr'><strong>quidem</strong></span> <span class='ocrx_word' id='word_1_872' title='bbox 2412 5206 2630 5256; x_wconf 82' lang='lat' dir='ltr'><strong>uberius</strong></span> <span class='ocrx_word' id='word_1_873' title='bbox 2663 5201 2862 5269; x_wconf 89' lang='lat' dir='ltr'><strong>ubique</strong></span> <span class='ocrx_word' id='word_1_874' title='bbox 2903 5197 2955 5253; x_wconf 89' lang='lat' dir='ltr'><strong>in</strong></span> <span class='ocrx_word' id='word_1_875' title='bbox 2988 5197 3286 5267; x_wconf 89' lang='lat' dir='ltr'><strong>Scripturis</strong></span> <span class='ocrx_word' id='word_1_876' title='bbox 3308 5197 3394 5252; x_wconf 78' lang='lat' dir='ltr'><strong>di-</strong></span> 
     </span>
    </p>
   </div>
   <div class='ocr_carea' id='block_1_116' title="bbox 1799 5289 3399 5368">
    <p class='ocr_par' dir='ltr' id='par_1_116' title="bbox 1799 5289 3399 5368">
     <span class='ocr_line' id='line_1_116' title="bbox 1799 5289 3399 5368; baseline -0.006 -16"><span class='ocrx_word' id='word_1_877' title='bbox 1799 5298 1943 5354; x_wconf 84' lang='lat' dir='ltr'><strong>vinis</strong></span> <span class='ocrx_word' id='word_1_878' title='bbox 1989 5297 2279 5368; x_wconf 62' lang='lat' dir='ltr'><strong>praedicata</strong></span> <span class='ocrx_word' id='word_1_879' title='bbox 2322 5296 2596 5365; x_wconf 84' lang='lat' dir='ltr'><strong>leguntur.</strong></span> <span class='ocrx_word' id='word_1_880' title='bbox 2630 5292 2767 5362; x_wconf 85' lang='lat' dir='ltr'><strong>Quid</strong></span> <span class='ocrx_word' id='word_1_881' title='bbox 2810 5291 2958 5345; x_wconf 90' lang='lat' dir='ltr'><strong>enim</strong></span> <span class='ocrx_word' id='word_1_882' title='bbox 3008 5289 3150 5345; x_wconf 91' lang='lat' dir='ltr'><strong>aliud</strong></span> <span class='ocrx_word' id='word_1_883' title='bbox 3201 5297 3399 5345; x_wconf 89' lang='lat' dir='ltr'><strong>sonant</strong></span> 
     </span>
    </p>
   </div>
   <div class='ocr_carea' id='block_1_117' title="bbox 1804 5381 3398 5461">
    <p class='ocr_par' dir='ltr' id='par_1_117' title="bbox 1804 5381 3398 5461">
     <span class='ocr_line' id='line_1_117' title="bbox 1804 5381 3398 5461; baseline -0.007 -15"><span class='ocrx_word' id='word_1_884' title='bbox 1804 5390 2099 5461; x_wconf 83' lang='lat' dir='ltr'><strong>Evangelia</strong></span> <span class='ocrx_word' id='word_1_885' title='bbox 2125 5433 2138 5453; x_wconf 87' lang='lat'><strong>,</strong></span> <span class='ocrx_word' id='word_1_886' title='bbox 2182 5389 2285 5444; x_wconf 92' lang='lat' dir='ltr'><strong>nisi</strong></span> <span class='ocrx_word' id='word_1_887' title='bbox 2320 5389 2604 5443; x_wconf 90' lang='lat' dir='ltr'><strong>Dominum</strong></span> <span class='ocrx_word' id='word_1_888' title='bbox 2644 5392 2958 5440; x_wconf 88' lang='lat' dir='ltr'><strong>nascentem</strong></span> <span class='ocrx_word' id='word_1_889' title='bbox 2989 5398 3058 5439; x_wconf 76' lang='lat' dir='ltr'><strong>ex</strong></span> <span class='ocrx_word' id='word_1_890' title='bbox 3094 5382 3259 5437; x_wconf 74' lang='lat' dir='ltr'><strong>Maria</strong></span> <span class='ocrx_word' id='word_1_891' title='bbox 3291 5381 3398 5435; x_wconf 90' lang='lat' dir='ltr'><strong>vir-</strong></span> 
     </span>
    </p>
   </div>
   <div class='ocr_carea' id='block_1_118' title="bbox 1804 5474 3392 5557">
    <p class='ocr_par' dir='ltr' id='par_1_118' title="bbox 1804 5474 3392 5557">
     <span class='ocr_line' id='line_1_118' title="bbox 1804 5474 3392 5557; baseline -0.007 -17"><span class='ocrx_word' id='word_1_892' title='bbox 1804 5486 1963 5557; x_wconf 81' lang='lat' dir='ltr'><strong>gine?</strong></span> <span class='ocrx_word' id='word_1_893' title='bbox 2010 5494 2065 5541; x_wconf 89' lang='lat' dir='ltr'><strong>et</strong></span> <span class='ocrx_word' id='word_1_894' title='bbox 2097 5484 2276 5539; x_wconf 90' lang='lat' dir='ltr'><strong>omnia</strong></span> <span class='ocrx_word' id='word_1_895' title='bbox 2319 5484 2436 5553; x_wconf 90' lang='lat' dir='ltr'><strong>ejus</strong></span> <span class='ocrx_word' id='word_1_896' title='bbox 2482 5483 2842 5547; x_wconf 87' lang='lat' dir='ltr'><strong>incrementa,</strong></span> <span class='ocrx_word' id='word_1_897' title='bbox 2873 5492 3154 5549; x_wconf 81' lang='lat' dir='ltr'><strong>quousque</strong></span> <span class='ocrx_word' id='word_1_898' title='bbox 3198 5475 3297 5530; x_wconf 87' lang='lat' dir='ltr'><strong>fuit</strong></span> <span class='ocrx_word' id='word_1_899' title='bbox 3337 5474 3392 5529; x_wconf 92' lang='lat' dir='ltr'><strong>in</strong></span> 
     </span>
    </p>
   </div>
   <div class='ocr_carea' id='block_1_119' title="bbox 1805 5567 3399 5645">
    <p class='ocr_par' dir='ltr' id='par_1_119' title="bbox 1805 5567 3399 5645">
     <span class='ocr_line' id='line_1_119' title="bbox 1805 5567 3399 5645; baseline -0.01 -9"><span class='ocrx_word' id='word_1_900' title='bbox 1805 5579 2006 5636; x_wconf 89' lang='lat' dir='ltr'><strong>mundo</strong></span> <span class='ocrx_word' id='word_1_901' title='bbox 2032 5578 2346 5645; x_wconf 76' lang='lat' dir='ltr'><strong>dumtaxat,</strong></span> <span class='ocrx_word' id='word_1_902' title='bbox 2375 5575 2572 5631; x_wconf 90' lang='lat' dir='ltr'><strong>divinis</strong></span> <span class='ocrx_word' id='word_1_903' title='bbox 2609 5574 2839 5630; x_wconf 82' lang='lat' dir='ltr'><strong>etl&#39;erunt</strong></span> <span class='ocrx_word' id='word_1_904' title='bbox 2879 5569 3194 5641; x_wconf 72' lang='lat' dir='ltr'><strong>prmconiis.</strong></span> <span class='ocrx_word' id='word_1_905' title='bbox 3225 5567 3399 5621; x_wconf 89' lang='lat' dir='ltr'><strong>Porro</strong></span> 
     </span>
    </p>
   </div>
   <div class='ocr_carea' id='block_1_120' title="bbox 1804 5658 3393 5737">
    <p class='ocr_par' dir='ltr' id='par_1_120' title="bbox 1804 5658 3393 5737">
     <span class='ocr_line' id='line_1_120' title="bbox 1804 5658 3393 5737; baseline -0.009 -12"><span class='ocrx_word' id='word_1_906' title='bbox 1804 5673 1872 5727; x_wconf 90' lang='lat' dir='ltr'><strong>ab</strong></span> <span class='ocrx_word' id='word_1_907' title='bbox 1894 5671 2119 5727; x_wconf 76' lang='lat' dir='ltr'><strong>exordio</strong></span> <span class='ocrx_word' id='word_1_908' title='bbox 2156 5669 2329 5725; x_wconf 88' lang='lat' dir='ltr'><strong>sancti</strong></span> <span class='ocrx_word' id='word_1_909' title='bbox 2364 5667 2637 5737; x_wconf 78' lang='lat' dir='ltr'><strong>Evangelii</strong></span> <span class='ocrx_word' id='word_1_910' title='bbox 2669 5664 2973 5722; x_wconf 86' lang='lat' dir='ltr'><strong>Gabrielem</strong></span> <span class='ocrx_word' id='word_1_911' title='bbox 3004 5658 3393 5730; x_wconf 82' lang='lat' dir='ltr'><strong>archangelum</strong></span> 
     </span>
    </p>
   </div>
   <div class='ocr_carea' id='block_1_121' title="bbox 1804 5752 3397 5837">
    <p class='ocr_par' dir='ltr' id='par_1_121' title="bbox 1804 5752 3397 5837">
     <span class='ocr_line' id='line_1_121' title="bbox 1804 5752 3397 5837; baseline -0.011 -16"><span class='ocrx_word' id='word_1_912' title='bbox 1804 5767 2209 5837; x_wconf 89' lang='lat' dir='ltr'><strong>colloquentem</strong></span> <span class='ocrx_word' id='word_1_913' title='bbox 2248 5763 2429 5819; x_wconf 71' lang='lat' dir='ltr'><strong>Maria:</strong></span> <span class='ocrx_word' id='word_1_914' title='bbox 2471 5760 2738 5817; x_wconf 81' lang='lat' dir='ltr'><strong>didicistis</strong></span> <span class='ocrx_word' id='word_1_915' title='bbox 2760 5804 2773 5825; x_wconf 94' lang='lat'><strong>,</strong></span> <span class='ocrx_word' id='word_1_916' title='bbox 2804 5766 2857 5813; x_wconf 87' lang='lat' dir='ltr'><strong>et</strong></span> <span class='ocrx_word' id='word_1_917' title='bbox 2897 5753 3157 5823; x_wconf 85' lang='lat' dir='ltr'><strong>deinceps</strong></span> <span class='ocrx_word' id='word_1_918' title='bbox 3192 5752 3397 5823; x_wconf 83' lang='lat' dir='ltr'><strong>reliqua</strong></span> 
     </span>
    </p>
   </div>
   <div class='ocr_carea' id='block_1_122' title="bbox 1804 5846 3394 5930">
    <p class='ocr_par' dir='ltr' id='par_1_122' title="bbox 1804 5846 3394 5930">
     <span class='ocr_line' id='line_1_122' title="bbox 1804 5846 3394 5930; baseline -0.012 -11"><span class='ocrx_word' id='word_1_919' title='bbox 1804 5860 1985 5919; x_wconf 89' lang='lat' dir='ltr'><strong>omnia</strong></span> <span class='ocrx_word' id='word_1_920' title='bbox 2008 5859 2217 5930; x_wconf 85' lang='lat' dir='ltr'><strong>plenius</strong></span> <span class='ocrx_word' id='word_1_921' title='bbox 2247 5857 2474 5929; x_wconf 84' lang='lat' dir='ltr'><strong>legistis.</strong></span> <span class='ocrx_word' id='word_1_922' title='bbox 2510 5853 2588 5911; x_wconf 78' lang='lat' dir='ltr'><strong>Ad</strong></span> <span class='ocrx_word' id='word_1_923' title='bbox 2619 5863 2860 5925; x_wconf 56' lang='lat' dir='ltr'><strong>praesepe</strong></span> <span class='ocrx_word' id='word_1_924' title='bbox 2885 5860 3123 5918; x_wconf 78' lang='lat' dir='ltr'><strong>quoque,</strong></span> <span class='ocrx_word' id='word_1_925' title='bbox 3150 5863 3183 5904; x_wconf 85' lang='grc' dir='ltr'><strong>ο</strong></span> <span class='ocrx_word' id='word_1_926' title='bbox 3206 5846 3394 5912; x_wconf 83' lang='lat' dir='ltr'><strong>Paula,</strong></span> 
     </span>
    </p>
   </div>
  </div>
