3916 6288
485 268 595 330 H5

1508 264 1566 329 S.
1610 263 1992 330 ﬂiEBONYMl
2027 256 2312 327 OPERUM
2350 269 2712 331 MANTISSA.

3654 274 3749 333 124

484 400 541 446 te
569 397 738 457 teste,
762 395 894 445 nato
928 400 1096 460 puero
1126 388 1267 444 inter
1289 384 1589 456 crepundia
1616 385 1742 441 novi
1777 392 1986 457 partus,
2021 390 2078 440 et
2103 382 2159 445 8-
2180 398 2376 442 manna
2417 386 2732 443 invenitur:
2766 385 2912 458 quod
2949 393 3003 441 et
3044 385 3319 443 scaturire
3368 386 3618 445 cernitur.
3657 391 3749 449 Vcs

486 483 739 556 querelas
767 482 940 540 nescii
988 482 1256 553 ploratus,
1291 488 1393 550 pro
1417 478 1782 546 fescenninis,
1815 477 1998 533 Gloria
2026 476 2087 530 in-

486 575 704 633 e'xcelsis
727 576 856 643 Deo,
890 584 937 629 et
964 574 1017 628 in
1046 582 1183 628 terra
1210 589 1318 646 pum
1344 572 1639 627 hominibus
1666 572 1813 626 bona
1840 570 2083 625 volunta-

489 672 556 726 tis
582 686 605 725 :r
640 667 1043 726 multitudinem
1071 665 1389 738 angelorum
1420 664 1756 720 cantantium
1798 661 2087 728 audivisti,

490 771 548 820 et
597 761 901 819 radiantem
959 758 1173 815 stellam
1229 756 1432 813 vidisti.
1488 755 1805 813 Pastoribus
1860 756 2084 822 insuper

492 850 991 924 evangelizantibus
1011 850 1313 907 credidisti.
1343 850 1528 921 Magos
1559 856 1819 919 praeterea
1847 847 1952 902 tria
1980 845 2084 901 dc-

491 947 728 1003 ferentes
749 959 999 1012 munera,
1019 944 1073 999 in
1093 944 1300 1001 visione
1324 944 1493 998 beatis
1514 941 1689 997 oculis
1710 939 2038 1012 conspexisti
2065 955 2080 996 :

490 1041 606 1110 ipsa
638 1038 827 1094 eadem
856 1042 1079 1094 munera
1108 1037 1247 1093 bene
1276 1036 1627 1107 intelligendo
1664 1035 1802 1089 votis
1831 1034 2087 1089 omnibus

494 1133 601 1189 fide
632 1132 746 1189 Deo
770 1124 1034 1188 obtulisti.
1076 1130 1211 1187 Nam
1249 1141 1300 1187 et
1328 1144 1448 1186 cum
1478 1129 1691 1185 eisdem
1716 1128 1884 1199 magis
1914 1127 2085 1182 Deam

496 1242 724 1298 puerum
758 1227 809 1281 in
855 1225 1125 1297 praesepio
1166 1223 1427 1280 adorasti.
1462 1220 1573 1277 Sed
1616 1220 1759 1279 l‘orte
1791 1227 2088 1291 conquesta

494 1335 586 1376 me
609 1320 935 1384 delatorem,
959 1318 1052 1389 qui
1083 1317 1191 1392 [ΑΙ.
1224 1313 1391 1388 quod]
1424 1325 1473 1370 te
1501 1313 1859 1385 prodiderim,
1886 1311 2090 1367 clamn-

496 1414 600 1468 bis.
631 1412 711 1468 Ad
730 1413 872 1484 quod
898 1425 1032 1484 ego:
1060 1410 1114 1466 Si
1144 1410 1374 1464 celatum
1403 1421 1524 1463 esse
1554 1406 1775 1461 volebas
1802 1414 1939 1460 teste
1961 1418 2091 1458 con-

498 1505 744 1571 scientia,
772 1504 905 1560 mihi
933 1504 1154 1559 narrare
1173 1511 1299 1557 ante
1317 1500 1664 1573 prmsepium,
1688 1497 1779 1553 ubi
1805 1496 2089 1568 plurimum

499 1599 793 1670 lacrymata
820 1613 900 1666 es,
930 1613 1038 1653 non
1066 1595 1332 1652 debueras
1363 1610 1378 1648 :
1413 1592 1557 1663 quod
1587 1602 1645 1646 ut
1683 1605 1867 1645 verum
1896 1588 2090 1655 fatear,

500 1689 702 1745 Christi
735 1689 1022 1760 prmconia,
1054 1688 1264 1744 etiamsi
1298 1686 1521 1741 voluero
1549 1684 1862 1756 adjuratus,
1918 1688 2093 1752 neqtta

2182 485 2488 534 rumtamen
2510 480 2641 550 quid
2664 478 2857 534 horum
2885 479 3071 535 verius
3093 488 3409 547 censeatur,
3433 480 3748 553 ambigimus.

2182 570 2372 627 Melius
2410 580 2593 628 tamen
2620 570 2736 629 Dee
2775 579 2975 637 totum,
3008 572 3094 627 cui
3127 570 3261 628 nihil
3314 573 3639 643 impossibile
3662 586 3750 645 est,

2184 666 2575 722 committimus
2592 702 2615 733 ,ν
2632 682 2791 737 quam
2823 677 2880 722 ut
2910 667 3121 737 aliquid
3145 675 3357 721 temere
3384 667 3607 726 delinire
3634 672 3751 726 veli-

2188 770 2309 815 mus
2344 759 2668 815 auctoritate
2702 770 2918 824 nostra,
2944 759 3095 829 quod
3120 773 3227 813 non
3260 762 3552 828 probemus
3585 762 3758 821 :sicttti

2186 850 2338 906 etde
2370 852 2492 918 his,
2537 860 2672 921 quius
2699 866 2820 906 cum
2861 852 3099 906 Domino
3133 851 3461 922 (Evangelia
3502 853 3655 924 teste)
3680 871 3755 912 re-

2188 946 2490 1000 surrexisse
2522 944 2815 1000 credimus.
2851 944 2956 1001 Sed
2988 951 3177 1000 utrum
3201 944 3476 1001 redierint
3504 946 3571 1003 in
3595 948 3759 1018 pulve~

2190 1052 2311 1092 rem
2329 1046 2510 1103 terrae,
2535 1047 2744 1092 certum
2769 1052 2873 1093 non
2900 1036 3187 1106 habemus,
3216 1040 3319 1095 nisi
3346 1039 3493 1108 quod
3518 1042 3724 1113 legimus
3742 1060 3761 1098 τη

2194 1130 2333 1197 Quia
2358 1136 2518 1184 multa
2563 1144 2782 1202 corpora
2817 1142 3115 1186 sanctorum
3151 1133 3245 1203 qui
3268 1134 3623 1203 dormierunt,
3663 1152 3763 1191 tur-

2192 1233 2473 1286 reaterunt,
2504 1238 2566 1277 ac
2595 1232 2836 1277 venerunt
2874 1223 2935 1277 in
2959 1233 3191 1278 sanctam
3225 1225 3513 1296 ciuitatem,
3553 1226 3767 1294 scilicet,»

2192 1310 2509 1379 Jerusalem,
2540 1322 2587 1367 et
2621 1322 2982 1383 apparuerunt
3019 1313 3198 1369 multis
3243 1312 3460 1386 (Matth.
3495 1330 3657 1384 xxvn,
3685 1318 3764 1387 5‘3,

2194 1406 2307 1477 53).
2344 1406 2420 1461 De
2465 1406 2661 1477 quibus
2707 1405 2949 1474 profecto
2990 1406 3238 1463 nonnulli
3277 1407 3568 1463 doctorum
3603 1422 3769 1465 sense-

2196 1511 2343 1566 runt,
2366 1508 2422 1554 et
2447 1499 2610 1554 etiam
2648 1501 2702 1554 in
2729 1498 2845 1555 suis
2871 1499 3215 1571 reliquerunt
3246 1500 3488 1571 scriptis,
3522 1502 3661 1573 quod
3676 1503 3770 1573 jam

2197 1592 2250 1647 in
2297 1592 2404 1646 illis
2452 1601 2707 1661 perpetua
2747 1594 2815 1647 sit
2842 1594 3111 1665 completa
3141 1580 3505 1651 resurrectio.
3541 1595 3773 1652 Fateatur

2198 1683 2341 1739 enim
2370 1684 2511 1755 quod
2536 1683 2647 1740 veri
2678 1691 2848 1741 testes
2879 1700 2987 1741 non
3014 1693 3224 1751 essent,
3256 1686 3363 1743 nisi
3386 1696 3446 1743 et
3461 1702 3589 1744 vera
3608 1703 3771 1745 eorum

500 1792 621 1839 tuas
651 1784 839 1839 laudes
878 1782 1099 1840 omnino
1130 1791 1311 1838 tacere
1342 1794 1505 1854 queo.
1553 1777 1761 1834 idcirco
1789 1788 1894 1832 tute
1927 1784 1978 1833 te
2007 1774 2093 1830 iu-
2126 1772 2173 1835 Β
2200 1787 2345 1833 esset
2398 1778 2748 1835 resurrectio.
2802 1778 2957 1836 Unde
2995 1788 3050 1835 et
3099 1779 3290 1835 beatus
3338 1780 3539 1836 Petrus
3591 1781 3774 1839 dixisse

500 1884 780 1948 terrogent
803 1875 949 1940 litim,
982 1890 1115 1946 quas
1144 1876 1285 1932 lacte
1314 1872 1485 1928 nutris
1516 1889 1530 1927 :
1564 1880 1620 1925 tu
1647 1885 1710 1926 ea
1734 1869 1925 1925 melius
1952 1882 2097 1923 rese-

502 1968 676 2035 rabis,
707 1980 829 2039 qua
850 1965 1033 2025 nescio
1061 1965 1111 2023 si
1137 1981 1235 2038 per
1261 1964 1497 2035 speciem
1530 1962 1799 2033 aliquam,
1826 1968 1920 2015 aut
1948 1970 2100 2015 certe

498 2062 553 2119 in
576 2061 771 2131 spiritu
802 2060 1003 2117 vidisti.
1036 2060 1185 2117 Unde
1225 2074 1321 2115 vos
1342 2101 1357 2126 ,
1389 2073 1422 2112 ο
1446 2057 1588 2126 lilizr,
1631 2054 1841 2127 pulsate
1872 2060 2098 2107 matrem

503 2154 778 2225 precibus,
800 2153 1015 2227 pulsate
1043 2153 1111 2208 ad
1140 2151 1339 2208 Ostium
1368 2148 1647 2204 invitantis
1672 2147 1829 2202 amici
1856 2162 1871 2203 :
1898 2146 1942 2200 si
1967 2160 2103 2215 quo-

504 2248 670 2305 roodo
701 2245 921 2303 tandem
971 2246 1127 2302 vobis
1168 2245 1485 2317 aperiantur
1508 2284 1524 2309 ,
1558 2259 1677 2313 qua:
1710 2249 1950 2296 reserata
1977 2249 2102 2295 sunt

502 2340 686 2396 ruant.
718 2340 1101 2395 Verumtamen
1125 2336 1192 2393 de
1223 2335 1309 2391 his
1339 2334 1465 2405 quid
1500 2336 1648 2406 plura
1680 2331 1890 2388 dicam?
1911 2331 2103 2385 Omnia

505 2432 811 2507 Salvatoris
855 2440 1037 2503 gesta,
1070 2440 1126 2486 et
1171 2430 1341 2486 beata:
1374 2427 1553 2484 Mariis
1584 2426 1865 2497 obsequia,
1895 2438 2103 2479 necnon

507 2538 661 2581 actus
691 2525 814 2579 vita:
836 2540 900 2579 ex
930 2523 1227 2594 Evangelio
1267 2520 1554 2577 didicistis.
1588 2522 1651 2574 Et
1682 2532 1823 2574 nunc
1853 2518 1979 2589 quid
2014 2532 2105 2573 su-

510 2628 715 2693 perest,
748 2626 807 2674 ut
836 2619 905 2673 ab
932 2620 1112 2690 aliqtto
1141 2617 1421 2673 doctorum
1453 2612 1785 2687 rcquiratis?

585 2712 649 2767 ll.
690 2715 766 2768 De
792 2714 1176 2783 Assumptione
1196 2710 1437 2781 ejusdem
1475 2721 1650 2763 tamen
1684 2707 1852 2762 beatae
1880 2704 1978 2761 Dei
2007 2720 2101 2776 ge-

514 2805 727 2863 nitricis
747 2819 1070 2876 semperque
1096 2803 1328 2874 Virginis
1348 2801 1548 2866 Marire,
1572 2800 1806 2870 qualiter
1831 2807 2106 2866 assumpta

514 2908 617 2963 est,
643 2899 766 2971 quia
800 2902 985 2954 vestra
1010 2896 1062 2953 id
1092 2896 1339 2966 deposcit
1366 2894 1562 2959 oratio,
1596 2882 1880 2962 prazsentia
1910 2890 2107 2946 absens

516 2993 758 3048 scribere
802 2990 959 3045 vobis
986 2989 1191 3054 curavi,
1227 3003 1347 3059 quae
1383 2985 1629 3042 absentia
1662 3000 1900 3054 praesens
1938 2982 2110 3037 devo-

519 3095 604 3141 tus
624 3084 790 3139 obtuli
814 3125 828 3149 ,
861 3094 920 3138 ut
948 3082 1144 3136 habeat
1178 3088 1421 3137 sanctum
1448 3078 1746 3147 Collegium
1781 3087 2020 3131 vestrum
2052 3072 2107 3127 in

517 3180 607 3235 die
632 3189 793 3232 tant-.e
816 3177 1152 3232 solennitatis
1180 3182 1373 3231 munus
1395 3168 1567 3229 Latini
1596 3170 1884 3237 sermonis,
1918 3168 1970 3223 in
2000 3182 2107 3237 quo
2134 3160 2185 3224 Ο·

519 3273 687 3329 discat
719 3286 903 3328 tenera
945 3269 1175 3327 infantia"
1204 3270 1357 3325 lactis
1386 3267 1623 3339 experiri
1654 3264 2019 3327 dulcedinem,
2056 3270 2110 3317 et

521 3366 590 3429 de
610 3364 820 3436 exiguis
838 3364 1033 3420 eximia
1059 3364 1297 3435 cegitare
1325 3378 1341 3419 :
1364 3360 1594 3430 qualiter
1616 3358 1829 3413 favente
1854 3355 1990 3421 Deo,
2014 3369 2111 3425 per

520 3458 764 3529 singulos
791 3472 961 3515 annos
992 3467 1099 3512 tota
1132 3456 1249 3513 haec
1275 3455 1394 3512 dies
1421 3451 1758 3525 expendatur
1785 3452 1837 3506 in
1871 3450 2109 3518 laudem,

522 3564 578 3610 et
606 3569 728 3610 cum
754 3552 949 3624 gaudio
975 3551 1281 3609 celebretur
1309 3569 1322 3607 :
1348 3565 1417 3606 ne
1445 3549 1582 3603 forte
1605 3546 1647 3602 si
1680 3546 1890 3601 venerit
1917 3544 1969 3599 in
1999 3558 2112 3598 ma-

524 3662 627 3704 nus
650 3657 857 3703 vestras
884 3645 1013 3701 illud
1043 3643 1436 3715 apocryphnm,
1484 3641 1557 3695 De
1586 3638 1841 3695 Transito
1866 3634 2110 3705 ejusdem

525 3738 800 3811 Virginis,
846 3734 1008 3793 dubia
1058 3752 1155 3807 pro
1202 3734 1365 3790 certis
1415 3731 1690 3802 recipiatis
1730 3727 1917 3799 :quod
1956 3725 2110 3780 multi

522 3831 839 3889 Latinorum
862 3830 1075 3902 pietatis
1098 3842 1303 3890 amore,
1320 3824 1499 3880 studio
1522 3821 1734 3894 legendi
1756 3818 1971 3876 cbarius
1989 3833 2112 3871 am-

524 3926 835 3995 plectuntur
864 3940 876 3978 :
912 3921 1210 3993 praeSertint
1237 3935 1360 3974 cum
1390 3933 1455 3974 ex
1489 3916 1572 3972 bis
1612 3914 1745 3970 nihil
1776 3912 1919 3968 aliud
1944 3926 2113 3983 expc-

524 4019 619 4074 riri
647 4019 817 4090 possit
843 4031 943 4087 pro
970 4027 1145 4083 certo,
1173 4014 1277 4069 nisi
1302 4010 1446 4083 quod
1480 4009 1738 4065 hodierna
1768 4006 1857 4061 die
1877 4003 2113 4075 gloriosa

524 4111 783 4181 migravit
818 4125 849 4164 a
896 4124 1147 4179 corpore.
1202 4108 1529 4162 Monstratnr
1572 4112 1751 4158 autem
1802 4099 2112 4170 sepulcrum

526 4204 646 4273 ejus
677 4201 1023 4258 cernentibus
1071 4200 1228 4252 nobis
1266 4214 1437 4267 usque
1482 4195 1547 4249 ad
1589 4208 1826 4264 Praesens
1867 4192 1917 4246 in
1959 4189 2116 4243 vallis

525 4293 787 4364 Jnsaphat
812 4293 1023 4358 medio,
1057 4307 1175 4362 quae
1222 4290 1378 4344 vallis
1416 4297 1494 4343 est
1541 4286 1682 4341 inter
1719 4295 1955 4339 montem
1983 4282 2113 4337 Sion

528 4400 584 4448 ct
603 4403 843 4447 montem
874 4388 1068 4444 Oliveti
1102 4387 1275 4460 posita
1301 4406 1313 4438 :
1343 4399 1505 4455 quant
1534 4392 1590 4438 et
1619 4391 1698 4446 tu,
1719 4395 1752 4435 o
1774 4379 1959 4439 Paula.
1988 4391 2117 4431 ocu-

523 4484 595 4541 lis
622 4481 902 4556 aspexisd,
932 4480 1021 4537 ubi
1057 4482 1107 4536 in
1135 4480 1253 4549 ejus
1283 4477 1493 4534 honore
1521 4474 1778 4531 labricata
1809 4482 1891 4527 est
1923 4468 2117 4527 Eccle~

527 4575 605 4633 sia
634 4578 770 4630 tniro
807 4574 984 4643 lapide
1027 4573 1263 4627 tabulata
1297 4589 1308 4625 :
1349 4570 1400 4625 in
1431 4583 1537 4641 qua
1570 4566 1782 4638 sepulta
1819 4563 1987 4619 fuisse
2024 4565 2118 4636 (ut
2146 4556 2193 4617 Β

524 4669 670 4728 scire
698 4667 954 4741 potestis)
993 4666 1064 4723 ab
1091 4666 1344 4720 omnibus
1380 4663 1578 4719 ibidem
1617 4661 1941 4731 prmdicatur
1970 4678 1982 4714 :
2015 4660 2111 4716 sed

525 4778 671 4822 nunc
700 4778 925 4817 vacuum
956 4776 1077 4818 esse
1114 4759 1446 4815 mausoleum
1482 4756 1834 4815 cernentibus
1863 4753 2109 4811 ostendi-

525 4870 631 4918 tur.
668 4860 794 4916 llzec
824 4857 1025 4915 idcirco
1054 4857 1309 4923 dixerim,
1339 4855 1461 4925 quia
1488 4853 1643 4910 multi
1674 4863 1983 4908 nostrorum
2013 4850 2109 4906 dn-

524 4954 728 5020 bitant,
782 4961 959 5009 utrum
990 4958 1266 5019 assumpta
1311 4947 1471 5004 luerit
1504 4947 1664 5003 simul
1700 4963 1823 5003 cum
1854 4959 2107 5018 corpore,

524 5061 595 5103 an
624 5046 818 5103 abierit
844 5044 1034 5101 relicto
1063 5056 1311 5113 corpore.
1345 5039 1628 5109 Quomodo
1656 5049 1860 5105 autem,
1887 5038 1974 5095 vel
2005 5053 2112 5108 quo

527 5148 793 5210 tempore,
815 5146 910 5193 aut
934 5153 959 5190 a
982 5136 1180 5207 quibus
1209 5133 1455 5204 personis
1481 5132 1884 5188 sanctissimum
1918 5144 2117 5200 corpus

528 5234 650 5305 ejus
697 5231 822 5287 inde
858 5230 1094 5286 ablatum
1144 5226 1337 5293 fuerit,
1395 5225 1480 5281 vel
1530 5224 1619 5279 ubi
1666 5224 2053 5293 transpositum
2099 5239 2114 5276 :

528 5340 781 5386 utrumne
829 5325 1189 5381 resurrexerit
1219 5366 1235 5392 ,
1276 5323 1515 5379 nescitur
1542 5339 1557 5377 :
1588 5322 1837 5392 quamvis
1872 5318 2116 5375 nonnulli

529 5432 777 5479 astruere
806 5417 977 5473 velint
1002 5434 1119 5472 eam
1148 5417 1257 5487 jam
1291 5417 1693 5481 resuscitatam,
1727 5423 1782 5471 et
1804 5414 1965 5471 beata
1992 5429 2115 5469 cum

527 5514 746 5570 Christo
775 5509 1183 5567 immortalitate
1203 5509 1265 5567 in
1297 5506 1613 5564 cmlestibus
1642 5505 1843 5579 vestiri.
1876 5506 2029 5575 Quod
2065 5513 2119 5561 et

526 5608 597 5665 de
623 5609 783 5664 beato
805 5606 1013 5663 Joanne
1052 5603 1395 5673 Evangelista
1427 5603 1545 5673 ejus
1576 5601 1861 5669 ministro,
1888 5600 1972 5655 cui
2005 5601 2118 5655 vir-

528 5700 636 5771 gini
667 5717 696 5754 a
718 5700 933 5757 Christo
968 5698 1131 5769 Virgo
1159 5695 1445 5752 commissa
1472 5704 1555 5752 est
1579 5737 1593 5762 ,
1640 5693 1855 5764 plurimi
1902 5708 2119 5749 asseve-

528 5802 652 5851 rant
701 5810 714 5847 :
766 5797 891 5866 quia
940 5796 999 5853 in
1041 5792 1293 5868 sepulcro
1339 5790 1456 5863 ejus
1499 5790 1594 5867 (ut
1634 5789 1847 5862 fertur)
1896 5785 2108 5856 nonnisi

2203 1870 2427 1941 legitur.
2468 1886 2591 1927 cum
2624 1872 2693 1928 de
2722 1872 2897 1928 David
2929 1873 3249 1945 loqueretur
3278 1874 3334 1931 in
3379 1875 3732 1933 testiinonium
3759 1894 3772 1933 :

2203 1961 2271 2016 Et
2299 1962 2612 2036 sepulcrum,
2640 1964 2834 2035 inquit,
2875 1968 2989 2039 ejus
3012 1966 3153 2036 apud
3174 1982 3273 2021 nos
3289 1974 3367 2021 est
3396 1964 3540 2041 (Act.
3565 1982 3622 2031 tt,
3652 1967 3738 2038 23)
3763 1986 3773 2022 :

2201 2060 2363 2129 quasi
2391 2072 2496 2115 non
2528 2060 2605 2114 sit
2642 2074 2806 2115 ausus
2837 2060 3023 2116 dicere
3047 2103 3061 2123 ,
3107 2062 3250 2130 quod
3292 2060 3445 2131 ipse,
3473 2069 3569 2116 aut
3604 2076 3777 2132 corpus

2203 2152 2325 2222 ejus
2358 2153 2506 2223 apud
2531 2168 2630 2209 nos
2657 2162 2741 2208 est
2774 2171 2786 2205 :
2820 2154 2915 2207 sed
2945 2162 3163 2209 tantum
3185 2156 3498 2225 sepulcrum
3526 2171 3635 2227 quo
3661 2172 3776 2211 eon-

2205 2248 2350 2303 ditus
2393 2247 2573 2303 fuerat
2617 2266 2630 2301 :
2667 2246 2792 2303 hinc
2827 2249 2981 2304 aiunt
3028 2252 3395 2306 resnrrexisse
3440 2260 3497 2308 et
3526 2267 3645 2306 eum
3674 2266 3777 2306 cum

2205 2339 2429 2395 caeteris
2450 2341 2655 2396 sanctis
2682 2358 2696 2395 :
2726 2351 2782 2396 et
2813 2343 2935 2396 ideo
2963 2357 3191 2397 vacuum
3218 2344 3561 2400 remansisse
3592 2359 3782 2399 manse-

2207 2435 2375 2500 leum,
2406 2443 2464 2489 ut
2494 2434 2635 2490 hunc
2660 2437 2829 2491 beatae
2858 2435 3039 2491 Maria:
3071 2438 3332 2492 cernitur.
3356 2436 3517 2505 Quod
3546 2452 3675 2493 sane
3693 2436 3783 2492 llic-

2210 2535 2344 2593 tum,
2376 2537 2426 2581 et
2451 2527 2518 2581 de
2539 2527 2662 2581 aliis
2697 2527 3031 2597 quibuslibet
3059 2528 3191 2583 locis
3219 2528 3632 2598 Scripturarnm
3660 2528 3783 2582 atﬁr‘

2209 2634 2359 2675 mare
2403 2630 2669 2676 conantur
2708 2621 2893 2691 :quod
2925 2621 2976 2677 bi
3010 2622 3121 2692 jam
3154 2636 3276 2677 cum
3319 2620 3546 2677 Christo
3584 2630 3785 2694 regnent

2210 2714 2517 2770 resuscitati
2536 2714 2588 2768 in
2613 2722 2817 2768 aeterna
2842 2714 3125 2769 societate.
3158 2714 3312 2781 Quod
3341 2715 3499 2786 (quia
3529 2715 3640 2770 Deo
3668 2714 3787 2769 nihil

2208 2818 2295 2863 est
2316 2806 2677 2879 impossibile)
2703 2822 2803 2863 nec
2827 2822 2927 2863 nos
2954 2808 3022 2863 de
3046 2808 3207 2863 beata
3236 2805 3404 2863 Maria
3442 2807 3666 2879 Virgine
3688 2806 3785 2862 lac-

2210 2909 2327 2955 tnm
2357 2902 2676 2968 abnuimus,
2709 2914 3035 2971 quamquam
3067 2910 3290 2970 propter
3325 2900 3603 2957 cautelam
3625 2898 3786 2972 (salva

2212 2992 2341 3063 ﬁde)
2374 2994 2462 3063 pio
2492 2995 2664 3063 magis
2691 2994 2968 3049 desiderio
2993 2993 3207 3060 opinari
3230 3004 3513 3063 oporteat,
3539 3008 3694 3065 quam
3719 2992 3787 3047 in-

2211 3087 2460 3141 consulte
2487 3087 2738 3153 delinire,
2771 3086 2920 3157 quod
2944 3088 3064 3141 sine
3094 3087 3335 3155 periculo
3358 3088 3626 3144 nescitur.

2286 3180 2376 3237 ill.
2411 3180 2569 3238 Unde
2587 3181 2657 3236 de
2679 3180 2762 3235 his
2792 3195 2859 3235 ex
2879 3181 3074 3252 quibus
3099 3181 3240 3237 certi
3284 3197 3502 3247 mus,
3552 3182 3788 3249 tantisper

2213 3279 2497 3349 loquamur
2552 3274 2619 3328 ad
2677 3273 3112 3328 exhortationem
3145 3284 3378 3329 vestram
3431 3274 3790 3345 qualicumque

2213 3384 2486 3436 sermone,
2520 3369 2586 3424 ad
2632 3368 3041 3424 aedificationem
3091 3377 3145 3423 et
3173 3368 3389 3424 laudem
3423 3368 3658 3424 nominis
3683 3366 3787 3422 Dei:

2216 3474 2275 3521 ut
2298 3474 2351 3521 et
2378 3463 2572 3533 religio
2597 3471 2950 3518 conservetur
2998 3477 3095 3530 pro
3150 3460 3445 3531 famulatu,
3500 3473 3558 3518 et
3596 3461 3791 3518 devotio

2215 3570 2476 3633 augeatur
2499 3571 2597 3630 pro
2620 3556 2813 3613 al'eetu
2851 3578 2865 3614 :
2916 3559 3175 3627 quoniam
3215 3553 3334 3613 haec
3360 3567 3450 3614 est
3487 3558 3667 3628 Virgo,
3691 3569 3792 3626 quat

2216 3656 2331 3710 sola
2383 3650 2655 3706 interemit
2709 3648 3019 3705 universam
3073 3649 3384 3704 haereticam
3444 3651 3792 3720 pravi-tatem:

2217 3747 2333 3803 sola
2369 3754 2490 3816 post
2511 3743 2677 3799 Deum
2703 3756 2825 3813 qua}
2856 3756 2956 3797 nos
2984 3742 3268 3797 conﬁrmet
3304 3742 3356 3796 in
3386 3744 3540 3798 omni
3562 3743 3791 3803 veritate,

2217 3842 2435 3910 suisque
2456 3836 2800 3892 commendet
2845 3837 3076 3899 meritis,
3125 3845 3183 3890 et
3213 3836 3471 3901 precibus
3505 3834 3792 3893 auxiliatur,

2219 3942 2353 3989 utet
2379 3932 2481 4003 ipsi
2510 3931 2655 4002 digni
2685 3931 3023 3985 inveniamur
3052 3931 3104 3984 in
3153 3930 3272 3996 ejus
3326 3929 3605 3986 laudibus.
3657 3925 3793 3995 Quod

2218 4027 2263 4081 si
2290 4025 2548 4095 qumritur
2576 4035 2695 4094 post
2744 4023 3121 4078 ascensionem
3183 4022 3399 4077 Domini
3436 4022 3566 4093 quid
3620 4020 3791 4091 egerit,

2220 4134 2384 4173 unum
2418 4130 2514 4187 pro
2538 4125 2690 4171 certo
2711 4125 2814 4180 est,
2865 4115 2991 4185 quia
3021 4113 3187 4185 Virgo
3239 4124 3429 4169 sancta
3479 4130 3703 4185 corpore
3742 4126 3793 4165 ac

2221 4221 2403 4266 mente
2427 4209 2722 4280 permansit
2746 4228 2759 4263 :
2788 4220 2951 4278 quam
2970 4224 3101 4264 sane
3129 4209 3350 4277 angelus
3374 4209 3625 4274 Gabriel,
3662 4222 3723 4263 ac
3756 4207 3793 4259 si

2219 4305 2459 4359 caelestis
2475 4303 2891 4374 paranymphns,
2925 4305 3179 4356 intactam
3209 4302 3528 4358 cnstodivit.
3561 4301 3791 4358 EtJoan-

2222 4409 2320 4450 nes
2349 4396 2645 4465 apostolus,
2670 4404 2835 4461 atque
2863 4394 3216 4464 evangelista,
3266 4394 3353 4448 cui
3399 4395 3653 4450 Christus
3689 4403 3793 4447 eam

2222 4487 2287 4540 de
2311 4502 2474 4543 cruce
2493 4488 2784 4553 commisit,
2810 4486 2961 4556 virgo
2986 4487 3249 4557 virginem
3305 4486 3569 4548 servavit.
3599 4487 3795 4553 suisque

2221 4582 2270 4637 ei
2302 4581 2601 4637 deservivit
2619 4580 2898 4650 obsequiis
2927 4597 2943 4635 :
2967 4593 3076 4635 non
3103 4579 3247 4649 quod
3273 4580 3519 4637 eximius
3543 4580 3635 4636 ille
3655 4590 3794 4635 sane:

2223 4685 2398 4730 torum
2452 4673 2653 4727 chorus
2706 4673 3077 4743 apostolorum
3116 4674 3423 4729 deseruerit
3477 4691 3629 4739 eam,
3676 4675 3795 4727 inter

2221 4782 2353 4838 quos
2381 4774 2503 4837 post
2521 4766 2976 4821 resurrectionem
3006 4766 3213 4820 intrans
3231 4777 3285 4822 et
3311 4769 3530 4834 exiens,
3584 4763 3794 4821 familiae

2221 4863 2333 4917 rius
2353 4860 2582 4915 contulit
2598 4860 2666 4913 de
2694 4858 2891 4914 Christi
2922 4860 3293 4915 Incarnatione
3320 4878 3335 4914 :
3370 4871 3525 4915 tanto
3546 4857 3791 4931 siquidem

2224 4954 2423 5016 verius,
2448 4962 2650 5024 quanto
2681 4954 2748 5005 ab
2775 4951 2931 5006 initio
2958 4951 3170 5021 plenius
3202 4967 3299 5020 per
3343 4950 3607 5022 Spiritum
3654 4961 3792 5004 sane.

2222 5055 2336 5103 tum
2363 5056 2556 5101 cuncta
2576 5044 2859 5106 didicerat.
2887 5055 2940 5099 et
2964 5054 3317 5115 perspexerat
3336 5045 3513 5100 oculis
3533 5044 3762 5099 universa
3782 5056 3793 5090 :

2221 5141 2350 5196 licet
2374 5151 2429 5196 et
2457 5138 2685 5209 apostoli
2716 5152 2811 5208 per
2842 5136 3095 5193 eumdem
3132 5136 3391 5207 Spiritum
3422 5147 3666 5191 sanctum
3693 5145 3795 5184 om.

2223 5234 2313 5290 nia
2343 5230 2721 5303 cognoverint,
2779 5239 2837 5285 et
2884 5230 2936 5284 in
2982 5244 3197 5285 omnem
3247 5229 3427 5284 cdocti
3474 5224 3793 5299 pervenerint

2221 5329 2525 5385 veritatem.
2557 5328 2732 5394 Quam
2767 5340 2901 5381 sane
2924 5326 3135 5382 beatam
3166 5324 3471 5395 Virginem,
3499 5323 3599 5378 etsi
3624 5332 3794 5376 omnes

2219 5424 2464 5480 venerati
2513 5430 2641 5477 sunt
2685 5420 2961 5489 discipuli,
3013 5420 3172 5490 eique
3193 5417 3592 5473 famulabantur
3618 5413 3792 5469 all‘ectu

2226 5516 2557 5585 dilectionis,
2587 5514 2826 5571 Joannes
2849 5522 3028 5569 tamen
3073 5511 3304 5583 amplius
3323 5525 3385 5565 ac
3405 5508 3689 5580 specialius
3715 5518 3793 5556 us-

2227 5628 2332 5683 que
2363 5611 2416 5664 in
2447 5608 2609 5664 ﬁnem
2640 5607 2788 5676 vitae,
2835 5607 2923 5677 qui
2975 5606 3078 5661 sibi
3129 5607 3472 5660 commissam
3519 5601 3717 5670 accepit
3746 5597 3790 5651 in

2228 5720 2401 5770 suam,
2434 5702 2584 5771 quasi
2612 5708 2838 5755 matrem
2870 5698 3014 5754 illius
3046 5714 3060 5752 :
3102 5697 3187 5752 cui
3239 5696 3503 5765 benignus
3556 5692 3791 5761 magister

2231 5797 2301 5856 de
2325 5810 2488 5854 cruce
2517 5812 2529 5849 :
2565 5792 2783 5864 Mulier,
2812 5791 3008 5865 inquit,
3051 5806 3164 5847 cccc
3190 5788 3327 5860 ﬁlius
3352 5798 3470 5843 tuus
3495 5804 3514 5855 ;
3556 5783 3620 5842 ad
3643 5782 3788 5841 disci-
