3916 6288
196 307 275 367 trs

530 302 850 365 EPISTOLA
886 303 980 363 IX.
1020 303 1116 369 AD
1153 303 1436 365 PAULAM
1463 305 1553 364 ΕΤ
1591 302 1684 365 EU-

1791 304 2076 375 EHIUM‘.
2116 308 2215 368 98'
2255 309 2593 387 ASSUMPT.
2646 311 2708 369 Β.
2763 311 3025 373 ΜΔΒΙᾸΞ.

3305 315 3412 375 126

189 428 339 500 pulum
362 432 526 481 ante
558 443 572 477 :
626 423 755 479 Ecce
780 433 945 479 mater
973 432 1063 479 tua
1115 419 1299 495 (Joan.
1329 439 1447 492 arx,
1468 424 1560 492 26,
1586 424 1712 495 27);
1743 421 1798 488 Α
1820 422 1917 481 sed
1940 423 2007 481 de
2036 425 2211 482 cmlis.
2243 424 2380 481 Hinc
2401 428 2714 484 ascendisse
2743 427 3001 501 leguntur
3048 427 3102 487 in
3156 444 3412 491 cmnacuv

189 521 377 590 utvirgo
410 517 591 587 virgini
632 516 930 572 cohaereret
966 526 1024 573 et
1067 516 1369 573 deserviret
1423 516 1711 573 officiosis-

186 616 297 671 sime
321 627 438 667 cura
463 610 783 682 adoptionis.
814 609 932 666 Non
959 610 1107 666 enim
1156 609 1506 681 pudicissima
1551 609 1713 682 virgiv

185 706 296 762 nitas
321 703 467 760 alicui
484 702 871 775 discipulorum
894 704 1096 760 rectius
1151 717 1314 773 quam
1342 704 1536 775 virgini
1558 720 1709 759 com-

185 799 420 855 mendatur
448 808 501 854 ut
526 806 669 854 esset
695 796 765 854 ad
791 797 1020 854 invicem
1057 806 1210 869 grata
1234 796 1470 854 societas
1495 807 1550 854 et
1604 798 1710 853 ilo-

186 892 301 948 ridus
345 890 622 961 aspectus?
676 902 890 946 necnon
938 900 994 946 et
1048 898 1304 948 venustas
1349 891 1708 947 conversandi

184 999 383 1053 tertiana,
414 983 713 1043 alternatim
747 984 1130 1055 pudicitiarum
1155 982 1453 1053 splendore
1474 983 1708 1040 decora-

186 1092 263 1135 tur.
306 1078 409 1135 Una
433 1077 695 1149 siquidem
729 1078 900 1133 virtus
927 1077 1253 1149 virginitatis
1308 1077 1367 1134 in
1415 1078 1703 1145 ambobus,

183 1175 252 1231 sed
270 1175 413 1230 altera
442 1174 720 1245 proportio
744 1173 799 1229 in
826 1172 992 1229 Maria
1028 1191 1039 1225 :
1073 1173 1242 1228 altera
1275 1171 1521 1243 quidem,
1579 1173 1703 1244 quia

183 1263 436 1334 fecundior,
473 1264 568 1321 sed
609 1264 748 1336 ipsa.
808 1263 931 1335 Ipsa
961 1278 1112 1331 vero,
1168 1262 1268 1319 sed
1315 1264 1483 1319 altera
1518 1281 1533 1317 :
1581 1263 1704 1334 quia

184 1361 262 1417 etsi
289 1360 376 1430 ipsa
403 1358 702 1430 eademque
753 1358 1129 1428 ineorruptio,
1182 1365 1362 1412 tamen
1395 1356 1705 1414 fecunditas

190 1452 442 1521 integritatis
468 1450 633 1521 longe
652 1450 945 1522 gloriosior
967 1466 1129 1521 quam
1163 1449 1465 1522 virginitas.
1494 1449 1704 1508 idcirco

186 1553 227 1599 et
240 1542 483 1598 fecunditas
506 1545 559 1598 in
578 1542 669 1598 illa
688 1550 797 1599 tota
813 1542 1006 1599 deities
1028 1551 1117 1600 est
1140 1552 1198 1599 et
1214 1541 1519 1612 virginitas.
1553 1544 1703 1599 Alio-

181 1637 245 1703 qui
260 1650 481 1706 nusquam
506 1634 811 1691 secundum
835 1644 1082 1690 naturam
1112 1632 1366 1690 nascendi
1390 1633 1698 1705 virginitas,

179 1727 241 1782 ubi
265 1726 527 1783 fecunditas
567 1726 903 1798 praedicatur
946 1743 959 1779 :
1011 1740 1187 1798 neque
1217 1724 1554 1794 fecunditas,
1608 1726 1697 1783 ubi

1819 516 2010 581 lum,in
2025 532 2131 587 quo
2147 517 2343 589 pascha
2360 518 2675 590 dignissime
2690 520 3068 577 celebrabatur
3087 541 3100 578 :
3119 522 3193 579 ibi
3205 525 3409 597 quippe

1817 607 2111 664 manebant
2139 624 2262 664 eum
2310 608 2478 665 Maria
2508 621 2679 667 matre
2703 610 2832 667 Jesu
2891 613 3220 670 unanimiter
3263 615 3410 686 aspi-

1816 701 1916 758 rati
1947 704 2001 757 in
2031 702 2319 769 charitate,
2362 717 2773 774 perseverantes
2822 706 2875 762 in
2905 708 3177 776 oratione,
3230 709 3405 768 denec

1815 793 2173 850 induerentur
2216 795 2416 851 virtute
2466 811 2533 851 ex
2584 795 2714 852 alto.
2754 795 3042 869 Coeperant
3095 800 3241 855 enim
3272 799 3401 870 tiam

1813 902 1971 944 orare
1992 888 2081 958 qui
2110 888 2311 945 dudum
2363 904 2485 945 cum
2515 891 2745 947 Domino
2773 903 3159 950 conversantes
3184 896 3400 953 virtuti-
3486 934 3490 941 ν

1809 981 1917 1038 bus
1943 991 2000 1039 et
2045 983 2320 1038 miraculis
2370 984 2751 1052 pascebantur.
2802 984 2870 1041 Et
2911 986 3047 1043 bene
3084 1002 3402 1060 persevera-

1811 1075 1939 1131 bant
1974 1075 2026 1130 in
2050 1076 2297 1133 oratione
2320 1075 2453 1131 nihil
2495 1075 2830 1141 haesitantes,
2878 1077 3051 1136 donec
3091 1082 3403 1152 acciperent

1810 1184 2040 1224 munera
2064 1169 2299 1238 Spiritus
2321 1170 2497 1225 sancti
2519 1184 2640 1241 quae
2664 1170 2975 1241 poscebant.
3011 1170 3160 1240 Quos
3189 1182 3245 1229 et
3274 1189 3394 1245 vos,

1810 1277 1843 1317 o
1874 1261 2017 1327 filiae,
2050 1261 2361 1329 imitamini,
2394 1278 2517 1335 qua:
2556 1265 2609 1318 in
2635 1264 2823 1319 schola
2843 1264 3042 1320 Christi
3074 1260 3399 1337 permanere

1810 1355 2037 1409 vovistis
2070 1371 2084 1409 :
2118 1365 2467 1424 perseverate
2495 1355 2547 1410 in
2580 1356 2918 1411 orationibus
2963 1357 3289 1414 unanimiter
3314 1359 3398 1415 vi-

1808 1455 2016 1516 ventes,
2049 1446 2224 1502 donec
2252 1446 2459 1502 intrare
2496 1448 2716 1517 possitis
2745 1448 2943 1518 gaudia
2995 1461 3215 1506 aeternae
3250 1452 3394 1521 vitae,

1806 1554 1915 1610 quo
1934 1540 2091 1594 beata
2120 1539 2302 1611 Virgo'
2322 1539 2554 1599 feliciter
2602 1539 2762 1595 hodie
2792 1540 3055 1611 introivit,
3084 1543 3402 1599 alternanti-

1805 1632 1906 1687 bus
1934 1631 2260 1704 hymnidicis
2281 1632 2597 1705 angelorum
2636 1632 2821 1688 choris
2858 1622 2997 1689 intra
3022 1650 3222 1706 pascua
3238 1646 3401 1692 teter-

1806 1743 1890 1782 tta:
1915 1725 2250 1782 viriditatis:
2293 1727 2380 1782 ubi
2419 1740 2522 1781 una
2548 1726 2783 1781 secietas
2828 1725 3024 1783 civium
3072 1738 3397 1799 supernom-

180 1822 395 1890 virginitas
414 1820 627 1892 integra
650 1829 1029 1877 conservatur.
1046 1818 1284 1891 Ideoque
1309 1828 1483 1876 totum
1507 1835 1700 1893 super-
1729 1818 1778 1885 B
1808 1834 1949 1887 rum,
1979 1819 2069 1875 ubi
2097 1818 2273 1901 dulcis
2294 1819 2614 1875 solemnitas
2644 1820 2989 1890 angelorum,
3044 1822 3135 1877 ubi
3169 1834 3291 1894 post
3318 1824 3401 1882 la-

181 1911 335 1969 auellit
350 1912 411 1969 de
439 1913 528 1969 illa
558 1927 685 1984 qua
708 1912 962 1968 dicuntur
995 1929 1011 1967 :
1039 1910 1167 1984 quia
1215 1919 1345 1967 sunt
1393 1909 1575 1966 divina
1610 1919 1696 1966 at-

180 2020 252 2075 que
270 2004 543 2061 imitabilia.
577 2003 738 2063 Unde
767 2004 1049 2075 virginitas
1081 2010 1137 2058 et
1175 1999 1478 2059 fecunditas
1531 2000 1698 2074 prolis

188 2098 513 2166 supereminens
534 2097 757 2154 novitas
785 2105 893 2163 est,
912 2110 1238 2167 quamquam
1261 2092 1557 2150 humanum
1576 2108 1699 2149 cero

192 2200 371 2247 ratores
397 2205 565 2246 carne
623 2188 767 2261 quod
827 2188 1091 2245 nascitur.
1158 2187 1542 2242 Verumtamen
1595 2186 1697 2242 etsi

184 2282 528 2351 magniﬁcentior
554 2283 792 2337 multum
838 2280 1124 2352 virginitas
1154 2279 1207 2335 in
1264 2277 1429 2334 Maria
1475 2288 1697 2349 propter

174 2375 302 2441 gratia
320 2373 741 2431 excellentiam:
781 2387 887 2433 una
918 2382 1101 2428 tamen
1149 2370 1439 2441 integritas
1491 2370 1693 2439 carnis,

172 2474 293 2520 cinna
317 2466 496 2537 virtus,
521 2482 653 2539 quae
679 2465 746 2522 ad
768 2466 1294 2536 invicemltamquam
1322 2471 1564 2544 cognata
1595 2478 1690 2518 so-

167 2557 455 2615 riaturJlinc
503 2574 740 2631 quoque
796 2558 1053 2623 Joannes,
1094 2554 1355 2628 quidquid
1411 2564 1499 2612 est.
1549 2555 1692 2627 quod

163 2648 278 2706 llaria
302 2649 977 2722 genuit;evangelizando,
1032 2665 1133 2705 suo
1184 2649 1535 2705 commendat
1581 2649 1695 2705 elo-

162 2744 262 2812 quio.
282 2744 500 2812 Verbum,
526 2744 735 2817 inquit,
758 2746 810 2799 in
832 2743 1091 2817 principio
1119 2753 1246 2806 erat,
1271 2751 1317 2796 et
1337 2741 1562 2798 Verbum
1582 2750 1694 2797 erat

160 2836 260 2906 apud
280 2835 444 2900 Deam.
474 2847 523 2893 et
566 2834 712 2892 Deus
750 2846 860 2893 erat
898 2834 1120 2891 Verbum
1158 2833 1341 2906 (Joan.
1366 2849 1407 2901 ι,
1442 2834 1520 2905 1).
1581 2833 1693 2889 Hoc

157 2928 309 2999 quippe
346 2931 582 2987 Verbum
640 2924 787 3002 quod
834 2938 955 2985 erat
997 2928 1052 2983 in
1091 2928 1381 2999 principio,
1442 2937 1500 2982 et
1546 2925 1689 2997 apud

158 3018 280 3075 licunt
324 3032 451 3091 erat,
493 3033 555 3077 et
616 3022 758 3077 Deus
815 3031 955 3085 erat,
1004 3021 1181 3091 ipsum
1225 3018 1413 3088 genuit
1448 3018 1606 3074 beata
1635 3027 1691 3073 et

153 3114 330 3180 gloriosa
358 3116 517 3187 Virgo
551 3116 721 3172 Maria
754 3131 819 3170 ex
855 3130 916 3169 se
945 3128 1167 3170 carnem
1211 3113 1431 3168 factum.
1479 3098 1688 3168 Idcirco

1804 1910 1964 1966 bores
1990 1918 2047 1967 et
2075 1924 2354 1966 aerumnas
2377 1909 2509 1967 felix
2529 1921 2584 1968 et
2604 1909 2789 1966 suavis
2818 1910 3043 1968 refectio
3068 1915 3393 1974 animarum.

1803 2001 1975 2060 llodic
1997 2003 2233 2074 gloriosa
2266 2018 2500 2075 namque
2551 2018 2769 2074 semper
2800 1995 2965 2075 Virgo
3005 2004 3173 2061 Maria
3220 2007 3390 2064 crelos

1799 2096 2082 2153 ascendit:
2117 2110 2270 2169 rogo,
2302 2097 2586 2167 gaudete:
2644 2097 2771 2167 quia
2807 2095 2895 2171 (ut
2947 2099 3018 2154 ita
3073 2099 3269 2172 fatear)
3318 2102 3400 2157 in-

1799 2190 2085 2247 eliabiliter
2111 2189 2399 2245 sublimata
2422 2203 2545 2245 cum
2566 2187 2788 2245 Christo
2811 2192 3000 2262 regnat
3024 2189 3078 2246 in
3102 2202 3391 2247 aeternum.

1802 2282 2003 2352 Regina
2030 2279 2217 2338 mundi
2240 2280 2401 2336 hodie
2438 2279 2508 2337 de
2539 2281 2700 2336 terris
2729 2290 2785 2337 et
2811 2268 2880 2338 de
2909 2283 3161 2352 persenti
3185 2286 3389 2342 saeculo

1799 2388 2031 2445 nequam
2060 2372 2290 2443 eripitur
2318 2389 2331 2425 :
2393 2370 2587 2427 iterum
2616 2371 2739 2427 dico
2760 2371 3011 2445 gaudete,
3049 2374 3172 2446 quia
3196 2389 3389 2434 secura

1798 2469 1868 2526 de
1894 2483 1989 2523 sua
2028 2465 2461 2524 immarcescihili
2517 2466 2687 2537 gloria
2735 2465 2801 2522 ad
2850 2467 2972 2523 εωιὶ
3010 2466 3119 2537 iam
3149 2470 3395 2539 pervenit

1799 2561 2081 2631 palatium.
2107 2558 2409 2639 Exsultate,
2454 2558 2694 2630 inquam,
2727 2568 2782 2615 et
2810 2546 3060 2631 gaudete,
3097 2570 3155 2618 et
3179 2563 3392 2618 laetetur

1796 2655 1973 2712 omnis
1998 2653 2172 2718 orbis,
2200 2652 2322 2724 quia
2348 2650 2508 2707 hodie
2535 2653 2695 2708 nobis
2718 2652 2972 2708 omnibus
2992 2653 3108 2726 ejus
3147 2656 3386 2712 interve-

1797 2749 2069 2806 nientibus
2103 2746 2311 2804 meritis
2332 2747 2479 2803 salus
2508 2756 2662 2803 aucta
2689 2757 2795 2803 eet.
2852 2746 3015 2804 Vobis
3060 2764 3277 2821 quoque
3302 2750 3387 2804 di-

1796 2841 2250 2913 ligentibuseam,
2282 2838 2473 2907 honor,
2508 2848 2563 2894 et
2614 2839 2786 2894 virtus
2826 2854 2928 2894 una
2987 2855 3108 2894 cum
3156 2841 3384 2908 reliquis

1796 2940 1971 2993 sacris
2000 2933 2305 3009 virginibus
2352 2933 2586 3003 amplior
2637 2941 2926 3003 praestatur
2960 2942 3015 2987 et
3048 2932 3244 3003 gratia.
3292 2933 3387 2988 ld-

1794 3030 1963 3097 circo,
1996 3024 2386 3093 dilectissimte,
2451 3024 2703 3079 hetamini
2766 3032 2820 3080 et
2878 3023 3124 3091 laudate,
3164 3025 3292 3095 quia
3337 3024 3385 3081 si

1797 3124 1965 3179 Deum
1987 3135 2083 3176 ore
2124 3119 2445 3192 prnphctico
2491 3119 2542 3173 in
2572 3119 2778 3174 sanctis
2808 3118 2924 3172 suis
2981 3118 3202 3175 laudare
3226 3117 3387 3191 jube.

152 3208 373 3278 virginitas
398 3212 560 3282 longe
591 3210 874 3272 sacratior.
906 3218 963 3264 et.
991 3207 1297 3263 fecunditas
1348 3209 1429 3278 (ut
1476 3206 1547 3262 ita
1598 3207 1683 3263 di-
1712 3198 1760 3273 ϐ
1792 3232 1935 3282 mur,
1986 3214 2155 3275 multo
2192 3213 2363 3285 magis
2415 3228 2539 3271 eum
2596 3215 2647 3266 in
2693 3208 2793 3267 hac
2841 3211 3161 3268 celebritate
3209 3212 3381 3271 beatae

150 3302 255 3372 eam)
285 3303 439 3359 multo
468 3302 823 3372 inet'i‘ibilior,
857 3316 1018 3373 quam
1051 3315 1152 3356 suo
1180 3302 1420 3372 potuerit
1466 3299 1558 3357 ille
1586 3315 1686 3357 ειη

150 3390 301 3460 plicare
323 3395 564 3467 eloquio.
617 3394 1002 3453 Verumtamen
1043 3403 1248 3465 quanto
1276 3392 1557 3464 virginitas
1582 3408 1681 3459 co-

146 3486 309 3552 gnatior
340 3487 661 3559 virginitati.
698 3496 848 3542 tanto
872 3486 1063 3542 beatus
1096 3486 1432 3557 evangelista
1462 3474 1682 3544 eniteris

147 3579 441 3636 excellentior
477 3590 537 3636 et
586 3581 819 3637 vicinior
862 3578 1063 3635 Verbo.
1107 3578 1235 3638 Ideo
1278 3579 1538 3650 quidquid
1597 3592 1683 3636 est

145 3671 417 3745 quodVirgo
464 3675 680 3745 genuit,
727 3684 900 3749 totum
931 3682 1093 3743 prout
1141 3672 1309 3743 potuit
1362 3658 1525 3728 homo
1579 3689 1680 3744 pcr

143 3765 344 3834 Spiritum
364 3780 614 3827 sanctum
664 3768 824 3827 nobis
876 3768 1184 3827 reservavit
1232 3764 1574 3824 manifestius
1625 3778 1681 3824 et

145 3854 299 3915 docuit.
1607 3916 1610 3919 λ

194 3948 546 4012 IV.Ca2terum
587 3957 653 4011 ad
680 3954 989 4024 exemplum
1042 3953 1291 4010 humanae
1334 3954 1483 4021 vitae,
1540 3969 1676 4010 con-

146 4047 322 4101 versatio
349 4048 462 4117 eius
509 4058 635 4118 post
680 4050 1061 4103 ascensionem
1115 4045 1316 4103 Christi
1338 4047 1675 4117 generaliter

142 4151 229 4191 cum
246 4142 488 4210 apostolis
518 4141 628 4223 fuit
648 4156 933 4213 quousque
949 4140 1333 4212 disperguntur
1358 4158 1370 4193 :
1398 4142 1536 4196 sicut
1562 4140 1673 4194 Lu-

140 4244 206 4284 cas
242 4236 513 4301 meminit,
575 4234 809 4290 dicens:
858 4234 1013 4301 Quod
1068 4231 1305 4303 regressi
1375 4232 1589 4303 quidem
1640 4249 1671 4287 a

142 4332 278 4380 monte
299 4324 925 4399 Oliveli,.lero~o|ytttam
962 4333 1251 4389 venerunt,
1302 4332 1359 4381 et
1408 4324 1672 4380 ascende-

142 4424 229 4468 runt
246 4417 291 4472 in
315 4419 678 4485 caenaculum,
704 4419 789 4477 ubi
823 4418 1115 4479 manebant
1136 4418 1324 4473 Petrus
1350 4426 1405 4473 et
1432 4419 1671 4474 Joannes

141 4505 416 4577 alacribus,
446 4525 499 4567 et
534 4512 807 4579 Andreas,
843 4511 1119 4583 Philippus
1147 4521 1202 4566 et
1228 4510 1488 4579 Thomas,
1538 4511 1667 4568 Bar-

141 4598 401 4660 Iltolomrens
428 4617 481 4662 et
505 4606 812 4671 Mattliaeus,
841 4605 1077 4665 lacubus
1110 4602 1318 4674 Alphrei
1370 4614 1423 4659 et
1475 4604 1665 4661 Simon

140 4688 320 4761 Zeiotes,
347 4708 401 4754 et
426 4697 598 4754 Judns
641 4696 827 4754 Jacobi
860 4713 874 4751 :
909 4696 983 4751 lli
1031 4712 1225 4762 omnes,
1278 4696 1470 4767 ittqttit,
1523 4707 1668 4752 erant

138 4801 449 4851 Ima-cratim
467 4792 781 4847 unanimiter
807 4793 859 4845 in
881 4790 1113 4846 oratione
1140 4804 1259 4844 cum
1285 4788 1584 4845 mulieribus
1619 4800 1667 4845 et

140 4875 429 4940 liticinum
449 4884 581 4940 Iesu
610 4895 656 4941 rt
688 4885 937 4956 fratribus
982 4888 1095 4960 ejus
1128 4884 1329 4956 (Actor.
1359 4898 1398 4950 t,
1432 4884 1521 4949 12,
1548 4883 1663 4956 14).

140 4965 376 5032 Ecceiesu
412 4976 747 5035 ascendente
790 4992 914 5032 cum
940 4976 1139 5046 quibus
1187 4975 1350 5047 Virgo
1400 4984 1555 5032 vacat
1608 4977 1662 5033 in

138 5062 273 5120 tdtola
290 5068 564 5138 virtutum,
588 5078 645 5126 et
685 5069 979 5126 meditatur
1016 5068 1070 5124 in
1123 5069 1245 5139 lege
1288 5068 1663 5125 mandatorum

140 5148 222 5221 Dei,
247 5168 295 5213 ut
319 5169 371 5216 et
397 5160 512 5231 ipsa
538 5163 611 5219 sit
636 5161 812 5219 forma
834 5161 1138 5231 disciplina:
1164 5161 1664 5227 Christi,etexem-

138 5244 243 5311 illum
259 5252 591 5319 perfectionis
608 5240 924 5325 virginibus.
948 5254 1318 5310 Conversatur
1341 5263 1518 5312 autem
1538 5271 1660 5310 cuin

139 5339 309 5398 ιδιὼυς
332 5354 526 5401 sancta:
547 5347 967 5403 resurrectionis
997 5356 1052 5403 et
1080 5347 1193 5417 ipsa
1222 5348 1396 5404 testis.
1421 5347 1531 5405 Con
1542 5366 1664 5404 vcr-

140 5439 244 5487 υῑω
287 5454 398 5495 cum
430 5442 775 5499 senatoribus
825 5442 950 5498 caeli
990 5441 1127 5503 intra
1167 5443 1373 5498 curiam
1423 5445 1655 5512 paradisi

143 5522 433 5599 Wb$piritus
466 5535 638 5590 sancti
690 5533 972 5605 disciplina
1020 5543 1079 5590 et
1120 5537 1432 5607 magisterio
1490 5540 1657 5594 totius

142 5609 286 5676 divina
310 5628 623 5696 maiestatis.
653 5626 932 5684 invenitur
962 5629 1136 5700 prima
1166 5630 1321 5685 beata
1364 5630 1532 5688 Maria
1573 5633 1657 5687 iit-

143 5710 385 5777 ιίτιπὶηω
404 5720 594 5775 summi
635 5721 783 5792 regis
803 5720 1082 5789 cohortes,
1132 5738 1361 5793 quorum
1390 5723 1500 5779 vita
1544 5724 1651 5796 jam

144 5808 218 5854 Ion
234 5816 331 5864 erat
352 5806 419 5869 de
449 5812 636 5885 terris,
687 5814 741 5872 in
763 5814 960 5886 quibus
985 5814 1235 5873 Christus
1274 5815 1648 5890 prmliahatur,

1792 3309 1972 3365 Maria:
1992 3305 2230 3378 Virginis
2259 3306 2444 3362 matris
2474 3304 2595 3374 ejus
2641 3312 2855 3376 oportet
2913 3317 3035 3359 cum
3078 3302 3297 3376 hymnis
3333 3313 3389 3361 et

1789 3402 2017 3460 canticis
2047 3400 2365 3472 diligentius
2392 3400 2681 3466 extollere,
2716 3409 2772 3453 et
2800 3396 2980 3470 dignis
3011 3400 3124 3455 Deo
3145 3400 3383 3469 jubilnre

1790 3495 2098 3568 praeconiis,
2128 3510 2192 3550 ac
2242 3493 2485 3565 mysticis
2533 3491 2804 3547 honorare
2853 3492 3189 3547 muneribus.
3236 3488 3383 3547 Nulli

1787 3592 1931 3647 enim
1959 3588 2209 3652 dubium,
2261 3587 2586 3657 qttintotunt
2645 3583 2712 3639 ad
2768 3583 2996 3656 gloriam
3044 3584 3221 3639 laudis
3267 3586 3387 3655 ejus

1788 3684 2057 3755 pertineat
2082 3680 2342 3754 quidquid
2394 3679 2556 3750 digne
2603 3674 2852 3749 genitrici
2906 3692 3019 3732 sua:
3078 3676 3379 3748 impensum

1785 3776 1975 3843 fuerit,
1995 3785 2157 3848 atque
2203 3774 2521 3831 solemniter
2559 3770 2901 3833 attributum.
2958 3756 3036 3825 Ex
3078 3785 3186 3839 quo
3212 3769 3379 3826 timeo

1686 3899 1693 3905 -
1783 3870 1939 3938 satis,
1964 3880 2019 3926 et
2042 3867 2202 3924 valde
2230 3868 2582 3939 pertimesco,
2614 3864 2742 3919 dum
2766 3861 2963 3918 vestris
2988 3864 3149 3934 cupio
3180 3876 3375 3932 parere

1783 3961 2137 4031 profectibus,
2170 3975 2239 4017 ne
2271 3960 2411 4015 forte
2431 3959 2573 4012 sicut
2608 3955 2912 4027 improbus,
2941 3954 3011 4010 ita
3041 3964 3095 4010 et
3120 3954 3374 4025 indignus

1780 4058 2028 4114 laudator
2058 4056 2326 4111 inveniar.

1851 4150 1916 4204 V.
1941 4147 2191 4205 Profecto
2213 4162 2337 4203 cum
2371 4161 2470 4203 nec
2496 4145 2756 4201 sanctitas
2773 4143 2856 4200 vel
2881 4142 3130 4199 facundia
3161 4156 3336 4212 suppe

1777 4243 1934 4305 ditet,
1957 4251 2015 4297 ut
2060 4240 2275 4296 beatam
2305 4249 2365 4295 et
2406 4239 2698 4308 gloriosam
2732 4236 3006 4308 Virginem
3037 4235 3260 4291 Mariam
3289 4234 3372 4291 di-

1775 4349 1880 4406 gne
1939 4332 2161 4393 laudare
2198 4346 2391 4402 queam
2433 4347 2448 4385 :
2500 4331 2755 4402 quoniam
2806 4327 2889 4401 (ut
2949 4343 3136 4383 verum
3177 4324 3369 4399 fatear)

1775 4425 2035 4499 quidquid
2078 4424 2329 4480 humanis
2378 4424 2484 4480 dici
2535 4431 2712 4494 potest
2764 4420 2967 4487 verbis,
3018 4420 3197 4475 minus
3228 4429 3370 4474 esta

1780 4519 1936 4575 laude
1959 4517 2083 4575 (ξωιί
2116 4538 2130 4575 :
2170 4516 2295 4605 quia
2325 4515 2522 4571 divinis
2542 4524 2623 4570 est
2645 4512 2980 4593 et‘angelicis
3000 4512 3366 4569 excellentius

1778 4608 2065 4682 przedicat'a
2087 4620 2143 4664 et
2173 4604 2387 4665 laudata
2411 4606 2713 4676 praeconiis.
2747 4605 2793 4662 A
2826 4606 3110 4676 praphctis
3138 4604 3357 4677 quidem

1778 4700 2180 4773 praenuntiata:
2212 4716 2242 4754 a
2276 4698 2598 4771 patriarcltis
2640 4696 2826 4770 figuris
2872 4707 2927 4753 et
2979 4698 3358 4770 :enigmatibus

1778 4796 2101 4865 praesignata
2128 4812 2139 4847 :
2192 4794 2260 4849 ab
2288 4792 2636 4864 evangelistis
2661 4790 2901 4847 exhibita
2926 4799 2984 4848 et
3013 4792 3313 4847 monstrata
3340 4806 3357 4850 :

1772 4888 1843 4945 ab
1868 4887 2061 4957 angelo
2080 4884 2459 4943 venerabiliter
2482 4893 2644 4954 atque
2670 4882 3071 4939 officiosissime
3095 4881 3352 4937 salutata.

1771 4981 2041 5038 Praeterea
2071 4978 2249 5052 qualis
2275 4987 2331 5034 et
2349 4989 2546 5044 quanta
2579 4986 2749 5045 esset,
2778 4976 2846 5032 ab
2874 4977 3069 5033 eodem
3098 4976 3363 5032 divinitus

1768 5072 2093 5140 declaratur,
2121 5086 2245 5127 eum
2273 5070 2473 5128 dicitur
2494 5086 2514 5127 :
2543 5070 2670 5140 Ave,
2698 5072 2867 5141 gratia
2895 5070 3069 5143 plena,
3102 5066 3355 5124 Dominus

1768 5174 1935 5220 tecum
1966 5180 1981 5217 :
2011 5164 2272 5219 benedicta
2294 5173 2348 5219 tu
2391 5165 2443 5217 in
2488 5163 2808 5218 mulieribus.
2856 5161 3079 5241 Talibus
3124 5152 3363 5236 namque

1764 5258 1997 5316 decebat
2022 5256 2297 5329 Virginem
2324 5254 2670 5327 oppignerari
2698 5253 3041 5322 muneribus,
3094 5265 3154 5310 ut
3208 5265 3359 5312 esset

1764 5351 1938 5423 gratia
1961 5351 2139 5421 plena,
2169 5364 2289 5419 qua:
2313 5346 2461 5402 dedit
2489 5346 2645 5403 caelis
2685 5345 2936 5416 gloriam,
2989 5348 3152 5415 terris
3177 5346 3360 5402 Domi-

1768 5461 1917 5509 num,
1948 5457 2241 5513 pacemque
2272 5438 2491 5508 refudit,
2514 5436 2672 5494 fidem
2698 5438 2973 5508 gentibus,
2998 5430 3161 5493 finem
3184 5437 3355 5502 vitiis,

1765 5540 1891 5592 vitae
1912 5535 2183 5600 ordinem,
2215 5533 2456 5589 moribus
2482 5532 2852 5605 disciplinam.
2878 5518 2943 5589 Et
2969 5534 3106 5588 bene
3125 5530 3351 5601 angelus

1762 5632 1830 5687 ad
1860 5630 2135 5703 Virginem
2160 5628 2380 5683 Mariam
2410 5628 2643 5684 mittitur
2671 5646 2684 5683 :
2740 5628 2861 5699 quia
2888 5640 3104 5695 semper
3133 5623 3341 5696 angelis

1761 5732 1988 5795 cognata
2017 5720 2316 5795 virginitas.
2342 5718 2590 5776 Profecto
2620 5720 2674 5776 in
2728 5733 2911 5785 carne,
2969 5724 3165 5787 praeter
3208 5731 3331 5774 car-

1760 5832 1886 5883 nem
1928 5814 2133 5885 vivere,
2183 5830 2292 5872 non
2341 5824 2557 5872 terrena
2605 5813 2848 5877 vitaeet,
2897 5807 2990 5866 sed
3039 5808 3331 5869 caelestis:
