3916 6288
516 312 619 373 ta't
1551 308 1610 368 s.
1653 309 2033 370 HIERONYMI
2070 308 2355 370 OPERUM
2394 311 2750 371 MANTISSA.
3660 325 3747 384 ηε

513 434 669 494 Unde
692 432 747 489 in
772 447 936 489 carne
962 430 1265 502 angelicam
1296 428 1462 483 vitam
1492 428 1803 500 acquirere.
1828 429 2004 499 majus
2023 436 2106 483 est
2134 426 2185 489 Α
2212 430 2354 486 votis
2380 431 2633 486 omnibus
2660 444 2880 487 cessare
2912 444 3019 486 non
3048 428 3215 486 debet
3234 431 3394 487 etiam
3419 434 3627 505 quilibet
3649 455 3753 512 pec-

514 527 979 596 meritum,quam
1001 522 1222 578 habere.
1265 521 1397 576 Esse
1422 520 1571 576 enim
1601 522 1877 592 angelum,
1926 520 2107 577 felici-
2211 532 2414 578 catora
2445 522 2718 591 laudibus,
2766 522 3016 595 quamvis
3065 523 3289 594 explere
3335 540 3439 581 non
3465 541 3611 599 queat
3634 537 3752 604 quod

514 622 641 678 tatis
668 627 790 676 est:
847 632 969 673 esse
1016 631 1146 671 vero
1184 614 1475 686 virginem,
1533 614 1787 670 virtutis:
1836 613 1963 670 dum
2006 617 2110 670 hoc
2212 615 2400 670 sentit.
2443 614 2598 671 Unde
2620 630 2801 670 sermo
2824 614 3043 670 divinus
3068 630 3190 671 cum
3218 615 3288 671 de
3316 628 3587 684 peccatore
3605 637 3758 695 ageret

516 712 766 770 oblinere
796 709 1000 765 viribus
1028 706 1180 780 virgo
1208 706 1400 762 nititur
1426 720 1549 762 cum
1598 705 1794 778 gratia,
1841 706 1985 778 quod
2017 706 2112 761 ha-
2213 703 2269 760 in
2302 704 2565 759 Psalmis:
2606 704 2960 775 Sacriﬁcium,
2992 704 3189 776 inquit,
3220 706 3393 762 laudis
3435 709 3759 781 honoriﬁcabit

518 807 611 863 bet
631 805 855 877 angelus
877 818 946 857 ex
983 809 1195 857 natura.
1230 798 1532 870 Utrumque
1561 809 1743 855 tamen
1773 809 1828 857 et
1855 814 1980 856 esse
2001 800 2113 854 vir-
2214 813 2331 853 me:
2378 797 2625 868 protinus
2652 796 2895 853 addidit:
2944 808 2991 853 et
3022 798 3133 852 illic
3162 799 3261 852 iter
3311 809 3386 854 est
3409 817 3503 869 quo
3529 808 3761 862 ostendam

518 903 698 973 ginem
727 910 783 955 et
807 897 1083 969 angelum,
1115 895 1283 951 divini
1312 896 1560 951 muneris
1588 906 1673 951 est
1714 894 1979 963 ofﬁcium,
2005 910 2111 951 non
2214 891 2296 945 illi
2343 890 2573 946 salutare
2615 890 2713 946 Dei
2739 890 2975 963 (Psalm.
3002 908 3150 959 xux,
3181 892 3320 964 25):
3352 910 3417 950 ac
3464 897 3509 953 si
3551 910 3762 969 patenter

519 990 921 1058 butnanitAve,
950 991 1147 1063 inquit,
1166 989 1335 1063 gratia
1362 987 2114 1062 plena(Luc.t,28);etbene
2216 982 2382 1050 dicat,
2427 984 2546 1041 Illic
2574 983 2678 1040 iter
2698 992 2781 1040 est
2827 984 3004 1041 laudis
3053 986 3121 1040 ad
3162 998 3419 1043 aeternam
3457 988 3649 1048 laudem
3668 995 3763 1050 sine

520 1088 702 1160 plena,
727 1085 857 1156 quia
878 1084 1097 1140 cmteris
1120 1092 1423 1152 per-partes
1448 1068 1966 1153 praestaturzblarim
1984 1097 2115 1139 vero
2217 1075 2324 1131 ﬁne
2370 1091 2713 1131 mansuram:
2755 1079 2850 1132 sed
2889 1093 3048 1134 nemo
3088 1079 3461 1149 apprehendat
3502 1083 3642 1151 illud,
3678 1089 3763 1143 nisi

519 1180 761 1237 simulae
790 1188 903 1234 tota
933 1177 1131 1234 infudit
1180 1176 1461 1249 plenitudo
1495 1177 1703 1247 gratiae.
1763 1177 1879 1233 Hoc
1915 1178 2115 1249 quippe
2216 1185 2318 1242 ego
2352 1182 2857 1242 prtemonstravero.
2892 1173 3220 1242 Propterea,
3270 1176 3621 1245 charissima,
3663 1184 3766 1254 quia

519 1283 605 1331 est
627 1273 771 1346 quod
801 1271 964 1327 David
986 1270 1130 1327 canit
1160 1290 1173 1326 :
1221 1271 1505 1325 Descendet
1549 1270 1683 1326 sicut
1710 1271 1885 1343 pluvia
1930 1273 1983 1326 in
2006 1272 2114 1326 rel-
2218 1265 2325 1320 iter
2349 1266 2542 1321 salutis
2571 1276 2771 1322 nostra:
2802 1268 2854 1322 in
2878 1267 3127 1325 laudibus
3148 1278 3233 1326 est
3254 1270 3547 1329 Salvatoris
3568 1319 3582 1342 ,
3610 1275 3767 1333 hortor

522 1366 646 1440 lus(
674 1364 824 1420 Psat.
853 1380 1017 1434 Lxxn,
1043 1364 1076 1420 6
1101 1364 1146 1435 ).
1204 1362 1389 1419 Velius
1444 1362 1627 1433 itaque
1653 1377 1777 1418 cum
1799 1362 1870 1417 sit
1897 1363 1965 1418 de
1994 1379 2118 1418 cor-
2217 1373 2319 1413 vos
2348 1369 2403 1414 et
2432 1374 2757 1417 commoneo
2781 1360 2835 1415 in
2859 1360 2958 1417 hac
2980 1377 3135 1418 sacra
3157 1364 3506 1422 solemnitate
3527 1370 3771 1439 genitricis

524 1473 678 1532 pore,
730 1458 900 1514 nescit
927 1457 1174 1529 corporis
1205 1456 1540 1528 passionem.
1596 1455 1689 1511 Sic
1726 1465 1782 1512 et
1832 1456 2117 1526 virginitas
2220 1450 2315 1507 Dei
2348 1451 2549 1518 Mariae,
2578 1453 2748 1509 nolite
2777 1468 2994 1510 cessare
3032 1470 3061 1508 a
3094 1455 3367 1513 laudibus.
3398 1458 3546 1525 Quod
3570 1461 3611 1515 si
3643 1462 3769 1535 virgo

524 1566 646 1609 cum
679 1550 751 1607 sit
775 1549 830 1605 in
859 1564 1046 1616 carne,
1086 1550 1262 1605 nescit
1284 1548 1413 1604 vitia
1444 1545 1653 1604 carnis.
1678 1546 1933 1604 Caelestis
1960 1547 2120 1618 plane
2220 1558 2302 1609 es,
2330 1544 2524 1615 gaude,
2554 1546 2677 1617 quia
2735 1547 2981 1602 meruisti
3028 1563 3150 1605 esse
3206 1559 3261 1605 et
3316 1558 3373 1605 tu
3414 1553 3550 1624 quod
3580 1554 3769 1610 laudas:

524 1644 705 1702 imber
733 1646 785 1697 in
807 1642 1110 1714 virgineum
1125 1640 1555 1712 vellus,placido
1582 1654 1641 1696 se
1670 1638 1866 1694 infudit
1888 1639 2115 1709 illapsu:
2222 1645 2429 1692 tantum
2458 1654 2586 1695 cura
2619 1649 2675 1694 ut
2696 1640 2793 1709 sis,
2836 1657 2957 1711 qua:
2983 1641 3144 1713 digne
3166 1642 3391 1701 laudare
3420 1647 3607 1720 possis.
3644 1648 3771 1717 Quod

526 1746 639 1793 tota
664 1736 963 1792 divinitatis
1005 1735 1149 1791 unda
1194 1750 1255 1792 se
1281 1736 1511 1792 contulit
1559 1735 1612 1789 in
1641 1749 1881 1799 carnem,
1903 1734 2119 1805 quando
2222 1732 2267 1787 si
2291 1735 2580 1789 continens
2607 1742 2663 1789 et
2688 1744 2837 1789 casta
2863 1750 2944 1799 es,
2969 1750 3233 1792 venerare
3256 1746 3312 1793 et
3342 1739 3513 1805 lauda,
3548 1741 3658 1811 quia
3688 1758 3773 1797 non

526 1832 765 1888 Verbum
795 1845 923 1886 caro
952 1830 1150 1886 factum
1181 1838 1295 1885 est:
1338 1843 1400 1884 ac
1425 1827 1623 1885 deinde
1644 1843 1744 1899 per
1764 1828 1945 1883 crucis
1979 1829 2117 1897 pati-
2147 1823 2197 1886 B
2222 1827 2441 1883 aliunde
2465 1836 2701 1895 constat,
2733 1840 2789 1883 ut
2813 1829 2986 1899 possis
3014 1846 3139 1886 esse
3162 1842 3333 1901 casta,
3368 1850 3524 1906 quam
3547 1849 3609 1891 ex
3636 1836 3774 1905 gratia

525 1925 713 1982 bulum
744 1937 1090 1996 expressum,
1135 1920 1298 1977 terris
1345 1920 1598 1977 omnibus
1643 1920 1833 1977 salutis
1876 1921 2114 1994 pluviam
2220 1918 2424 1975 Christi
2456 1962 2471 1987 ,
2516 1936 2639 1992 qua:
2667 1920 2768 1976 fuit
2798 1921 3112 1992 plenissime
3144 1925 3195 1979 in
3228 1925 3397 1981 Maria
3422 1941 3576 1997 quam
3597 1926 3773 1982 laudas.

526 2018 739 2083 etl‘udit,
766 2025 821 2072 et
841 2015 1117 2071 stillicidia
1145 2015 1332 2086 gratia:
1363 2013 1893 2085 humanispraestitit
1924 2014 2119 2069 menti-
2221 2012 2374 2080 Quod
2397 2013 2441 2067 si
2470 2013 2758 2085 coniugata
2805 2024 2954 2071 certe
2981 2024 3075 2070 aut
3106 2017 3382 2085 peccatrix
3406 2059 3422 2083 ,
3466 2006 3775 2074 nihilominus

524 2110 648 2167 bus.
685 2107 957 2177 Dominus,
990 2108 1189 2180 inquit,
1220 2117 1413 2162 tecum.
1456 2106 1589 2162 Mira
1634 2120 1723 2162 res
1754 2115 1807 2161 et
1833 2106 1945 2175 jam
1994 2121 2117 2161 cum
2221 2106 2481 2162 conﬁtere
2502 2114 2557 2162 et
2586 2106 2763 2172 lauda,
2788 2107 3041 2178 quoniam
3072 2107 3199 2164 inde
3222 2108 3593 2166 misericordia
3618 2111 3774 2166 omni-

528 2200 749 2271 Virgine
776 2210 915 2268 erat,
944 2200 1034 2273 qui
1055 2200 1123 2257 ad
1155 2199 1434 2272 Virginem
1465 2198 1714 2254 mittebat
1742 2197 2029 2270 Angelum,
2063 2204 2120 2253 et
2221 2196 2323 2253 bus
2350 2196 2602 2269 profluxit
2622 2207 2675 2253 et
2693 2198 2865 2269 gratia
2896 2207 2957 2254 ut
2982 2198 3220 2255 laudent.
3239 2200 3304 2256 Et
3326 2201 3575 2272 quamvis
3600 2215 3695 2256 non
3716 2204 3775 2256 sit

526 2298 807 2366 prmcessit
856 2296 1101 2351 nuntium
1153 2310 1311 2350 suum
1346 2292 1517 2361 Deus,
1564 2292 1659 2348 sed
1685 2306 1713 2345 a
1748 2292 1859 2347 Deo
1882 2307 1990 2347 non
2038 2307 2118 2348 re-
2220 2293 2466 2362 speciosa
2499 2291 2614 2349 laus
2642 2293 2697 2347 in
2716 2306 2811 2348 ore
2838 2293 3159 2363 peccatoris,
3186 2293 3292 2349 noli
3319 2309 3538 2351 cessare
3565 2309 3593 2348 a
3623 2293 3776 2356 laude,

523 2388 719 2445 cessit:
762 2402 865 2444 nec
891 2386 1066 2444 teneri
1096 2386 1272 2457 potuit
1301 2385 1437 2441 locis
1461 2385 1553 2455 qui
1584 2383 1836 2441 omnibus
1887 2383 2120 2440 habetur
2221 2384 2345 2455 quia
2367 2383 2492 2439 inde
2516 2383 2613 2438 tibi
2644 2382 2982 2453 promittitur
3008 2385 3185 2451 venia,
3216 2385 3364 2442 unde
3392 2395 3448 2442 et
3467 2385 3716 2451 omnibus,
3735 2395 3782 2438 ut

526 2481 581 2537 in
610 2481 776 2537 locis:
825 2488 881 2536 et
932 2489 1078 2536 totus
1110 2479 1310 2549 ubique
1339 2486 1443 2545 est,
1476 2478 1594 2534 sine
1618 2493 1725 2548 quo
1756 2476 1886 2532 nihil
1923 2486 2115 2532 totum.
2223 2479 2437 2536 laudes.
2485 2478 2706 2551 Alioqui
2736 2478 2838 2534 nisi
2881 2481 3032 2551 juxta
3062 2480 3339 2537 modulum
3392 2482 3587 2553 ingenii
3637 2483 3779 2536 nostri

525 2575 671 2646 Ergo
701 2574 940 2631 Verbum
974 2573 1154 2630 Patris
1192 2588 1485 2643 numquam
1528 2587 1558 2626 a
1589 2570 1751 2627 Patre
1804 2570 2115 2639 discedens,
2221 2572 2393 2628 Deum
2443 2571 2669 2628 laudare
2700 2572 2753 2627 in
2777 2572 2991 2629 Sanctis
3029 2574 3141 2628 suis
3161 2574 3514 2630 studeamus:
3546 2574 3780 2644 quomodo

523 2667 688 2723 homo
712 2682 811 2739 pro
848 2665 1005 2723 nobis
1046 2665 1163 2720 ﬁeri
1203 2664 1459 2737 dignatus
1500 2672 1606 2731 est,
1635 2673 1851 2720 secreto
1877 2677 1977 2719 suo
2002 2679 2119 2736 my-
2222 2679 2349 2723 eum
2379 2706 2394 2733 ,
2443 2663 2738 2722 secundum
2770 2665 2917 2736 quod
2944 2666 3210 2737 canimus,
3246 2670 3409 2740 juxta
3437 2664 3779 2721 multitudinem

519 2762 717 2826 sterio,
746 2760 890 2833 quod
921 2760 1038 2831 ipse
1061 2760 1246 2816 novit:
1280 2759 1369 2830 qui
1398 2758 1652 2831 quoniam
1684 2767 1853 2815 totum
1881 2759 2122 2830 suscepit
2221 2758 2598 2832 magnitudinis
2624 2759 3000 2833 ejus,laudare
3021 2762 3363 2833 poterimus?
3388 2760 3603 2817 omnino
3616 2760 3783 2829 quippe

523 2854 668 2926 quod
696 2864 779 2912 est
797 2854 1054 2920 hominis,
1076 2853 1242 2910 homo
1270 2862 1414 2909 totus
1437 2863 1556 2909 est:
1590 2861 1646 2907 et
1674 2858 1847 2907 totum
1877 2851 2119 2907 retinens
2222 2852 2742 2926 praetermittendum
2790 2868 2897 2910 non
2945 2864 3049 2923 cst,
3090 2854 3235 2928 quod
3294 2854 3570 2926 impleturi
3626 2865 3783 2907 sumus

525 2946 670 3020 quod
696 2947 791 3004 Dei
839 2957 944 3013 est,
990 2947 1213 3003 omnino
1242 2944 1386 3000 aliud
1427 2959 1589 3017 quam
1620 2943 1763 2999 Deus
1792 2943 1918 3014 (qui
1958 2951 2118 2999 natus
2222 2944 2563 3016 quandoque,
2595 2944 2889 3001 secundum
2918 2946 3059 3018 quod
3088 2947 3327 3004 dicitur:
3367 2946 3515 3004 Beati
3552 2946 3636 3019 qui
3658 2943 3781 2998 habi-

525 3052 610 3098 est
653 3058 721 3097 ex
743 3040 936 3113 Maria)
964 3054 1084 3096 esse
1108 3054 1216 3094 non
1241 3038 1435 3110 potuit.
1467 3037 1581 3093 Scit
1606 3037 1753 3093 enim
1772 3036 1915 3091 Deus
1935 3036 2117 3092 omnia
2221 3045 2331 3092 tant
2356 3037 2409 3091 in
2433 3037 2584 3092 domo
2605 3045 2718 3104 tua,
2734 3036 2971 3107 Domine,
2998 3039 3052 3095 in
3076 3041 3270 3096 sarcula
3287 3042 3601 3099 smculorum
3628 3040 3785 3095 lauda-

523 3144 582 3191 et
601 3141 801 3205 potest.
844 3132 1138 3202 Pmpterea
1161 3132 1284 3203 quia
1312 3132 1385 3186 ita
1426 3138 1529 3197 est,
1564 3130 1722 3185 scivit
1751 3143 1811 3184 sc
1838 3141 1904 3183 ac
1940 3129 2116 3199 potuit

2222 3129 2349 3184 bunt
2394 3141 2441 3184 te
2487 3127 2729 3202 (Psalm.
2786 3146 3017 3201 Lxxxtn,
3051 3131 3137 3204 5).
3180 3133 3466 3191 Interdum
3515 3147 3640 3189 vero
3684 3132 3786 3202 quia

525 3227 580 3282 in
608 3236 764 3281 utero
789 3224 1028 3297 Virginis
1057 3223 1176 3280 sine
1197 3223 1280 3279 sui
1304 3220 1660 3293 cerruptione
1696 3221 1929 3276 miscere
1953 3230 2115 3291 atque
2139 3198 2186 3265 (ἶ
2220 3220 2520 3278 immensus
2545 3231 2649 3291 est,
2683 3222 2826 3295 quod
2856 3198 3129 3280 vocevno'n
3165 3240 3478 3296 possumus,
3505 3242 3603 3283 nec
3632 3198 3787 3280 facun-

524 3318 704 3385 unire,
754 3328 810 3375 ut
856 3333 997 3374 unus
1024 3326 1171 3374 esset
1209 3314 1460 3373 Christus
1497 3315 1641 3371 Deus
1668 3323 1725 3370 et
1760 3314 1959 3382 homo,
2013 3328 2119 3370 una

528 3427 783 3483 persona,
842 3426 1057 3484 unaque
1111 3409 1437 3466 substantia.
1476 3406 1560 3464 0b
1589 3405 1736 3479 quod
1765 3406 1859 3463 Dei
1886 3405 2119 3475 genitrix

527 3506 702 3563 electa
725 3513 781 3561 et
808 3504 1097 3576 praelecta
1120 3504 1243 3575 jure
1272 3502 1340 3557 ab
1366 3500 1579 3573 Angelo
1604 3499 1894 3565 salutatur,
1909 3506 1963 3555 et
1983 3513 2121 3570 prae-

527 3598 740 3654 dicatur
784 3598 956 3669 gratia
1010 3597 1192 3669 plena.
1233 3595 1374 3651 Vere
1422 3594 1609 3666 plena,
1642 3609 1739 3665 per
1781 3608 1942 3665 quam
1969 3592 2121 3664 largo

525 3691 701 3747 sancti
723 3689 955 3762 Spiritus
983 3689 1159 3746 imbre
1198 3686 1484 3761 superfusa
1514 3698 1602 3744 est
1650 3687 1828 3744 omnis
1848 3696 2117 3743 creatura.

532 3785 600 3840 Et
622 3782 747 3840 ideo
776 3783 909 3839 satis
951 3798 1072 3839 eam
1108 3780 1461 3838 devotissime
1489 3778 1725 3851 primum
1758 3778 1997 3850 Angelus
2028 3793 2123 3835 vc-

533 3888 755 3935 ncratur
782 3888 835 3935 et
873 3878 1095 3934 salutat.
1148 3876 1374 3934 Miratur
1406 3875 1586 3947 itaque
1613 3881 1669 3930 et
1693 3873 1811 3945 ipse
1837 3873 2013 3947 qualis
2031 3881 2124 3929 aut

529 3978 729 4040 quanta
763 3970 836 4025 sit
864 3984 1024 4040 quam
1048 3968 1277 4023 salutat:
1308 3982 1415 4024 non
1450 3966 1596 4023 enim
1625 3965 1873 4038 simplex,
1922 3964 2120 4033 fateor,

434 4132 442 4140 _
534 4064 619 4118 vel
642 4072 902 4119 consueta
932 4063 1031 4117 fuit
1058 4062 1161 4118 ista
1179 4061 1458 4125 salutatio,
1480 4060 1576 4117 sed
1601 4059 2124 4116 omniadmiratione

436 4146 437 4149 “
529 4157 716 4227 digna.
773 4154 1052 4226 Siquidem
1080 4155 1449 4211 venerationis
1503 4154 1604 4209 fuit
1649 4152 1872 4221 delatio,
1922 4152 2124 4209 oblatio

534 4250 802 4317 muneris,
856 4248 1148 4304 famulatus
1197 4248 1465 4320 obsequii.
1496 4248 1632 4316 Quia
1672 4248 1776 4304 etsi
1821 4248 1874 4302 in
1922 4248 2124 4305 sanctis

532 4343 772 4414 patribus
798 4353 855 4398 ct
894 4341 1185 4412 prophetis
1220 4342 1393 4414 gratia
1419 4340 1585 4396 fuisse
1606 4339 1885 4397 creditur:
1914 4355 2023 4396 non
2047 4348 2122 4397 ta-

533 4453 658 4494 men
699 4446 928 4493 eatenus
961 4436 1140 4507 plena.
1183 4435 1240 4491 In
1269 4435 1495 4491 Mariam
1536 4449 1667 4491 vero
1706 4433 1871 4490 totius
1914 4434 2122 4507 gratim,

536 4544 661 4601 quze
713 4529 767 4584 in
796 4527 1018 4585 Christo
1045 4536 1129 4583 est
1158 4528 1437 4601 plenitudo
1468 4532 1642 4595 venit,
1673 4542 1998 4601 quamquam
2027 4528 2127 4584 ali-

2224 3315 2313 3372 dia
2344 3315 2609 3381 valemus,
2658 3331 3018 3389 exsequamur
3036 3321 3182 3377 votis
3213 3333 3269 3379 et
3306 3323 3566 3379 medullis
3605 3321 3788 3379 cordis:

2222 3410 2350 3482 quia
2382 3426 2609 3481 magnus
2640 3422 2694 3465 et
2722 3411 2897 3467 bonus
2937 3421 3021 3468 est
3064 3422 3228 3486 atque
3285 3416 3607 3481 immensus,
3634 3422 3789 3471 tantus

2223 3519 2287 3559 ac
2319 3503 2440 3559 talis
2469 3514 2730 3576 quantum
2767 3520 2832 3561 ac
2866 3506 3085 3578 qualem
3118 3511 3233 3579 ipse
3279 3526 3342 3567 se
3398 3510 3548 3567 novit
3575 3552 3589 3578 ,
3619 3524 3706 3566 ore
3742 3522 3793 3562 ac

2225 3597 2419 3670 spiritu
2444 3595 2803 3654 contiteamur
2831 3600 2895 3654 ad
2918 3599 3183 3671 justitiam
3214 3612 3269 3658 et
3296 3604 3555 3660 salutem.

2298 3692 2411 3749 Vll.
2428 3692 2591 3761 llinc,
2621 3708 2775 3765 rogo,
2790 3708 2984 3751 omnes
2998 3695 3201 3767 pariter
3212 3696 3565 3754 festivitatem
3578 3696 3795 3770 gloriosa:

2226 3799 2443 3856 semper
2472 3783 2697 3856 virginis
2718 3784 2901 3842 Maria:
2921 3784 3274 3845 devotissime
3295 3791 3673 3848 celebremus:
3693 3788 3794 3860 quia

2226 3874 2344 3932 haec
2364 3885 2444 3931 est
2474 3874 2590 3932 dies
2620 3875 2902 3946 praeclara,
2935 3877 2988 3932 in
3017 3893 3123 3949 qua
3164 3881 3369 3937 meruit
3398 3880 3635 3937 exaltari
3659 3894 3797 3950 snper

2225 3970 2425 4026 choros
2454 3969 2769 4039 angelorum
2792 4011 2806 4037 ,
2838 3980 2893 4025 et
2923 3971 3207 4041 pervenire
3241 3973 3387 4030 ultra
3433 3990 3593 4047 quam
3624 3983 3797 4030 nostra:

2228 4061 2581 4117 humanitatis
2615 4070 2697 4115 est
2729 4070 2939 4116 natura.
2984 4060 3087 4117 Ubi
3118 4078 3223 4118 non
3252 4066 3561 4122 substantia
3599 4063 3797 4123 tollitur.

2229 4155 2327 4212 sed
2357 4155 2543 4227 gloriae
2592 4155 2904 4227 magnitudo
2937 4166 3300 4226 monstratu,
3345 4173 3472 4216 cum
3505 4160 3732 4216 elevatur
3759 4156 3799 4208 in

2227 4248 2505 4305 dexteram
2560 4248 2772 4315 Patris,
2829 4248 2919 4305 ubi
2950 4248 3197 4306 Christus
3241 4267 3342 4322 pro
3389 4252 3549 4308 nobis
3589 4247 3803 4307 introivit

2230 4341 2470 4415 pontifex
2512 4341 2688 4398 factus
2744 4343 2797 4398 in
2825 4350 3085 4399 aeternum
3113 4343 3179 4399 ad
3206 4346 3331 4401 coeli
3382 4346 3658 4415 palatium.
3697 4342 3802 4397 llatc

2229 4444 2331 4503 est,
2356 4436 2596 4507 inquam,
2619 4434 2757 4503 dies,
2781 4436 2835 4491 in
2852 4451 2957 4507 qua
2975 4451 3143 4508 usque
3159 4437 3227 4493 ad
3254 4438 3437 4494 throni
3453 4436 3800 4495 celsitudinem

2231 4529 2549 4584 intemerata
2580 4538 2751 4584 mater
2785 4538 2840 4584 et
2870 4530 3028 4600 virgo
3061 4532 3357 4601 processit,
3392 4543 3554 4604 atque
3587 4530 3637 4587 in
3670 4525 3801 4597 regni

537 4598 639 4679 ter.
682 4622 750 4679 Et
780 4622 933 4689 ideo,
978 4598 1193 4694 inquit,
1242 4622 1508 4677 benedicta
1538 4630 1590 4677 tu
1624 4598 2003 4676 inimulie‘ribus
2023 4663 2038 4688 ,
2070 4620 2123 4677 id
2152 4598 2207 4660 Ῑ)
2230 4621 2368 4677 solio
2399 4620 2714 4688 sublimata,
2746 4631 2872 4693 post
2898 4598 3173 4679 Christum
3201 4598 3443 4696 gloriosa
3469 4598 3691 4682 resedit.
3728 4620 3803 4678 Sic

534 4726 649 4783 est,
692 4716 814 4789 plus
864 4714 1148 4771 benedicta
1192 4730 1352 4786 quam
1376 4730 1568 4771 omnes
1597 4712 1870 4769 mulieres.
1912 4714 1993 4769 Ac
2031 4728 2127 4784 per

536 4808 642 4865 hoc
681 4807 945 4879 quidquid
990 4807 1388 4863 maledictionis
1417 4806 1651 4861 infusum
1684 4815 1771 4861 est
1814 4820 1913 4878 per
1936 4804 2125 4871 Evam,

538 4908 712 4958 totum
732 4899 960 4956 abstulit
980 4899 1289 4955 benedictio
1303 4900 1508 4955 Μαι-ἱππ.
1535 4898 1761 4970 insuper
1780 4898 2009 4970 gratiam
2044 4913 2127 4953 re-

540 4993 680 5048 fudit
709 4992 912 5048 ChriSti
962 5004 1136 5056 ortus,
1176 5008 1339 5062 quam
1387 5007 1491 5045 non
1524 4991 1710 5046 habuit
1755 4992 1906 5062 prius
1954 4991 2131 5047 omnis

542 5085 794 5140 mundus.
835 5083 1007 5155 Igitur
1030 5084 1171 5154 quod
1205 5092 1395 5138 natura
1423 5100 1532 5139 non
1563 5084 1772 5155 habuit,
1798 5100 1929 5140 usus
1956 5086 2129 5140 nesci-

537 5177 639 5244 vit,
670 5177 937 5248 ignoravit
963 5179 1135 5249 ratio,
1171 5195 1326 5235 mcns
1358 5196 1464 5235 non
1493 5182 1638 5251 capit
1679 5180 1937 5249 humana,
1971 5188 2130 5250 pavet

538 5271 763 5341 cmlum,
796 5280 976 5343 stupet
1003 5281 1175 5341 terra,
1203 5282 1451 5329 creatura
1480 5274 1655 5328 omnis
1685 5271 1849 5327 etiam
1889 5271 2130 5328 cmicStis

539 5366 766 5422 miratur
801 5383 813 5419 :
844 5364 949 5421 hoc
990 5376 1159 5422 totum
1190 5377 1295 5433 est,
1322 5366 1465 5438 quod
1488 5382 1584 5441 per
1611 5366 1919 5423 Gabrielem
1950 5366 2131 5421 Maria:

538 5461 800 5519 divinitus
842 5460 1156 5529 nuntiatur,
1212 5471 1269 5517 et
1316 5477 1411 5532 per
1452 5460 2129 5531 Christumadimpletur.

536 5555 651 5623 Qua
690 5553 759 5610 de
789 5569 953 5610 causa
991 5553 1061 5608 de
1100 5555 1191 5609 tali
1224 5563 1480 5628 tantaque
1516 5554 1698 5626 loqui,
1731 5569 1819 5610 me
1856 5553 2131 5624 indignum

541 5646 741 5703 lateor:
784 5647 881 5703 sed
928 5654 983 5703 et
1033 5655 1162 5717 puto
1204 5648 1347 5718 quod
1399 5662 1558 5703 nemo
1584 5647 1654 5702 sit
1683 5646 1775 5719 qui
1819 5655 2131 5717 praesumat,

553 5744 657 5800 nisi
688 5744 777 5815 qui
797 5756 997 5815 quanta
1022 5744 1130 5800 sint
1150 5758 1270 5816 quae
1298 5743 1625 5814 panduntur,
1663 5741 1878 5812 penitus
1906 5742 2135 5813 ignorat.

624 5836 712 5890 Vl.
738 5837 937 5896 Tamen
964 5838 1067 5898 etsi
1110 5837 1177 5896 ad
1224 5836 1339 5896 haec
1387 5852 1549 5894 nemo
1576 5836 1806 5894 idoneus
1846 5834 2138 5905 invenitur,

2229 4715 2410 4785 itaque
2437 4714 2634 4785 ubique
2660 4714 2996 4771 confidenter
3039 4725 3229 4772 sancta
3258 4718 3354 4774 Dei
3382 4720 3533 4774 canit
3560 4713 3802 4777 Ecclesia,

2229 4809 2372 4881 quod
2399 4807 2466 4863 dc
2496 4807 2646 4863 nullo
2675 4807 2780 4862 alio
2820 4816 3129 4863 sanctorum
3156 4808 3238 4865 fas
3267 4820 3354 4866 est
3379 4810 3627 4876 credere,
3655 4816 3710 4863 ut
3737 4803 3806 4859 ul-

2232 4912 2312 4959 tra
2359 4903 2677 4975 angelorum
2709 4910 2764 4957 et
2796 4901 3246 4972 archangelorum
3278 4903 3596 4975 dignitatem
3636 4897 3806 4956 merito

2238 4994 2671 5052 transcenderit:
2743 4996 2867 5065 quia
2924 4996 3027 5050 etsi
3080 4995 3382 5052 similitudo
3438 4992 3807 5068 repromittitut'

2238 5089 2467 5156 sanctis,
2513 5092 2714 5144 veritas
2748 5096 2928 5143 tamen
2957 5081 3207 5160 negatur.
3237 5090 3351 5145 lloc
3378 5091 3579 5161 quippe
3610 5084 3807 5158 privile-

2237 5184 2381 5256 gium
2415 5198 2521 5238 non
2552 5193 2759 5237 natura:
2785 5190 2885 5248 est,
2915 5181 3008 5237 sed
3043 5182 3233 5253 gratia:
3259 5182 3436 5238 beata:
3468 5180 3684 5252 virginis
3711 5176 3807 5232 Ma-

2238 5276 2355 5341 riae,
2382 5273 2452 5329 de
2477 5288 2579 5343 qua
2612 5282 2767 5327 natus
2793 5281 2881 5328 est
2908 5272 3024 5343 ipse
3064 5272 3204 5329 Deus
3232 5280 3287 5329 et
3309 5272 3501 5328 homo.
3539 5271 3734 5328 Idcirco
3760 5270 3807 5317 ct

2238 5366 2358 5437 ipsa
2406 5367 2526 5438 plus
2573 5376 2657 5423 est
2685 5366 2920 5437 meritis,
2950 5375 3006 5423 et
3035 5382 3142 5422 non
3175 5377 3365 5423 natura
3397 5382 3557 5440 quam
3597 5365 3737 5433 virgo
3762 5368 3809 5414 et

2243 5458 2431 5515 homo.
2477 5458 2631 5517 Unde
2659 5468 2714 5515 ct
2740 5459 2785 5515 si
2824 5469 3036 5517 caetera:
3071 5461 3308 5532 virgines
3358 5462 3635 5517 imitantur
3679 5455 3807 5511 illam

2244 5569 2418 5624 usque
2444 5552 2511 5608 ad
2540 5562 2915 5625 contemptum
2940 5564 3129 5626 partus
3153 5594 3168 5620 ,
3197 5565 3253 5611 et
3272 5554 3543 5611 Gabrielis
3572 5566 3713 5607 novre
3736 5563 3808 5600 sa-

2244 5646 2527 5703 lutationis
2548 5648 2899 5718 obsequium:
2965 5647 3225 5719 deinceps
3251 5655 3425 5704 totum
3455 5647 3691 5703 divinum
3716 5648 3805 5701 est.

2248 5741 2391 5813 quod
2423 5751 2705 5812 cperatum
2737 5750 2819 5799 est
2840 5741 2898 5797 lu
2923 5757 3007 5809 ca,
3036 5751 3175 5800 teste
3196 5742 3419 5813 angelo:
3449 5742 3583 5808 Quia
3606 5736 3807 5809 Spiritus

2251 5843 2462 5893 sanctus
2508 5845 2553 5891 et
2597 5836 2755 5891 virtus
2794 5835 3044 5892 Altissiuti
3092 5836 3411 5893 obumbrabit
3457 5843 3523 5890 te.
3565 5833 3693 5889 Ante
3718 5828 3806 5883 hoc
