3916 6288
185 321 261 383 ω
504 313 820 374 ΕΡΙΒΤΟΙΑ
859 311 951 372 IX.
996 312 1090 371 AD
1127 313 1411 374 PAULAM
1449 312 1540 373 ΕΤ
1580 312 1693 374 EU:

1798 310 2054 385 lellUlll,
2106 316 2192 373 DE
2239 313 2584 375 ASSUMPT.
2639 315 2697 374 Β.
2738 314 3004 376 MANE.

3291 316 3395 380 £50

181 438 314 507 ipsum
338 443 456 487 sane
482 439 659 486 uterus
671 427 934 501 Virginis,
952 429 1204 500 quamvis
1234 428 1693 501 mundus,quam-
1718 429 1771 493 Α
1796 445 1917 502 quae
1945 430 2108 486 etiam
2133 430 2450 490 meritorum
2481 430 2774 489 virtutibus
2806 432 3120 505 angelorum
3151 430 3397 491 vinceret

182 528 242 583 vis
277 524 552 597 impollutus
595 531 652 579 et
686 522 897 578 alienus
928 538 957 577 a
990 524 1319 595 contagione
1352 522 1463 595 [Αι.
1489 521 1696 594 cogita-

186 617 319 690 tione]
347 617 556 690 peccati,
584 617 827 689 quamvis
855 624 1107 672 sanctus:
1151 627 1328 672 tatnen
1358 615 1540 671 adhuc
1577 615 1699 670 vili-

181 724 261 768 tate
283 709 598 765 humanitatis
627 707 907 764 induitur:
966 716 1028 763 ut
1055 708 1130 763 ita
1158 708 1356 777 dicam,
1393 722 1457 763 ac
1498 708 1541 763 si
1575 707 1695 762 lana

178 803 511 866 candidissima.
535 817 740 873 suoque
761 802 950 859 colore
976 801 1263 858 dealbata:
1294 801 1359 858 ad
1380 818 1537 874 quam
1566 816 1697 858 sane

179 915 265 956 cum
288 897 573 953 accessisset
594 896 828 967 Spiritus
868 905 1110 964 sanctus,
1141 897 1295 967 quasi
1329 897 1441 966 ipsa
1476 894 1701 951 eadem-

178 1006 251 1062 que
274 991 372 1045 lana
398 1002 510 1045 cum
542 988 778 1044 inficitur
815 988 1081 1059 sanguine
1102 987 1374 1059 conchylii
1404 987 1488 1043 vel
1518 989 1697 1044 muri-

178 1084 257 1147 eis,
284 1081 482 1136 vertitur
508 1079 562 1135 in
596 1096 929 1152 purpuram:
964 1096 1127 1137 versa
1172 1091 1257 1137 est
1310 1089 1367 1137 et
1414 1082 1527 1153 ipsa
1581 1081 1699 1138 sine

179 1176 282 1230 coita
305 1174 349 1230 in
370 1184 583 1231 matrem
610 1193 622 1230 :
656 1184 717 1230 ut
745 1190 852 1231 non
879 1175 951 1231 sit
972 1174 1082 1246 jam
1106 1174 1301 1231 amodo
1326 1176 1470 1247 quod
1496 1175 1691 1245 fuerat,

179 1268 246 1323 sed
272 1283 471 1339 purpura
525 1267 811 1323 verissima
854 1268 923 1324 ad
957 1269 1334 1326 indumentum
1376 1279 1432 1326 et
1472 1270 1697 1341 gloriam

179 1360 324 1415 sumini
347 1358 475 1430 regis
525 1360 787 1415 divinitus
840 1361 1123 1431 aptissime
1150 1361 1429 1417 dedicata:
1477 1371 1535 1416 ut
1566 1361 1698 1417 nulli

182 1455 363 1525 deinceps
384 1470 441 1510 ea
461 1456 535 1510 uti
567 1471 673 1511 usu
702 1454 939 1512 femineo
965 1456 1181 1512 licuerit
1207 1455 1308 1511 nisi
1338 1455 1470 1511 Deo.
1491 1456 1699 1527 Quippe

184 1558 243 1626 (ut
264 1555 317 1609 ita
338 1554 535 1626 loquar)
564 1554 726 1609 beata
752 1553 1052 1625 etgloriosa
1068 1553 1220 1624 virgo
1234 1553 1398 1608 Maria
1425 1567 1491 1608 eo
1514 1552 1695 1620 modo,

177 1648 355 1720 quamvis
376 1648 569 1704 dudum
613 1647 1064 1719 iucomparahilis
1095 1658 1259 1725 esset
1284 1647 1552 1704 universis
1579 1664 1698 1719 qua}

173 1740 246 1794 sub
265 1740 375 1796 creto
398 1749 518 1797 sunt
547 1740 860 1811 virginibus
881 1781 898 1807 ,
952 1750 1016 1795 ut
1043 1741 1301 1798 decenter
1348 1754 1532 1812 posset
1560 1742 1612 1796 in
1641 1756 1700 1797 se

1798 520 2137 592 dignitatem.
2172 523 2247 580 De
2278 540 2380 595 qua
2412 541 2603 582 rursus
2634 525 2777 582 idem
2805 525 3039 597 Spiritus
3078 534 3299 583 sanctus
3331 528 3383 583 in

1800 615 2002 671 eisdem
2030 615 2305 673 Canticis:
2352 618 2482 685 Qua:
2513 627 2584 674 est
2611 622 2712 674 ista
2745 634 2861 689 qua:
2904 617 3163 688 ascendit,
3196 619 3392 691 inquit,

1798 710 1947 779 quasi
1994 725 2184 763 aurora
2237 727 2572 782 consurgens,
2604 711 2823 785 pulchra
2853 720 2909 766 ut
2936 714 3095 783 luna,
3153 715 3311 769 electa
3340 722 3397 768 ut

1800 800 1881 855 sol
1908 842 1923 867 ,
1975 800 2218 856 terribilis
2271 812 2329 857 ut
2378 811 2669 857 castrorum
2720 804 2854 858 acies
2902 804 3147 859 ordinata
3201 803 3395 877 (Cant.

1798 910 1874 963 vi,
1909 895 2005 966 9)?
2033 895 2347 952 Admiratur
2374 905 2556 952 autem
2576 896 2808 966 Spiritus
2847 908 3092 965 sanctus,
3125 898 3247 969 quia
3279 913 3397 952 om-

1801 1002 1897 1043 nes
1924 987 1991 1044 de
2012 1003 2242 1044 ascensu
2271 988 2433 1060 hujus
2449 988 2691 1059 Virginis
2717 988 3046 1045 admirantes
3076 988 3224 1059 facit,
3253 989 3400 1062 quod

1800 1082 1957 1153 quasi
1983 1082 2107 1138 novi
2135 1082 2357 1140 diluculi
2394 1099 2594 1139 aurora
2625 1084 2859 1141 rutilans
2880 1127 2896 1153 ,
2928 1099 3155 1142 ascensu
3179 1099 3277 1140 suo
3306 1101 3394 1142 re-

1799 1177 2101 1248 splendeat,
2134 1177 2318 1233 multis
2341 1179 2479 1235 freta
2519 1189 2576 1235 et
2608 1178 2802 1234 vallata
2832 1187 3136 1234 sanctormn
3169 1178 3396 1250 agmini-

1798 1268 1919 1325 bus.
1950 1269 2105 1326 Unde
2134 1269 2353 1334 dicitur.
2402 1270 2643 1326 terribilis
2692 1280 2745 1325 ut
2772 1279 3061 1326 castrorum
3088 1270 3221 1325 acies
3251 1268 3395 1325 ordi-

1799 1373 1942 1417 nata.
1986 1362 2262 1434 Siquidem
2309 1362 2565 1419 terribilis
2610 1365 2724 1419 suis
2771 1362 2915 1419 facta
2968 1362 3290 1431 virtutibus,
3327 1373 3387 1418 ut

1797 1465 2096 1512 castrorum
2129 1458 2275 1513 acies
2302 1457 2591 1513 admodum
2636 1457 2913 1513 ordinata:
2970 1456 3097 1513 hinc
3128 1455 3255 1511 inde
3290 1472 3391 1513 an-

1798 1550 2041 1620 gelorum
2069 1559 2383 1605 sanctorum
2417 1550 2550 1605 fulta
2582 1549 2879 1620 praesidiis:
2916 1548 3138 1621 pulchra
3168 1560 3221 1603 ut
3245 1546 3395 1612 luna,

1799 1641 1965 1696 immo
2008 1643 2293 1714 pulchrior
2344 1659 2506 1714 quam
2552 1643 2701 1709 luna,
2749 1641 2873 1713 quia
2893 1644 3006 1712 jam
3038 1643 3155 1696 sine
3180 1639 3395 1696 defectu

1802 1735 1884 1790 sui
1917 1744 2190 1801 coruscat,
2222 1735 2539 1791 emlestihus
2568 1735 2839 1790 illustrata
2879 1732 3194 1803 fulgoribus.
3220 1731 3397 1789 Electa

176 1839 384 1908 suscipere
430 1838 738 1895 divinitatis
789 1837 1224 1907 admixtionem,
1266 1837 1415 1893 salva
1474 1846 1693 1917 utraque

1806 1836 1857 1881 ut
1886 1827 1986 1896 sol,
2039 1827 2244 1900 fulgore
2292 1829 2579 1896 virtutum,
2612 1828 2739 1899 quia
2783 1828 2898 1899 ipse
2942 1826 3107 1898 elegit
3145 1840 3267 1881 eam
3316 1824 3398 1880 sol

176 1942 335 1985 natura:
370 1940 541 1985 tamen
597 1945 720 1987 cum
771 1932 944 2001 gratia
992 1931 1230 2001 repletur
1262 1974 1275 1998 ,
1332 1945 1456 1985 cum
1496 1929 1697 2001 Spiritu

176 2032 305 2077 sancto
328 2023 683 2090 perfunditur,
728 2038 850 2077 cum
882 2023 1083 2078 virtute
1111 2022 1375 2077 Altissimi
1404 2021 1698 2077 obumbra-

183 2113 312 2178 tur,ﬁt
332 2114 618 2185 pretiosior
643 2112 853 2170 meritis
877 2158 892 2181 ,
946 2113 1111 2171 celsis
1137 2112 1422 2168 sublimior
1446 2113 1697 2182 fastigiis,

188 2204 383 2274 pulchrior
407 2205 726 2276 sanctitate,
758 2204 1049 2276 gloriosior
1071 2220 1293 2261 suorum
1324 2203 1697 2275 praerogativis

184 2298 448 2353 meritorum:
483 2298 559 2353 ita
588 2310 646 2353 ut
675 2299 835 2354 nullis
857 2298 971 2368 jam
1014 2299 1200 2354 usibus
1231 2298 1303 2353 sit
1331 2298 1444 2368 ipsa
1482 2296 1699 2352 eadem-

174 2402 240 2455 que
259 2389 590 2459 mancipanda
623 2389 727 2445 nisi
777 2390 995 2445 divinis.
1039 2388 1209 2459 Unde,
1265 2405 1299 2445 0
1342 2389 1698 2445 sanctissima:

171 2479 351 2550 tirgines,
387 2482 485 2538 etsi
519 2482 730 2538 imitari
751 2491 969 2554 Oportet
1000 2490 1202 2538 tantam
1233 2497 1297 2538 ac
1325 2481 1487 2537 talem
1537 2482 1696 2552 virgi-

164 2586 264 2635 nem,
298 2583 493 2645 tamque
549 2574 878 2645 praeclaram
929 2576 1212 2630 venerari:
1253 2574 1482 2630 tnulttun
1515 2584 1692 2629 tamen

161 2665 368 2731 omvenit,
393 2676 445 2722 et
476 2666 628 2721 ultra
682 2668 979 2737 angelicam
1008 2666 1404 2738 quodammodo
1459 2666 1694 2737 dignita-

159 2765 251 2823 tem,
276 2770 513 2827 quantum
545 2759 637 2815 fas
665 2769 769 2825 est,
794 2776 915 2816 cum
962 2760 1158 2831 gaudio
1185 2759 1432 2815 laudibus
1452 2776 1571 2815 eam
1613 2760 1694 2817 di-

156 2851 365 2918 gnissimis
383 2854 619 2911 efferre:
660 2871 803 2927 qurc,
830 2855 1166 2921 utdiximus,
1208 2870 1315 2910 non
1366 2865 1570 2911 temere
1598 2872 1696 2928 per

152 2940 303 2999 Christi
344 2947 574 3018 gratiam
620 2961 785 3017 super
820 2946 1022 3003 choros
1065 2946 1382 3019 angelorum
1433 2948 1689 3015 exaltata,

150 3035 438 3094 dcvotissime
469 3039 645 3095 hodie
696 3040 1056 3111 prmdicatur:
1097 3043 1219 3112 quia
1254 3041 1533 3111 prteccssit
1572 3058 1690 3099 eam

150 3127 352 3187 Dominus
397 3143 451 3188 et
481 3135 747 3189 Salvator
768 3144 956 3191 noster
983 3152 1052 3189 ex
1078 3152 1140 3190 ea
1171 3152 1298 3191 vera
1326 3136 1429 3192 fide
1472 3136 1689 3207 genitus

1797 1918 2044 1989 justitiae,
2096 1930 2155 1974 ut
2205 1928 2522 1976 nasceretur
2576 1936 2642 1976 ex
2690 1935 2773 1975 ea.
2825 1917 2907 1974 Ad
2957 1918 3109 1990 cujus
3155 1916 3399 1990 profecto

1802 2011 2090 2082 exsequias
2118 2013 2404 2083 (quantum
2456 2015 2538 2069 fas
2580 2023 2663 2070 est
2689 2012 2945 2083 credere)
2994 2012 3397 2069 famulabantur

1800 2104 2008 2174 angeli,
2060 2114 2116 2160 et
2142 2105 2411 2161 universa:
2442 2106 2706 2161 caelorum
2736 2103 3265 2176 congratulabautur
3290 2121 3392 2160 cu-

1797 2198 1912 2254 rite.
1951 2198 2061 2254 Nec
2080 2201 2296 2271 mirum,
2326 2200 2453 2271 quia
2478 2201 2653 2256 honor
2684 2208 2967 2255 maternus
2993 2198 3117 2269 ejus
3159 2208 3264 2268 est,
3294 2199 3386 2270 qui

1797 2299 1882 2345 est
1908 2299 2064 2347 natus
2092 2306 2160 2347 ex
2193 2307 2289 2347 ea:
2333 2307 2495 2363 quem
2537 2291 2716 2347 omnis
2746 2292 3009 2346 caelorum
3062 2290 3200 2345 ordo
3227 2304 3393 2345 vene-

1802 2395 1952 2440 ratur
1974 2397 2027 2441 et
2059 2386 2249 2442 adorat
2273 2402 2434 2456 super
2461 2402 2521 2442 se
2553 2387 2821 2443 elevatum
2846 2400 2966 2441 cum
3000 2384 3157 2441 Patre
3183 2384 3236 2439 in
3263 2383 3395 2439 sede

1798 2478 2110 2548 majestatis
2141 2479 2376 2535 Domini.
2418 2479 2671 2551 Legimus
2723 2478 2866 2535 enim
2916 2492 3077 2547 quam
3128 2491 3275 2548 stcpe
3324 2475 3392 2531 ad

1796 2571 1988 2630 funera
2014 2587 2068 2629 et
2111 2574 2179 2628 ad
2225 2574 2534 2645 sepulturas
2563 2574 2931 2645 quorumlibet
2957 2582 3268 2629 sanctorum
3296 2586 3392 2627 θηο-

1795 2670 1947 2741 gelos
1968 2668 2279 2735 advenisse,
2312 2680 2366 2725 et
2390 2670 2663 2741 exsequiis
2686 2686 2874 2726 eorum
2898 2669 3154 2741 obsequia
3178 2668 3393 2740 paesti-

1797 2762 1960 2817 tisse:
1995 2777 2209 2817 necnon
2240 2772 2295 2817 et
2321 2762 2532 2817 animas
2561 2762 2860 2819 electorum
2907 2777 3078 2834 usque
3103 2761 3171 2817 ad
3200 2761 3390 2830 caelos,

1794 2870 1917 2911 eum
1946 2855 2163 2928 hymnis
2207 2866 2260 2912 et
2290 2856 2540 2911 laudibus
2568 2855 2862 2913 detulisse:
2906 2857 2994 2912 ubi
3021 2865 3074 2912 et
3113 2855 3395 2927 utriusque

1795 2963 1957 3004 sexus
1984 2948 2136 3004 chori
2188 2957 2685 3005 commemorantur
2715 2950 3027 3021 frequenter
3052 2949 3244 3018 auditi,
3279 2948 3396 3005 lau-

1794 3042 1999 3114 desque
2047 3042 2347 3099 cecinisse:
2393 3043 2596 3100 interea
2634 3053 2690 3101 et
2717 3044 2861 3113 quod
2893 3043 3256 3115 perspicacius
3284 3052 3391 3112 est,

1798 3130 1972 3190 nﬂtlto
2004 3150 2412 3206 nonnumquam
2446 3136 2646 3192 lumine
2699 3136 2920 3192 eosdem
2952 3134 3387 3207 resplenduisse;

147 3220 195 3273 ad
214 3223 456 3281 celestia:
501 3235 561 3281 ut
590 3234 810 3297 pararet
838 3228 911 3298 ei,
939 3228 1079 3283 sicut
1110 3228 1226 3300 ipse
1252 3230 1365 3285 suis
1388 3230 1698 3301 repromisit
1722 3205 1767 3268 Ο
1801 3229 2021 3299 insuper
2045 3238 2100 3285 et
2120 3229 2297 3285 adhuc
2319 3231 2568 3285 viventes
2598 3229 2650 3285 iu
2675 3245 2863 3297 carne,
2884 3229 3081 3285 ibidem
3112 3228 3234 3283 miri
3261 3228 3394 3284 odo-

143 3313 387 3390 discipulis,
415 3324 467 3377 in
484 3324 750 3380 aethereis
776 3326 1148 3381 mansionibus
1170 3326 1367 3381 locum.
1396 3327 1530 3384 lliuc
1556 3344 1695 3400 quo-

142 3424 218 3475 que
242 3412 387 3469 David
426 3416 700 3487 propheta
727 3417 856 3473 olim
883 3418 1316 3488 gratulabundus
1340 3420 1559 3477 Christo
1605 3437 1695 3477 ca-

141 3501 222 3557 uit:
245 3506 283 3559 Α
303 3524 523 3573 suntme,
562 3511 761 3581 inquit,
791 3513 918 3565 caelo
942 3512 1167 3582 egressio
1194 3515 1339 3584 ejus;
1379 3523 1425 3567 et
1456 3529 1695 3568 occursus

141 3598 223 3664 ths
242 3615 385 3670 usque
413 3604 482 3655 ad
517 3619 783 3657 sumntum
808 3606 920 3676 ejus
952 3602 1176 3675 (Psalm.
1210 3620 1360 3675 xvm,
1388 3605 1465 3670 7).
1497 3607 1695 3662 Ascen-

137 3687 195 3743 dit
213 3704 322 3762 ergo
367 3695 628 3751 eamdem
684 3694 911 3765 gloriam
968 3706 1363 3768 resumpturus,
1419 3700 1548 3753 licet
1577 3714 1683 3755 non

139 3784 351 3852 amiserit,
378 3803 545 3858 quam
602 3788 752 3860 prius
802 3788 1065 3845 habuerat
1115 3801 1408 3860 antequam
1462 3791 1693 3847 mundus

138 3874 276 3931 fieret.
312 3880 581 3935 Ascendit
631 3888 689 3935 et
729 3881 1055 3951 prmparavit
1084 3879 1211 3937 huic
1249 3882 1613 3937 sanctissima:
1638 3895 1693 3939 et

137 3966 484 4033 gloriosissima;
517 3972 734 4043 Virgini
761 3973 937 4029 locum
989 3974 1448 4043 immortalitatis,
1485 3987 1540 4031 ut
1567 3992 1690 4033 cum

139 4074 187 4111 eo
208 4078 406 4134 regnare
437 4075 635 4137 posset
657 4068 710 4122 in
742 4079 1081 4138 perpetuum.

195 4156 299 4213 l'llt.
324 4160 393 4215 Et
412 4161 538 4217 hac
559 4171 646 4217 est
686 4162 844 4232 hujus
869 4163 1154 4233 praesentis
1184 4162 1290 4219 diei
1325 4163 1607 4230 festivitas,
1638 4163 1690 4221 in

134 4260 208 4314 qua
245 4251 471 4320 gloriosa
523 4264 586 4310 et
634 4253 762 4309 felix
803 4255 870 4310 ad
921 4256 1216 4312 :ethereum
1246 4258 1491 4328 pervenit
1520 4259 1692 4314 thala-

137 4356 263 4397 mum.
299 4345 427 4413 Quae
450 4346 709 4420 profecto
734 4348 1025 4411 festivitas.
1046 4350 1205 4405 sicuti
1230 4349 1386 4405 beata
1411 4351 1579 4407 Maria
1604 4351 1690 4407 in-

135 4438 469 4507 cnntparabilis
509 4450 603 4495 est
630 4439 930 4510 virginibus
954 4442 1190 4509 castoris,
1220 4442 1294 4497 ita
1350 4442 1689 4514 incompara-

136 4524 222 4583 bilis
243 4542 319 4587 est
338 4534 593 4590 omnium
626 4546 935 4589 sanctorum
964 4533 1382 4591 festivitatibus:
1432 4547 1488 4592 et
1515 4536 1690 4592 admi-

1798 3324 1876 3380 ris
1905 3324 2255 3395 fragrantiam
2290 3324 2493 3379 diutius
2534 3324 2893 3396 persensisse.
2927 3323 3079 3392 Quod
3121 3323 3167 3378 si
3198 3323 3266 3379 ad
3299 3340 3388 3380 re-

1802 3416 2093 3472 creandam
2117 3433 2292 3488 spem,
2316 3417 2686 3474 dilectissimte
2700 3419 2841 3486 ﬁlim,
2859 3427 2913 3474 et
2932 3417 3391 3474 corroborandam

1788 3498 1965 3566 fidem
2026 3510 2294 3566 interdum
2335 3511 2658 3580 astantium,
2703 3510 2955 3567 Salvator
3002 3518 3188 3575 noster
3234 3512 3393 3568 Iesus

1796 3600 2066 3671 Christus,
2096 3604 2167 3660 ob
2197 3604 2387 3660 merita
2415 3620 2637 3660 suorum
2689 3604 2921 3674 amplius
2963 3604 3390 3676 comprobanda,

1799 3694 1926 3750 talia
1982 3704 2037 3751 et
2086 3705 2228 3751 tanta
2261 3696 2516 3768 dignatus
2545 3705 2631 3753 est
2669 3696 2931 3752 exhibere
2959 3713 3059 3767 per
3098 3712 3228 3752 suos
3266 3696 3391 3751 ςαξιί

1796 3787 2077 3849 ministros
2106 3788 2251 3843 circa
2282 3787 2597 3843 defunctos:
2637 3798 2841 3859 quanto
2870 3789 3041 3859 magis
3062 3786 3392 3843 credendum

1795 3892 1877 3938 est
1910 3881 2173 3937 hodierna
2196 3882 2284 3936 die
2316 3882 2562 3937 tnilitiatn
2589 3882 2851 3938 caelorum
2874 3898 2995 3937 cum
3019 3884 3132 3937 suis
3159 3882 3389 3951 agmini-

1794 3973 1898 4030 bus
1921 3973 2108 4029 festive
2135 3974 2349 4029 obviam
2380 3974 2593 4030 venisse
2619 3973 2867 4047 genitrici
2893 3974 3013 4040 Dei,
3054 3988 3283 4044 eamque
3308 3972 3391 4028 in-

1794 4067 1945 4135 genti
1978 4065 2183 4122 lumine
2231 4066 2683 4134 circuntfulsisse,
2732 4075 2788 4122 et
2818 4079 2988 4137 usque
3034 4066 3100 4121 ad
3134 4066 3389 4122 thronum

1794 4161 1922 4217 olim
1945 4160 2048 4216 sibi
2083 4160 2245 4216 etiam
2275 4172 2400 4216 ante
2425 4160 2610 4216 mundi
2636 4161 3080 4218 constitutionem
3116 4171 3389 4233 paratum.

1794 4270 1917 4311 cum
1963 4253 2214 4311 laudibus
2262 4264 2319 4311 et
2339 4254 2565 4310 canticis
2603 4253 2975 4325 spiritualibus
3032 4255 3387 4327 perduxisse!

1793 4346 1937 4403 Nulli
1983 4346 2225 4414 dubium,
2274 4363 2490 4402 omnem
2548 4346 2696 4402 illam
2749 4348 3034 4403 caelestem
3057 4346 3387 4415 Jerusalem,

1795 4450 1921 4496 ttmc
1975 4440 2280 4495 exsultasse
2321 4439 2580 4495 ineffabili
2621 4439 2831 4505 laetitia,
2882 4450 3009 4494 tunc
3034 4438 3389 4511 jucundatam

1793 4547 1916 4588 esse
1941 4532 2301 4588 inaestimabili
2325 4534 2613 4601 charitate,
2642 4543 2871 4603 tuncque
2884 4546 3006 4588 cum
3034 4533 3178 4588 omni
3204 4543 3381 4606 gratu-

136 4623 259 4676 nnda
295 4636 375 4681 est
402 4628 579 4682 etiam
626 4626 888 4697 angelicis
926 4628 1234 4682 virtutibus.
1277 4628 1508 4698 Propter
1545 4629 1687 4700 quod
1718 4604 1768 4665 D
1793 4627 2966 4698 latiouejuhilassc:quoniamfestivitashcec
2982 4604 3271 4698 qumnobis
3290 4631 3390 4685 ho~

133 4726 177 4762 τι
214 4730 428 4783 persona
474 4733 843 4789 supernorum
884 4719 1081 4775 civium
1108 4720 1161 4774 in
1214 4720 1333 4790 ejus
1369 4722 1689 4779 ascensione

135 4802 361 4861 admirans
392 4810 643 4882 Spiritus
690 4823 935 4877 sanctus,
966 4812 1043 4867 ait
1086 4813 1139 4867 in
1162 4812 1427 4868 Canticis:
1462 4816 1589 4879 Qua:
1618 4824 1691 4869 est

136 4908 201 4944 ista
218 4915 318 4964 quin
344 4902 587 4955 ascendit
618 4919 706 4969 per
736 4903 1029 4969 desertum,
1076 4906 1208 4959 sicut
1234 4905 1432 4975 virgula
1473 4907 1603 4978 fumi
1628 4924 1692 4961 ea:

136 4990 397 5046 uenatibus
423 4992 608 5061 (Cant.
634 5010 713 5061 nt,
741 4996 846 5066 fi)?
874 4997 941 5051 Et
970 4996 1107 5053 bene
1129 4998 1281 5067 quasi
1304 4998 1507 5069 virgula
1537 4999 1688 5063 fumi,

135 5078 222 5143 “in
247 5085 464 5152 gracilis
497 5095 559 5142 et
584 5085 833 5153 delicata,
878 5088 1001 5159 quia
1033 5087 1233 5144 divinis
1264 5102 1559 5147 extenuata
1615 5092 1692 5147 di-

137 5170 332 5239 sciplinis
361 5218 378 5244 ,
428 5189 489 5233 et
530 5189 878 5235 concremata
925 5181 1070 5236 intus
1102 5184 1151 5236 iu
1201 5182 1573 5239 holocaustum
1606 5185 1687 5240 iu-

135 5265 284 5321 rendio
304 5270 373 5339 pii
402 5272 636 5338 amoris,
666 5280 723 5327 et
746 5272 1015 5329 desiderio
1049 5272 1348 5329 cbaritatis.
1374 5273 1440 5329 Ut
1469 5276 1690 5348 virgula,

140 5349 291 5425 inquit,
321 5364 450 5433 [uini
480 5381 550 5419 ea:
573 5366 922 5422 aromatibus:
953 5366 1208 5423 nimirum
1239 5369 1362 5439 quia
1394 5369 1577 5426 multis
1606 5387 1692 5428 re-

140 5447 243 5511 Ινίεια
262 5464 340 5509 est
364 5456 631 5512 virtutum
660 5457 917 5515 odoribus
942 5478 955 5513 :
990 5475 1214 5516 manans
1243 5476 1307 5516 ex
1335 5476 1400 5517 ea
1425 5464 1694 5535 fragrabat

140 5541 444 5602 suavissimus
474 5548 615 5605 odor
661 5550 821 5607 etiam
852 5551 1131 5619 spiritibus
1161 5554 1439 5624 angelicis.
1482 5556 1690 5612 Ascen-

142 5628 261 5690 delnt
297 5652 477 5697 autem
512 5642 608 5700 Dei
651 5642 885 5715 genitrix
931 5644 999 5701 de
1022 5645 1240 5702 deserto
1280 5648 1560 5717 praesentis
1588 5666 1690 5704 sae-

145 5724 241 5793 σιιιί,
276 5732 416 5806 virga
445 5734 520 5791 de
566 5736 749 5794 radice
776 5738 929 5794 Jcsse
967 5738 1096 5794 olim
1124 5752 1348 5795 exorta:
1403 5740 1499 5797 sed
1529 5741 1686 5797 mira-

146 5808 298 5876 bantur
322 5824 624 5886 electorum
659 5830 852 5889 anima:
882 5847 991 5904 pra:
1018 5831 1234 5907 gaudio,
1260 5849 1507 5907 qutenam
1539 5839 1687 5891 esset

1794 4720 1881 4777 die
1901 4720 2194 4775 revolvitur
2218 4736 2417 4786 annua,
2444 4721 2546 4775 illis
2568 4720 2817 4775 omnibus
2838 4719 2976 4776 facta
3005 4731 3086 4777 est
3105 4722 3389 4779 continua.

1867 4812 1962 4868 1X.
1991 4812 2100 4868 Nec
2139 4814 2413 4868 immerito
2444 4829 2458 4867 :
2491 4814 2732 4868 creditur
2767 4814 2913 4868 enim
2945 4813 3090 4885 quod
3136 4814 3392 4873 Salvator

1797 4906 2036 4962 omnium
2070 4908 2207 4975 ipse,
2239 4918 2503 4976 quantum
2539 4906 2698 4961 datur
2725 4906 2989 4978 intelligi,
3021 4922 3117 4978 per
3154 4921 3213 4963 se
3243 4914 3391 4964 totus

1799 4998 2022 5053 festivus
2071 4999 2345 5067 occurrit,
2394 5008 2448 5052 et
2500 5014 2621 5054 cum
2675 4997 2873 5069 gaudio
2928 5014 3048 5055 eam
3105 5014 3290 5055 secum
3336 5001 3390 5057 in

1801 5090 1997 5145 throno
2029 5090 2334 5145 collocavit.
2365 5090 2518 5145 Alias
2553 5100 2734 5146 autem
2768 5091 3043 5159 quomodo
3077 5090 3392 5163 implevisse

1799 5184 2040 5240 creditur
2065 5184 2207 5256 quod
2239 5184 2291 5239 in
2314 5184 2432 5256 lege
2464 5186 2582 5256 ipse
2608 5185 2863 5255 prmcepit
2898 5203 2909 5237 :
2943 5182 3165 5239 Honora
3194 5200 3391 5257 patrem

1802 5286 1947 5332 tuum
1994 5286 2040 5331 et
2071 5290 2285 5331 matrem
2315 5287 2457 5331 tuam
2501 5276 2717 5351 (Matth.
2750 5293 2841 5347 xv,
2884 5276 2987 5350 4)?
3035 5278 3205 5334 Porro
3246 5274 3390 5349 quod

1802 5376 2013 5442 patrem
2040 5367 2411 5435 honoraverit,
2442 5369 2559 5442 ipse
2591 5368 2750 5424 testis
2775 5378 2879 5439 est,
2911 5384 3035 5425 cum
3078 5369 3145 5425 ad
3175 5369 3392 5425 Judazos

1802 5464 1880 5518 ait
1911 5483 1923 5516 :
1958 5462 2071 5535 Ego
2107 5464 2330 5536 gloriam
2360 5480 2527 5518 meam
2561 5480 2662 5518 non
2701 5481 2878 5535 quer
2911 5482 2930 5520 :
2958 5477 3033 5522 est
3071 5466 3159 5537 qui
3197 5472 3393 5536 quierat

1796 5566 1845 5614 et
1875 5558 2079 5631 judicet
2113 5574 2131 5613 :
2180 5558 2271 5613 sed
2309 5575 2403 5632 ego
2434 5558 2721 5627 honoriﬁco
2759 5557 2969 5614 Patrem
3004 5574 3195 5623 meum,
3222 5565 3268 5610 et
3302 5571 3392 5610 vos

1797 5651 2149 5706 inltouorastis
2184 5668 2264 5705 me
2297 5650 2482 5724 (Joan.
2520 5667 2637 5722 VIII,
2669 5653 2762 5719 d9,
2797 5653 2912 5725 εο).
2946 5654 3019 5708 De
3060 5661 3233 5705 matre
3262 5664 3392 5706 vero

1797 5742 2132 5814 Evangelista
2162 5740 2333 5815 :.Cum
2360 5743 2548 5799 rediret
2580 5745 2809 5813 veniens,
2837 5744 2933 5811 ait,
2966 5739 3251 5807 Nazaretlt,
3281 5749 3391 5798 erat

1794 5836 2031 5894 subditus
2062 5834 2169 5894 illis
2200 5833 2353 5910 (Luc.
2385 5852 2446 5910 tt,
2492 5835 2610 5909 5i).
2642 5837 2749 5897 Sed
2779 5836 2883 5895 alia
2917 5846 3000 5897 est
3027 5845 3217 5896 natura
3237 5878 3254 5910 ,
3284 5849 3389 5911 qua
