3916 6288
510 288 615 350 151

1526 289 1586 351 s.
1630 290 2014 353 HIERONYMI
2048 289 2335 353 DPERUM
2367 292 2741 356 MANTlSSA.
3346 312 3353 317 ’
3650 308 3736 371 tst

513 416 657 496 Deus
682 414 845 471 Pater
875 411 1175 471 secundum
1216 425 1276 468 se
1305 410 1632 479 honoratur,
1663 413 1773 469 alia
1813 429 1917 485 qua
1959 413 2103 470 idem
2134 415 2180 473 Α
2211 421 2381 470 totum
2413 413 2807 483 misericordia,
2840 422 2897 472 et
2936 412 3171 486 justitia,
3216 429 3338 487 quae
3381 415 3447 473 de
3481 418 3607 477 ccelo
3640 436 3741 494 pro-

512 509 828 581 parentibus
857 508 1125 565 subditur.
1153 506 1211 561 ln
1244 513 1477 578 utraque
1517 515 1698 562 tamen
1736 523 1878 563 unus
1922 507 2099 562 idem-

511 620 621 676 que
648 603 894 660 Christus
920 610 1069 658 recte
1104 600 1347 657 creditur
1380 618 1394 656 :
1425 616 1493 656 eo
1529 602 1673 672 quod
1709 600 1944 657 Verbum
1974 615 2103 657 caro

517 680 713 755 laetum
746 706 851 759 est,
883 706 938 751 et
982 695 1243 750 habitavit
1273 694 1324 749 in
1360 695 1516 750 nobis
1540 736 1554 758 ,
1585 708 1722 749 unus
1761 694 2100 761 Emmanuel,

516 791 659 861 quod
688 801 792 854 est,
817 787 1101 843 nobiscum
1139 787 1301 843 Deus.
1338 787 1487 841 llanc
1511 787 1716 857 quippe
1745 787 1999 843 unionem
2022 785 2106 840 di-

511 882 749 940 vinitatis
780 888 940 953 atque
964 879 1318 935 humanitatis
1347 878 1685 935 ittconiusatu
1718 888 1878 951 atque
1907 877 2105 933 indivi-

514 992 626 1031 sam
662 974 795 1029 ﬁdes
826 974 1089 1029 catholica
1122 986 1301 1029 servat
1329 990 1343 1025 :
1378 987 1537 1043 quem
1584 986 1714 1026 sane
1746 970 2103 1042 intelligendo

512 1072 791 1142 cognoscit
843 1068 1140 1133 naturalis,
1189 1078 1352 1137 atque
1398 1065 1695 1122 secundum
1743 1065 2101 1121 substantiam

511 1150 801 1220 conventio
825 1161 1069 1226 unitatis,
1106 1169 1163 1214 ut
1191 1176 1364 1228 neque
1385 1159 1679 1214 conversio
1704 1158 1758 1213 in
1784 1158 2102 1213 alterutram

513 1255 740 1311 duarum
772 1252 1207 1309 substantiarum
1245 1261 1456 1322 partem
1488 1251 1802 1320 recipiatur,
1834 1263 1937 1306 nec
1960 1248 2104 1305 divi-

516 1350 621 1403 sio.
655 1348 743 1404 Sic
776 1362 1005 1417 namque
1036 1345 1282 1406 credere,
1314 1343 1586 1397 honorare
1618 1352 1699 1397 est
1733 1352 1961 1397 matrem
1991 1340 2103 1395 Do-

512 1443 643 1498 mini
677 1455 798 1512 qua:
842 1439 1010 1494 Deum
1046 1440 1201 1503 nobis
1240 1434 1432 1508 genuit
1473 1442 1529 1491 et
1570 1433 1846 1490 hominem
1880 1453 1890 1487 :
1927 1447 2104 1503 neque

521 1534 797 1589 hominem
848 1532 965 1587 sine
993 1531 1127 1596 Deo,
1160 1545 1337 1601 neque
1370 1531 1489 1584 sine
1520 1526 1740 1583 homine
1768 1526 1939 1581 Deum
1965 1568 1981 1592 ,
2007 1526 2103 1581 sed

514 1626 682 1684 Detttn
713 1638 765 1681 et
795 1625 1070 1681 hominem
1094 1638 1258 1677 unum
1281 1632 1335 1675 ct
1361 1637 1549 1676 verunt
1581 1620 1765 1676 Jesum
1795 1618 2101 1675 Christum.

518 1721 732 1792 Alioqui
788 1719 883 1774 Dei
928 1716 1165 1789 genitrix
1205 1714 1313 1770 dici
1365 1731 1472 1770 non
1519 1724 1724 1784 posset,
1754 1714 1899 1785 quod
1948 1713 2101 1768 multi

2209 507 2388 578 spexit
2421 524 2436 563 :
2466 519 2521 563 et
2554 508 2678 563 ideo
2708 507 3073 575 immaculata,
3096 508 3219 580 quia
3248 506 3305 563 in
3338 507 3480 566 nullo
3502 525 3739 586 corrupta.

2205 597 2585 658 Circumdedit
2610 603 2753 657 enim
2788 603 2962 658 virum
3008 603 3062 658 in
3101 612 3282 668 utero,
3320 603 3455 659 sicut
3488 605 3745 667 Hieremias

2206 704 2424 751 sanctus
2457 705 2707 761 testatur,
2740 704 2795 751 et
2824 711 2934 753 non
2965 695 3182 752 aliunde
3212 696 3443 769 accepit.
3476 697 3656 766 Faciet,
3678 703 3746 759 in-

2206 789 2347 858 quit,
2380 786 2636 843 Dominus
2658 804 2844 843 novum
2874 805 3031 861 super
3061 798 3271 855 terram,
3299 798 3347 844 et
3370 791 3544 846 mulier
3564 793 3750 850 circuat-

2208 882 2349 937 dabit
2380 884 2544 939 uirum
2573 882 2748 955 (Hier.
2791 899 2868 951 ts,
2901 883 3016 955 52).
3054 884 3197 941 Vere
3225 901 3422 942 novum
3459 895 3519 943 et
3540 888 3747 948 omnium

2210 976 2505 1030 novitatutn
2572 976 2988 1047 supereminens
3016 976 3228 1035 novitas
3258 981 3540 1049 virtutum,
3570 984 3754 1054 quando

2210 1066 2352 1123 Deus
2376 1069 2559 1139 (quem
2585 1069 2728 1125 ferre
2749 1085 2855 1125 non
2887 1080 3068 1142 potest
3096 1070 3352 1141 mundus,
3392 1086 3559 1144 neque
3592 1076 3750 1132 videre

2209 1160 2406 1229 aliquis
2430 1172 2490 1216 ut
2514 1161 2699 1217 vivere
2728 1162 2921 1234 possit)
2964 1163 3044 1219 sic
3073 1161 3351 1234 ingressus
3388 1174 3469 1221 est
3503 1166 3755 1237 hospitium

2209 1254 2443 1318 ventris,
2502 1263 2562 1309 ut
2615 1255 2864 1323 corporis
2919 1255 3213 1311 claustrum
3255 1256 3493 1313 nesciret
3542 1276 3553 1311 :
3600 1258 3758 1330 sicque

2208 1353 2472 1415 gestatus,
2505 1354 2565 1399 ut
2611 1354 2758 1401 totus
2798 1345 2943 1401 Deus
2986 1346 3041 1402 in
3086 1362 3153 1403 eo
3198 1357 3368 1417 esset,
3409 1356 3465 1404 et
3508 1348 3583 1405 sic
3623 1352 3762 1408 exivit

2209 1437 2358 1503 inde,
2392 1447 2450 1493 ttt
2480 1450 2624 1493 esset
2652 1438 2818 1510 (sicut
2846 1438 3102 1497 Ezechiel
3128 1440 3359 1513 fatetur)
3392 1454 3543 1513 porta
3568 1444 3761 1501 omnino

2208 1531 2417 1586 clausa.
2470 1530 2622 1588 Unde
2665 1533 2879 1588 canitur
2931 1534 2984 1588 in
3036 1533 3243 1590 eisdem
3289 1535 3527 1592 Canticis
3565 1536 3628 1592 de
3665 1552 3760 1593 ea:

2212 1623 2408 1679 Hortus
2433 1624 2725 1689 conciam,
2756 1624 2874 1696 fons
2896 1626 3155 1698 signatus,
3181 1628 3481 1683 emissiones
3510 1639 3606 1684 tua:
3634 1646 3765 1700 para-

2211 1717 2358 1771 disus
2380 1715 2559 1791 (Cant.
2590 1734 2665 1789 tv,
2697 1719 2810 1791 12).
2839 1719 2981 1776 Vere
3005 1719 3197 1777 hortus
3228 1720 3567 1791 deliciarum,
3597 1723 3647 1779 in
3677 1739 3767 1795 quo

516 1815 899 1871 hmreticortnn
930 1805 1129 1881 negare
1150 1808 1332 1865 conati
1354 1817 1502 1872 sunt,
1527 1806 1630 1862 nisi
1665 1807 1831 1862 Deum
1855 1821 1984 1860 vere
2010 1821 2101 1875 gc-
2134 1813 2181 1874 Β
2207 1810 2416 1864 consita
2454 1819 2579 1866 sunt
2610 1810 2865 1867 universa
2904 1813 3098 1869 ﬂorum
3129 1828 3330 1885 genera
3358 1824 3416 1869 et
3450 1814 3768 1871 odoramenta

516 1912 723 1963 nuisset
769 1907 1107 1960 incarnatum
1154 1920 1167 1957 :
1204 1913 1257 1957 et
1304 1912 1593 1973 propterea
1625 1900 1764 1954 duas
1807 1900 1861 1953 in
1888 1897 2107 1953 Christo

516 2014 665 2060 recte
692 2001 1018 2057 conﬁtentur
1040 2000 1365 2053 nativitates.
1395 1995 1565 2051 [luant
1590 1994 1843 2049 videlicet
1860 1993 1928 2047 de
1954 2003 2107 2062 patre

522 2102 640 2154 sine
673 2097 846 2161 initio,
868 2103 932 2149 ‘et
957 2094 1079 2148 sine
1108 2103 1353 2162 tempore
1378 2090 1767 2160 sempiternam
1802 2098 1855 2142 et
1880 2095 2108 2143 coniter-

519 2211 643 2251 nam
693 2192 807 2247 Deo
847 2188 1016 2245 Patri.
1060 2188 1304 2243 Alteram
1345 2185 1412 2240 de
1456 2195 1629 2240 matre
1674 2198 1797 2239 eum
1840 2189 2103 2252 tempore,

517 2286 735 2359 quando
793 2281 1198 2338 miserationem
1258 2279 1488 2334 induens
1539 2289 1594 2333 et
1641 2274 2103 2341 misericortliattt,

514 2390 814 2451 spontanea
847 2377 1127 2429 voluntate
1169 2373 1236 2427 ad
1281 2387 1382 2426 nos
1411 2369 1693 2425 descendit
1737 2368 1901 2424 homo
1950 2375 2108 2421 natus

518 2473 659 2527 Deus
686 2489 698 2525 τ
728 2485 790 2524 ac
824 2484 919 2539 per
948 2466 1053 2521 hoc
1076 2465 1229 2535 juxta
1258 2463 1541 2518 veritatem
1566 2474 1617 2516 et
1651 2462 1843 2516 matris
1865 2470 2109 2530 gestator

520 2579 717 2627 utero,
771 2546 862 2631 qui
910 2574 1135 2629 semper
1192 2557 1337 2611 Deus
1388 2554 1716 2627 agnoscitur.
1765 2554 1903 2607 llinc
1943 2553 2106 2608 etiam

522 2658 840 2713 Τιιθοιοοοη
888 2668 1007 2709 eam
1054 2651 1323 2707 veraciter
1367 2650 1711 2714 conﬁtemur,
1760 2647 1855 2702 Dei
1902 2647 2108 2702 scilicet

512 2751 851 2822 genitricem,
884 2758 1097 2801 necnon
1130 2752 1185 2799 et
1213 2741 1597 2798 Christotocon
1625 2758 1638 2796 :
1676 2756 1781 2794 non
1807 2739 1948 2808 quod
1972 2738 2108 2793 Ver-

514 2844 641 2901 bum
690 2856 906 2898 earnem
953 2854 1137 2895 secum
1170 2835 1447 2901 detulerit,
1484 2848 1661 2904 neque
1697 2833 1823 2887 olim
1866 2831 2108 2901 praelata:
2152 2859 2164 2867 ~

512 2938 661 2995 carni
694 2936 1007 3009 copulatum
1038 2933 1109 2987 sit
1138 2948 1152 2985 :
1182 2930 1277 2987 sed
1319 2938 1448 2985 tunc
1478 2928 1697 3000 quando
1721 2927 1957 2982 Verbum
1978 2941 2105 2982 caro

512 3034 718 3089 factum
740 3038 916 3086 estex
949 3040 1117 3084 carne
1156 3023 1413 3096 virginis,
1447 3020 1748 3078 divinitatis
1800 3030 1962 3091 atque
2002 3018 2103 3105 hu-

516 3122 792 3181 manitatis
820 3117 1121 3175 substantia
1166 3117 1220 3171 in
1262 3124 1422 3169 utero
1465 3115 1537 3167 ita
1575 3111 1858 3168 inconfuse
1895 3112 2101 3175 unitur,

2212 1904 2478 1958 virtutum
2511 1921 2525 1958 :
2549 1904 2736 1976 sicque
2758 1906 3072 1977 conclusus,
3096 1918 3156 1962 ut
3180 1907 3389 1963 nesciat
3411 1907 3600 1963 violari
3620 1924 3769 1980 neque

2210 2000 2486 2068 corrumpi
2510 1998 2638 2054 ullis
2661 2000 2979 2055 insidiarum
3009 2000 3313 2056 fraudibus.
3346 2003 3494 2060 Fons
3512 2005 3687 2074 itaque
3710 2005 3771 2058 si-

2210 2100 2405 2160 gnatus
2422 2091 2599 2162 sigillo
2629 2094 2796 2147 totius
2822 2092 3103 2148 Trinitatis
3137 2111 3150 2147 :
3179 2110 3244 2150 ex
3272 2111 3386 2166 quo
3407 2094 3531 2152 lous
3548 2098 3771 2152 vittcma-

2211 2189 2326 2250 ttat,
2360 2182 2412 2236 in
2442 2181 2595 2252 cujus
2627 2183 2833 2239 lumine
2860 2200 3050 2239 omnes
3072 2184 3381 2243 videbimus
3411 2187 3609 2244 lumen.
3632 2189 3780 2263 Quia,

2207 2272 2360 2343 juxta
2376 2273 2666 2343 Joannem,
2684 2274 2809 2344 Ipse
2830 2286 2903 2330 est
2919 2277 3009 2346 qui
3030 2276 3293 2332 illuminat
3318 2296 3522 2335 onmem
3544 2281 3774 2335 hominem

2210 2367 2493 2419 venientem
2520 2367 2573 2421 in
2616 2368 2754 2421 hunc
2790 2370 3039 2423 mundum
3068 2369 3252 2442 (Joan.
3283 2388 3326 2441 t,
3362 2374 3443 2443 9).
3477 2373 3638 2443 Cujus
3670 2389 3775 2445 pro.

2212 2456 2354 2512 lecto
2381 2458 2604 2514 emissio
2633 2460 2796 2528 uteri,
2825 2476 3188 2530 supernorum
3210 2464 3420 2521 civium
3450 2467 3677 2522 omnium
3708 2475 3777 2521 est

2212 2551 2515 2620 paradisus.
2547 2552 2620 2607 De
2665 2552 2770 2607 isto
2814 2568 3047 2625 namque
3076 2557 3282 2612 ventris
3326 2574 3462 2629 agro
3505 2558 3777 2630 patriareht

2210 2642 2361 2700 lsaae
2384 2647 2542 2717 longe
2572 2648 2825 2714 odorans,
2862 2648 3060 2720 aiebat,
3105 2650 3292 2707 dicens
3321 2669 3337 2708 :
3363 2652 3503 2708 Ecce
3539 2654 3664 2709 odor
3696 2651 3779 2721 lilii

2209 2742 2310 2795 mei
2327 2743 2459 2796 sicut
2489 2742 2619 2797 odor
2638 2744 2752 2816 agri
2781 2742 2941 2813 pleni,
2973 2746 3058 2800 cui
3080 2745 3339 2804 benedixit
3364 2744 3624 2804 Dominus
3647 2744 3776 2819 (Gen.

2210 2852 2377 2900 xxvtt,
2432 2836 2527 2906 27)
2573 2854 2587 2890 :
2627 2836 2874 2909 quamvis
2924 2848 3119 2908 putent
3164 2855 3360 2909 parum
3417 2841 3777 2911 intelligentes,

2209 2930 2352 3000 quod
2384 2929 2596 3000 priores
2627 2929 2801 2986 sancti
2844 2936 3025 2988 minus
3061 2933 3131 2989 de
3163 2931 3396 2990 Christo
3443 2934 3783 2991 intellexerint

2210 3026 2525 3095 mysterium
2553 3023 2977 3092 incarnationis,
3004 3042 3127 3083 cum
3155 3037 3211 3084 et
3248 3029 3358 3099 ipsi
3392 3030 3584 3085 eadem
3612 3027 3780 3084 salvati

2208 3118 2316 3173 sint
2343 3118 2532 3189 gratia.

512 3229 571 3274 lli
602 3232 707 3273 una
735 3227 970 3286 persona
992 3212 1063 3265 Sil.
1088 3209 1231 3265 Deus
1257 3219 1313 3263 et
1344 3206 1511 3262 homo
1539 3204 1811 3260 CltriStus.
1841 3203 1919 3259 Ex
1966 3201 2101 3258 dua-
2130 3208 2176 3273 (ζ
2279 3209 2349 3265 Χ,
2385 3209 2538 3267 Unde
2566 3220 2780 3267 constat
2806 3219 3019 3282 tempus
3047 3228 3154 3268 ηοη
3182 3215 3583 3287 pmjmﬁcagse
3624 3228 3783 3270 sacra.

512 3313 613 3366 bus
646 3306 912 3378 siquidem
950 3304 1159 3360 naturis
1179 3303 1296 3357 sine
1319 3299 1643 3356 confusione
1677 3296 1932 3365 alterius,
1967 3312 2103 3350 non-

518 3402 621 3459 t.isi
651 3416 790 3456 unus
817 3397 1091 3454 invenitur
1114 3396 1275 3451 Iesus
1310 3392 1573 3447 Dominus
1603 3403 1834 3445 manens
1863 3387 2006 3443 Deus
2047 3389 2099 3442 in

510 3499 684 3553 forma
714 3493 834 3557 Dei,
867 3492 957 3562 qui
993 3490 1325 3557 semetipsum
1356 3484 1664 3546 exinanivit,
1708 3484 1931 3552 formam
1969 3483 2102 3535 serui

504 3589 780 3660 accipiens
824 3583 994 3657 (Phil.
1040 3600 1110 3647 tt,
1152 3581 1210 3652 7)
1252 3597 1265 3634 :
1299 3594 1524 3634 manens
1566 3592 1706 3632 unus
1749 3574 1999 3645 idemque
2047 3574 2101 3628 in

517 3689 685 3740 forma
719 3682 861 3737 servi
906 3692 1068 3750 quam
1112 3672 1393 3744 suscepit:
1425 3682 1569 3727 totus
1613 3670 1814 3739 quippe
1854 3668 2003 3722 Deus
2049 3668 2101 3721 in

506 3792 671 3833 carne
712 3771 950 3842 Virginis
999 3768 1067 3824 de
1112 3782 1217 3838 qua
1264 3775 1421 3821 natus
1470 3770 1576 3828 est,
1623 3770 1679 3816 et
1721 3768 1865 3815 totus
1914 3758 2096 3813 homo.

508 3870 644 3927 llinc
672 3879 887 3937 quoque
918 3860 1208 3931 Apostolus
1234 3876 1246 3911 :
1280 3856 1347 3911 ln
1372 3872 1477 3926 quo
1507 3852 1729 3916 habitat,
1762 3852 1956 3922 inquit,
1990 3867 2103 3906 om-

505 3964 584 4025 nis
613 3946 880 4030 plenitudo
904 3954 1193 4009 divinitatis
1222 3948 1577 4024 corporaliter
1597 3945 1737 4017 (Col.
1763 3962 1822 4013 II,
1845 3947 1925 4018 9).
1958 3946 2103 4015 Qua-

508 4065 755 4130 propter,
788 4069 822 4108 0
853 4051 1001 4116 ﬁlim,
1038 4058 1199 4103 estote
1238 4046 1525 4119 prudentes
1558 4045 1693 4099 sicut
1730 4049 2016 4116 serpentes,
2055 4049 2103 4095 et

504 4151 761 4221 simplices
792 4147 925 4200 sicut
956 4142 1205 4197 columba:
1251 4138 1468 4210 (Matth.
1501 4153 1531 4192 ι
1556 4182 1570 4205 ,
1607 4137 1698 4205 16)
1735 4154 1747 4190 :
1774 4144 1834 4191 ut
1875 4152 1941 4191 ex
1974 4149 2101 4206 pru-

509 4241 690 4299 dentia
723 4239 978 4312 perfectae
1006 4233 1411 4303 intelligentia},
1443 4230 1697 4284 annulum
1729 4227 1852 4284 ﬁdei
1883 4237 2097 4294 vestrm,

506 4347 560 4391 et
592 4334 956 4403 margaritam,
988 4343 1085 4399 pro
1112 4341 1215 4397 qua
1246 4323 1427 4379 omnia
1458 4319 1759 4393 reliquistis
1780 4361 1794 4385 ,
1835 4321 2098 4389 integram

507 4429 923 4496 invidlatamque
962 4422 1193 4478 servetis
1226 4438 1239 4472 :
1268 4435 1335 4475 ne
1364 4418 1545 4473 dotem
1577 4416 1737 4470 simul
1780 4424 1838 4471 et
1877 4413 2098 4469 arrltam

505 4524 739 4596 Spiritus
762 4519 931 4575 sancti
963 4515 1127 4590 (quod
1163 4513 1330 4583 absit)
1361 4509 1623 4582 perdatis.
1655 4508 1979 4578 Diligentius
2003 4508 2102 4562 ita-

2209 3312 2394 3358 mento
2424 3304 2560 3359 uniti
2592 3291 2829 3359 hominis
2857 3320 2920 3359 ac
2955 3305 3048 3360 Dei
3078 3323 3091 3359 :
3118 3306 3189 3361 ita
3221 3317 3279 3362 ut
3308 3306 3429 3378 jam
3461 3319 3608 3365 esset
3632 3307 3682 3364 in
3710 3306 3787 3362 illo

2206 3409 2305 3466 per
2332 3395 2598 3452 unitatem
2627 3410 2879 3468 persona:
2906 3397 2977 3451 ab
3006 3397 3163 3454 initio
3193 3400 3408 3467 saeculi,
3446 3402 3541 3474 qui
3574 3400 3785 3457 nondum

2204 3497 2321 3543 erat
2351 3499 2509 3544 natus
2537 3488 2606 3544 de
2642 3489 2809 3544 Maria
2841 3488 3067 3560 Virgine
3097 3509 3109 3544 :
3143 3492 3289 3563 quod
3332 3493 3526 3549 multis
3564 3494 3789 3564 Scriptu-

2204 3596 2386 3636 rarum
2407 3580 2717 3637 declaratur
2733 3579 2968 3637 indiciis.
2992 3581 3151 3639 Unde
3174 3583 3450 3641 Dominus
3470 3586 3538 3641 ad
3558 3585 3786 3642 dttdzeos:

2204 3674 2492 3746 Antequam
2536 3673 2799 3729 Abraham
2836 3675 3006 3744 ﬁeret,
3047 3676 3241 3746 inquit,
3291 3694 3397 3751 ego
3443 3695 3581 3735 sunt.
3604 3677 3791 3747 Quibus

2203 3769 2388 3841 utique
2414 3770 2600 3826 verbis
2630 3771 2869 3826 ostendit
2887 3787 2948 3827 se
2973 3773 3066 3844 qui
3100 3772 3459 3847 loquebatur,
3496 3777 3551 3831 in
3580 3791 3647 3832 eo
3668 3789 3792 3831 sem-

2204 3877 2304 3932 per
2325 3863 2495 3918 i‘uisse
2525 3866 2784 3937 mysterio
2814 3863 3058 3919 unitatis.
3087 3864 3258 3933 Quam
3286 3878 3348 3925 ut
3374 3866 3791 3933 commendaret,

2202 3956 2492 4025 Antequam
2516 3956 2778 4011 Abraham
2807 3958 2974 4027 ﬁeret,
3001 3959 3194 4030 inquit,
3216 3976 3315 4032 ego
3336 3978 3458 4016 sum
3485 3961 3671 4034 (Joan.
3691 3974 3789 4026 vnt,

2203 4048 2316 4119 58).
2346 4048 2503 4117 Nam,
2528 4049 2788 4105 Abraham
2826 4062 3100 4123 antequam
3121 4052 3291 4122 ﬁeret,
3331 4054 3695 4111 immanitatis
3724 4060 3793 4108 est

2202 4139 2462 4197 brevitas.
2500 4140 2611 4215 Ego
2633 4151 2805 4198 autem
2835 4160 2967 4208 sum,
3000 4145 3279 4200 a-ternitas
3312 4158 3537 4203 natura}
3562 4146 3789 4202 declara-

2203 4240 2292 4287 tur
2320 4249 2335 4287 :
2368 4233 2421 4287 in
2448 4248 2552 4303 qua
2586 4234 2839 4289 nimirum
2871 4236 3175 4291 atternitate
3192 4236 3307 4305 jam
3338 4252 3403 4296 se
3429 4239 3599 4297 fuisse
3618 4238 3704 4311 qui
3726 4237 3793 4291 lo-

2200 4325 2488 4395 quebatur,
2518 4340 2614 4396 per
2635 4338 3037 4383 sacramentum
3069 4344 3181 4384 sua:
3221 4330 3631 4389 incarnationis
3675 4329 3793 4386 insi-

2200 4428 2355 4473 nuat.
2383 4418 2539 4486 Quod
2576 4420 2856 4489 apostolus
2890 4419 3061 4476 ludas
3096 4422 3290 4479 volens
3324 4427 3583 4495 apertius
3618 4421 3795 4479 diluci-

2204 4511 2336 4566 dare
2367 4509 2580 4578 :Jesus,
2611 4512 2804 4583 inquit,
2833 4515 3086 4585 pupulum
3117 4532 3181 4571 ex
3201 4515 3454 4589 Egypto
3476 4519 3796 4572 soleamne-

505 4635 611 4691 que
633 4621 937 4689 procurate,
962 4612 1006 4666 si
1032 4607 1307 4683 quomodo
1327 4606 1641 4676 simplicitas
1663 4603 1955 4669 columbte,
1981 4617 2101 4671 qum
2129 4598 2180 4660 D
2205 4604 2379 4659 cunde
2406 4620 2515 4672 eos,
2551 4607 2641 4677 qui
2672 4623 2775 4661 non
2800 4608 3146 4675 crediderunt,
3191 4610 3437 4679 perdidit
3480 4611 3639 4684 (Jud.
3666 4626 3702 4675 t,
3723 4608 3792 4678 5).

507 4696 605 4779 luit
630 4713 681 4767 in
712 4708 893 4772 Maria,
929 4704 1095 4761 illmsa
1132 4700 1500 4770 inviolataque
1542 4698 1596 4752 in
1639 4696 1795 4752 vobis
1826 4694 2100 4750 custodia-

503 4819 614 4865 tur.
657 4805 733 4860 De
770 4820 873 4876 qua
915 4801 1172 4856 Salomon
1219 4798 1270 4851 in
1317 4794 1557 4850 Cauticis
1583 4792 1734 4863 quasi
1782 4790 1835 4844 in
1886 4788 2098 4843 laudem

502 4904 620 4970 ejus
649 4920 661 4953 :
700 4897 855 4961 Veni,
888 4893 1081 4965 inquit,
1115 4888 1362 4945 columba
1386 4903 1531 4952 mea,
1564 4882 1905 4939 immaculata
1938 4898 2051 4935 mea
2079 4897 2097 4935 :

503 4997 624 5052 Jum
648 4995 781 5050 enim
810 4991 973 5047 hiems
999 4988 1225 5052 transiit,
1250 4985 1410 5037 imber
1435 4982 1583 5048 abiit,
1611 4989 1657 5033 et
1685 4978 1893 5034 recessit
1915 4974 2094 5048 (Cant.

506 5105 566 5154 tt,
602 5086 711 5157 ll).
746 5086 821 5142 Ac
844 5081 1041 5149 deinde
1072 5080 1245 5145 inquit
1278 5095 1293 5131 :
1331 5075 1465 5129 Veni
1494 5075 1558 5127 de
1588 5071 1803 5138 Libano,
1839 5072 1979 5137 reni,
2005 5087 2093 5125 co-

506 5181 767 5247 ronaberis
799 5178 985 5252 (lbid.,
1018 5191 1092 5244 tv,
1141 5172 1195 5232 6.
1225 5169 1306 5241 8).
1349 5168 1465 5224 Non
1509 5166 1785 5222 immerito
1807 5164 1967 5233 igitur
1994 5180 2093 5220 ve-

507 5278 627 5334 nire
650 5274 718 5330 de
748 5272 952 5327 Libano
977 5271 1219 5341 jubetur,
1245 5264 1372 5332 quia
1401 5261 1636 5317 Libanus
1672 5257 1982 5314 candidatio
2016 5259 2096 5312 in-

509 5375 852 5442 terpretatur.
890 5366 1014 5420 Erat
1046 5364 1190 5418 enim
1231 5358 1519 5416 candidato
1550 5354 1735 5412 multis
1777 5354 2093 5410 meritorum

505 5462 838 5525 virtutibus,
900 5468 957 5515 et
1020 5457 1270 5512 dealbata
1334 5454 1459 5507 nive
1523 5450 1809 5506 candidior
1858 5448 2093 5520 Spiritus

506 5557 687 5616 Sancti
712 5552 1049 5616 muneribus,
1081 5547 1483 5616 simplicitatem
1512 5544 1784 5600 columba:
1826 5545 1879 5599 in
1912 5543 2090 5597 omui-

502 5652 603 5707 bus
634 5654 1034 5720 reprmsentans
1067 5659 1079 5694 :
1109 5640 1363 5712 quoniam
1392 5636 1653 5721 quidquid
1696 5637 1748 5692 in
1785 5651 1845 5691 ea
1880 5645 2088 5705 ge-tum

503 5751 608 5808 est,
639 5732 807 5799 totum
842 5737 1049 5809 put-itas
1076 5743 1132 5788 et
1165 5730 1487 5803 simplicitas
1519 5728 1704 5803 [illam
1744 5737 1876 5781 tacet
1917 5737 2088 5782 totum

503 5833 708 5909 puritas
738 5842 793 5889 et
835 5824 1201 5904 simplicitas],
1231 5832 1401 5883 totum
1431 5824 1634 5883 veritas
1673 5831 1728 5881 et
1751 5821 1925 5895 gratia
1966 5822 2088 5890 fuit,

2206 4701 2274 4757 Et
2302 4703 2429 4757 alibi
2458 4701 2658 4757 Paulus
2690 4720 2703 4756 :
2734 4701 2918 4775 Neque
2939 4713 3193 4759 tentemus
3214 4703 3519 4773 Christum,
3545 4708 3678 4761 sicut
3697 4704 3799 4776 qui-

2203 4795 2325 4849 dam
2355 4811 2530 4849 eorum
2563 4805 2884 4849 tetttaverunt
2914 4794 2958 4865 (l
2985 4795 3105 4850 Cor.
3132 4812 3190 4863 χ,
3218 4796 3277 4865 9)
3317 4816 3332 4851 :
3366 4815 3482 4855 non
3520 4798 3667 4873 quod
3698 4797 3795 4867 jam

2204 4896 2351 4943 esset
2376 4886 2537 4941 Jesus
2570 4899 2661 4940 aut
2686 4884 2939 4943 Christus
2978 4901 3136 4944 natus
3177 4905 3241 4945 ex
3280 4890 3509 4949 Maria:
3550 4892 3644 4947 sed
3688 4890 3796 4959 quia

2206 4981 2257 5032 in
2285 4979 2380 5035 illo
2408 4980 2564 5034 unico
2594 4979 2729 5035 Filio
2759 4981 2853 5037 Dei
2880 4982 2992 5050 jam
3023 4982 3205 5037 unitas
3231 4997 3498 5052 persona
3538 4999 3800 5040 commen-

2201 5072 2456 5137 dabatur,
2483 5087 2603 5142 quzr.
2626 5072 2836 5127 occulta
2865 5073 3054 5128 eratin
3083 5075 3375 5146 mysterio.
3412 5077 3575 5145 Quod
3604 5088 3656 5132 et
3684 5074 3797 5129 alibi

2199 5166 2477 5222 evidenter
2506 5164 2703 5219 Paulus
2735 5182 2747 5218 :
2776 5165 2876 5231 Qui
2896 5165 3049 5236 elegit
3070 5183 3181 5230 nos,
3214 5166 3425 5237 inquit,
3470 5178 3593 5223 ante
3634 5165 3800 5222 mundi

2197 5259 2611 5313 constitutionem
2636 5259 2688 5311 in
2712 5257 2822 5327 ipso
2848 5255 3007 5329 (Eph.
3037 5272 3078 5321 1,
3099 5260 3155 5328 4)
3187 5276 3198 5310 :
3222 5261 3358 5329 quia
3383 5261 3640 5332 profecto
3658 5257 3801 5330 quid-

2198 5352 2327 5422 quid
2363 5350 2499 5406 Deus
2531 5350 2662 5405 fecit
2688 5351 2756 5404 ab
2800 5349 2979 5415 initio,
3019 5349 3273 5405 Christus
3323 5350 3465 5408 fecit
3514 5362 3685 5409 totum
3716 5364 3799 5420 per

2202 5444 2465 5500 unitatem
2516 5444 2865 5499 sacramenti.
2896 5443 2963 5499 Et
3008 5442 3131 5499 ideo
3169 5444 3284 5513 jam
3350 5445 3526 5503 Jesus
3585 5455 3701 5503 erat
3752 5444 3797 5497 in

2198 5540 2332 5609 lilio,
2366 5538 2459 5609 qui
2505 5538 2759 5609 populum
2797 5536 3090 5611 educebat,
3128 5548 3182 5593 et
3214 5537 3487 5596 Christus
3532 5540 3586 5596 in
3625 5555 3690 5596 eo
3716 5537 3796 5609 ιιιιί

2198 5634 2507 5689 tentahatur
2540 5650 2552 5688 :
2585 5632 2842 5703 quoniam
2871 5647 3087 5702 semper
3114 5648 3210 5703 per
3238 5637 3592 5692 sacramenti
3628 5634 3797 5689 unita-

2196 5739 2303 5783 tetn
2331 5728 2382 5781 in
2407 5727 2518 5781 Deo
2540 5726 2707 5779 fuisse
2736 5740 2844 5779 non
2873 5724 3172 5780 dubitatur.
3202 5725 3433 5796 Alioqui
3460 5726 3571 5784 nisi
3591 5726 3661 5782 ita
3690 5737 3798 5779 cre-

2193 5819 2430 5890 dideris,
2481 5826 2572 5875 aut
2616 5817 2865 5876 Christus
2904 5816 3050 5878 Deus
3081 5834 3188 5876 nou
3235 5818 3361 5877 erit
3409 5821 3668 5889 omnino,
3714 5824 3803 5873 aut
