3916 6288
207 337 279 397 155
511 331 835 392 EPISTOLA
885 331 979 391 1X.
1029 331 1123 390 AD
1159 329 1446 392 PAULAM
1485 330 1575 394 ET
1614 329 2080 402 EUS'I‘OGHIUM,
2119 331 2210 392 DE
2251 331 2589 394 ASSUMPT.
2631 338 2692 394 Β.
2735 334 2999 396 MANE.
3287 335 3391 397 134

199 464 342 512 centra
369 453 653 522 preplietatn
693 450 838 506 Deus
879 465 1072 507 recens
1105 465 1225 504 csse
1269 448 1556 504 videbitur.
1587 448 1693 503 Sed
1726 453 1770 511 Α
1795 451 1966 508 immo
1983 450 2200 506 neforte
2220 452 2543 520 suspicetur,
2565 452 2670 509 sub
2685 454 2867 523 regula
2885 455 3044 510 trium
3067 452 3392 524 linguarum.

198 563 248 604 ne
283 545 448 601 talibus
494 545 786 614 quatiamur
839 544 1162 611 calumniis,
1220 543 1527 599 scrutanda:
1574 553 1702 598 sunt
1803 541 2036 611 Spiritus
2055 554 2272 600 sanctus
2295 545 2504 602 diverse
2525 547 2896 617 accipitur:in
2917 547 3394 618 Hebraoseilicet,

196 640 448 708 Scriptura,
471 637 727 708 inquibus
758 638 938 694 unitas
962 638 1023 694 in
1045 637 1265 694 Christo
1289 636 1704 694 commendatur
1799 646 1864 694 ut
1891 638 2025 706 dixi,
2053 638 2315 696 feminino
2343 655 2544 711 genere
2567 642 2760 712 legitur
2785 660 2796 694 :
2821 642 2882 698 .in
2912 644 3105 700 (ἐι-ιεεο
3128 659 3291 712 vero,
3325 659 3394 701 ne

197 747 406 804 personae,
436 733 673 802 quoniam
703 748 811 788 non
845 731 1162 802 praeiudicat
1187 743 1430 801 tempus,
1460 748 1528 788 ne
1565 747 1704 786 unus
1807 744 1968 786 sexus
2009 732 2065 786 in
2109 747 2177 788 eo
2199 733 2474 802 credatur,
2503 742 2706 807 πνεῦμα
2749 746 2946 791 neutro
2973 737 3252 794 invenitur
3285 755 3300 791 :
3335 746 3393 794 et

197 841 361 894 semper
385 824 593 879 dicatur.
623 825 763 880 Hinc
794 841 1010 895 quoque
1031 825 1224 882 beatus
1259 825 1448 880 Petrus
1479 824 1706 895 loquens
1809 824 1860 879 iu
1885 824 2078 880 Latino
2101 827 2461 882 masculinum
2489 843 2612 884 esse
2639 829 2974 885 deieci-nitur.
3003 830 3104 898 Qui
3136 831 3392 886 nimirum

197 917 243 974 de
271 917 490 985 patrihus.
531 916 606 972 ait
650 938 665 974 :
711 916 818 972 Per
857 918 1079 990 gratiam
1118 916 1329 971 Domini
1382 918 1544 972 nostri
1581 915 1708 972 Jesu
1809 916 2044 987 Spiritus
2077 930 2299 974 sanctus
2325 920 2466 976 bene
2495 935 2592 990 per
2619 920 2919 977 Rebeccam
2955 923 3275 994 intelligitur
3307 932 3400 980 :et

195 1009 338 1065 Christi
371 1011 608 1066 credimus
645 1012 841 1066 salvari
861 1052 876 1077 ,
906 1010 1338 1082 quemadmodum
1377 1022 1424 1066 et
1460 1011 1538 1066 illi
1567 1011 1704 1082 (Act.
1810 1009 1935 1066 ideo
1967 1020 2138 1068 totum
2168 1024 2250 1068 est
2282 1013 2332 1067 in
2382 1015 2639 1085 mysterio
2668 1015 2811 1085 quod
2841 1016 3063 1085 geritur,
3095 1027 3153 1072 ut
3184 1033 3279 1088 per
3307 1032 3402 1074 ve-

197 1103 373 1174 tr,ll).
406 1103 636 1174 Namque
682 1105 809 1162 illos
849 1105 1114 1164 Dominus
1157 1105 1307 1162 solus
1352 1105 1712 1161 ducebatzet
1810 1103 2188 1160 stimentorum
2205 1106 2559 1174 fragrantiam
2581 1107 2830 1164 Christus
2847 1109 3401 1181 annuntietur:quem

198 1209 272 1248 non
293 1205 386 1248 erat
412 1208 522 1249 cum
555 1195 636 1250 eis
667 1195 811 1251 Deus
841 1196 1089 1252 alienus:
1122 1195 1266 1251 unde
1295 1212 1397 1252 nec
1425 1196 1708 1254 nobiscum
1812 1208 1910 1247 nos
1941 1209 2133 1250 omnes
2161 1196 2487 1267 quicumque
2513 1196 2771 1265 baptizati
2799 1214 2989 1255 sumus
3009 1201 3307 1266 induimur,
3335 1202 3397 1257 in

196 1284 299 1340 Deus
321 1300 521 1342 recens:
552 1288 677 1354 quia
710 1303 847 1342 unus
895 1286 1148 1358 idemque
1189 1299 1271 1343 est
1307 1287 1400 1358 qui
1437 1297 1492 1342 et
1518 1302 1709 1342 eorum
1812 1301 1920 1355 quo
1952 1285 2226 1342 benedixit
2269 1303 2372 1344 nos
2418 1305 2524 1346 non
2556 1293 2974 1363 qualicumque,
3012 1293 3112 1350 sed
3144 1296 3283 1349 omni
3313 1296 3400 1367 (ut

199 1380 338 1436 ductor
356 1380 459 1449 luit,
492 1389 544 1436 et
573 1389 759 1438 noster
787 1398 884 1452 per
911 1383 1221 1452 passionem
1253 1387 1432 1437 carnis
1463 1397 1575 1437 suae
1601 1381 1709 1442 Re-
1813 1378 1889 1432 ait
1931 1378 2246 1450 Apostolus)
2273 1382 2641 1453 ,benedictiane
2687 1386 2952 1456 spirituali
3009 1389 3061 1441 in
3111 1389 3394 1446 ctelestilms

205 1474 412 1543 deruptor:
442 1491 580 1531 unus
613 1477 882 1546 siquidem
927 1492 1022 1532 sua
1056 1477 1110 1532 in
1144 1492 1331 1542 carne,
1369 1492 1508 1532 unus
1538 1477 1590 1531 in
1628 1491 1714 1534 sa-
1816 1470 1979 1543 (Eph.
2010 1488 2048 1540 t,
2073 1474 2148 1543 ὅ).
2173 1473 2327 1531 Unde
2354 1486 2408 1531 et
2436 1479 2659 1548 angelus
2682 1479 2862 1535 Maria:
2889 1481 3136 1552 loquens,
3167 1499 3198 1537 a
3238 1484 3401 1544 bene-

204 1580 426 1632 eramento,
451 1580 622 1640 atque
655 1587 793 1626 unus
823 1571 876 1626 itt
906 1571 1102 1639 spiritu
1131 1585 1269 1626 :nec
1291 1569 1526 1624 adtnittit
1551 1570 1713 1635 ratio,
1817 1566 2057 1624 dictione
2083 1584 2309 1625 exorsus
2337 1572 2413 1625 ait
2446 1591 2458 1624 :
2494 1571 2782 1628 Benedicta
2821 1585 2876 1628 tu
2914 1577 2969 1629 in
3001 1577 3324 1647 mulieribus,
3357 1589 3406 1633 et

201 1673 241 1715 ut
262 1662 362 1715 alius
397 1663 523 1716 titius
561 1662 812 1718 hominis
834 1707 848 1730 ,
881 1663 1020 1718 alius
1053 1662 1192 1718 illius
1224 1662 1319 1718 Dei
1360 1662 1712 1731 intelligatur.
1820 1659 2110 1715 benedictus
2139 1665 2338 1734 fructus
2355 1665 2550 1720 uentris
2579 1667 2654 1720 tui
2683 1665 2840 1736 (Luc.
2875 1684 2914 1734 ι,
2939 1668 3054 1739 28).
3085 1671 3250 1741 Cujus
3279 1687 3405 1742 pro-

195 1755 266 1824 Qui
296 1769 372 1810 nec
397 1764 636 1826 tempore
667 1756 1056 1826 praescribitur,
1085 1770 1184 1810 nec
1219 1755 1468 1824 passione
1499 1769 1718 1824 separa-
1821 1758 1963 1811 tecto
2011 1756 2062 1810 in
2109 1757 2301 1826 spiritu
2347 1758 2505 1830 longe
2553 1761 2776 1816 odorem
2815 1763 3039 1818 trahens
3069 1773 3222 1833 pater
3255 1764 3406 1822 Isaac

197 1859 257 1902 tur
279 1867 287 1898 :
313 1848 392 1904 sed
431 1859 568 1906 totus
625 1849 765 1904 Deus
812 1849 863 1904 in
913 1848 1211 1914 Christum,
1264 1856 1317 1902 et
1351 1847 1610 1902 Christus
1660 1846 1714 1900 in
1749 1856 1796 1916 Β
1821 1849 2176 1906 benedicebat
2197 1851 2391 1915 tilium,
2423 1852 2476 1907 in
2505 1869 2612 1922 quo
2631 1855 2869 1910 caelestis
2889 1856 3067 1912 omnis
3093 1856 3404 1914 benedictio

197 1939 314 1996 Deum
339 1943 528 2004 transit,
554 1953 620 1996 ut
648 1941 905 2012 quidquid
931 1941 1024 1996 Dei
1058 1940 1198 1994 titius
1227 1952 1332 2004 est,
1360 1938 1604 1994 Christus
1632 1939 1712 1994 di-
1822 1941 2025 1995 mundo
2054 1941 2310 1996 efﬂoruit.
2341 1942 2408 1997 Et
2445 1944 2583 1999 bene
2613 1946 2681 2000 ab
2715 1962 2783 2001 eo
2813 1949 3006 2017 plenus
3031 1964 3160 2020 ager
3185 1949 3406 2020 dicitur,

203 2049 322 2102 catur;
354 2046 400 2092 ιιι
439 2036 704 2107 quidquid
757 2037 808 2090 in
859 2051 1019 2090 carne
1076 2035 1325 2089 Christus
1375 2035 1617 2104 pertulit,
1665 2031 1716 2086 id
1821 2034 1943 2101 quia
1991 2033 2147 2103 plena
2177 2035 2348 2103 gratia
2383 2035 2648 2093 virtutum
2691 2040 2844 2109 virgo
2884 2039 3050 2095 Maria
3083 2043 3410 2112 pronuntia-

210 2129 304 2186 Deus
329 2132 596 2201 pertulisw
638 2139 784 2186 recte
829 2129 1084 2186 credatur
1112 2146 1124 2180 :
1157 2128 1355 2197 alioqui
1386 2129 1429 2180 si
1453 2127 1528 2182 .ad
1554 2127 1720 2181 ratio-
1825 2133 1911 2178 tur
1941 2144 1952 2178 :
1978 2127 2046 2181 de
2075 2125 2232 2195 cujus
2249 2139 2404 2182 utero
2423 2129 2773 2186 credentibus
2797 2134 3004 2190 t'ructus
3034 2133 3159 2188 vitre
3185 2135 3411 2190 etfuisit.

214 2237 290 2276 nem
307 2223 525 2293 respicias
554 2231 619 2277 et
639 2223 706 2277 ad
740 2235 932 2276 sensus
953 2221 1247 2284 humanos,
1279 2234 1614 2290 nequaquam
1645 2217 1719 2272 ita
1822 2217 1892 2272 Et
1921 2234 2014 2272 nos
2046 2216 2239 2288 (inquit
2272 2222 2625 2294 evangelista)
2658 2239 2832 2278 omnes
2867 2225 2930 2278 de
2955 2225 3278 2296 plenitudine
3301 2231 3414 2301 ejus

209 2313 385 2371 hactenus
407 2324 710 2386 potuerunt
737 2315 878 2371 inter
901 2329 961 2370 se
991 2317 1293 2371 conivenire
1329 2312 1503 2367 deitas
1536 2321 1590 2367 et
1621 2311 1720 2367 hu-
1823 2312 2113 2380 accepimus
2141 2309 2323 2382 (Joan.
2353 2328 2394 2379 t,
2425 2313 2539 2384 16),
2567 2316 2793 2384 gratiam
2819 2332 2916 2388 pro
2941 2319 3138 2388 gratia.
3163 2320 3413 2387 Quapro-

199 2421 304 2464 ltana
331 2410 550 2466 conditio
594 2427 608 2460 :
651 2419 1026 2462 convenerunt
1076 2418 1254 2460 tamen
1308 2406 1361 2459 in
1400 2405 1638 2472 Christo,
1670 2411 1724 2458 et
1827 2413 1948 2476 pter
1977 2406 2203 2462 obsecro
2243 2422 2416 2472 vos,o
2443 2408 2597 2476 tiliae,
2640 2410 2799 2465 talem
2845 2426 2908 2466 ac
2946 2419 3144 2468 tantam
3183 2413 3414 2482 gratiam

195 2520 288 2558 unus
308 2515 450 2560 estex
479 2504 757 2560 ambobus
785 2502 1124 2558 Emmanuel.
1161 2499 1315 2556 Unde
1344 2498 1476 2555 mihi
1512 2499 1724 2554 videtur
1827 2513 1898 2553 ne
1928 2499 1982 2553 in
2013 2513 2237 2553 vacuum
2273 2500 2565 2569 recipiatis,
2597 2519 2717 2572 qua:
2749 2511 2834 2558 est
2857 2503 2912 2558 in
2937 2503 3155 2560 Christo
3180 2505 3334 2573 Jesu,
3357 2506 3414 2562 in

194 2596 294 2665 quod
310 2599 636 2653 altitudinem
665 2598 799 2651 tanti
831 2594 1068 2666 mysterii
1099 2593 1393 2664 diligenter
1417 2593 1722 2662 intelligere
1829 2605 1936 2658 quo
1984 2600 2067 2646 est
2107 2592 2246 2647 Deus
2274 2602 2329 2646 et
2357 2591 2542 2657 homo,
2577 2593 2655 2648 sic
2685 2595 2865 2650 unitus
2895 2595 2947 2650 in
2984 2613 3086 2651 una
3118 2596 3417 2668 eademque

191 2700 227 2743 et
248 2689 392 2745 videre
415 2707 518 2746 non
551 2699 868 2760 potuerunt,
907 2689 1001 2758 qui
1049 2695 1142 2742 aut
1184 2686 1320 2741 duos
1369 2686 1511 2739 ﬁlios
1555 2691 1724 2749 certe,
1832 2698 2067 2752 persona
2093 2727 2107 2751 ,
2143 2693 2203 2738 ut
2233 2683 2442 2753 legatur
2469 2702 2628 2756 quam
2656 2701 2800 2757 sape
2825 2688 2878 2742 in
2904 2687 3199 2759 Scripturis
3227 2688 3423 2746 divinis

187 2785 382 2838 autaliud
409 2785 712 2852 Christum,
758 2798 920 2853 quam
965 2781 1057 2836 Dei
1109 2779 1276 2834 lilium
1324 2776 1725 2833 existimavere.
1834 2777 1998 2831 homo
2046 2777 2156 2832 Deo
2182 2787 2486 2834 coaeternus
2531 2789 2752 2849 prepter
2793 2782 3045 2837 unionem
3071 2784 3420 2838 substantiae:

186 2874 452 2947 Qttapropler
472 2893 578 2933 nec
607 2892 708 2934 nos
733 2878 1004 2931 hominem
1029 2889 1278 2931 seorsum
1300 2871 1557 2937 colimus,
1586 2869 1729 2941 quod
1836 2885 1900 2924 ac
1942 2869 2138 2924 deinde
2167 2869 2309 2926 Deus
2355 2870 2562 2927 homini
2609 2872 2862 2929 videatur
2904 2890 3241 2946 compassus,
3299 2893 3424 2932 eum

187 2968 405 3036 nefasest,
433 2985 531 3027 nec
556 2970 888 3035 adoramus;
924 2968 1020 3023 sed
1060 2967 1228 3024 Deum
1275 2967 1442 3037 magis
1484 2967 1733 3022 incarna-
1839 2977 1938 3017 nec
1986 2962 2208 3017 initialis
2246 2962 2318 3018 sit
2357 2963 2550 3029 homo,
2583 2979 2684 3020 nec
2727 2967 3006 3035 passibilis
3041 2967 3200 3033 Deus,
3241 2977 3423 3023 tamen

185 3070 285 3127 tum,
311 3065 388 3132 qui
419 3064 702 3133 prepriutn
736 3064 834 3120 sibi
870 3079 1068 3130 corpus
1095 3062 1394 3117 animatum
1422 3062 1616 3126 univit,
1661 3061 1733 3114 ita
1837 3056 1915 3109 sic
1941 3055 2122 3111 unitus
2150 3065 2230 3110 est
2274 3055 2415 3111 Deus
2441 3071 2543 3112 suo
2576 3058 2812 3128 corpori,
2847 3070 2904 3113 ut
2945 3059 3149 3115 nullam
3192 3061 3428 3131 patiatur

184 3164 224 3206 ut
244 3155 356 3211 Deus
380 3155 617 3213 Verbum
645 3172 776 3212 caro
810 3156 964 3212 ﬁeret
987 3171 1004 3212 :
1029 3163 1085 3211 et
1109 3170 1216 3212 non
1251 3157 1302 3210 in
1344 3156 1507 3210 alium
1543 3169 1735 3224 quem-
1841 3148 1958 3204 ticri
2003 3147 2147 3202 inter
2177 3149 2344 3203 Deum
2379 3160 2434 3204 et
2473 3148 2747 3206 hominem
2785 3150 3016 3208 humana
3061 3154 3313 3224 opinione
3348 3153 3432 3207 di-

185 3243 295 3313 libet,
318 3249 471 3304 sedin
495 3251 854 3319 semetipsum
882 3250 1102 3304 caderet
1131 3249 1328 3317 unitas,
1365 3252 1456 3319 qui
1501 3264 1637 3304 unus
1679 3246 1804 3309 etC
1836 3242 2128 3298 stantiam:
2177 3257 2246 3298 ne
2284 3243 2420 3298 torte
2460 3243 2638 3314 (quod
2677 3244 2845 3316 absit)
2889 3246 3026 3302 alius
3056 3246 3196 3302 [llius
3227 3248 3346 3314 Dei,
3379 3257 3434 3304 ct

183 3355 304 3396 verus
323 3342 405 3400 Dei
430 3344 574 3402 [ilius
605 3359 827 3414 semper
856 3353 993 3400 erat.
1023 3343 1226 3400 Idcirco
1250 3357 1356 3397 non
1383 3343 1545 3398 alium
1575 3357 1734 3411 quam
1843 3338 1981 3394 alius
2011 3339 2154 3394 titius
2186 3338 2418 3395 hominis
2444 3340 2696 3396 credatur
2726 3359 2740 3394 :
2771 3342 3066 3411 praesertim
3098 3343 3222 3413 quia
3249 3343 3434 3413 Scrip-

183 3433 405 3502 eumdem,
453 3437 748 3506 ipsumque
792 3435 887 3490 Dei
928 3436 1099 3490 tilium
1124 3445 1180 3490 et
1207 3434 1437 3490 colimus
1463 3442 1518 3490 et
1543 3434 1740 3490 adora-
1847 3442 1961 3487 tura
1994 3432 2176 3488 tliviua
2202 3435 2280 3487 sic
2307 3434 2581 3488 connectit
2607 3443 2662 3489 et
2689 3445 3048 3505 concorporat
3069 3435 3237 3490 Deum
3265 3446 3320 3490 et
3349 3435 3437 3490 ho-

181 3540 289 3581 atus.
307 3528 395 3595 Qui
428 3530 559 3586 nihil
599 3530 716 3599 ipse
742 3545 840 3598 pro
870 3540 1148 3598 assumpto
1175 3528 1394 3584 homine
1419 3537 1738 3595 estauctus,
1839 3524 2074 3594 .minem,
2109 3535 2290 3580 utnec
2327 3526 2379 3580 in
2409 3536 2653 3595 tempore
2689 3526 2962 3582 hominem
3001 3526 3288 3582 admodum
3319 3527 3442 3597 quis

183 3619 378 3692 nihilque
397 3624 543 3694 quod
580 3622 824 3680 Verbum
855 3639 984 3680 caro
1012 3621 1211 3680 factum
1247 3632 1353 3688 est,
1391 3625 1706 3680 imminutus
1729 3667 1742 3684 ,
1848 3633 1878 3672 a
1905 3617 2040 3684 Deo,
2067 3632 2176 3671 .nec
2207 3619 2256 3671 iu
2289 3617 2542 3688 passione
2571 3618 2740 3688 possit
2778 3619 2848 3673 ah
2880 3619 3100 3675 homine
3139 3619 3309 3676 Deum
3334 3620 3446 3675 dis-

183 3714 566 3774 teliuunutatus
613 3729 728 3773 est:
777 3729 831 3772 et
873 3718 994 3774 ideo
1042 3734 1181 3774 unus
1232 3719 1482 3790 idemque
1529 3735 1748 3789 semper
1849 3725 2097 3766 cernere-
2132 3709 2286 3765 Unde
2311 3713 2358 3766 si
2389 3711 2456 3766 ad
2484 3723 2696 3782 tempus
2726 3711 3022 3783 respicias,
3055 3713 3301 3770 invenies
3327 3714 3446 3782 qui-

184 3823 277 3864 cum
301 3810 400 3866 Deo
425 3814 594 3868 Patre
632 3811 670 3866 F
675 3812 799 3868 ilius
821 3811 1098 3878 adorator,
1132 3827 1240 3868 non
1274 3827 1468 3879 novus,
1508 3827 1615 3868 non
1662 3825 1751 3866 re-
1852 3806 1974 3860 dem
2007 3821 2106 3874 pro
2132 3814 2283 3860 certo
2306 3819 2522 3875 semper
2551 3807 2717 3861 lilium
2748 3805 2980 3862 hominis
3007 3821 3130 3862 cum
3179 3806 3295 3861 tilio
3327 3807 3444 3863 Dei.

183 3915 357 3959 caue:
388 3915 662 3975 tempore,
689 3919 796 3959 non
829 3903 1042 3959 alienus
1069 3920 1098 3958 a
1121 3913 1335 3967 natura,
1367 3904 1448 3958 vel
1478 3919 1697 3974 genere.
1855 3898 1912 3954 Si
1943 3897 2010 3954 ad
2037 3901 2365 3969 passionem,
2399 3899 2641 3954 invenies
2670 3914 2889 3970 semper
2913 3915 3036 3955 cum
3064 3899 3174 3954 tilio
3212 3901 3450 3958 hominis

244 3992 474 4063 XLQuod
492 3996 542 4054 si
566 3995 664 4052 tibi
681 4012 879 4054 novum
898 3995 1283 4066 videtur,quod
1298 4012 1394 4066 pro
1413 4007 1462 4050 te
1481 3995 1754 4051 hominem
1857 3990 2107 4046 eumdem
2142 3989 2235 4046 Dei
2267 3991 2434 4046 tilium
2463 3991 2534 4045 ita
2569 3992 2776 4047 unitum
2805 4002 2858 4046 et
2898 3992 3256 4058 individuum,
3279 4009 3452 4065 quan-

195 4093 434 4160 assumpsit
464 4106 480 4144 :
533 4090 757 4146 noveris
787 4089 942 4161 .quod
994 4089 1097 4144 hoc
1135 4104 1352 4160 semper
1379 4104 1500 4144 cum
1533 4104 1597 4144 eo
1618 4097 1676 4146 et
1700 4089 1754 4143 in
1861 4094 1971 4142 tum
1999 4083 2065 4137 ad
2094 4097 2280 4138 vocem
2300 4083 2594 4154 Scriptura:
2615 4088 2872 4154 pertinet,
2901 4094 2960 4140 ut
2983 4100 3082 4140 nec
3105 4085 3268 4142 homo
3295 4102 3455 4158 sepa-

193 4180 280 4247 ejtts
299 4185 517 4242 consilio
547 4185 651 4242 fuit
680 4196 736 4241 ut
759 4183 841 4240 sic
870 4186 1025 4240 tieret
1051 4201 1062 4235 :
1102 4193 1159 4239 et
1191 4198 1333 4238 nunc
1373 4181 1591 4252 quando
1639 4181 1754 4251 ple-
1861 4177 1970 4232 rari
2000 4193 2028 4232 a
2057 4176 2170 4233 Deo
2194 4185 2457 4248 tempore,
2488 4193 2588 4233 nec
2617 4178 2684 4233 ab
2707 4177 2930 4236 homine
2953 4178 3097 4236 Deus
3119 4179 3295 4237 valeat
3329 4197 3454 4253 pas-

191 4273 340 4332 nitudo
364 4278 631 4350 temporis
663 4278 833 4344 venit,
861 4277 911 4333 id
941 4277 1143 4334 factum
1172 4287 1255 4330 εει
1281 4277 1424 4341 «ιιιοιι
1458 4277 1508 4330 in
1537 4273 1737 4328 Clll'iSlt

491 4278 631 4335 toris
663 4278 833 4344 venit,
861 4277 911 4333 id
941 4277 1143 4334 factum
1172 4287 1255 4330 εει
1281 4277 1424 4341 «ιιιοιι
1458 4277 1508 4330 in
1537 4273 1758 4328 Christo
1860 4273 2037 4330 sione.

192 4381 366 4438 semper
395 4373 600 4430 factum
656 4371 774 4428 fuit.
822 4370 1044 4427 Talibus
1090 4369 1290 4440 quippe
1335 4369 1547 4440 priores
1588 4367 1760 4422 sancti
1939 4364 2052 4420 XII.
2082 4363 2358 4436 Siquidem
2396 4364 2475 4437 (ut
2505 4365 2622 4422 hrec
2648 4365 2887 4437 apertius
2921 4364 3264 4439 intelligetis)
3290 4367 3460 4438 ipsius

190 4461 412 4528 divinitus
441 4468 827 4524 efﬁciebantur
856 4465 1250 4530 odqramentis,
1286 4463 1480 4517 talibus
1522 4463 1760 4530 inspira-
1865 4459 2067 4515 Christi
2098 4460 2258 4515 verba
2285 4459 2535 4520 disc-utile
2555 4479 2582 4515 4:
2610 4460 2777 4516 Nemo
2802 4463 3053 4527 ascendit,
3071 4462 3262 4534 inquit,
3278 4464 3333 4517 in
3361 4478 3464 4518 cte-

193 4556 351 4614 hantur
375 4561 440 4615 de
464 4559 691 4616 Christo
727 4558 1030 4630 pra‘sagiis,
1077 4556 1222 4627 quod
1272 4557 1576 4611 nasciturus
1620 4562 1764 4609 esset
1869 4552 1999 4618 lum,
2035 4552 2133 4606 nisi
2164 4553 2251 4621 qui
2282 4552 2542 4607 descendit
2566 4554 2631 4607 de
2660 4551 2808 4620 calo,
2837 4553 2978 4622 ﬁlius
2999 4552 3224 4609 hominis
3251 4556 3340 4624 qui
3385 4563 3458 4608 est

195 4648 234 4704 in
255 4652 461 4716 mundo.
497 4654 551 4708 in
583 4669 691 4724 quo
719 4662 864 4708 esset
892 4651 1137 4708 omnium
1167 4649 1318 4704 salus
1357 4659 1412 4704 et
1455 4647 1762 4704 benedictio
1791 4650 1842 4710 Ι)
1868 4646 1920 4698 in
1951 4645 2075 4698 creto
2104 4642 2283 4714 (Joan.
2316 4660 2395 4707 ut,
2418 4645 2703 4714 t5)..Quis,
2733 4661 2938 4717 quaso,
2967 4649 3162 4720 estqui
3188 4649 3471 4719 loquitur?

196 4757 375 4804 atemae
406 4749 770 4805 hereditatis.
805 4749 924 4803 Ista:
957 4745 1222 4817 siquidem
1250 4744 1512 4798 sunttidei
1545 4749 1758 4796 vestes:
1867 4736 2116 4792 Christus
2145 4739 2348 4808 utique.
2379 4736 2504 4804 Ubi,
2523 4753 2674 4808 rogo,
2702 4748 2829 4795 tunc
2856 4749 2994 4806 erat,
3019 4742 3234 4812 quando
3257 4741 3373 4799 haec
3393 4742 3473 4796 lo-

197 4839 289 4896 ittte
325 4843 517 4912 quibus
543 4843 776 4911 .priores
823 4840 997 4896 sancti
1041 4837 1450 4894 vestiebantur:
1483 4835 1600 4890 istac
1632 4848 1764 4904 quas
1871 4828 2168 4898 quebatur?
2210 4829 2262 4884 In
2304 4841 2443 4886 terra
2472 4831 2701 4888 scilicet.
2747 4831 2812 4887 Et
2839 4834 3114 4902 quomodo
3144 4849 3206 4890 se
3241 4834 3308 4890 de
3333 4833 3472 4890 coelo

200 4928 431 4998 Rebecca,
461 4935 632 4989 immo
662 4933 896 5001 Spiritus
927 4939 1145 4985 sanctus
1168 4943 1352 4984 secum
1381 4926 1526 4981 domi
1557 4923 1767 4991 habuit,
1873 4935 2162 4995 antequam
2189 4935 2504 4980 nasceretur
2530 4924 2880 4982 descendisse
2910 4931 3175 4994 testatur?
3213 4928 3384 4983 Etiam
3415 4937 3471 4982 et

199 5026 358 5091 quibus
394 5026 580 5082 induit
622 5026 790 5080 Jaeoh
822 5025 987 5082 lilium
1017 5038 1195 5078 suum.
1221 5022 1370 5078 Alias
1402 5028 1580 5074 autem
1609 5018 1710 5074 nisi
1741 5034 1770 5071 a
1879 5032 2000 5071 cum
2029 5017 2288 5086 loquitur,
2315 5017 2368 5072 in
2389 5018 2531 5073 cmlo
2551 5032 2610 5072 se
2630 5033 2753 5075 esse
2779 5022 2997 5084 fatetur,
3028 5022 3392 5092 eamdemque
3415 5038 3474 5076 se

204 5115 372 5184 Spiritu
393 5131 588 5180 sancto
613 5129 842 5178 servata:
869 5118 1014 5174 domi
1047 5128 1103 5172 et
1133 5118 1354 5185 prolata:
1401 5123 1606 5179 essent,
1646 5112 1774 5183 quid
1884 5111 2048 5166 tilium
2088 5111 2322 5166 hominis
2350 5112 2511 5179 dicit;
2544 5128 2666 5168 cum
2693 5116 2880 5185 utique
2915 5114 2985 5169 de
3010 5115 3172 5179 caelo,
3201 5115 3304 5171 nisi
3338 5116 3480 5171 Deus

209 5215 300 5270 miri
316 5217 495 5272 odoris
518 5219 573 5272 in
595 5216 802 5273 eisdem
830 5224 983 5284 pater
1007 5213 1155 5270 Isaac
1177 5211 1439 5275 hauriret,
1461 5211 1530 5262 ita
1555 5207 1774 5263 utdire-
1877 5203 2205 5261 descendere
2248 5220 2354 5261 non
2395 5205 2633 5276 potuerit
2659 5225 2671 5259 :
2702 5215 2758 5262 et
2787 5222 2912 5262 cum
2938 5207 2992 5262 in
3027 5209 3188 5264 terris
3217 5208 3477 5280 loquitur,

209 5319 290 5373 ret,
315 5328 430 5366 cum
473 5309 857 5380 prmsensisset
897 5308 1350 5365 vestimentorum
1395 5303 1773 5374 fragrantiam:
1884 5298 2097 5354 nonnisi
2125 5314 2260 5358 unus
2284 5297 2531 5368 idemque
2557 5298 2804 5356 Christus
2835 5298 2952 5355 fuit.
2993 5300 3062 5356 Et
3090 5301 3207 5357 haec
3232 5309 3318 5356 est
3348 5300 3480 5356 mira

213 5397 320 5458 Em
338 5405 460 5459 odor
502 5405 601 5472 ﬁlii
622 5405 752 5470 mei,
775 5405 907 5456 sicut
933 5401 1061 5454 odor
1083 5399 1194 5472 agri
1217 5400 1376 5465 pleni,
1404 5397 1486 5452 cui
1526 5395 1782 5450 benedixit
1883 5404 1937 5448 et
1964 5393 2300 5450 admirabilis
2327 5395 2557 5458 novitas,
2595 5395 2762 5450 immo
2784 5395 3027 5452 omnium
3061 5396 3360 5453 novitatum
3393 5409 3477 5449 su-

215 5492 428 5552 Domiuus
455 5497 620 5562 (Gen.
652 5513 820 5560 xxvn.
851 5496 981 5566 27)?
1010 5495 1114 5551 Sed
1139 5494 1287 5550 torte
1312 5492 1558 5548 dicturus
1581 5501 1662 5546 est
1684 5491 1785 5545 ali-
1891 5489 2229 5558 peremiuens
2272 5489 2482 5542 novitas
2530 5487 2771 5542 unitatis.
2815 5487 2986 5555 Quam
3034 5489 3136 5544 nisi
3175 5489 3480 5556 diligenter,

217 5587 477 5657 quiszouid
496 5588 567 5642 ad
585 5589 881 5644 Rebeccam
896 5587 1133 5657 Spiritus
1153 5584 1786 5654 sanctuspertiuet,eum
1897 5579 2133 5650 prudens
2160 5581 2342 5650 virgo,
2369 5581 2439 5636 ab
2463 5579 2688 5635 exordio
2719 5583 2889 5638 sancti
2928 5580 3201 5649 Evangelii
3236 5578 3488 5635 animad-

219 5682 365 5736 Inltis
392 5686 440 5736 in
470 5682 604 5736 locis
636 5696 884 5753 persona:
914 5694 1010 5750 pro
1027 5678 1137 5734 Deo
1161 5679 1385 5746 tigurate
1423 5675 1793 5745 accipiantur?
1896 5683 2099 5737 vertas,
2134 5670 2304 5742 magis
2325 5687 2512 5728 errare
2535 5671 2588 5728 in
2616 5675 2764 5730 omni
2792 5673 3067 5742 Scriptura
3100 5670 3371 5726 videberis
3403 5670 3485 5726 di-

226 5767 574 5830 Verumtamen
597 5785 650 5830 et
668 5772 892 5845 spiritus
918 5773 968 5826 in
998 5771 1222 5828 Hebraeo
1253 5786 1357 5825 sua
1393 5781 1495 5828 mn
1536 5767 1796 5824 feminino
1900 5768 2066 5832 vina,
2120 5780 2280 5835 quam
2338 5766 2639 5838 intelligere
2688 5767 2992 5823 veritatem.
3051 5763 3276 5820 Constat
3330 5765 3492 5837 igitur

225 5877 391 5932 genere
416 5869 640 5936 dicitur,
689 5883 796 5926 non
836 5865 978 5938 quod
1018 5878 1182 5924 sexus
1203 5863 1256 5922 in
1284 5862 1396 5921 Deo
1428 5871 1791 5921 monstretur:
1901 5875 2067 5917 unum
2120 5857 2491 5931 eamdemque
2537 5857 2810 5917 Christum
2877 5856 3176 5917 secundum
3237 5869 3496 5934 utrasque
