3916 6288
520 303 628 361 155

1553 297 1612 355 8.
1655 295 2034 356 HIERONYMI
2073 291 2358 355 OPERUM
2394 293 2759 357 MANTISSA.
3649 302 3734 363 156

523 418 1043 492 formas'operatum,
1065 417 1624 474 humanitatisscilicet
1645 417 2112 496 acdivinitatis,ac
2142 419 2188 477 A
2217 418 2418 485 piatur,
2449 417 2756 472 adducitur.
2800 416 2890 473 Sic
2927 418 3106 485 itaque
3141 417 3320 472 omnia
3347 417 3581 474 virtutum
3601 436 3738 493 Opera

527 533 626 589 per
651 517 750 572 hoc
765 516 899 570 duas
915 515 1222 570 exercuisse
1245 515 1602 584 Operationes.
1619 513 1790 584 Opera
1801 521 1849 566 ta
1867 521 1948 567 est
1965 512 2107 566 enim

524 620 752 682 utraque
789 609 959 663 forma
990 606 1076 662 vel
1107 617 1297 662 natura
1323 621 1445 661 cum
1475 608 1701 661 alterius
1727 605 2110 662 communione

521 704 666 776 quod
715 704 993 774 proprium
1038 700 1220 756 habuit
1269 719 1280 754 :
1324 700 1504 756 Verbo
1545 700 1811 770 siquidem
1852 707 2112 770 operante

523 796 669 868 quod
710 795 874 850 Verbi
914 803 1032 861 est,
1079 804 1134 849 et
1176 808 1342 849 carne
1389 805 1720 862 exsequente
1765 809 1887 862 quae
1932 793 2113 848 carnis

522 898 717 944 erant:
759 887 1200 941 communieante
1237 886 1285 941 ei
1324 886 1590 956 siquidem
1622 886 1798 941 Verbo
1839 887 1890 941 in
1919 886 2112 941 eadem

523 979 857 1050 operatione,
892 979 1019 1033 dum
1056 989 1110 1032 et
1155 977 1296 1032 idem
1339 979 1481 1033 Deus
1521 989 1682 1048 atque
1724 978 1890 1032 homo
1927 978 1980 1032 in
2008 994 2112 1032 una

520 1071 824 1127 substantia
866 1071 951 1126 vel
986 1085 1243 1140 persona,
1273 1070 1394 1124 sine
1429 1069 1694 1125 divisione
1719 1080 1814 1124 aut
1851 1071 2114 1126 commix-

523 1165 670 1221 tione
695 1165 956 1227 ereditur,
992 1176 1046 1219 et
1073 1163 1403 1235 praecognita
1427 1178 1531 1218 una
1560 1165 1816 1218 identitas
1848 1163 2115 1234 przedica-

523 1270 629 1315 tur.
668 1258 1048 1314 Verumtamen
1097 1258 1241 1312 Deus
1291 1257 1526 1312 Verbum
1570 1266 1675 1322 est,
1717 1267 1772 1312 et
1815 1273 1920 1311 non
1963 1271 2112 1323 caro,

525 1366 849 1422 quamquam
893 1366 1110 1406 carnem
1155 1349 1546 1405 rationabiliter
1573 1351 1864 1404 animatam
1901 1365 2115 1405 assum-

525 1447 732 1516 pserit:
761 1444 1006 1515 hancque
1021 1445 1121 1500 sibi
1147 1443 1255 1516 [AL
1279 1455 1411 1500 taret
1434 1444 1561 1514 sibi]
1590 1446 1792 1501 unione
1812 1446 2040 1500 naturali
2063 1456 2117 1500 et.

523 1538 823 1594 secundum
848 1538 1206 1593 substantiam
1241 1539 1506 1593 conuivit.
1531 1538 1792 1593 Similiter
1810 1549 1862 1593 et
1883 1554 2012 1593 caro
2034 1548 2118 1594 est

527 1633 785 1697 animata,
817 1641 873 1685 et
903 1647 1010 1685 non
1044 1630 1281 1685 Verbum
1308 1648 1320 1683 :
1363 1631 1489 1685 licet
1509 1631 1671 1686 Verbi
1705 1631 1797 1686 Dei
1829 1645 1957 1686 caro
1986 1645 2118 1687 eou-

525 1735 708 1796 specta
733 1725 892 1779 sitae
919 1725 1056 1778 visa.
1089 1723 1242 1780 Unde
1265 1734 1320 1779 et
1345 1723 1612 1779 Joannes:
1642 1726 1793 1792 Quod
1819 1727 1918 1795 fuit
1939 1726 2118 1780 abiici-

2213 510 2606 564 eunsidcrauda
2636 519 2784 575 sunt,
2821 522 2874 565 ut
2905 510 3197 564 reddamus
3227 509 3338 564 Deo
3364 526 3476 579 quas
3507 513 3589 567 Dei
3618 525 3738 582 sunt,

2211 612 2269 658 et
2307 602 2512 657 homini
2546 617 2668 673 qua:
2724 611 2852 657 sunt
2900 601 3157 657 hominis.
3203 600 3460 669 Quoniam
3508 605 3630 659 sicut
3677 619 3742 661 est

2215 711 2352 752 unus
2393 697 2483 768 qui
2526 697 2784 751 Lazarum
2823 697 2989 752 verbo
3043 696 3300 765 potentiae.
3344 711 3451 751 suae
3493 708 3656 764 vocat,
3697 711 3746 756 ut

2215 801 2371 845 exeat
2407 791 2553 844 foras
2579 806 2608 843 a
2647 800 2998 845 monumento
3034 809 3045 843 :
3097 789 3175 844 sie
3216 789 3353 845 idem
3394 791 3504 861 ipse
3527 807 3649 846 unus
3681 801 3750 847 est

2215 885 2306 955 qui
2347 884 2496 939 flevit
2553 883 2903 938 humanitatis
2952 884 3171 938 afl‘ecm.
3227 883 3316 936 Sic
3355 883 3539 953 quippe
3582 893 3745 940 cuncta

2216 985 2431 1047 oportet
2457 977 2810 1035 Considerare
2835 994 2847 1030 :
2881 986 3146 1047 quatenus
3171 985 3226 1031 ct
3260 976 3414 1046 plena
3444 975 3675 1031 divinitas
3705 979 3748 1032 in

2217 1071 2437 1128 Christo
2469 1073 2807 1142 intelligatur
2839 1071 3044 1128 homini
3078 1071 3247 1139 unita,
3276 1081 3329 1126 et
3365 1071 3516 1141 plena
3546 1071 3752 1128 humani-

2219 1176 2299 1222 tas
2323 1168 2377 1221 in
2405 1167 2573 1222 Deum
2603 1177 2902 1235 assumpta.

2293 1259 2427 1314 Xlll.
2458 1260 2582 1315 Hzec
2605 1260 2807 1316 idcirco
2837 1261 3064 1315 dixerim
3095 1261 3354 1330 tantisper
3385 1258 3450 1314 de
3481 1257 3580 1314 fide
3603 1258 3757 1314 lucar-

2219 1355 2452 1411 nationis
2508 1353 2752 1419 Christi,
2795 1355 3166 1410 charissima:
3219 1355 3382 1423 quia,
3429 1354 3562 1423 quod
3609 1355 3758 1422 plures

2218 1447 2574 1502 Orientalium
2614 1449 2956 1502 circumeunt
2984 1448 3095 1501 suis
3134 1446 3358 1500 faecibus
3383 1444 3636 1507 obvoluti,
3666 1458 3759 1497 mo-

2221 1541 2335 1594 neri
2367 1540 2635 1595 debuistis
2657 1584 2670 1607 ,
2708 1555 2774 1594 ne
2811 1555 2912 1593 suo
2939 1538 3263 1593 obnuliilare
3291 1550 3388 1591 vos
3417 1536 3578 1590 velint
3603 1536 3762 1589 obscu-

2223 1634 2402 1690 ritatis
2433 1633 2686 1706 eloquio,
2721 1634 2803 1689 vel
2837 1634 3030 1687 Grzeco
3059 1633 3278 1686 turbine
3309 1630 3546 1685 Latinam
3568 1627 3764 1682 confun-

2221 1729 2352 1784 dere
2397 1730 2708 1799 puritatem.
2752 1730 2890 1785 Suut
2933 1730 3076 1784 enim
3108 1737 3164 1782 et
3205 1725 3500 1798 prudentes
3539 1724 3764 1794 virgines,

524 1818 619 1883 tio,
651 1817 857 1889 etquod
881 1819 1174 1870 audivimus
1199 1857 1214 1883 ,
1245 1818 1438 1888 inquit,
1461 1827 1510 1871 et
1539 1817 1758 1871 vidimus
1782 1827 1832 1872 et
1855 1820 2120 1890 perspexi-
2152 1811 2194 1872 Β
2223 1835 2349 1879 sunt
2395 1835 2450 1881 et
2497 1824 2679 1880 fatum,
2741 1823 2807 1880 Et.
2856 1824 2999 1891 ideo,
3045 1821 3444 1889 dilectissime,
3496 1818 3767 1880 imitamini,

525 1927 662 1975 mus,
695 1920 744 1964 et
801 1926 986 1964 manus
1034 1918 1226 1964 nostris
1274 1919 1628 1963 tractaverunt
1686 1911 1748 1964 de
1803 1910 1953 1963 verba
2003 1911 2118 1965 vita:

525 2003 744 2075 (lloau.
774 2019 813 2070 ι,
846 2005 899 2072 1)
923 2020 938 2058 :
961 2018 1082 2057 cum
1103 2002 1346 2072 profecto
1368 2017 1527 2057 nemo
1551 2002 1716 2056 Deutn
1733 2002 2118 2057 verumvidere

527 2106 620 2150 aut
655 2105 886 2150 tractare
927 2095 1102 2165 possit
1141 2094 1407 2158 manibus,
1454 2094 1558 2149 nisi
1590 2109 1686 2164 per
1715 2103 2116 2150 sacramentum

527 2190 630 2243 sibi
653 2189 790 2243 uniti
818 2188 1074 2243 hominis.
1100 2187 1231 2254 Qua:
1255 2187 1509 2242 nimirum
1532 2187 1704 2243 unitio
1725 2198 1830 2242 tam
1853 2188 1992 2242 mira
2011 2198 2116 2251 est,

536 2292 594 2335 ut
646 2281 880 2336 discerni
925 2290 1176 2351 nequeat.
1228 2281 1481 2351 Alioquin
1533 2282 1674 2350 quod
1719 2279 1820 2334 fuit
1857 2280 1925 2334 ab
1963 2281 2118 2335 initio

533 2373 791 2440 Verbum,
816 2374 1089 2444 quomodo
1114 2382 1263 2428 recte
1288 2372 1486 2428 dicitur
1509 2373 1612 2428 hoc
1629 2384 1801 2428 totum
1829 2387 1950 2428 esse
1974 2374 2118 2444 quod

529 2466 762 2536 apostoli
807 2466 1130 2531 audierant,
1183 2466 1325 2536 quod
1368 2463 1639 2535 viderant,
1696 2466 1837 2535 quod
1873 2466 2119 2521 manibus

531 2567 829 2615 traetarant
859 2576 873 2612 :
908 2559 1010 2613 nisi
1050 2559 1172 2629 quia
1205 2557 1458 2613 Christus
1504 2573 1642 2613 unus
1683 2558 1933 2629 idemque
1963 2561 2119 2614 erat?

529 2654 608 2707 Ac
654 2665 752 2722 per
792 2651 894 2706 hoc
923 2650 1066 2720 quod
1113 2649 1427 2716 audierant,
1471 2651 1614 2722 quod
1657 2651 1925 2718 viderant,
1973 2655 2117 2722 quod

528 2751 845 2812 tractarant,
894 2743 1128 2799 Verbum
1176 2745 1300 2797 vitze
1347 2754 1502 2800 erat:
1557 2753 1614 2801 et
1670 2745 1807 2799 nihil
1858 2746 2002 2800 aliud
2051 2762 2117 2800 ex

527 2836 736 2892 duabus
773 2836 980 2891 naturis
1009 2851 1169 2905 quam
1201 2852 1372 2891 unum
1409 2837 1561 2906 juxta
1593 2837 1999 2892 subsistentiam
2028 2839 2116 2894 vel

527 2943 840 3000 personam.
873 2928 1009 2984 Hinc
1040 2938 1124 2984 est
1148 2929 1290 2999 quod
1321 2945 1461 2983 unus
1491 2928 1744 2999 idemque
1774 2946 1999 2985 maueus
2032 2930 2119 2986 Fi-

530 3022 633 3076 lius
672 3020 1017 3090 unigenitus,
1069 3020 1493 3090 iudisseparatus
1524 3019 1576 3074 in
1605 3023 1881 3090 utriusque
1914 3023 2118 3076 naturis

531 3115 894 3187 cormpicitur,
923 3126 978 3171 et
1003 3132 1124 3186 quae
1152 3126 1278 3170 sunt
1304 3117 1586 3186 utriusque
1615 3115 1930 3171 substantiae
1959 3126 2115 3172 natu-

2221 1936 2379 1991 quain
2425 1921 2618 1975 amatis
2659 1920 2872 1974 beatam
2903 1927 2958 1972 et
2985 1919 3278 1988 gloriosam
3313 1914 3611 1986 Virginem,
3641 1912 3769 1982 cujus

2223 2015 2383 2069 hodie
2425 2012 2475 2068 in
2511 2013 2668 2068 terris
2709 2011 2842 2067 festa
2871 2011 3084 2067 colitis:
3112 2010 3180 2066 de
3217 2024 3325 2082 qua
3351 2008 3546 2063 dicitur
3579 2023 3592 2060 :
3624 2005 3769 2059 Maria

2220 2116 2390 2160 autem
2405 2104 2734 2160 conservabat
2749 2107 2924 2159 omnia
2942 2103 3092 2156 verba
3111 2103 3219 2157 haec
3243 2103 3391 2173 (quae
3411 2101 3479 2155 de
3490 2099 3692 2153 Christo
3710 2097 3772 2150 di-

2221 2197 2486 2252 cebantur
2503 2240 2516 2261 ,
2536 2197 2799 2266 scilicet),
2817 2201 3082 2268 conferens
3096 2196 3149 2248 in
3167 2194 3325 2249 corde
3341 2210 3436 2247 suo
3450 2191 3594 2265 (Luc.
3609 2207 3644 2245 ιι
3659 2236 3671 2257 ,
3684 2189 3774 2256 5i).

2219 2289 2478 2345 Conferte
2527 2306 2655 2358 ergo
2697 2299 2751 2344 et
2786 2304 2882 2343 vos
2928 2289 2982 2343 in
3024 2287 3282 2344 cordibus
3325 2286 3557 2348 vestris,
3604 2281 3776 2337 charis—

2222 2384 2408 2448 situm,
2440 2398 2560 2452 qua:
2590 2382 2656 2437 de
2689 2383 2807 2452 ipso
2835 2381 3138 2449 eodemque
3182 2379 3418 2434 Domino
3453 2375 3703 2432 catholice
3719 2373 3782 2426 di-

2222 2485 2416 2532 cuntur
2447 2496 2457 2528 :
2494 2486 2550 2532 ut
2592 2485 2647 2531 et
2693 2477 2852 2530 fidem
2887 2477 3153 2546 integram
3203 2489 3432 2530 servare
3467 2469 3710 2543 possitis,
3739 2477 3779 2520 et

2222 2581 2450 2624 matrem
2474 2569 2592 2640 ejus
2621 2569 2801 2625 debite
2831 2570 3102 2625 venerari.
3139 2569 3409 2635 Quoniam
3437 2566 3612 2620 nullus
3636 2563 3780 2618 honor

2222 2663 2339 2733 ejus
2383 2674 2463 2718 est
2512 2664 2682 2727 alius,
2737 2663 2838 2717 nisi
2881 2677 3002 2717 cum
3047 2663 3136 2716 ille
3176 2661 3303 2730 jure
3350 2661 3672 2718 honoratur,
3707 2652 3781 2724 qui

2223 2757 2372 2811 nasci
2397 2756 2650 2826 dignatus
2681 2765 2766 2813 est
2792 2773 2857 2812 ex
2883 2772 2964 2810 ca.
2991 2756 3263 2810 Caeterum
3295 2770 3432 2825 rogo
3459 2763 3782 2824 quazcumque

2221 2849 2352 2903 estis
2381 2847 2527 2912 filim,
2549 2863 2906 2919 qumcumque
2929 2857 3151 2914 matres,
3179 2847 3424 2916 cogitate
3454 2843 3720 2904 attentius,
3740 2849 3782 2893 ct

2222 2939 2544 3012 perpendite
2586 2940 2920 3010 diligentius,
2951 2940 3149 3010 quibus
3185 2939 3536 2994 afficiebatur
3571 2936 3713 2990 beata
3747 2940 3790 2984 et

2222 3033 2545 3087 intemerata
2590 3033 2742 3100 virgo
2785 3033 2945 3086 Maria
2987 3030 3272 3087 doloribus
3325 3039 3454 3099 post
3506 3027 3698 3083 Christi
3736 3022 3788 3078 ad

2221 3127 2390 3181 coelos
2422 3141 2733 3192 ascensum,
2753 3125 2985 3195 expletis
3007 3126 3263 3181 omnibus
3281 3140 3410 3195 quae
3437 3124 3507 3180 de
3528 3123 3641 3192 ipso
3661 3128 3792 3175 erant

529 3212 714 3266 raliter
740 3210 1075 3281 operabatur
1112 3211 1220 3282 [AL
1253 3210 1555 3280 OperatnrJ,
1587 3212 1880 3266 secundum
1910 3213 2111 3266 unicui-
2145 3200 2191 3262 (ἶ
2221 3219 2290 3274 ab
2321 3219 2526 3289 angelis
2560 3220 2874 3288 praedicata,
2909 3229 2962 3274 et
2985 3237 3012 3273 a
3036 3219 3322 3290 prophetis
3353 3217 3654 3273 multifario
3677 3213 3790 3269 mul-

527 3319 633 3375 que
678 3304 759 3358 vel
790 3305 1005 3359 insitam
1048 3302 1396 3358 essentialem
1429 3305 1785 3373 qualitatem,
1831 3305 1916 3359 vel
1959 3316 2116 3360 natu-

530 3397 698 3451 ralem
771 3397 1210 3467 pr0prietatem:
1271 3411 1393 3466 qua:
1461 3397 1517 3450 in
1588 3393 1833 3451 naturam
1890 3397 2114 3453 haberet

526 3487 1358 3559 siugularemetinconjuuctam,
1381 3503 1486 3543 non
1515 3499 1700 3560 ageret
1729 3489 1934 3560 utique.
1962 3491 2113 3545 Nunc

527 3596 705 3639 autem
735 3582 1054 3638 Emmanuel
1085 3582 1212 3637 dum
1245 3598 1384 3638 unus
1414 3592 1529 3650 est,
1561 3593 1615 3639 et
1645 3583 1696 3638 in
1725 3599 1792 3640 eo
1821 3586 1938 3654 ipso
1968 3596 2115 3640 utra-

525 3692 650 3748 que,
689 3677 741 3732 id
783 3686 886 3742 est,
937 3676 1082 3731 Deus
1109 3686 1166 3730 et
1200 3677 1383 3742 homo,
1416 3692 1538 3747 quae
1578 3677 1860 3748 utriusque
1907 3688 2113 3733 natnrm

522 3780 650 3824 sunt
676 3811 690 3835 ,
712 3772 982 3826 veraciter
1006 3770 1206 3840 gessit.
1243 3770 1538 3825 secundum
1576 3771 1718 3825 aliud
1748 3781 1802 3824 et
1823 3771 1968 3825 aliud
1993 3787 2112 3841 qua:

523 3876 673 3934 gesta
705 3875 830 3921 sunt
850 3882 1106 3934 operans.
1142 3866 1282 3936 Ergo
1313 3865 1612 3920 secundum
1635 3865 1779 3936 quod
1809 3867 1970 3931 Deus,
1999 3868 2111 3936 ipse

523 3959 664 4012 idem
697 3961 806 4030 egit
842 3976 966 4031 qua:
993 3959 1175 4015 divina
1204 3968 1327 4013 sunt
1356 3975 1372 4016 :
1410 3959 1706 4014 secundum
1738 3961 1880 4030 quod
1929 3960 2109 4024 homo,

525 4050 669 4108 idem
709 4055 825 4123 ipse
854 4070 974 4124 qua:
1004 4055 1234 4106 humana
1269 4062 1416 4118 sunt,
1449 4053 1688 4122 seipsum
1720 4053 1909 4108 volens
1930 4063 2112 4108 osten-

523 4152 654 4206 dere
679 4149 824 4220 quod
849 4148 992 4202 Deus
1015 4146 1158 4200 idem
1183 4145 1298 4214 ipse
1327 4156 1380 4199 et
1411 4145 1571 4200 homo
1595 4147 1686 4200 sit.
1722 4146 1786 4200 Et
1816 4145 1939 4201 ideo
1968 4147 2109 4201 idem

523 4246 636 4315 ipse
663 4254 768 4296 tam
797 4257 917 4312 qum
964 4240 1141 4294 divina
1188 4248 1315 4292 sunt
1361 4240 1488 4308 agit,
1525 4256 1686 4310 quam
1727 4255 1848 4311 qua:
1880 4242 2106 4296 humana

523 4336 815 4392 similiter:
855 4343 908 4389 et
949 4349 1058 4388 non
1105 4333 1246 4387 alius
1276 4332 1492 4403 quidem
1544 4333 1798 4388 miracula
1848 4348 2109 4403 operatus

521 4439 625 4494 est,
659 4427 796 4482 alius
844 4426 1170 4497 perpetravit
1221 4424 1478 4491 humana,
1515 4425 1903 4494 passionesque
1948 4428 2111 4481 susti-

524 4523 680 4578 nuit:
723 4521 816 4577 sed
862 4536 999 4576 unus
1041 4519 1293 4590 idemque
1337 4518 1591 4574 Christus
1638 4519 1783 4573 filius
1815 4519 1908 4575 Dei
1948 4531 2108 4592 atque

2220 3314 2396 3383 tisque
2427 3313 2602 3369 modis
2631 3316 2976 3385 przesignata,
3010 3315 3212 3368 divinis
3241 3314 3528 3369 declarata
3558 3308 3790 3370 oraculis.

2218 3407 2508 3462 virtutibus
2536 3407 2794 3475 exhibita,
2821 3419 2878 3462 et
2901 3423 3022 3477 quae
3053 3407 3415 3462 humanitatis
3444 3414 3573 3462 sunt
3601 3413 3790 3459 ostensa

2218 3501 2515 3571 praisagiis.
2535 3502 2754 3568 Quaeso,
2787 3503 2831 3556 si
2863 3517 2966 3572 qua
2998 3511 3124 3555 sunt
3147 3502 3198 3554 iu
3226 3501 3390 3556 vobis
3415 3501 3620 3556 viscera
3645 3499 3794 3570 pieta-

2216 3596 2306 3660 tis,
2341 3595 2681 3651 considerate
2709 3613 2819 3666 quo
2842 3597 3189 3652 cruciabatur
3220 3611 3443 3658 amore,
3476 3609 3690 3666 quoque
3712 3594 3793 3645 de-

2215 3688 2415 3743 siderio
2444 3690 2707 3744 :estuabat
2743 3689 2857 3743 hzec
2897 3689 3079 3759 virgo,
3123 3690 3250 3744 dum
3292 3690 3609 3745 revolverct
3638 3685 3794 3740 animo

2215 3795 2404 3839 cuneta
2437 3801 2558 3855 qua:
2584 3785 2862 3850 audierat,
2895 3801 3015 3855 quae
3043 3786 3274 3854 viderat,
3303 3799 3432 3857 qua!
3465 3790 3793 3855 cognoverat.

2215 3879 2353 3934 Puto
2389 3879 2530 3949 quod
2577 3878 2836 3950 quidquid
2879 3879 3059 3934 cordis
3106 3889 3228 3945 est.
3280 3879 3559 3950 quidquid
3600 3874 3795 3932 mentis.

2215 3974 2474 4043 quidquid
2506 3972 2718 4029 virtutis
2758 3975 3029 4040 humanm,
3063 3974 3108 4028 si
3151 3983 3327 4028 totum
3365 3973 3630 4028 adhibeas
3655 4013 3669 4035 ,
3709 3985 3797 4022 non

2214 4069 2450 4122 sufficiat
2474 4078 2528 4121 ut
2558 4069 2796 4138 cogitare
2825 4068 3028 4134 valcas,
3059 4078 3261 4139 quanto
3290 4067 3677 4123 indesinenter
3697 4078 3797 4119 cre-

2212 4164 2470 4216 mahatnr
2495 4159 2690 4215 ardore
2715 4157 2788 4229 pii
2818 4161 3020 4214 amoris
3045 4179 3058 4213 :
3088 4161 3313 4231 quantis
3343 4161 3703 4215 amovebatur
3731 4170 3802 4209 rc-

2214 4257 2354 4325 pleta
2393 4253 2594 4323 Spiritu
2644 4262 2832 4308 sancto
2879 4254 3181 4309 caelestium
3234 4263 3593 4311 secretorum
3634 4251 3803 4307 incita-

2213 4349 2409 4405 mentis
2434 4366 2446 4400 :
2471 4347 2592 4418 quia
2633 4348 2732 4401 etsi
2765 4347 3025 4417 diligebat
3059 4346 3349 4402 Christum
3379 4364 3448 4402 ex
3481 4357 3599 4402 toto
3627 4342 3797 4403 corde,

2211 4452 2266 4498 et
2307 4457 2372 4496 ex
2414 4449 2519 4494 tota
2552 4441 2752 4505 anima,
2799 4449 2852 4495 et
2892 4457 2956 4494 ex
3002 4449 3112 4494 tota
3151 4439 3390 4507 virtute,
3439 4441 3601 4496 novis
3643 4449 3803 4493 tamen

2212 4535 2452 4606 quotidie
2493 4535 2924 4589 inﬂammabatur
2959 4537 3245 4605 prmsentia
3290 4536 3502 4592 absens
3533 4531 3806 4590 desiderio-

523 4617 755 4671 hominis
801 4616 965 4682 ﬁlius,
993 4616 1085 4684 qui
1117 4614 1296 4668 divina
1343 4613 1509 4683 gessit
1543 4623 1595 4668 et
1630 4613 1860 4668 humana
1895 4631 1909 4667 :
1939 4616 2104 4685 siqni-

2215 4600 2326 4682 rnm
2358 4626 2636 4682 aﬂ'ectibus
2665 4646 2675 4679 :
2712 4637 2858 4680 tanto
2888 4600 3152 4697 siquidem
3187 4627 3432 4682 validius
3459 4671 3473 4695 ,
3517 4635 3713 4698 quanto
3738 4621 3804 4676 di-

524 4713 647 4766 dem
679 4707 1110 4779 inseparabiliter
1140 4715 1302 4777 atque
1343 4706 1576 4761 indivise
1606 4722 1924 4762 coiutnunes
1949 4707 2105 4762 Chri-

519 4817 634 4860 stus
668 4802 853 4857 habuit
873 4801 1138 4854 actiones.
1174 4798 1280 4854 Sed
1312 4799 1680 4870 intelligenda:
1709 4810 1832 4854 sunt
1861 4801 2102 4870 ipsorum

519 4910 745 4965 operum
777 4892 1102 4963 qualitates:
1151 4891 1734 4962 contemplandumque
1778 4908 1995 4960 semper
2036 4892 2102 4946 ad

517 5003 638 5058 qua:
681 4985 1010 5056 provehatur
1042 4984 1318 5038 humilitas
1357 4984 1558 5050 carnis,
1593 4995 1647 5039 et
1686 4985 1751 5038 ad
1783 5001 1904 5054 qua:
1949 4985 2098 5039 incli-

519 5089 675 5134 netur
706 5078 936 5133 altitudo
964 5076 1266 5131 divinitatis
1300 5093 1315 5132 :
1344 5076 1414 5129 ita
1449 5085 1505 5130 nt
1539 5093 1635 5147 per
1657 5092 1871 5131 omnem
1895 5088 2100 5132 textum

520 5172 691 5226 sancti
742 5170 1018 5241 Evangelii
1076 5169 1324 5224 videatur
1378 5170 1518 5224 nihil
1569 5185 1698 5225 caro
1751 5171 1870 5226 sine
1926 5171 2103 5228 Verbo

519 5283 700 5334 agere,
735 5283 909 5338 neque
944 5267 1176 5323 Verbum
1204 5269 1324 5322 sine
1355 5283 1520 5323 carne
1542 5269 1831 5339 quidquam
1859 5266 2096 5321 efﬁcere.

522 5359 674 5418 Unde
702 5360 846 5434 quod
884 5360 1121 5429 concipit
1148 5370 1203 5416 et
1245 5361 1386 5430 parit
1418 5360 1584 5431 Virgo
1607 5400 1620 5423 ,
1658 5360 1800 5414 sicut
1841 5374 1946 5413 non
1983 5359 2100 5413 sine

516 5452 755 5525 potentia
785 5449 948 5505 Verbi
977 5459 1083 5518 est,
1112 5452 1181 5505 ita
1209 5467 1315 5506 non
1350 5451 1469 5506 sine
1497 5451 1730 5506 veritate
1751 5451 1930 5506 carnis
1954 5451 2096 5520 quod

517 5547 780 5613 nascitur,
809 5544 951 5614 quod
984 5559 1286 5613 pannorum
1318 5544 1500 5598 fasciis
1525 5543 1667 5613 jacet
1697 5543 2012 5608 involutum,
2043 5551 2098 5596 et

519 5642 571 5696 in
620 5642 888 5712 praesepio
930 5638 1246 5695 reclinatur.
1294 5639 1465 5693 Porro
1510 5639 1654 5709 quod
1701 5639 1852 5693 stella
1893 5638 2028 5693 duce
2065 5653 2096 5691 a

519 5734 686 5804 Magis
713 5733 971 5789 adoratur
1006 5730 1188 5803 (Matt.
1216 5747 1273 5798 ιι,
1306 5733 1394 5802 ll)
1415 5773 1428 5797 ,
1460 5732 1601 5788 sicut
1626 5731 1842 5786 deitatis
1877 5739 1960 5786 est
1985 5749 1999 5785 :
2024 5733 2095 5789 ita

527 5835 579 5882 et
618 5825 993 5896 humanitatis,
1023 5840 1147 5883 cum
1179 5823 1230 5881 in
1275 5821 1564 5897 Egyptum
1598 5841 1692 5896 per
1719 5824 1894 5896 fugam
1921 5839 1986 5881 nc
2008 5841 2095 5882 ca-

2209 4721 2348 4775 vinis
2388 4721 2755 4775 illustrabatur
2789 4721 2929 4774 intus
2957 4721 3368 4776 visitationibus
3399 4740 3414 4776 :
3445 4736 3611 4792 quam
3655 4727 3803 4773 totam

2209 4814 2511 4882 repleverat
2537 4813 2771 4883 Spiritus
2793 4815 2962 4868 sancti
2991 4816 3160 4884 gratia
3192 4833 3202 4867 :
3232 4831 3406 4884 quam
3440 4824 3612 4871 totam
3641 4813 3806 4868 incan-

2208 4905 2399 4958 duerat
2429 4905 2640 4959 divinus
2666 4919 2856 4959 amor:
2901 4905 2971 4958 ita
3000 4913 3057 4958 ut
3088 4906 3138 4959 in
3172 4921 3234 4959 ea
3283 4906 3428 4961 nihil
3471 4915 3639 4972 esset,
3670 4918 3807 4957 Innu-

2208 4995 2376 5049 danus
2404 4995 2544 5065 quod
2577 4995 2806 5050 violaret
2852 4995 3106 5062 affectus,
3152 4997 3251 5051 sed
3304 4998 3480 5052 ardor
3509 4996 3802 5058 continuus,

2213 5098 2265 5144 et
2306 5089 2538 5143 ebrietas
2568 5089 2767 5158 perfusi
2801 5089 3021 5144 amoris.
3073 5087 3208 5143 Nam
3242 5099 3300 5144 et
3331 5089 3596 5145 Christus
3623 5089 3690 5142 ab
3719 5085 3806 5138 bo-

2213 5180 2442 5234 minibus
2484 5189 2567 5234 est
2630 5179 2909 5246 amandus,
2961 5195 3027 5235 ex
3073 5189 3186 5234 toto
3233 5183 3437 5248 corde,
3491 5192 3547 5236 et
3597 5194 3662 5235 ex
3709 5185 3803 5230 tota

2210 5273 2408 5338 anima,
2452 5279 2611 5341 atque
2655 5287 2725 5327 ex
2776 5281 2887 5326 tota
2928 5274 3124 5327 virtute
3154 5275 3544 5343 quaerendus:
3589 5271 3806 5326 maxime

2211 5376 2385 5419 tamen
2414 5365 2482 5417 ab
2507 5381 2570 5419 ea
2606 5365 2908 5433 ardentius,
2941 5366 3092 5435 cujus
3115 5377 3168 5421 et
3199 5365 3478 5424 Dominus
3507 5375 3648 5432 erat,
3677 5371 3729 5418 et
3753 5360 3805 5415 fi-

2210 5458 2330 5512 lius.
2367 5457 2634 5512 Fortassis
2671 5473 2801 5528 ergo
2833 5474 2942 5528 pra:
2987 5459 3154 5513 nimio
3190 5475 3424 5528 amore,
3455 5463 3509 5516 in
3561 5462 3682 5514 loco
3709 5470 3805 5528 quo

2205 5551 2448 5621 sepultus
2475 5551 2688 5614 dicitur,
2723 5553 2989 5606 interdum
3019 5553 3301 5607 habitasse
3329 5571 3458 5608 eam
3500 5553 3802 5609 credimus:

2205 5657 2466 5716 quatenus
2515 5645 2618 5715 piis
2664 5655 2980 5715 pasceretur
3018 5645 3266 5702 internus
3310 5663 3475 5704 amor
3516 5645 3801 5701 obtutibus.

2204 5739 2294 5794 Sic
2323 5755 2554 5810 namque
2585 5740 2734 5794 locus
2763 5739 2973 5795 medius
3002 5749 3085 5795 est
3127 5741 3254 5796 hinc
3293 5742 3429 5799 inde
3463 5743 3798 5799 constitutus.

2208 5840 2265 5889 ut
2314 5831 2462 5889 adire
2502 5841 2685 5904 posset
2715 5834 3049 5891 ascensionis
3079 5836 3193 5907 ejus
3236 5837 3497 5910 vestigia,
3541 5847 3594 5894 et
3637 5837 3800 5894 locum
