3916 6288
204 344 271 401 157
398 333 693 396 EPISTOLA
731 333 829 393 IX.
869 332 964 392 AD
1003 333 1284 394 PAULAM
1324 334 1410 394 ET
1452 332 1926 406 EUSTOCHIUM,
1970 334 2060 394 DE
2098 334 2583 397 ASSUMPTIONE
2622 338 2681 397 Β.
2726 336 2792 397 ν.
2835 334 3099 397 MANE.

3255 339 3361 398 138

189 464 403 534 sepultura:
425 475 478 516 ac
500 456 929 523 resurrectionis,
953 465 1010 513 et
1031 456 1213 513 omnia
1244 455 1297 512 in
1322 457 1514 528 quibus
1546 472 1666 528 pas-
1694 458 1742 516 A
1772 458 1914 527 quod
1939 473 2129 513 omnes
2154 461 2347 514 anime
2375 459 2640 533 martyrio
2668 458 2980 527 rubricam,
3006 474 3127 516 eam
3148 467 3369 515 :eternze

191 565 343 622 susest,
366 556 460 608 loca
486 550 706 607 invisere
739 566 884 606 :uon
914 549 1056 621 quod
1080 550 1191 619 jam
1220 551 1495 605 viventem
1524 566 1671 621 qna:-

187 660 285 706 reret
308 664 404 703 cum
438 645 647 700 mortuis
674 686 688 708 ,
721 644 817 699 sed
849 653 908 699 ut
953 642 1068 699 suis
1097 644 1471 698 consolaretur
1500 658 1669 712 iaspe-

187 745 320 801 uibus.
346 741 441 796 Hoc
471 740 660 810 quippe
712 738 873 793 habet
926 738 1219 808 impatiens
1253 752 1406 791 amor
1452 745 1509 790 ut
1550 751 1671 805 qua:

184 837 397 901 desident,
419 848 619 903 semper
650 833 896 887 invenire
935 847 994 885 se
1028 831 1237 887 credat.
1264 829 1478 900 Ignorat
1504 827 1671 898 siqui-

185 932 264 985 deni
301 926 545 996 judicium,
605 926 817 980 ratione
866 924 1147 979 multoties
1212 932 1395 986 caret,
1448 921 1669 976 modum

183 1024 323 1088 nescit,
352 1035 437 1075 nec
462 1018 603 1073 aliud
634 1019 874 1088 cogitare
912 1024 1090 1087 potest
1116 1032 1273 1086 quam
1301 1014 1444 1085 quod
1472 1014 1666 1085 diligit.

184 1119 396 1168 Amornon
423 1110 607 1181 accipit
634 1110 703 1165 de
730 1108 1165 1179 impossibilitate
1194 1108 1469 1176 solatium,
1498 1122 1669 1175 neque

182 1205 494 1262 exdifﬁcultate
532 1202 858 1259 remedium.
892 1203 1023 1270 Quae
1068 1202 1277 1257 scilicet
1326 1202 1483 1256 beata
1517 1199 1669 1270 virgo

182 1300 303 1363 Maria,
321 1298 533 1368 quamvis
572 1295 685 1365 jam
717 1297 771 1351 in
799 1295 996 1365 spiritu
1032 1304 1200 1363 esset,
1236 1304 1415 1348 tamen
1453 1292 1582 1348 dum
1614 1293 1668 1346 in

180 1408 289 1448 etme
308 1393 426 1458 vixit,
455 1390 767 1446 carnalibus
794 1389 1115 1444 movebatur
1142 1386 1420 1453 sensibus,
1463 1394 1516 1440 et
1545 1384 1668 1440 ideo

186 1502 292 1555 quam
318 1500 428 1555 sape
470 1485 712 1541 locorum
749 1482 1106 1539 recreabatur
1139 1479 1542 1535 visitationibus
1570 1496 1582 1533 :
1615 1488 1670 1533 et

182 1594 288 1647 quem
303 1588 538 1649 genuerat,
588 1576 789 1633 mentis
819 1574 1285 1645 complectebatur
1308 1572 1665 1643 amplexibus.

181 1669 342 1741 Denique
356 1686 487 1725 amor
514 1670 748 1735 Christi,
774 1670 1109 1725 desiderium
1141 1668 1421 1739 pariebat!
1455 1667 1667 1723 deside-

177 1762 267 1817 rium
286 1779 383 1818 vero
410 1764 644 1834 gliscens
663 1804 679 1827 ,
708 1764 863 1835 quasi
894 1764 1049 1819 novis
1077 1764 1431 1833 reparabatur
1455 1760 1669 1816 ardori-

1774 551 2087 607 dilectionis
2115 553 2543 622 complectuntur
2565 551 2930 623 amplexibus:
2956 562 3013 607 et
3037 551 3367 623 virginitatis

1774 644 2065 713 splendore
2096 644 2423 711 candidatm,
2456 661 2518 700 ac
2566 648 2610 700 si
2643 646 2752 699 lilia
2784 646 2837 700 in
2868 645 3012 699 valle
3046 644 3368 700 humilitatis

1773 741 2049 805 enutritae,
2079 740 2423 795 circumdant
2454 756 2595 807 eam,
2620 740 2987 795 venerationis
3010 741 3182 809 gratia
3210 741 3368 795 obse-

1773 842 2023 903 quentes.
2055 832 2223 887 Recte
2246 833 2439 903 igitur:
2465 832 2719 903 qnoniam
2744 832 2903 887 beata
2926 832 3020 887 Dei
3050 832 3288 901 genitrix
3312 841 3367 886 et

1776 934 1999 995 martyr,
2026 934 2081 980 et
2109 927 2261 995 virgo
2291 926 2413 990 fuit,
2437 929 2687 996 quamvis
2717 925 2767 977 in
2792 940 2925 994 pace
2946 925 3110 979 vitam
3137 924 3363 979 ﬁnierit.

1774 1017 1912 1073 Hinc
1956 1033 2170 1089 quoque
2200 1018 2343 1085 quod
2375 1032 2502 1072 vere
2540 1032 2695 1085 passa
2742 1017 2833 1081 sit,
2876 1025 3107 1072 testatur
3136 1016 3362 1073 Simeon

1772 1112 2060 1182 prepheta,
2097 1113 2324 1182 loquens
2355 1113 2419 1166 ad
2449 1127 2609 1167 eam:
2653 1111 2721 1166 Et
2762 1121 2923 1175 tuam,
2970 1112 3163 1181 inquit,
3202 1112 3368 1184 ipsius

1774 1206 2004 1258 animam
2046 1205 2379 1275 pertransibit
2422 1204 2634 1276 gladius
2666 1203 2820 1276 (Luc.
2875 1219 2936 1271 ιι,
2981 1203 3099 1274 55).
3131 1204 3211 1259 Ex
3257 1220 3365 1272 quo

1772 1306 1985 1354 constat
2031 1298 2173 1367 quod
2209 1313 2377 1368 supra
2418 1308 2714 1367 martyrem
2759 1296 2945 1351 fuerit.
2977 1296 3084 1351 Alii
3132 1312 3368 1367 namque

1772 1392 1969 1455 sancti,
2000 1392 2103 1447 etsi
2151 1394 2295 1461 passi
2340 1402 2464 1446 sunt
2495 1406 2594 1460 pro
2619 1390 2842 1446 Christo
2879 1390 2930 1443 in
2960 1404 3145 1455 carne,
3184 1399 3365 1445 tamen

1772 1483 1828 1537 in
1858 1484 2061 1553 anima,
2096 1485 2219 1554 quia
2251 1483 2579 1539 immortalis
2615 1491 2725 1548 est,
2757 1483 2863 1551 pati
2898 1497 3004 1537 non
3048 1493 3361 1553 potuerunt.

1774 1574 1937 1630 Beata
1964 1591 2095 1632 vero
2126 1575 2221 1631 Dei
2258 1578 2515 1647 genitrix,
2549 1578 2672 1645 quia
2719 1577 2772 1630 in
2804 1591 2865 1631 ea
2898 1589 3052 1646 parte
3080 1590 3237 1646 passa
3261 1586 3366 1639 est,

1773 1686 1892 1740 qua:
1937 1670 2289 1740 impassibilis
2334 1670 2583 1735 habetur,
2614 1669 2757 1734 ideo,
2789 1679 2848 1723 ut
2895 1670 2967 1723 ita
3000 1668 3192 1734 fatear,
3227 1670 3353 1737 quia

1773 1762 2130 1831 spiritualiter
2160 1770 2217 1818 et
2256 1778 2385 1818 caro
2414 1762 2533 1831 ejus
2564 1777 2719 1832 passa
2763 1771 2848 1816 est
2874 1761 3057 1832 gladio
3104 1760 3372 1829 passionis

176 1856 482 1919 habitantum
512 1867 573 1912 ut
600 1858 824 1913 credam
858 1871 1289 1926 nonnumquam,
1313 1855 1457 1925 quod
1484 1854 1667 1909 omnia
1698 1852 1747 1913 B
1773 1853 1997 1919 Christi,
2029 1856 2152 1925 plus
2178 1872 2341 1926 quam
2383 1868 2592 1925 martyr
2625 1855 2745 1910 fuit.
2788 1854 2945 1909 Unde
2977 1864 3209 1921 constat,
3242 1857 3371 1924 quia

177 1949 280 2003 etiam
305 1960 347 2004 et
380 1950 725 2019 semetipsam
775 1950 1229 2005 transcenderet:
1270 1948 1395 2018 quia
1440 1948 1668 2003 omnino

179 2054 275 2093 tuor
292 2041 560 2111 impatiens,
595 2042 736 2111 quod
771 2052 935 2106 amat,
965 2058 1072 2096 non
1104 2050 1288 2112 potest
1316 2056 1422 2095 non
1455 2042 1665 2095 videre.

186 2131 345 2198 “iacet,
364 2135 716 2202 charissima,
748 2136 891 2206 quod
916 2149 1105 2191 omnes
1132 2134 1307 2189 sancti
1336 2132 1515 2189 omnia
1547 2148 1670 2202 qua:

187 2240 407 2298 meruerant,
452 2246 548 2300 pro
594 2231 776 2301 parvis
804 2229 1030 2295 duxere,
1085 2228 1131 2283 si
1180 2228 1468 2283 Dominum
1506 2242 1669 2298 quem

182 2330 423 2385 intraverant,
481 2336 597 2377 non
654 2321 952 2378 viderent:
1005 2322 1167 2376 sicuti
1219 2331 1275 2376 et
1335 2320 1671 2375 venerabilis

174 2410 269 2464 beata
296 2415 420 2485 virgo
444 2415 644 2483 Maria,
694 2432 801 2471 non
835 2416 1113 2488 indignum
1163 2432 1265 2485 pro
1289 2414 1590 2471 innumeris
1620 2423 1673 2470 et

169 2499 363 2558 immensis
400 2504 685 2561 beneﬁciis
734 2506 995 2562 reddebat
1034 2506 1307 2562 interdum
1352 2507 1668 2577 obsequium

162 2596 409 2664 sanctitatis,
439 2598 569 2653 dum
610 2598 996 2654 beneﬁciorum
1046 2600 1100 2654 in
1146 2600 1311 2655 terris
1356 2601 1530 2669 posita
1563 2613 1671 2653 non

160 2696 308 2753 poterat
340 2690 509 2746 videre
542 2692 868 2762 largitorem
896 2712 908 2745 :
956 2702 1010 2749 et
1046 2692 1169 2748 ideo
1199 2691 1383 2758 hodie,
1431 2692 1672 2747 dilectis-

154 2779 280 2847 sime,
306 2782 530 2840 elevatur
558 2800 731 2854 super
763 2786 960 2841 choros
1005 2786 1319 2857 angelorum
1350 2830 1364 2851 ,
1411 2794 1471 2841 ut
1500 2787 1671 2854 possit

154 2873 325 2939 speciem
347 2876 661 2949 vultumque
700 2878 887 2933 videre
918 2878 1236 2941 Salvatoris,
1266 2862 1424 2947 quem
1450 2892 1669 2934 amave-

150 2975 218 3027 rat,
243 2984 375 3036 quem
402 2974 659 3042 cupierat
684 2988 751 3027 ex
784 2981 896 3028 toto
918 2972 1188 3029 desiderio
1220 2974 1418 3029 cordis.

194 3054 298 3112 XIV.
332 3060 474 3129 Quod
495 3065 544 3119 si
567 3064 826 3135 gaudium
857 3064 916 3119 ﬁt.
947 3067 999 3119 in
1023 3066 1164 3121 caelo
1186 3066 1255 3121 de
1276 3066 1521 3137 quolibet
1544 3082 1671 3137 pec-

142 3158 277 3206 catore
310 3169 597 3224 converso,
631 3157 802 3212 multo
832 3158 1003 3228 magis
1028 3160 1325 3229 putandum
1367 3174 1465 3229 pro
1506 3169 1670 3215 tanta:

1773 1950 1897 2020 plus
1931 1950 2186 2005 omnibus
2216 1950 2424 2011 dilexit,
2470 1961 2757 2021 propterea
2802 1959 2859 2005 et
2903 1949 3028 2020 plus
3052 1950 3246 2015 doluit,
3280 1951 3369 2004 in-

1774 2049 1981 2093 tantum
2015 2050 2072 2094 ut
2098 2042 2335 2095 animam
2362 2041 2479 2109 ejus
2511 2050 2678 2095 totam
2722 2042 3083 2110 pertransiret
3102 2052 3157 2096 et
3183 2040 3363 2111 possi-

1774 2132 2022 2187 deretvis
2045 2133 2274 2201 doloris,
2302 2135 2368 2188 ad
2392 2134 2763 2190 testimonium
2782 2135 3000 2189 eximia-
3023 2135 3360 2191 dilectionis.

1773 2225 1906 2293 Qua:
1945 2227 2070 2296 quia
2099 2236 2281 2282 mente
2308 2242 2467 2296 passa
2510 2236 2612 2289 est.
2661 2230 2781 2297 plus
2810 2243 2971 2298 qnam
3004 2238 3211 2299 martyr
3240 2230 3367 2286 fuit.

1773 2315 2039 2373 Nimirum
2071 2319 2216 2389 quod
2262 2320 2379 2390 ejus
2424 2320 2646 2376 dilectio
2697 2321 2929 2392 amplius
2976 2320 3157 2389 fortis,
3206 2339 3370 2390 quant

1774 2425 1925 2465 mors
1971 2411 2093 2475 fuit,
2135 2411 2259 2481 quia
2304 2422 2535 2467 mortem
2566 2412 2767 2468 Christi
2815 2429 2966 2468 suam
3012 2412 3162 2469 fecit.
3214 2415 3371 2470 Nunc

1774 2517 1955 2563 autem
1985 2507 2325 2562 circumdant
2351 2524 2469 2562 eam
2495 2508 2659 2564 ﬂores
2687 2522 2956 2576 rosarum,
3001 2509 3375 2565 indesinenter

1773 2599 1894 2669 ejus
1921 2600 2258 2656 admirantes
2303 2601 2761 2671 pulchritudinem
2810 2602 2953 2659 inter
2991 2604 3127 2659 ﬁlias
3151 2603 3373 2659 Jerusa-

1774 2694 1880 2747 lem
1914 2692 2093 2764 (Cant.
2126 2712 2177 2759 v,
2212 2694 2310 2765 7):
2346 2696 2401 2749 in
2433 2711 2537 2764 qua
2569 2696 2750 2764 posuit
2775 2711 2871 2751 rex
2906 2697 3161 2751 thronum
3190 2712 3370 2763 suum,

1774 2787 1900 2857 quia
1929 2788 2242 2856 concupivit
2268 2787 2384 2857 ejus
2414 2790 2650 2856 Speciem
2681 2804 2745 2843 ac
2774 2789 3029 2845 decorem
3062 2807 3075 2842 :
3107 2790 3203 2844 fuit
3222 2794 3371 2845 enim

1774 2879 1934 2948 plena
1984 2880 2254 2936 eharitate
2280 2891 2333 2935 et
2364 2882 2659 2936 dilectione
2685 2899 2699 2936 :
2737 2882 2942 2937 idcirco
2972 2884 3222 2953 sequitur
3253 2894 3374 2954 post

1773 2985 1892 3025 eam
1924 2981 2343 3040 purpuratorum
2369 2973 2665 3039 exercitus,
2699 2982 2755 3027 et
2773 2972 3189 3029 candidatorum
3212 2990 3369 3045 grex.

1846 3062 1966 3117 XV.
2009 3062 2179 3131 Quam
2205 3064 2570 3134 sidiligentius
2591 3065 2845 3133 aspicias,
2869 3064 3004 3120 nihil
3020 3069 3241 3122 virtutis
3263 3078 3368 3133 est,

1775 3153 1912 3209 nihil
1936 3154 2327 3224 speciositatis,
2356 3155 2489 3210 nihil
2515 3156 2763 3211 candoris
2789 3157 3110 3228 glorimque,
3132 3160 3277 3228 quod
3302 3175 3371 3215 ex

144 3238 321 3313 Virginis
343 3250 675 3305 exalmlionc
696 3262 746 3306 ει
778 3252 972 3321 gloria,
1004 3254 1148 3322 quod
1181 3253 1472 3308 exsultatio
1498 3254 1590 3307 ίίειι
1612 3253 1666 3308 in
1694 3236 1741 3301 C
1772 3261 1838 3301 ea
1872 3262 1982 3301 non
2025 3247 2387 3317 resplendeat.
2430 3248 2496 3301 Et
2546 3248 2670 3303 ideo
2712 3249 2848 3303 bene
2886 3250 3224 3305 circumdant
3252 3267 3372 3306 eam

137 3339 361 3403 supernis:
404 3344 561 3412 cujus
597 3342 851 3398 nimirum
884 3344 1170 3409 festivitas,
1208 3346 1449 3401 omnium
1477 3361 1671 3414 super-

140 3441 279 3483 norum
311 3432 501 3490 civium
547 3446 639 3493 est
684 3437 973 3506 gratulatio
1004 3452 1019 3491 :
1066 3440 1365 3507 praesertim
1396 3437 1517 3508 quia
1551 3438 1670 3508 ejus

134 3519 358 3580 celebritas
386 3527 503 3584 laus
551 3538 615 3585 et
654 3528 809 3584 favor
835 3539 920 3585 est
950 3530 1274 3587 Salvatoris.
1310 3531 1463 3586 Unde
1495 3530 1671 3586 credi-

136 3624 236 3677 Ilus,
270 3628 318 3670 ut
352 3634 511 3689 supra
554 3622 764 3677 dictum
797 3633 900 3687 est,
936 3624 1081 3694 quod
1122 3642 1227 3679 non
1277 3625 1420 3680 hunc
1460 3634 1668 3679 tantum

132 3701 233 3761 diem
270 3711 563 3772 solemnem
606 3717 812 3772 ducunt
850 3733 952 3788 pro
981 3719 1101 3789 ejus
1153 3719 1359 3775 honore
1402 3735 1669 3782 annuum,

133 3810 272 3857 terum
298 3807 452 3864 etiam
482 3811 818 3866 continuum
852 3822 909 3867 et
943 3821 1207 3867 aeternum
1234 3812 1588 3882 jncunditatis
1615 3820 1669 3866 et

129 3886 277 3949 latitia:
310 3914 369 3953 ac
398 3903 779 3959 venerationis
807 3904 1095 3975 obsequio,
1134 3920 1253 3960 cum
1287 3906 1434 3959 omni
1476 3906 1671 3959 colunt

133 3986 309 4054 ltipttdio
332 4001 538 4053 amoris
569 4009 627 4053 et
646 3999 851 4069 gaudii.
883 3998 1286 4055 Necimmerito
1306 4001 1469 4070 igitur
1489 4001 1668 4054 omnis

130 4074 196 4131 illa
220 4085 425 4144 celestis
451 4091 656 4146 civitas
694 4093 1104 4162 congratulatur
1145 4101 1202 4148 et
1231 4104 1519 4147 veneratur
1552 4108 1668 4148 ma-

129 4178 263 4231 υεωε
303 4183 454 4251 cujus
501 4198 675 4255 super
718 4202 780 4241 se
826 4186 1020 4241 adorat
1067 4186 1237 4240 ﬁlium
1278 4201 1505 4256 regem:
1542 4194 1667 4241 ante

128 4277 241 4329 llum
279 4281 508 4331 tremunt
559 4286 884 4348 potestates,
914 4290 970 4336 et
1009 4291 1267 4335 curvatur
1298 4297 1459 4337 omne
1497 4296 1663 4352 genu.

129 4356 177 4413 lle
200 4362 333 4435 hujus
376 4373 642 4428 nimirum
675 4374 743 4429 ad
775 4376 946 4431 caelos
984 4376 1327 4443 ascensione,
1360 4376 1531 4430 multo
1572 4375 1668 4429 ad-

128 4451 313 4516 mirantis
340 4462 539 4520 intuitu
572 4475 911 4521 secretorum
934 4467 1335 4537 contemplator
1357 4468 1665 4523 caelestium

128 4542 159 4591 ιθ
192 4546 402 4608 Canticis
431 4573 450 4610 :
506 4556 658 4623 Vidi,
695 4558 887 4629 inquit,
941 4560 1226 4628 speciosam
1276 4559 1661 4625 ascendentem,

1776 3340 1939 3396 ﬂores
1965 3356 2233 3407 rosarum,
2266 3350 2322 3396 et
2368 3340 2481 3395 lilia
2512 3341 2835 3396 convallium
2858 3383 2873 3406 ,
2908 3352 2965 3397 ut
2995 3343 3223 3398 virtutes
3254 3344 3371 3398 vir-

1775 3435 1982 3490 tutibus
2011 3434 2315 3501 iniciantur,
2348 3444 2405 3491 et
2432 3436 2743 3491 formositas
2766 3435 2963 3491 decore
2987 3437 3249 3491 castitatis
3278 3452 3375 3491 au-

1774 3535 1985 3597 geatur.
2015 3526 2151 3582 Nam
2176 3528 2355 3583 omnis
2382 3528 2643 3597 Splendor
2668 3538 2724 3584 et
2765 3529 2960 3599 gloria,
2994 3539 3195 3599 quanto
3222 3532 3375 3587 illus-

1774 3629 1951 3674 tratur
1972 3619 2184 3689 fulgore
2205 3635 2305 3675 suo
2334 3620 2641 3687 sublimius,
2674 3629 2826 3677 tanto
2856 3632 3081 3693 apparet
3102 3635 3373 3693 praestan-

1777 3714 1883 3768 tior
1911 3714 2160 3768 claritate
2205 3714 2572 3783 quorumlibet
2619 3714 3014 3783 subjectorum,
3048 3723 3103 3770 et
3144 3716 3376 3773 eximior

1774 3807 2118 3874 praedicatur.
2142 3807 2232 3863 Sic
2262 3818 2316 3861 et
2338 3808 2490 3861 beata
2523 3807 2620 3862 Dei
2650 3808 2909 3877 genitrix,
2934 3808 3087 3878 cujus
3110 3809 3373 3878 plantatio

1774 3915 1861 3954 ae-
1882 3901 1928 3954 si
1959 3916 2099 3956 rosa:
2129 3901 2181 3955 in
2212 3899 2452 3965 Jerieho,
2485 3900 2776 3969 specialius
2806 3899 3043 3964 refulsit,
3078 3910 3135 3954 et
3162 3901 3373 3957 candor

1777 3993 2100 4063 virginitatis
2123 3994 2457 4060 splendidius
2486 3993 2731 4057 emicuit,
2760 4008 2883 4047 cum
2914 3993 3246 4048 circumdata
3279 3994 3368 4050 of-

1774 4086 1901 4141 ﬁcio
1929 4086 2233 4153 charitatis,
2265 4085 2598 4139 submittitur
2638 4085 2717 4139 illi
2749 4096 3064 4140 sanetorum
3112 4086 3328 4141 claritas
3348 4104 3368 4142 :

1772 4189 1833 4233 ut
1880 4180 1998 4248 ejus
2026 4180 2257 4250 amplius
2298 4179 2556 4249 splendor
2602 4190 2655 4235 et
2702 4179 2874 4250 gloria
2916 4181 3367 4237 commendetur:

1771 4288 1895 4342 qua:
1939 4288 2106 4343 super
2153 4272 2472 4342 angelorum
2516 4273 2713 4327 choros
2756 4273 2999 4339 elevata,
3051 4274 3161 4344 jam
3211 4275 3371 4331 beata

1772 4364 2120 4431 prtedicatnr,
2137 4376 2193 4421 et
2207 4367 2319 4434 jam
2336 4365 2669 4420 beatissima.
2686 4364 2817 4420 Nam
2844 4367 3162 4437 angelorum
3178 4383 3281 4438 qua
3291 4384 3365 4424 m-

1774 4457 1855 4511 vis
1883 4458 2085 4513 celsior
2109 4466 2296 4512 natura
2329 4461 2434 4512 sit:
2471 4472 2580 4512 non
2612 4466 2788 4512 tamen
2817 4460 2988 4527 gratia
3017 4460 3207 4528 major,
3241 4464 3368 4530 quia

1772 4559 1828 4605 et
1866 4551 1964 4619 ipsi
2001 4554 2235 4620 gratuita
2264 4551 2457 4620 gratia,
2510 4568 2576 4604 ne
2608 4561 2953 4620 corruerent,
2996 4563 3124 4608 sunt
3151 4555 3365 4611 salvati.

130 4640 228 4693 imi
246 4646 530 4702 columbam
563 4650 787 4721 desuper
811 4652 948 4704 rivo,
978 4664 1249 4721 aquarum,
1282 4650 1349 4705 Et
1377 4665 1509 4705 vere
1539 4666 1663 4720 spe-
1690 4632 1743 4694 D
1772 4642 1932 4698 Unde
1959 4644 2125 4698 David
2144 4685 2159 4709 ,
2198 4643 2364 4697 Verbo
2387 4643 2619 4711 Domini,
2646 4643 2841 4715 inquit,
2870 4646 2983 4699 ειειὶ
3009 4647 3201 4712 ﬁrmati
3222 4658 3371 4713 sunt,

128 4728 226 4787 “es:
243 4742 384 4806 quasi
412 4742 701 4811 columba,
724 4743 848 4814 quia
874 4745 1020 4799 illius
1042 4744 1280 4815 speciem
1311 4745 1577 4801 columbae
1598 4760 1661 4801 ac

130 4827 458 4893 “Natalem
510 4835 952 4902 demonstrabat,
1000 4854 1123 4908 quae
1172 4853 1336 4907 super
1374 4838 1660 4893 Dominum

130 4921 246 4988 ltIit,
272 4936 322 4981 et
339 4929 534 4984 docuit
566 4930 853 5000 Joannem,
880 4934 1025 5004 quod
1058 4934 1144 4988 hic
1174 4934 1370 5003 estqui
1404 4934 1661 5003 baptizat.

127 5004 167 5059 [ι
190 5012 317 5083 bene,
345 5021 593 5095 desuper
630 5026 782 5081 rivos
808 5042 1099 5097 aquarum,
1130 5028 1254 5098 quia
1274 5042 1439 5097 super
1465 5042 1659 5097 aquam

124 5105 374 5167 "lectionis
417 5116 760 5173 educaverat
809 5134 928 5173 eam
963 5118 1228 5176 Dominus
1274 5129 1329 5175 et
1358 5120 1662 5175 nutriverat

128 5193 420 5276 τΡιάιιιιιι,
450 5209 560 5281 2):
608 5228 677 5267 ex
713 5228 818 5282 qua
852 5212 1008 5266 multi
1042 5212 1260 5267 deducti
1289 5212 1409 5279 rivi,
1442 5227 1661 5267 omnem

124 5290 287 5361 "rigant
310 5310 512 5358 terram
547 5303 895 5372 deliciarum,
925 5314 980 5360 et
1004 5305 1298 5361 infundunt
1325 5306 1542 5360 hortum
1567 5322 1663 5361 vo.

128 5382 305 5460 ἥψω,
330 5410 394 5451 ex
422 5400 632 5469 quibus
676 5400 920 5470 quotidie
945 5401 1015 5455 ita
1046 5411 1102 5454 et
1133 5399 1349 5469 perfusa
1377 5400 1531 5455 beata
1562 5399 1660 5456 Dei

126 5482 293 5541 Muri:
321 5492 580 5546 ascendit
606 5491 871 5548 hodierna
901 5492 990 5547 die
1021 5492 1265 5561 speciosa
1296 5491 1455 5547 valde
1482 5501 1539 5548 et
1566 5494 1664 5547 ad-

130 5572 359 5663 Finbilis:
387 5588 546 5657 cujus
577 5588 704 5641 odor
726 5586 1102 5643 inwstimabilis
1119 5596 1229 5640 erat
1256 5587 1429 5653 nimis,
1455 5596 1509 5642 et
1536 5586 1660 5643 ideo

130 5666 366 5729 ﬂabilis.
422 5678 510 5732 Ad
561 5678 718 5748 cujus
762 5678 1010 5749 profecto
1060 5680 1409 5750 fragrantiam
1452 5678 1661 5745 odoris,

132 5762 252 5853 M
286 5766 365 5823 illa
404 5771 659 5827 celestis
686 5772 988 5829 Jerusalem
1040 5774 1162 5829 laeta
1204 5774 1467 5840 decurrit,
1498 5789 1661 5844 quam

132 5858 469 5918 unoudabant
500 5864 673 5919 flores
710 5880 956 5922 rosarum
995 5874 1052 5923 et
1080 5866 1192 5924 lilia
1218 5867 1567 5937 convallium,
1596 5882 1663 5925 eo

338 5957 620 6022 ΡΑτιιοι..
700 5959 821 6025 ΧΧ
834 5963 911 6023 Χ.

1772 4748 1821 4791 et
1845 4739 2037 4807 spiritu
2058 4738 2162 4791 oris
2188 4738 2299 4806 ejus
2315 4738 2484 4791 omnis
2505 4739 2668 4791 virtus
2682 4754 2857 4792 eorum
2875 4737 3050 4807 (Psal.
3076 4755 3263 4805 χχχιιι,
3283 4740 3361 4809 6).

1772 4832 1926 4899 Quod
1969 4832 2015 4886 si
2058 4832 2249 4901 spiritu
2281 4831 2395 4886 oris
2440 4832 2556 4899 ejus
2583 4832 2760 4886 omnis
2804 4833 2975 4886 virtus
3019 4848 3209 4888 eorum
3238 4833 3367 4889 sub-

1772 4926 1945 4982 sistit:
1967 4934 2182 4979 constat
2203 4926 2413 4979 beatam
2439 4934 2493 4979 et
2512 4924 2806 4994 gloriosam
2824 4926 3087 4995 virginem
3112 4925 3357 4988 Mariam.

1772 5023 1828 5077 in
1860 5035 2020 5091 quam
2056 5020 2373 5089 supervenit
2418 5019 2653 5089 Spiritus
2698 5026 2939 5087 sanctus,
2970 5029 3025 5073 et
3057 5020 3196 5074 Deus
3222 5027 3367 5073 totus

1773 5115 1996 5185 illapsus
2019 5120 2290 5183 portatum
2320 5127 2514 5166 novem
2544 5112 2824 5166 mensibus
2852 5112 2904 5165 in
2935 5120 3115 5177 utero,
3147 5121 3208 5167 ut
3238 5129 3365 5169 cre-

1770 5206 2008 5263 dendum
2050 5215 2154 5270 est,
2195 5203 2458 5274 ampliora
2489 5203 2857 5273 promeruisse
2906 5203 3166 5258 virtutum
3198 5206 3367 5274 privi-

1768 5300 1929 5371 legia,
1958 5308 2013 5354 et
2044 5298 2352 5367 percepisse
2374 5297 2603 5367 gratiam
2636 5296 2703 5350 ab
2729 5294 2936 5365 angelis
2958 5297 3125 5351 etiam
3153 5298 3358 5351 collau-

1768 5392 1969 5446 datam.
2020 5389 2177 5445 Unde
2224 5398 2280 5443 et
2327 5388 2374 5442 si
2420 5387 2685 5443 mirabilis
2716 5396 2799 5441 est
2842 5400 3035 5442 eorum
3082 5389 3275 5453 virtus,
3309 5398 3366 5443 et

1767 5484 1995 5539 ﬁrmitas
2044 5479 2796 5553 perpetuitatiszmirabilior
2838 5488 3021 5537 tamen
3066 5481 3122 5535 in
3169 5480 3360 5544 Maria,

1768 5594 1930 5650 quam
1963 5575 2307 5631 obumbravit
2336 5574 2508 5629 virtus
2537 5571 2800 5627 Altissimi
2830 5590 2841 5626 :
2872 5581 2927 5627 ut
2960 5572 3097 5626 ultra
3142 5584 3360 5626 omnem

1769 5676 2022 5727 virtutem
2069 5668 2139 5725 sit
2184 5668 2510 5737 angelicam,
2553 5666 2699 5737 quod
2743 5665 2944 5721 factum
2973 5664 3139 5719 estin
3186 5679 3271 5733 ea,
3306 5675 3364 5721 et

1769 5764 2089 5821 admirabile
2139 5764 2350 5817 cunctis
2397 5761 2611 5816 smculis
2657 5767 3083 5814 sacramentum.
3132 5757 3213 5812 Ac
3268 5774 3367 5827 per

1769 5861 1875 5918 hoc
1920 5860 2082 5918 etiam
2129 5856 2342 5929 angelis
2371 5854 2569 5912 exinde
2618 5852 2797 5921 major
2849 5858 3135 5924 praestatur
3164 5850 3366 5927 gratia,

2758 5944 2799 6006 5
