3916 6288
444 234 547 292 159

1489 229 1546 286 S.
1589 228 1974 287 HIERONYMI
2014 225 2303 285 OPERUM
2340 228 2705 286 MANTISSA.
3600 228 3690 292 MO

443 369 565 408 cum
596 352 971 407 instaurantur
995 347 1064 404 ab
1104 362 1169 404 ea
1211 344 1417 416 omnia,
1466 363 1587 417 quae
1615 358 1949 403 venerantur
1987 357 2039 401 et
2068 346 2114 408 Α
2145 345 2237 399 Dei
2266 344 2408 416 quod
2440 346 2655 411 amatis,
2703 357 2809 399 non
2854 340 2959 399 nisi
2996 341 3051 398 in
3081 340 3201 398 sinu
3231 338 3400 399 Patris
3424 343 3687 408 invenitur.

447 449 675 503 adurant
703 461 867 514 super
896 458 956 499 se
986 441 1265 497 Christum
1304 456 1486 511 regem
1520 441 1807 497 Dominum
1848 450 2033 496 natum

446 559 514 597 cx
545 541 733 597 eadem
764 538 1008 610 Virgine.
1043 536 1185 592 Hinc
1214 545 1269 592 et
1312 535 1474 592 Maria
1507 537 1721 591 cunctis
1762 547 1911 591 tanto
1938 551 2032 590 ve-

446 633 764 700 nerabilior,
797 642 997 701 quanto
1023 630 1311 700 gratiosior
1349 646 1361 682 :
1392 636 1449 684 et
1473 637 1676 699 quanto
1717 628 1916 683 virtute
1942 628 2038 682 Al-

443 728 641 784 tissimi
686 724 967 782 extollitur
995 723 1063 779 ad
1092 722 1365 787 sublimia,
1400 731 1550 778 tanto
1576 722 1779 778 clarior
1810 721 2037 778 resultat

445 821 499 876 in
540 822 736 893 gloria.
783 819 953 875 Plena
996 816 1264 888 siquidem
1294 816 1492 887 gratia,
1525 815 1680 886 plena
1711 815 1842 882 Deo,
1874 813 2036 884 plena

442 916 756 980 virtutibus,
787 928 896 967 non
925 918 1111 983 potest
1140 926 1245 965 non
1279 908 1557 978 possidere
1600 908 1760 979 plene
1803 908 2034 979 gloriam

442 1007 702 1063 claritatis
734 1015 1156 1074 :Bternm,quam
1187 1001 1499 1072 plenissime
1527 1000 1760 1070 accepit,
1788 1008 1845 1055 ut
1868 1010 2039 1055 mater

443 1104 603 1157 ﬁeret
627 1099 948 1156 Salvatoris.
985 1097 1153 1165 Quam
1191 1096 1427 1151 viderunt
1450 1111 1624 1151 omnes
1650 1094 1778 1164 ﬁlia:
1808 1093 1959 1159 Sion,
1990 1102 2039 1147 et

441 1192 790 1247 beatissimam
837 1188 1249 1259 pradicaverunt
1274 1228 1290 1254 ,
1345 1203 1406 1241 ac
1457 1187 1650 1259 regina:
1698 1186 2039 1241 laudauerunt

440 1303 552 1342 eam
575 1304 594 1340 :
619 1283 877 1356 quoniam
903 1292 1106 1337 tantam
1122 1296 1239 1337 eam
1264 1281 1539 1349 viderunt,
1564 1286 1823 1351 quantam
1857 1280 2039 1334 nullus

445 1379 719 1437 narrando
749 1378 992 1449 explevit
1020 1376 1364 1443 mortalium;
1399 1384 1602 1446 quanto
1631 1374 1804 1445 magis
1844 1374 2034 1438 Deum,

443 1476 535 1546 qui
579 1475 744 1529 talem
788 1488 851 1526 ac
896 1478 1097 1526 tantam
1131 1469 1259 1528 fecit
1287 1484 1433 1534 eam,
1479 1478 1536 1523 ut
1580 1468 1699 1538 ipse
1738 1466 1895 1523 ﬁeret
1942 1481 2039 1536 per

443 1571 597 1623 cam!
634 1568 787 1623 Unde
821 1567 1020 1621 David:
1053 1564 1122 1619 Et
1148 1564 1323 1627 homo,
1360 1564 1557 1635 inquit,
1587 1573 1741 1618 natus
1761 1572 1838 1617 est
1862 1564 1917 1616 in
1951 1578 2034 1628 ea,

441 1672 488 1714 et
537 1662 646 1733 ipse
687 1660 924 1731 fundavit
974 1675 1085 1712 eam
1124 1657 1419 1712 Altissimus
1463 1654 1634 1725 (Psal.
1683 1670 1921 1722 uuvtt,
1951 1653 2034 1726 ἓ).

2137 440 2290 496 Licet
2338 441 2500 511 igitur
2530 440 2731 511 ubique
2762 448 2906 494 totus
2949 438 3037 505 sit,
3070 448 3126 495 et
3167 452 3275 494 non
3305 438 3454 510 longe
3485 442 3547 498 ab
3570 458 3691 500 uno-

2139 550 2353 605 quoque
2389 542 2658 601 nostrum,
2692 543 2874 589 tamen
2906 547 3014 588 non
3046 532 3150 588 nisi
3175 538 3326 587 casto
3351 547 3552 591 sursum
3578 535 3692 592 bau-

2139 628 2276 683 ritur
2307 638 2547 698 pectore.
2585 626 2758 696 Prope
2777 637 2849 681 est
2876 626 3034 691 enim,
3056 625 3229 695 inquit
3251 623 3474 695 Moyses,
3498 627 3545 680 in
3561 627 3697 683 corde

2142 732 2230 776 tuo
2261 732 2307 775 et
2338 723 2390 775 in
2423 737 2511 775 ore
2542 732 2650 786 tuo,
2675 730 2875 774 tantum
2903 736 3018 773 eum
3044 730 3181 772 recto
3212 720 3255 773 si
3280 719 3528 789 quasiert's
3562 721 3697 774 corde

2140 814 2320 887 (Deut.
2350 830 2496 881 xxxi,
2529 814 2638 887 ll).
2669 812 3009 883 Unguentum
3050 813 3381 869 exinanitum
3407 822 3489 868 est
3524 829 3699 870 nomen

2139 906 2291 977 ejus:
2325 915 2632 977 propterea,
2660 906 3105 973 adolescentulaa,
3131 905 3337 975 diligite
3358 906 3549 971 animo,
3572 906 3698 975 quod

2140 1016 2239 1071 pro
2263 1002 2419 1055 vobis
2444 1000 2671 1055 eii‘nsum
2703 1008 2805 1057 est.
2851 1000 3071 1057 Habetis
3105 1015 3355 1069 namque,
3389 1008 3579 1055 sanctae
3605 1002 3702 1054 vir-

2138 1095 2315 1165 gines,
2365 1110 2620 1165 sponsum
2672 1095 2957 1164 virginem,
3008 1092 3328 1163 virginitatis
3371 1103 3422 1147 et
3468 1092 3703 1148 castitatis

2141 1201 2463 1254 amatorem,
2490 1189 2584 1259 qui
2615 1197 2841 1242 matrem
2870 1187 3129 1257 virginem
3171 1185 3293 1240 idco
3315 1184 3494 1256 elegit,
3526 1192 3578 1238 ut
3603 1186 3705 1254 ipsa

2140 1280 2393 1337 omnibus
2418 1290 2566 1337 esset
2604 1281 2912 1351 exemplum
2943 1279 3228 1345 castitatis,
3264 1279 3313 1334 in
3345 1294 3453 1347 qua
3480 1277 3617 1333 velut
3658 1280 3703 1333 in

2140 1377 2361 1445 Speculo
2392 1374 2625 1445 refulget
2663 1375 2835 1429 forma
2860 1373 3099 1428 virtutis.
3135 1373 3358 1427 llabetis
3384 1371 3539 1440 igitur
3578 1370 3626 1424 in
3652 1386 3707 1426 ea

2142 1471 2449 1540 magisteria
2478 1469 2765 1540 probitatis
2789 1483 3079 1535 cupresso,
3102 1466 3226 1535 quid
3253 1466 3483 1535 primum
3505 1463 3705 1533 eligere,

2139 1564 2263 1634 quid
2289 1579 2564 1635 respuere,
2588 1563 2713 1635 quid
2745 1562 2897 1631 sequi
2921 1561 3186 1617 debeatis.
3215 1560 3394 1614 Prima
3421 1559 3537 1629 ejus
3558 1559 3712 1614 virtus

2140 1670 2224 1714 cst
2250 1658 2661 1713 fundamentum
2687 1656 2926 1715 omnium
2951 1656 3210 1711 virtutum
3239 1661 3298 1710 et
3321 1663 3522 1718 custos,
3548 1652 3709 1707 inuni-

442 1753 603 1808 Beata
636 1754 797 1822 igitur
828 1751 957 1805 talis
983 1765 1046 1805 ac
1089 1759 1233 1805 tanta
1265 1750 1539 1818 nativitas,
1586 1750 1741 1804 beata
1768 1757 1823 1802 et
1846 1762 2035 1816 super:
2068 1746 2116 1806 Β
2144 1755 2265 1809 litas
2307 1753 2443 1823 ipsa,
2471 1752 2540 1808 de
2580 1768 2681 1823 qua
2713 1751 3018 1822 gloriatur:
3073 1750 3209 1816 Quia
3246 1749 3491 1819 respexit,
3539 1746 3709 1817 inquit,

445 1863 634 1902 norum
663 1848 859 1901 civium
902 1846 1159 1912 societas,
1186 1853 1242 1899 et
1270 1843 1610 1899 admirabilis
1638 1841 1921 1898 eharitatis
1943 1855 2037 1896 eo-

441 1956 561 1995 rum
582 1939 945 1994 unauimitas:
972 1938 1059 1993 ubi
1085 1953 1243 1991 nemo
1266 1936 1608 2006 angelorum,
1627 1950 1789 1991 nemo
1806 1934 2038 1988 archan-

439 2033 709 2102 gelorum,
743 2047 848 2085 non
876 2031 998 2086 dico
1030 2030 1206 2085 beatae
1237 2027 1465 2098 virginis
1494 2028 1700 2094 Marim,
1732 2043 1917 2083 verum
1942 2042 2038 2081 uc-

441 2140 549 2196 que
579 2124 811 2193 alicujus
842 2133 1153 2178 sanctorum
1197 2122 1403 2177 invidet
1427 2122 1700 2191 gloriam:
1735 2121 1831 2176 sed
1866 2132 2036 2174 totum

443 2219 494 2270 in
527 2217 698 2271 altero
743 2216 1118 2285 unusqniSque
1150 2215 1409 2283 possidet,
1443 2214 1585 2284 quod
1613 2215 1781 2285 gratis
1809 2224 2036 2283 prmsta-

440 2317 527 2363 tur
556 2309 813 2363 omnibus
846 2326 858 2361 :
891 2317 951 2362 ut
979 2307 1049 2361 de
1076 2307 1352 2371 omnibus,
1386 2316 1441 2360 et
1474 2307 1524 2361 in
1554 2306 1806 2360 omnibus
1837 2306 2040 2375 glorili-

439 2413 592 2458 cetur
623 2403 786 2468 Deus,
818 2402 1116 2456 Itonoretur
1143 2410 1195 2455 et
1226 2400 1489 2455 adoretur
1521 2399 1590 2453 ab
1618 2400 1871 2455 omnibus
1902 2416 1915 2450 :
1948 2398 2037 2451 ubi

445 2514 549 2550 non
573 2511 757 2561 sexus,
793 2511 898 2549 non
930 2503 1082 2562 retas,
1117 2509 1222 2549 non
1253 2493 1491 2564 dignitas
1528 2495 1764 2564 generis,
1797 2492 1892 2549 sed
1926 2508 2041 2547 tne-

442 2590 667 2644 ritorum
724 2586 959 2656 qualitas
1016 2587 1135 2641 sola
1189 2586 1558 2642 discernitur:
1610 2586 1704 2641 ubi
1750 2586 2041 2658 plurimum

441 2680 597 2735 stella
643 2694 674 2734 a
722 2679 881 2733 stella
909 2677 1130 2734 diil'erre
1156 2678 1427 2746 claritate,
1472 2679 1723 2750 quamvis
1756 2694 1947 2734 omnes
1982 2680 2037 2733 in

442 2787 543 2827 suo
571 2770 680 2827 sint
716 2772 910 2827 ordine
950 2770 1272 2827 suscitandi.
1300 2770 1453 2839 Quod
1497 2774 1542 2826 si
1572 2784 1657 2828 est
1686 2772 1792 2828 alia
1818 2772 2041 2828 claritas

445 2866 597 2929 solis,
630 2871 686 2919 et
715 2863 819 2918 alia
847 2864 1068 2920 claritas
1093 2864 1257 2929 lunas,
1288 2876 1343 2919 et
1369 2864 1474 2920 alia
1505 2864 1725 2920 claritas
1752 2866 2035 2920 stellarum

442 2957 485 3029 (Ι
516 2955 637 3013 Cor.
678 2972 781 3020 xv,
830 2956 924 3025 ll)
955 2975 967 3009 :
1009 2972 1114 3010 una
1148 2968 1327 3012 tamen
1359 2956 1580 3012 claritas
1622 2968 1740 3022 est,
1771 2974 1875 3029 qua
1916 2958 2037 3012 illu-

440 3060 683 3105 strantur
704 3050 908 3107 onmia.
925 3049 1131 3105 idcirco
1154 3051 1310 3105 beata
1333 3052 1425 3106 Dei
1448 3052 1700 3122 genitrix,
1720 3067 1839 3122 qua:
1861 3052 2037 3107 adhuc

444 3141 609 3197 tantis
654 3142 707 3196 in
753 3152 896 3195 terra
942 3142 1264 3210 praedicatur
1293 3142 1566 3210 laudibus,
1616 3158 1719 3198 non
1769 3143 2041 3199 immerito
2066 3138 2110 3200 C
2145 3157 2249 3217 rat,
2279 3160 2334 3202 et
2364 3147 2602 3217 respexit
2636 3145 2995 3201 humilitatem
3042 3144 3255 3198 ancillae
3290 3160 3404 3197 sua:

440 3233 683 3291 creditur
711 3234 970 3289 hodierna
1002 3236 1088 3289 die
1118 3236 1347 3289 exaltata
1378 3243 1433 3290 et
1468 3234 1789 3305 glorificata,
1828 3250 2039 3291 necnon

443 3336 498 3381 et
539 3324 855 3391 clariﬁcata,
898 3335 1160 3393 quantum
1205 3326 1354 3381 novit
1384 3326 1472 3381 ille
1498 3327 1607 3397 qui
1633 3342 1750 3382 eam
1792 3327 1951 3398 elegit
1985 3329 2037 3383 in

444 3434 538 3474 sua
569 3420 856 3490 sapientia,
879 3434 982 3490 qua
1010 3420 1277 3488 disposuit
1303 3420 1503 3474 omnia.
1538 3419 1693 3488 Quod
1719 3421 1764 3475 si
1796 3422 1849 3476 in
1876 3420 2040 3476 domo

450 3511 618 3581 patris
656 3512 983 3569 tuatuiones.
1010 3512 1192 3566 multa:
1228 3522 1376 3580 sunt,
1410 3512 1685 3568 credimus
1711 3513 2041 3582 splendidio-

449 3618 562 3659 rem
591 3603 750 3659 matri
792 3603 953 3659 hodie
983 3603 1151 3659 ﬁlinm
1183 3605 1525 3674 prmstitisse,
1557 3620 1718 3675 quam
1760 3606 1863 3661 sibi
1909 3607 2036 3659 olim

447 3695 734 3753 aediﬁcavit
773 3694 1016 3762 domum,
1047 3696 1333 3751 subnixam
1378 3698 1645 3753 columnis
1684 3709 1892 3770 septem
1927 3716 1941 3752 :
1983 3699 2036 3753 in

445 3805 550 3862 qua
601 3790 765 3846 domo
815 3788 1072 3845 nimirum
1126 3799 1383 3859 parantur
1434 3792 1634 3860 nuptiae
1672 3792 2036 3847 Ecclesiarum

450 3883 567 3951 Dei,
610 3894 665 3940 et
695 3883 1028 3940 fmderantur
1056 3883 1285 3939 terrenis
1326 3883 1590 3939 cmlestia.
1625 3882 1680 3937 ιιι
1713 3900 1781 3939 eo
1806 3900 2039 3955 namque

450 3987 600 4034 utero
621 3976 879 4046 Virginis,
906 3991 1110 4045 Sponso
1136 3976 1427 4032 immortali
1450 3976 1730 4047 virginitas
1754 3991 2041 4032 consecra-

450 4080 559 4132 tur,
581 4076 641 4123 nt
667 4068 739 4122 sit
766 4078 935 4123 tntum
964 4068 1186 4123 cmleste
1200 4068 1610 4124 commercium.

523 4158 664 4212 XVI.
710 4159 776 4213 Et
811 4157 954 4226 ideo,
988 4159 1357 4225 charissimm,
1400 4161 1678 4217 celebrate
1722 4162 2041 4219 solemnitcr

455 4250 690 4320 Virginis
718 4249 939 4316 festum,
964 4265 1087 4321 quae
1114 4252 1389 4307 caelestem
1417 4253 1573 4307 vobis
1604 4256 1766 4308 vitam
1796 4256 1847 4310 in
1882 4256 2038 4309 terris

452 4342 723 4397 ostendit:
751 4343 1007 4412 quoniam
1037 4342 1128 4413 qui
1154 4360 1260 4399 non
1289 4344 1512 4412 nubent,
1542 4362 1717 4418 neque
1744 4348 2035 4415 nubentur,

451 4446 613 4493 erunt
653 4436 795 4491 sicut
834 4437 1008 4507 angeli
1048 4437 1104 4493 in
1134 4437 1295 4495 caelo.
1348 4438 1459 4495 Nec
1502 4441 1695 4496 mirum
1738 4443 1785 4497 si
1835 4444 2041 4513 angelis

2139 1844 2482 1900 humilitatem
2506 1845 2713 1897 ancilla:
2736 1858 2845 1897 sua:
2872 1859 2890 1896 :
2919 1858 3034 1896 ecce
3053 1842 3191 1896 enim
3220 1857 3283 1894 ex
3305 1839 3401 1893 hoc
3429 1839 3621 1894 beatam
3646 1854 3715 1892 me

2139 1939 2313 1993 dicent
2341 1952 2517 1991 omnes
2542 1937 2897 2006 generationes
2925 1934 3080 2007 (Luc.
3111 1950 3150 1998 ι,
3184 1933 3302 2003 18).
3332 1934 3471 2003 Ergo
3502 1932 3715 2003 primum

2137 2030 2380 2084 discendi
2446 2028 2902 2093 incitamentum,
2965 2025 3222 2081 nobilitas
3272 2033 3360 2080 est
3427 2023 3709 2093 magistri:

2139 2122 2334 2177 deinde
2380 2136 2589 2177 merces
2630 2121 2837 2175 laboris
2865 2121 3076 2189 optimi,
3111 2118 3326 2174 fructus
3361 2117 3715 2173 beatitudinis.

2140 2216 2278 2283 Quid
2311 2215 2479 2285 igitur
2506 2215 2742 2269 nobilius
2768 2223 2938 2269 matre
2968 2213 3205 2277 Domini,
3235 2212 3367 2284 quid
3399 2210 3719 2281 splendidius

2141 2324 2202 2363 ea
2226 2350 2241 2372 ,
2273 2323 2437 2379 quam
2477 2308 2734 2376 splendor
2762 2305 2930 2375 elegit
2956 2315 3193 2377 paternae
3219 2304 3436 2375 gloriae?
3484 2303 3620 2370 Quid
3642 2317 3720 2356 ca-

2140 2403 2275 2456 sﬁns
2297 2418 2383 2467 ea,
2411 2416 2529 2471 qua:
2551 2416 2750 2468 corpus
2774 2398 2973 2454 Christi
3003 2401 3123 2453 sine
3150 2399 3474 2467 contagione
3496 2395 3722 2464 corporis

2140 2495 2455 2565 generavit?
2479 2504 2534 2549 et
2568 2502 2746 2547 tamen
2778 2494 2831 2546 in
2855 2506 2919 2548 ea
2951 2492 3127 2546 solum
3162 2492 3522 2545 humilitatem
3551 2502 3720 2557 respe-

2141 2588 2285 2642 xisse
2313 2587 2596 2641 Dominum
2623 2586 2938 2653 conlitetur,
2963 2600 3083 2653 qua:
3104 2591 3290 2638 custos
3317 2592 3399 2638 est
3422 2582 3721 2649 caeterarum

2141 2678 2424 2734 virtutum.
2452 2678 2835 2734 Collocaverat
2863 2678 3007 2732 enim
3036 2678 3089 2732 in
3123 2687 3240 2732 tuto
3268 2675 3523 2731 Stationis
3555 2683 3717 2744 portu,

2140 2772 2386 2826 sublimia
2424 2773 2736 2826 meritorum
2765 2786 2987 2826 suorum
3020 2769 3283 2825 exercitia
3321 2786 3334 2821 :
3366 2778 3424 2824 et
3455 2768 3575 2822 ideo
3600 2765 3726 2821 divi—

2142 2866 2283 2920 nitus
2321 2866 2640 2921 illustratur.
2673 2864 2826 2921 Unde
2853 2865 3111 2919 Dominus
3136 2865 3211 2917 ait
3235 2881 3248 2916 :
3284 2864 3367 2916 Ad
3393 2879 3545 2933 quem
3570 2861 3718 2931 respiv

2140 2963 2295 3028 ciam,
2326 2963 2425 3015 nisi
2452 2960 2522 3014 ad
2548 2961 2789 3015 humilem
2813 2969 2858 3013 et
2884 2960 3113 3031 quietum
3134 2999 3148 3023 ,
3200 2973 3263 3010 ac
3309 2965 3604 3011 trementem
3632 2967 3726 3005 ser-

2143 3070 2315 3107 mones
2342 3070 2476 3107 meos
2500 3052 2637 3125 (Isa.
2671 3068 2817 3113 Lavi,
2841 3052 2935 3120 2)?
2958 3050 3104 3105 Fecit
3126 3050 3274 3105 enim
3302 3048 3448 3120 quod
3479 3045 3726 3116 promisc-

3454 3160 3467 3195 :
3513 3141 3648 3194 unde
3676 3146 3727 3191 ct

2142 3240 2297 3297 beata
2327 3241 2439 3311 jam
2476 3243 2543 3295 ab
2585 3238 2735 3295 omni
2777 3239 2979 3293 SIECllltl
3026 3237 3379 3308 praedicatur.
3440 3234 3641 3289 idcirco
3678 3240 3726 3284 et

2143 3352 2258 3403 vos,
2290 3352 2322 3391 ο
2352 3334 2497 3398 lilizc,
2520 3333 2569 3387 si
2596 3347 2725 3386 vere
2750 3331 2989 3399 virgines
3016 3343 3141 3383 esse
3170 3328 3357 3392 vultis,
3384 3326 3726 3380 humilitatem

2141 3427 2427 3485 sectamini
2456 3444 2469 3479 :
2499 3437 2552 3481 et
2579 3436 2807 3479 matrem
2844 3422 3091 3488 Domini,
3131 3435 3256 3490 qum
3280 3435 3343 3476 se
3365 3418 3616 3473 ancillam
3646 3431 3729 3468 Vt)-

2142 3535 2251 3588 cat,
2282 3520 2469 3578 cordis
2498 3534 2689 3573 amore
2720 3517 2921 3572 imitari
2953 3524 3243 3587 procurate
3266 3558 3279 3582 ,
3313 3530 3441 3585 quae
3462 3512 3647 3568 didicit
3672 3507 3733 3562 ab

2142 3619 2260 3685 ipso
2280 3626 2500 3684 sponso.
2526 3612 2611 3666 cui
2660 3626 2757 3663 vos
2790 3608 3088 3664 άθνυνὶειίε
3139 3608 3510 3661 humilitatem
3535 3645 3549 3669 ,
3578 3613 3727 3671 quam

2143 3724 2244 3762 vos
2260 3722 2326 3762 ex
2357 3720 2417 3761 se
2442 3704 2647 3758 docuit.
2677 3701 2831 3758 Unde
2856 3701 2931 3755 ait
2956 3700 3139 3755 idem:
3170 3698 3368 3752 Discite
3394 3713 3428 3749 a
3470 3711 3551 3748 me
3572 3735 3589 3759 ,
3622 3691 3731 3763 quia

2140 3801 2276 3854 mitis
2296 3814 2410 3852 sum
2424 3808 2471 3851 et
2486 3795 2693 3850 humilis
2708 3794 2861 3848 corde
2878 3791 3070 3866 (Matth
3081 3834 3093 3846 .
3110 3806 3183 3858 at,
3198 3789 3318 3862 27).
3336 3787 3458 3844 Non
3472 3802 3603 3856 ergo
3616 3786 3731 3837 bea-

2143 3903 2193 3946 ta
2225 3891 2319 3945 Dei
2341 3890 2577 3960 genitrix
2598 3904 2627 3942 a
2656 3888 2771 3941 lilio
2796 3901 2899 3940 suo
2926 3884 3160 3939 Domino
3190 3892 3389 3938 nostro
3410 3878 3605 3935 didicit
3628 3889 3730 3931 ete-

2144 3984 2223 4038 los
2252 3981 2545 4049 fabricare,
2582 3997 2687 4034 non
2719 3979 2942 4049 angelos
2966 3992 3175 4040 creare,
3204 3992 3317 4031 non
3340 3972 3603 4029 miracula
3622 3968 3730 4023 dei-

2143 4076 2269 4129 tatis
2297 4073 2527 4142 insignia
2560 4072 2775 4141 operari
2811 4088 2823 4122 ς
2858 4069 2954 4125 sed
2990 4066 3544 4130 tantumbumiliari,
3583 4068 3735 4117 caateo

2143 4185 2316 4239 raque
2354 4170 2612 4222 virtutum
2662 4166 2988 4219 documenta
3016 4205 3032 4229 ,
3086 4163 3226 4216 intra
3266 4160 3599 4216 humilitatis
3649 4171 3735 4211 cu-

2142 4259 2373 4315 stodiam
2427 4273 2741 4329 aggregare.
2770 4255 2920 4313 Unde
2958 4270 3080 4310 cum
3131 4269 3193 4307 ea
3238 4269 3466 4324 semper
3503 4250 3735 4321 singula-

2143 4371 2261 4410 rum
2288 4355 2540 4408 virtutum
2568 4350 2822 4422 pudicitia
2842 4364 3032 4407 eomes
3058 4349 3321 4404 irremota
3355 4348 3594 4404 mansit:
3616 4343 3734 4415 quia

2142 4448 2368 4502 omnino
2401 4445 2574 4515 pudor
2598 4443 2910 4499 individuus
2936 4440 3233 4512 virginitati
3258 4455 3390 4497 esse
3414 4439 3602 4505 debet,
3623 4435 3735 4491 sine

450 4537 794 4595 comparatur
815 4528 1117 4598 virginitas,
1148 4545 1268 4599 quae
1297 4532 1611 4601 angelorum
1648 4534 1894 4601 Domino,
1939 4535 2035 4591 fm-
2068 4538 2114 4596 Ι)
2141 4556 2247 4606 quo
2277 4550 2424 4595 recte
2450 4539 2670 4594 castitas
2692 4552 2814 4593 vera
2843 4536 3055 4592 servari
3082 4550 3185 4591 non
3208 4545 3412 4604 potest.
3434 4532 3733 4601 Numquam

451 4622 581 4677 dere
626 4621 910 4691 copulatur
941 4625 1268 4693 nuptiarum.
1303 4625 1369 4679 Et
1395 4626 1444 4680 si
1472 4628 1728 4697 quatlibet
1760 4629 2038 4699 virginitas

444 4723 651 4771 tantum
679 4713 926 4783 erigitur,
961 4725 1018 4770 ut
1036 4718 1242 4785 angelis
1271 4729 1635 4789 comparetur,
1665 4722 1840 4779 multo
1863 4724 2039 4795 magis

449 4809 600 4862 beata
634 4815 690 4860 et
721 4806 958 4875 gloriosa
1000 4808 1149 4878 virgo
1189 4809 1379 4875 Maria,
1415 4826 1535 4880 qua:
1580 4815 1838 4884 singulari
1886 4831 2037 4871 com-

447 4899 731 4956 mentiatur
742 4901 1047 4972 privilegio,
1070 4912 1125 4958 et
1144 4901 1412 4961 immenso
1427 4905 1639 4962 dicatur
1656 4910 2029 4964 mercimonio.

446 4991 671 5059 idcirco,
724 4991 1109 5060 dilectissimus,
1151 5002 1327 5050 amate
1356 5010 1517 5065 quam
1557 4997 1759 5066 colitis,
1787 5009 1842 5055 et
1870 5000 2033 5055 colite

446 5100 603 5154 quam
647 5086 839 5139 amatis
867 5102 881 5139 :
912 5084 1038 5155 quia
1071 5092 1198 5142 tunc
1218 5102 1337 5144 eam
1382 5104 1511 5144 vere
1533 5090 1708 5147 colitis
1734 5102 1786 5147 et
1812 5094 2029 5163 amatis,

440 5176 485 5229 si
533 5175 727 5230 imitari
773 5176 955 5232 velitis
986 5176 1053 5232 de
1096 5184 1211 5233 toto
1237 5179 1403 5236 corde
1432 5195 1591 5252 quam
1619 5182 1871 5240 laudatis.
1907 5184 2032 5240 lima

440 5283 673 5338 namque
710 5268 817 5323 vita
859 5268 1013 5325 vobis
1061 5268 1130 5326 de
1170 5272 1310 5328 coelo
1346 5273 1520 5341 ﬂuxit,
1563 5289 1727 5345 quam
1774 5273 2033 5345 professas

438 5361 602 5416 estis:
626 5375 789 5431 supra
804 5376 958 5423 usum
984 5370 1192 5420 natura:
1220 5363 1337 5422 hac
1356 5367 1461 5423 vita
1490 5376 1597 5433 est,
1617 5383 1778 5439 quam
1806 5368 2027 5424 tenetis:

439 5458 509 5511 de
548 5456 701 5512 oculis
732 5458 880 5513 venit
906 5473 1159 5528 sponsus,
1193 5477 1355 5531 quem
1393 5465 1546 5534 sequi
1572 5478 1695 5519 cum
1725 5475 1898 5520 matre
1938 5466 2033 5521 de-

437 5548 610 5606 betis:
640 5566 739 5607 nec
769 5551 1039 5611 immerito
1063 5553 1279 5610 vivendi
1301 5570 1458 5611 nsum
1479 5555 1548 5611 dc
1574 5556 1716 5614 cmlo
1734 5558 2026 5629 quaesistis,

438 5656 558 5707 qua:
598 5643 751 5701 vobis
789 5642 860 5699 de
894 5644 1039 5701 casio
1079 5659 1341 5716 sponsum
1391 5649 1625 5717 petistis.
1677 5650 1805 5707 ideo
1849 5662 2029 5708 vestra

436 5738 776 5795 conversatio
820 5736 877 5793 in
913 5735 1070 5797 crnlis
1106 5738 1178 5795 sit
1213 5754 1470 5812 semper:
1511 5742 1762 5816 quoniam
1791 5742 2029 5805 Verbum

2145 4634 2301 4704 igitur
2348 4633 2502 4688 beata
2551 4632 2703 4702 virgo
2746 4631 2909 4685 Maria
2947 4630 3068 4684 sine
3102 4629 3331 4699 pudoris
3372 4628 3462 4682 sui
3512 4622 3735 4682 custode

2146 4726 2442 4798 processit,
2467 4734 2523 4779 ct
2551 4725 2670 4779 ideo
2701 4725 2747 4778 si
2773 4723 2949 4792 placet
2985 4721 3170 4787 vobis,
3202 4722 3591 4784 charissima},
3620 4716 3735 4772 tal.s

2144 4836 2208 4875 ac
2233 4829 2381 4875 tanta
2410 4818 2595 4888 virgo,
2626 4818 2837 4886 placeat
2871 4829 2927 4871 et
2969 4832 3106 4886 opus
3142 4817 3364 4870 virtutis
3384 4856 3401 4883 ,
3444 4814 3603 4885 cujus
3634 4812 3732 4867 vita

2148 4914 2387 4967 omnium
2429 4921 2513 4967 est
2547 4909 2868 4978 disciplina,
2906 4909 3066 4979 cujus
3102 4924 3290 4965 mores
3331 4909 3586 4963 instituta
3616 4912 3736 4959 sunt

2144 5004 2534 5069 Ecclesiarum,
2576 5019 2696 5072 quae
2741 5005 3022 5071 praecessit
3064 5010 3325 5069 cunctos,
3364 4999 3738 5072 supereminet

2139 5096 2432 5152 universis.
2490 5096 2788 5164 Propterea
2823 5110 3183 5166 qumcnmque
3219 5095 3377 5164 virgo
3418 5093 3525 5148 sibi
3562 5091 3630 5146 ab
3668 5104 3729 5144 ea

2140 5202 2289 5262 optat
2320 5191 2599 5259 praemium
2621 5201 2677 5246 et
2706 5191 2959 5260 implorat
2989 5189 3246 5245 auxilium
3266 5230 3282 5252 ,
3328 5188 3502 5244 debet
3539 5182 3733 5240 imitari

2141 5282 2474 5351 exemplum.
2501 5281 2652 5353 Rogo
2681 5296 2801 5347 vos,
2836 5300 2868 5338 ο
2897 5282 3152 5351 virgines,
3177 5294 3310 5349 rogo
3328 5293 3387 5335 et
3403 5276 3733 5337 voluminu-

2139 5376 2323 5431 tamini
2357 5374 2577 5432 Paulam
2608 5374 2825 5430 viduam
2858 5384 3109 5439 matrem,
3131 5373 3423 5441 exemplar
3451 5371 3729 5427 continen—

2137 5470 2224 5523 tite
2252 5476 2310 5524 et
2336 5468 2622 5523 castitatis.
2646 5467 2938 5524 lmitamini
2966 5466 3351 5531 Eustochium,
3383 5481 3545 5535 quam
3570 5463 3730 5517 halic-

2135 5563 2204 5618 tis
2229 5564 2507 5619 vobiscum
2549 5563 2809 5630 virginem
2834 5606 2848 5627 ,
2874 5573 2929 5617 et
2959 5562 3251 5617 tortuosae]
3284 5559 3556 5629 perfecta:
3590 5560 3722 5611 inte-

2136 5654 2368 5724 gritatis.
2394 5653 2547 5722 Quod
2578 5654 2629 5709 si
2656 5656 2835 5710 minus
2868 5651 2923 5708 in
2955 5653 3038 5709 eis
3074 5662 3161 5707 est
3187 5692 3201 5717 ,
3241 5666 3413 5719 quam
3470 5652 3521 5704 in
3558 5659 3723 5704 metu

2137 5748 2381 5815 Domini,
2414 5749 2580 5805 immo
2604 5749 2730 5819 quia
2752 5756 2865 5817 est,
2899 5745 3112 5805 habetis
3144 5744 3298 5819 prole
3340 5744 3628 5803 fecundam
3668 5750 3721 5797 et
