3916 6288
216 241 293 300 Ill
460 234 782 295 EPISTULA
822 235 916 294 IX.
960 236 1050 294 AD
1088 236 1373 297 PAULAM
1410 236 1498 297 ET
1539 234 2001 315 EUSTDGIIIUM,
2045 237 2134 301 DE
2174 237 2658 298 ASSUMPTIONE
2697 238 2760 296 Β.
2805 239 2871 298 ν.
2912 239 3178 300 ΜΑΒῘΔ.
3323 238 3430 305 ηε

211 357 434 430 virginem
486 364 784 426 perpetuam
827 373 841 411 :
874 355 998 425 quia
1039 355 1180 417 sicut
1228 356 1280 409 in
1328 354 1735 425 comparatione
1762 352 1816 433 Α
1843 362 2019 409 tamen
2044 369 2393 427 qntrcumque
2409 354 2520 425 jam
2546 355 2721 412 soluta
2746 364 2835 423 est
2854 354 3091 424 vinculo,
3112 364 3165 412 et
3185 354 3426 423 cmleStia

210 453 302 517 Dei,
331 465 481 506 nemo
505 450 691 515 bonus,
714 450 785 507 ita
808 460 860 504 et
889 449 942 504 in
968 449 1375 523 comparatione
1414 448 1601 503 matris
1634 448 1738 502 Do-
1842 459 2099 509 sectatur.
2136 448 2262 505 Ideo
2303 449 2474 507 vidua:
2512 465 2731 520 semper
2761 448 3059 519 virginibus
3089 453 3228 515 bene
3260 468 3427 523 copu-

204 546 310 602 tnini
330 545 461 602 nulla
489 544 750 603 invenitur
776 544 1036 615 perlecta,
1060 545 1305 615 quamvis
1326 542 1611 599 virtutibus
1625 542 1737 599 exi-
1838 540 2036 608 lantur,
2065 552 2119 596 ut
2144 545 2218 596 ait
2242 544 2530 610 Apostolus
2555 561 2570 598 :
2601 542 2793 597 Mulier
2812 544 3124 612 ittnupta,ct
3150 545 3311 615 virgo,
3342 560 3430 599 co.

200 640 298 694 aliis
316 638 697 704 comprobatur.
728 636 880 693 Unus
901 646 985 701 est
1013 637 1174 694 Pater
1200 645 1403 704 noster,
1423 638 1513 710 qui
1542 635 1594 689 in
1622 650 1735 691 coe-
1835 636 1965 705 gitut
1995 652 2106 708 quia
2133 646 2251 692 sunt
2280 635 2507 703 Domini,
2535 644 2590 689 ut
2615 639 2683 691 sit
2717 646 2897 692 sancta
2922 654 3135 710 corpore
3161 645 3208 691 et
3236 638 3425 709 spiritu

198 732 246 785 lis
265 739 333 785 at
363 747 376 783 :
407 744 541 785 unus
567 740 618 789 et
650 730 942 801 magister:
974 745 1078 785 una
1095 740 1181 785 est
1212 730 1381 787 forma
1406 712 1731 802 virginitatis
1840 726 1879 795 (I
1902 724 2023 781 Cor.
2052 741 2134 796 ix,
2160 725 2251 797 54)
2280 744 2293 779 :
2321 726 2720 797 quodammodo
2748 727 2893 789 enim
2918 727 3293 797 magisterium
3316 731 3423 786 vir-

196 823 235 876 in
260 821 425 888 Maria,
450 823 531 877 cui
556 836 654 881 vos
684 836 876 883 omnes
906 831 964 879 ut
989 820 1281 893 imaginem
1315 822 1621 879 reformatis
1648 821 1732 879 in-
1830 818 2092 889 ginitatis,
2139 818 2419 873 viduarum
2451 818 2635 887 gliscit
2670 827 2727 873 et
2751 819 3094 875 confortatur
3130 821 3418 891 exemplis.

194 914 450 985 tegritatis,
484 913 672 971 faciem
713 915 1025 984 imprimere
1055 915 1267 973 debetis
1303 916 1358 971 in
1391 915 1725 985 sculpturam

191 1006 379 1079 Spiritus
406 1007 594 1063 saneti.
629 1008 896 1077 Quoniam
927 1010 1041 1066 haec
1066 1018 1152 1065 est
1185 1010 1375 1067 hortus
1401 1011 1722 1081 conclusus,

190 1099 281 1155 fons
300 1100 541 1169 signatus,
576 1112 769 1170 puteus
798 1118 1057 1172 aquarum
1094 1103 1390 1165 viventium
1430 1101 1613 1175 (Cant.
1645 1119 1720 1171 tv,

192 1194 288 1263 15),
319 1193 375 1247 ad
403 1210 560 1265 quam
596 1194 727 1248 nulli
762 1205 1056 1267 potuerunt
1092 1194 1203 1250 doli
1244 1197 1547 1267 irrumpere
1572 1239 1587 1263 ,
1623 1211 1722 1253 nec

187 1286 416 1355 praevaluit
441 1284 588 1340 fraus
616 1286 840 1351 inimici,
874 1286 971 1345 sed
1004 1286 1305 1359 permansit
1335 1296 1517 1343 sancta
1540 1298 1719 1343 mente

189 1392 231 1434 et
257 1395 472 1449 corpore,
514 1380 706 1447 niultis
742 1380 1013 1441 donorum
1060 1382 1359 1454 privilegiis
1405 1384 1715 1440 sublimata.

191 1470 344 1526 Idcirco
368 1473 493 1529 hanc
525 1473 818 1528 imitamini
847 1474 1415 1547 moribus,sequitnini
1439 1478 1713 1545 castitate,

187 1564 304 1632 hujus
329 1566 602 1634 implorate
632 1568 916 1627 auxilium.

232 1656 357 1713 XVII.
389 1657 538 1725 Quod
573 1659 617 1714 si
658 1675 768 1728 me,
800 1660 924 1730 quia
957 1662 1027 1715 ita
1069 1662 1282 1733 loquor,
1330 1665 1714 1735 praesumptio-

1829 927 1949 982 quae
1978 926 2097 967 cum
2141 912 2274 966 viris
2307 921 2515 965 castum
2554 911 2893 967 servaverint
2928 912 3279 979 connubium,
3316 914 3421 966 do-

1827 1013 1955 1059 cent
1991 1004 2356 1074 integritatem
2379 1003 2554 1075 magis
2584 1003 2881 1074 virginibus
2912 1004 3020 1061 Deo
3044 1007 3364 1063 servandam
3404 1027 3413 1058 :

1824 1105 1880 1151 et
1920 1096 2064 1169 quod
2111 1098 2501 1166 propemodum
2540 1112 2649 1155 non
2686 1096 2963 1153 inferioris
3013 1099 3225 1159 virtutis
3261 1110 3346 1159 est
3386 1116 3421 1153 ει

1824 1189 2075 1260 conjugio
2124 1190 2403 1245 abstinere
2432 1230 2448 1256 ,
2497 1190 2642 1261 quod
2697 1189 2988 1261 aliquando
3041 1184 3414 1256 delectaverit,

1819 1294 1980 1351 quam
2011 1280 2246 1352 coniugii
2290 1280 2685 1337 delectamento
2716 1282 2931 1336 nescire
2957 1298 2971 1335 :
2999 1280 3057 1336 In
3091 1292 3319 1354 utroque
3348 1284 3414 1339 sl-

1817 1373 2036 1443 quidem
2076 1375 2246 1443 gradu
2288 1373 2548 1430 fortitudo
2595 1374 2878 1442 laudatur,
2915 1386 2970 1429 et
3012 1377 3251 1431 cmlestis
3288 1377 3411 1430 vitae

1820 1467 2146 1535 praedicatur
2196 1468 2392 1521 virtus.
2439 1467 2646 1522 Idcirco
2690 1468 3066 1538 cognationem
3124 1468 3236 1537 jam
3287 1485 3410 1523 cum

1815 1560 2037 1616 Christo
2077 1568 2306 1630 uterque
2341 1559 2477 1615 ordo
2521 1559 2765 1615 sortitur.
2811 1559 2964 1616 Unde
2999 1560 3259 1615 Dominus
3295 1578 3310 1616 :
3349 1562 3411 1616 Si

1814 1636 1948 1725 quis,
1974 1653 2165 1724 inquit,
2195 1653 2372 1725 fecerit
2393 1654 2707 1709 voluntatem
2729 1652 2902 1731 Patris
2933 1654 3053 1719 mei,
3076 1655 3165 1725 qui
3194 1655 3247 1707 in
3269 1654 3414 1711 caelis

178 1749 238 1804 nis
265 1750 370 1805 velit
390 1767 619 1823 arguere
642 1753 950 1811 invidorum
980 1756 1196 1827 aliquis,
1222 1757 1366 1826 quod
1396 1759 1549 1815 vobis
1578 1760 1682 1814 scri

1816 1757 1910 1812 est,
1933 1747 2041 1819 ipse
2054 1764 2197 1801 meus
2212 1751 2397 1817 frater,
2414 1763 2559 1803 soror
2575 1758 2619 1802 et
2632 1758 2793 1803 mater
2804 1758 2876 1802 est
2898 1745 3116 1819 (Matth.
3138 1764 3305 1817 χχιιι,
3326 1748 3405 1820 5);

178 1845 325 1912 pserim
355 1861 366 1897 :
395 1854 591 1914 arguat
627 1846 946 1903 charitatem
991 1861 1151 1919 atque
1178 1851 1550 1923 dilectionem,
1590 1856 1712 1925 quia

177 1937 424 2009 rogantibus
452 1937 614 1993 vobis
645 1955 711 1995 ne
739 1939 844 1996 hoc
882 1942 1099 2012 quidem
1130 1944 1448 2014 inexpertus
1471 1945 1713 2016 judicavi

178 2029 432 2099 negmdum.
472 2030 646 2086 Malui
686 2035 828 2097 enim
864 2036 1120 2115 excipere
1161 2038 1414 2095 ruborem
1460 2040 1707 2115 pudoris,

183 2135 291 2189 quam
311 2137 400 2178 non
430 2126 660 2197 exsequi
699 2126 995 2197 iussionem
1025 2138 1260 2191 vestram
1280 2173 1295 2199 ,
1332 2148 1558 2201 quarum
1588 2150 1709 2202 pre-

183 2213 701 2290 cibusiionnumquam
754 2220 896 2276 Deus
941 2232 1128 2281 noster
1179 2225 1401 2281 obedire
1453 2226 1705 2282 videtur:

178 2311 402 2373 presertim
430 2328 558 2367 cum
598 2313 844 2370 habeatis
873 2316 1176 2387 vobiscum,
1208 2334 1343 2390 quas
1374 2319 1575 2375 imitari
1600 2320 1709 2377 vir-

172 2403 257 2455 tutis
274 2415 358 2471 est,
379 2420 495 2467 cum
523 2406 730 2475 quibus
755 2406 966 2465 discere
989 2413 1218 2481 potestis
1243 2428 1258 2464 :
1283 2410 1534 2469 affectum
1560 2428 1590 2467 a
1618 2430 1706 2473 me

165 2495 295 2558 potius
318 2508 459 2566 quam
493 2498 873 2567 magisterium
912 2502 980 2557 ad
1019 2501 1235 2558 Iaudem
1270 2501 1431 2574 hujus
1469 2503 1577 2559 diei
1611 2519 1702 2559 re-

160 2588 361 2654 quisistis.
382 2588 535 2647 Unde
564 2606 827 2655 excusare
853 2608 957 2648 non
980 2592 1143 2650 debui
1164 2603 1388 2666 propter
1408 2596 1704 2653 observan-

160 2679 258 2732 tiam
275 2684 547 2751 gvavitatis,
589 2701 654 2740 ne
682 2685 1019 2755 impartirem
1043 2686 1319 2741 devotioni
1344 2695 1563 2758 vestrm,
1580 2703 1701 2758 quae

158 2772 407 2830 mandastis.
430 2777 593 2844 Quod
617 2778 661 2830 si
689 2778 888 2833 docere
909 2777 1155 2848 nequivi,
1182 2778 1379 2841 saltem
1398 2778 1464 2835 ad
1489 2779 1696 2834 laudem

154 2872 281 2920 tanta:
316 2870 513 2942 virginis
550 2872 833 2929 exhortari
890 2874 1115 2929 omnino
1150 2862 1338 2930 curavi
1377 2891 1392 2926 :
1433 2884 1699 2945 quatenus

151 2972 228 3014 non
250 2961 460 3021 deessem
489 2966 659 3019 vobis
687 2976 847 3036 quem
882 2965 1105 3038 diligitis
1138 2966 1189 3021 in
1221 2966 1310 3022 die
1335 2976 1498 3022 tanta:
1542 2966 1695 3023 festi-

147 3052 303 3120 vitatis,
336 3056 420 3110 sed
439 3056 711 3129 jungercr
739 3058 1009 3133 precibus,
1039 3058 1301 3130 jnngerer
1322 3059 1485 3125 votis,
1518 3059 1561 3113 si
1588 3075 1693 3129 quo

1818 1842 1907 1897 ubi
1940 1858 2046 1896 non
2078 1856 2260 1909 sexus,
2310 1858 2416 1899 non
2450 1853 2601 1913 altas,
2636 1856 2739 1899 non
2768 1841 3010 1899 conditio
3048 1841 3406 1910 discernitur,

1816 1937 1934 2002 sed,
1959 1936 2052 2008 qui
2082 1937 2292 2003 iecerit,
2318 1938 2507 2008 inquit,
2538 1937 2853 1995 voluntatem
2884 1936 3060 1991 Patris
3088 1941 3205 2008 mei,
3236 1939 3326 2010 qui
3354 1939 3408 1994 in

1814 2029 1952 2086 caelis
1980 2041 2076 2086 est.

1882 2122 2026 2179 XIX.
2061 2122 2212 2180 Unde
2241 2122 2370 2193 quia
2404 2123 2573 2179 libera
2611 2122 2839 2181 Iacultas
2864 2125 3076 2183 cunctis
3106 2134 3404 2195 prestatur,

1812 2225 2008 2284 estote,
2038 2216 2394 2281 citatissimae,
2425 2215 2491 2271 ad
2518 2212 2574 2270 id
2593 2217 2736 2293 quod
2767 2230 2865 2270 vos
2890 2216 3090 2271 Christi
3119 2218 3288 2287 gratia
3312 2234 3406 2275 vo-

1809 2313 1975 2377 cavit,
2004 2319 2181 2375 estote
2210 2320 2414 2367 matres
2442 2309 2643 2366 Christi
2671 2325 2733 2364 ac
2758 2324 2997 2380 sponsae.
3040 2320 3213 2389 estote
3248 2326 3404 2366 sora»

1808 2418 1899 2467 res
1928 2418 1994 2458 ac
2039 2403 2352 2473 propinqua:
2389 2420 2402 2456 :
2433 2402 2559 2473 quia
2586 2404 2730 2474 quod
2768 2417 2933 2456 carne
2972 2418 3081 2459 non
3129 2404 3399 2474 potuistis,

1808 2494 1977 2566 gratia
2008 2502 2184 2559 totum
2211 2493 2575 2551 condonatum
2609 2502 2693 2549 est
2721 2494 2896 2548 vobis.
2933 2492 3000 2547 Et
3032 2492 3152 2550 ideo
3192 2493 3397 2564 diligite

1808 2597 2037 2645 matrem
2065 2586 2305 2654 Domini,
2337 2602 2459 2654 qua:
2487 2586 2645 2643 vobis
2673 2600 2934 2657 sponsum
2961 2586 3151 2656 genuit
3177 2587 3400 2647 immor-

1807 2681 1968 2736 talem
1995 2698 2008 2734 :
2032 2680 2188 2751 cujus
2214 2689 2269 2736 et
2291 2680 2572 2736 vobiscum
2596 2694 2754 2734 soror
2774 2688 2857 2739 cst
2883 2679 3022 2752 ipsa,
3053 2678 3175 2752 quia
3207 2682 3399 2735 volun-

1806 2780 1970 2828 tatem
1993 2773 2159 2843 patris
2183 2771 2329 2839 l‘ecit,
2359 2781 2418 2827 ut
2445 2780 2590 2827 esset
2621 2780 2813 2826 mater.
2840 2768 3155 2842 Propinqua
3180 2773 3395 2847 quidem

1805 2865 1958 2920 vobis
1988 2879 2095 2919 non
2130 2879 2315 2935 carne,
2347 2864 2441 2919 sed
2472 2864 2670 2935 spiritu
2706 2882 2719 2918 :
2751 2874 2810 2920 ut
2837 2862 3016 2922 unitas
3044 2868 3398 2925 commende-

1805 2969 1893 3025 tur
1924 2958 2204 3025 Ecclesiae,
2236 2966 2292 3013 et
2332 2958 2568 3017 societas
2601 2957 2842 3029 corporis
2875 2956 3077 3031 Christi
3123 2958 3397 3032 intelliga—

1803 3058 1910 3107 tur.
1946 3052 2019 3107 Ex
2050 3066 2157 3122 quo
2185 3051 2447 3115 Dominus
2477 3069 2489 3103 :
2528 3049 2681 3119 Volo,
2716 3049 2899 3119 Pater,
2930 3048 3128 3121 inquit,
3157 3055 3278 3129 quia
3302 3072 3394 3128 ego

146 3144 268 3199 modo
292 3158 454 3204 mente
485 3150 561 3204 ad
595 3165 657 3204 ea
688 3150 970 3206 vobiscum
1004 3152 1207 3207 elevari
1249 3166 1462 3208 merear
1494 3151 1688 3208 vestris
1720 3132 1769 3196 C
1790 3156 1844 3205 et
1873 3156 1925 3209 tu
1950 3164 2112 3202 unum
2138 3163 2339 3211 sumus,
2369 3156 2426 3215 με
2449 3156 2496 3205 et
2518 3147 2617 3216 ipsi
2648 3149 2701 3200 in
2730 3146 2874 3207 nobis
2897 3163 3060 3201 unum
3083 3150 3186 3203 sint
3206 3146 3387 3218 (Joan.

142 3236 501 3309 suifragantibus
526 3242 767 3308 meritis,
798 3242 863 3297 ad
896 3258 1019 3313 qua:
1046 3245 1295 3313 pervenit
1325 3245 1485 3300 beata
1515 3255 1568 3301 et
1600 3246 1684 3300 in-

145 3338 350 3385 temerata
386 3336 536 3407 virgo
583 3334 775 3403 Maria.
820 3335 959 3391 Ecce
1000 3334 1262 3393 hodierna
1303 3337 1390 3394 die
1423 3338 1489 3399 ad
1530 3339 1682 3395 illum

140 3427 402 3490 praclarum
436 3439 490 3483 et
528 3429 884 3499 splendidum
909 3429 1163 3486 thronum
1196 3432 1534 3503 angelorum,
1565 3433 1681 3503 ipsa

139 3530 207 3583 per
224 3518 557 3577 humilitatem
578 3530 631 3577 et
655 3523 1015 3595 integritatem
1041 3525 1223 3581 carnis
1246 3525 1509 3592 ascendit,
1540 3526 1682 3582 unde

138 3606 491 3683 intemperantia
535 3615 669 3670 olim
723 3615 950 3673 eximios
991 3616 1444 3690 archangelorum
1493 3628 1549 3674 et
1589 3633 1681 3674 sn-

136 3704 274 3766 perbia
314 3706 523 3777 deiecit.
578 3707 925 3778 Quapropter
965 3708 1217 3780 gaudete,
1271 3710 1542 3782 gaudete,
1596 3711 1681 3766 in~

134 3806 273 3865 quam,
301 3798 412 3867 quia
443 3799 602 3853 vobis
632 3797 716 3853 via
740 3802 1010 3873 patefacta
1038 3810 1125 3856 est
1152 3801 1438 3857 caelorum.
1470 3802 1676 3869 Quam-

132 3886 193 3939 vis
208 3892 327 3947 enim
346 3894 499 3948 nobis
530 3892 722 3950 eadem
747 3894 1134 3965 promittantur
1154 3914 1168 3952 :
1187 3898 1343 3961 vobis
1364 3907 1542 3963 tamen
1561 3899 1673 3969 jam

134 3992 285 4045 praesto
311 3997 449 4052 sunt,
477 4001 603 4057 quae
642 4001 765 4042 cum
805 3988 1013 4060 angelis
1054 3989 1516 4063 incorruptionem
1552 4008 1673 4049 ser-

131 4072 255 4128 vatis.
285 4076 400 4145 Quae
426 4079 561 4135 licet
589 4080 656 4135 de
683 4081 787 4136 hoc
818 4084 1022 4137 mundo
1050 4084 1191 4151 sitis,
1227 4095 1426 4153 tamen,
1461 4087 1672 4144 favente

132 4160 229 4233 Deo,
241 4166 332 4235 jam
354 4172 406 4226 in
431 4173 537 4227 hoc
562 4174 764 4229 mundo
787 4190 892 4231 non
913 4176 1046 4232 estis
1076 4196 1087 4228 :
1113 4178 1240 4249 quia
1265 4189 1319 4235 et
1337 4178 1385 4235 si
1409 4181 1670 4237 maculam

132 4270 199 4311 toi
223 4257 395 4319 habere
428 4267 652 4334 meruit,
690 4277 878 4324 tenere
903 4270 1126 4325 omnino
1150 4287 1259 4326 non
1290 4272 1481 4342 potuit.
1507 4273 1669 4331 Beata

133 4345 267 4439 itaque
291 4352 444 4411 Maria
478 4358 643 4412 hodie
668 4359 778 4429 jam
811 4361 879 4416 ab
917 4363 1171 4419 omnibus
1213 4366 1465 4435 gentibus
1506 4368 1669 4439 longe

128 4433 288 4513 lateque
305 4448 633 4517 przedicatur
663 4469 674 4505 :
703 4459 760 4505 et
787 4453 941 4509 vobis
970 4471 1089 4526 quae
1108 4433 1307 4515 secuta:
1324 4459 1455 4517 estis
1479 4433 1669 4527 exem-

128 4534 230 4595 plum
256 4546 406 4595 tanta:
436 4543 688 4615 virginis,
720 4546 1006 4611 beatitudo
1035 4550 1375 4609 condonatur
1401 4554 1659 4611 celestis.

126 4622 225 4690 Quas
247 4648 339 4687 non
367 4636 647 4694 illecebrae
673 4640 973 4697 sollicitant
998 4644 1268 4716 corporis,
1297 4663 1405 4703 non
1428 4648 1665 4707 colluvio

127 4726 367 4794 Ρηρίιιὶιει
386 4732 708 4803 voluptatis,
738 4751 845 4791 non
869 4746 1033 4791 aestus
1055 4736 1355 4795 inﬂammat
1379 4743 1665 4802 incentivtn

127 4818 272 4883 tantis,
315 4819 477 4879 immo
516 4825 761 4897 angelica
807 4827 1033 4884 imitatio
1081 4829 1316 4889 delectat
1353 4834 1407 4890 in
1456 4835 1662 4895 terris:

126 4918 299 4995 auorum
330 4916 379 4969 in
409 4916 595 4973 futuro
633 4920 910 4993 aequalitas
947 4927 1341 4995 rcpromittitur
1386 4928 1439 4984 in
1484 4929 1660 4993 caelis.

126 4992 255 5058 Beata:
280 5006 434 5079 igitur
476 5012 634 5081 estis,
684 5015 825 5083 illim,
861 5016 957 5083 sed
993 4992 1048 5074 et
1092 5019 1263 5077 beata;
1306 5021 1504 5090 vidum,
1536 5039 1660 5094 ante

122 5093 311 5151 celibem
339 5100 390 5155 in
412 5099 632 5159 Christo
656 5106 935 5164 vobiscum
965 5109 1171 5179 ducunt
1198 5113 1363 5181 vitam
1389 5130 1405 5169 :
1430 5114 1557 5185 quia
1576 5130 1663 5174 se-

122 5188 296 5253 ευυάυαι
318 5193 633 5266 Apostolum
660 5199 905 5259 liberata:
936 5218 963 5256 a
996 5203 1115 5275 lege
1140 5205 1261 5277 viri,
1296 5206 1376 5263 sic
1404 5224 1655 5279 perman-

123 5285 273 5370 δίδωθι.
300 5282 527 5357 Beatior,
557 5290 749 5360 inquit,
781 5295 899 5361 erit,
932 5296 978 5351 si
1003 5296 1075 5351 sic
1102 5301 1441 5370 permanserit
1467 5318 1656 5357 secun-

124 5365 208 5469 άξηι
228 5390 373 5431 meum
396 5382 687 5437 comitium.
721 5384 857 5443 Puto
888 5390 1046 5464 enim,
1072 5365 1166 5457 ait,
1198 5393 1333 5459 quod
1355 5404 1404 5449 et
1426 5411 1516 5467 ego
1542 5396 1654 5468 spi-

124 5474 232 5557 tium
253 5469 348 5565 pri
379 5476 581 5535 habeo:
610 5483 893 5541 evidenter
923 5488 1115 5544 volens
1151 5491 1474 5563 exprimere,
1519 5494 1652 5565 quid

128 5563 285 5658 'ﬂltrrit
314 5566 447 5623 inter
475 5586 613 5640 eam,
654 5591 773 5642 qua:
804 5577 980 5632 adhuc
1019 5587 1102 5637 est
1129 5581 1317 5649 juncta
1358 5584 1476 5657 lege
1506 5563 1648 5656 viro,

124 5656 288 5750 ttginter
311 5676 451 5727 eam,
483 5679 599 5735 quae
624 5667 734 5738 jam
767 5669 941 5725 soluta
983 5672 1197 5731 vinculo
1222 5656 1433 5733 beatior
1453 5681 1652 5750 praedi-

124 5746 251 5801 catur.
271 5748 410 5820 Quod
432 5755 479 5811 si
506 5767 730 5833 utraque
761 5761 935 5833 beata,
958 5767 1082 5841 quia
1104 5767 1159 5825 in
1181 5768 1419 5845 Christo,
1438 5746 1653 5839 beatior

1794 3254 2011 3303 xxxvn,
2054 3239 2170 3311 ‘21).
2203 3237 2334 3315 Qtue
2367 3237 2616 3313 profecm
2649 3237 2828 3293 unitas
2869 3254 2965 3308 per
2995 3254 3161 3303 unum
3188 3241 3393 3299 media-

1791 3341 1962 3389 torem
1996 3332 2092 3389 Dei
2124 3342 2178 3389 et
2214 3332 2495 3397 hominum
2524 3332 2778 3399 efﬁcitur.
2811 3330 2997 3387 Facite
3030 3348 3162 3404 ergo
3198 3335 3389 3397 volun-

1788 3434 1955 3483 tatem
1993 3426 2169 3483 Patris
2202 3436 2256 3487 et
2288 3440 2405 3499 vos,
2439 3434 2495 3493 ut
2535 3441 2699 3483 unum
2741 3440 2864 3489 esse
2899 3426 3139 3496 possitis.
3182 3426 3388 3486 Ornate

1790 3520 2070 3590 lampades
2107 3530 2349 3597 vestras,
2402 3519 2673 3585 occurrite
2713 3534 2936 3595 sponso,
2973 3520 3100 3591 quia
3143 3522 3256 3591 jam
3316 3523 3385 3579 ad

1785 3616 1984 3672 ostium
2008 3615 2203 3686 pulsat,
2231 3623 2288 3671 et
2307 3626 2558 3682 matrem,
2585 3616 2632 3672 si
2657 3632 2774 3680 eam
2796 3612 3041 3687 diligitis,
3070 3619 3382 3689 sequimini.

1784 3706 1930 3764 Intus
1958 3716 2138 3764 autem
2162 3716 2346 3777 parate
2376 3716 2433 3764 et
2459 3720 2648 3765 ornate
2674 3708 2949 3781 lampades
2974 3720 3209 3778 vestras,
3256 3715 3384 3785 quia

1785 3801 1908 3856 tiliae
1948 3802 2095 3871 regis
2138 3802 2291 3856 estis.
2324 3801 2513 3857 Omnis
2542 3802 2689 3857 enim
2721 3801 2890 3871 gloria
2922 3812 3100 3859 vestra
3130 3804 3201 3858 ab
3234 3806 3379 3861 intus

1780 3895 1873 3962 sit,
1899 3906 1954 3952 et
1985 3897 2131 3959 intus
2159 3895 2372 3961 habete,
2401 3895 2544 3973 quod
2569 3895 2708 3951 foris
2734 3897 2913 3953 luceat
2937 3915 2952 3951 :
2982 3913 3049 3953 ne
3067 3898 3210 3961 forte
3237 3900 3381 3956 inter

1780 3986 1879 4051 has
1909 3988 2287 4045 solemnitates
2318 3984 2631 4061 priusquam
2669 4004 2905 4056 sponsus
2946 3991 3148 4059 veniat,
3184 4002 3377 4057 vestra:

1778 4081 2054 4153 lampades
2092 4082 2521 4153 exstinguantur.
2561 4080 2697 4139 Nam
2723 4081 3014 4139 celebritas
3054 4082 3214 4153 huius
3241 4084 3371 4155 diei,

1778 4190 1883 4231 non
1910 4174 2013 4239 nisi
2043 4174 2288 4233 accensis
2312 4175 2658 4246 lampadibus
2682 4176 2829 4237 intus
2858 4184 2914 4231 et
2933 4175 3065 4233 loris
3092 4186 3246 4239 recte
3272 4193 3371 4235 co-

1776 4266 1926 4327 litur.
1969 4266 2096 4323 Ideo
2124 4266 2411 4332 emendum
2443 4275 2528 4331 est
2556 4268 2735 4331 oleum
2774 4268 2905 4327 dum
2931 4279 3107 4336 vacat,
3142 4284 3214 4327 ne
3248 4288 3370 4327 cum

1774 4374 2004 4431 sponsus
2031 4360 2264 4429 venerit,
2289 4359 2431 4431 quod
2452 4360 2612 4429 absit,
2639 4376 2821 4416 vacttm
2845 4362 3214 4419 inveniamini.
3241 4364 3372 4422 Pro-

1772 4460 1956 4522 pterea
1996 4468 2117 4524 qua:
2152 4467 2366 4510 sursum
2396 4464 2523 4509 sunt
2566 4455 2765 4524 sapite,
2810 4453 2901 4509 ubi
2938 4455 3098 4513 beata
3126 4460 3377 4528 pervenit

1694 4526 1962 4618 Ill’irgo,
2001 4555 2057 4601 ct
2088 4562 2193 4603 non
2232 4562 2351 4618 qua:
2394 4561 2558 4616 super
2590 4555 2820 4613 terram;
2857 4548 2982 4620 quia
3020 4526 3202 4605 vestra
3234 4566 3368 4607 con-

1772 4638 2032 4707 versatio,
2065 4640 2106 4693 si
2137 4640 2266 4693 estis
2286 4639 2394 4707 jam
2425 4639 2566 4709 quod
2590 4639 2839 4708 vovistis,
2866 4641 2918 4695 in
2947 4642 3102 4697 cmlis
3134 4642 3250 4698 fore
3270 4644 3367 4700 dc-

1773 4732 1883 4788 bet.
1912 4732 2042 4788 lllnc
2066 4731 2282 4804 dirigite
2307 4744 2563 4802 mentem,
2597 4734 2724 4789 illuc
2744 4735 3064 4797 abscondite
3086 4737 3251 4793 vitam
3279 4754 3367 4797 ve-

1772 4836 1966 4892 stram,
2008 4824 2182 4880 donec
2206 4833 2550 4896 pertranseat
2600 4825 2750 4882 furor
2782 4828 3015 4896 Domini,
3058 4844 3168 4900 quo
3209 4831 3364 4893 beata

1774 4917 1867 4985 Dei
1886 4916 2117 4991 genitrix
2143 4916 2302 4973 hodie
2318 4918 2564 4987 pervenit
2588 4936 2601 4973 :
2627 4920 2701 4973 ibi
2724 4935 2956 4993 namque
2979 4923 3189 4979 habetis
3206 4939 3366 4994 span-

1770 5025 1914 5073 sum,
1934 5008 2004 5067 ibi
2029 5006 2359 5077 pontificem,
2387 5009 2462 5065 ibi
2484 5011 2665 5067 omnia
2688 5026 3042 5085 quzccumque
3065 5017 3360 5086 quaesistis.

1768 5101 1900 5158 Illuc
1926 5100 2141 5173 dirigite
2169 5112 2431 5172 mentem,
2462 5110 2520 5159 ut
2538 5119 2662 5160 cum
2687 5103 2937 5167 Christus
2960 5105 3195 5179 Virginis
3220 5110 3364 5169 ﬁlius

1766 5198 2077 5269 apparuerit
2107 5197 2160 5265 in
2192 5195 2297 5261 line
2320 5199 2529 5265 saeculi,
2556 5213 2678 5259 cum
2710 5199 2829 5272 ipso
2850 5210 2907 5258 et
2932 5216 3030 5258 vos
3056 5206 3366 5275 apparentia

1765 5291 1822 5347 in
1846 5291 2035 5364 gloria.
2068 5292 2266 5353 Amen.

1915 5424 2229 5483 MONITUM
2258 5425 2326 5483 IN
2358 5426 2742 5485 EPISTOLAM
2771 5428 3212 5500 SEQUENTEI.

1841 5560 2076 5619 Fulberti
2108 5562 2431 5627 Carnutensis
2470 5581 2755 5635 renuntiem
2791 5568 2928 5627 hunc
2967 5587 3094 5635 esse,
3135 5572 3217 5624 uix
3248 5585 3359 5626 nu

1764 5636 1969 5711 dubito,
1994 5643 2083 5711 aut
2112 5654 2173 5711 ne
2202 5636 2544 5711 rixgquidem.‘
2565 5632 2657 5711 Illi
2691 5653 2824 5696 certe
2856 5632 3129 5695 ascribitur
3154 5642 3205 5695 in
3230 5657 3358 5711 quo-

1766 5708 1890 5761 dam
1917 5707 2093 5769 Itaque
2123 5705 2435 5763 Parisiensis
2465 5708 2706 5763 Biblioth.
2746 5729 2838 5766 ms.
2881 5712 2970 5764 sub
3014 5728 3155 5765 num.
3215 5705 3359 5769 575‘!

1762 5780 1941 5839 statim
1960 5777 2023 5835 ab
2041 5779 2141 5836 isto
2162 5777 2724 5853 Prendo-Hieronymi,
2743 5800 2889 5855 quem
2914 5784 3067 5839 mdo
3090 5784 3365 5844 recensui-
