3916 6288
444 244 550 307 145

1458 241 1516 297 S.
1557 234 1937 295 llIERONYMl
1976 232 2256 295 OPERUM
2298 232 2661 291 MANTISSA.

3596 227 3691 293 HI

440 382 589 422 ntus:
611 376 716 420 tum
739 361 791 419 in
813 364 976 422 altero
1000 359 1593 427 Son-Germanensi,qui
1620 356 1762 410 varia
1784 353 2033 427 opuscula
2060 351 2116 415 Α
2140 352 2409 408 admonita
2457 350 2601 422 quod
2651 346 2857 403 audivit
2882 388 2897 415 ,
2955 344 3153 402 meruit
3197 342 3523 401 sanctiﬁcata
3566 346 3693 417 quod

439 442 766 509 incompacta
805 439 1025 509 continet
1059 452 1085 509 ς
1114 434 1312 509 tametsi
1344 432 1396 483 in
1438 426 1653 509 utroque
1674 426 1894 509 _u_on.d.e
1931 428 2034 506 Aso-

442 496 857 578 sumptioue,sed
881 508 947 563 de
968 505 1440 578 Nativimtebeata:
1466 496 1647 578 hiat-ia;
1674 498 1923 578 Virginis,

445 569 693 651 prisiinus
712 569 821 651 ejus
844 590 918 633 est
940 579 1136 637 titulus,
1162 575 1489 651 inscribatur.
1515 570 1743 651 Denique
1764 582 1819 651 et.
1838 570 1890 621 in
1921 569 2038 649 aliis

444 640 589 707 iibris
626 640 976 721 sub:cjusdcm
1007 649 1241 721 auctoris
1264 647 1490 721 nomine,
1517 641 1911 721 _teste_0u.dino,
1944 640 2039 721 itt-

444 726 667 778 venitur.
702 710 874 773 Etiam
902 734 1066 772 sermo
1088 716 1199 771 208
1224 718 1276 769 in
1310 710 1607 785 Appendice
1638 713 1700 785 S.
1734 710 2031 783 Augustini,

445 796 617 865 quiin
643 792 1062 865 -ΙιιξυιιηίιξηλςἔψηΔ
1083 784 1363 859 plerisque,
1387 795 1441 839 ut
1480 786 1578 852 ipsi
1615 784 1901 865 obseruarat,
1940 798 2036 834 ms.

448 855 612 920 eidem
634 861 880 915 Fufberto
908 855 1174 922 tribuitur,
1207 855 1391 931 ntugnu
1423 874 1485 910 ea:
1512 866 1656 928 parte
1686 855 2041 931 iisdem-atque

446 938 542 991 iste
570 935 805 996 laciniis,
835 932 1094 995 verbisque
1127 924 1339 983 totidem
1382 924 1579 981 constat
1606 944 1625 981 :
1666 938 1718 979 ut
1759 924 1913 995 facile
1950 942 2041 993 ap-

448 1016 661 1077 pareat,
700 1006 921 1077 priorem
958 1002 1105 1056 illum
1137 1000 1364 1070 episcopi
1405 997 1737 1077 Caritatensis
1776 996 2041 1077 Itpmiliam

451 1067 611 1147 fuisse
632 1067 793 1147 (quod
816 1075 1041 1129 solemne
1071 1067 1224 1127 estid
1244 1067 1403 1147 genus
1424 1067 1921 1147 elucubrationibus)
1948 1082 2042 1136 pro

448 1140 882 1218 interpolatorem
910 1147 1190 1218 dicentium
1306 1143 1554 1218 populum
1581 1140 1795 1218 arbitrio
1820 1148 1865 1191 et
1887 1147 2041 1207 captu

454 1211 768 1288 mutilatum,
802 1219 957 1289 inque
986 1217 1119 1270 alias
1148 1216 1361 1270 subinde
1387 1215 1578 1285 formas
1610 1212 1749 1266 abire
1766 1211 1986 1281 jussam.

1028 1372 1361 1432 EPISTOLA
1388 1370 1459 1426 X.

729 1519 806 1575 De
831 1514 1192 1585 Assumptione
1218 1511 1280 1565 Β.
1321 1508 1544 1579 Virginis
1574 1505 1779 1560 Maritc.

532 1658 574 1713 l.
626 1656 898 1721 Scieutes,
945 1652 1141 1707 fratres
1191 1647 1560 1713 dilectissimi,
1604 1643 1811 1701 auctori
1864 1652 2050 1699 nostro

2139 444 2390 501 credidit.
2416 443 2660 511 Denique
2693 450 2896 495 tantum
2922 453 3041 494 sese
3062 437 3129 493 ad
3159 436 3281 493 ωειὶ
3305 436 3567 507 fastigium
3586 436 3699 493 sub-

2140 536 2357 601 levavit,
2400 543 2457 589 ut
2491 533 2727 589 Verbum
2758 531 2811 585 in
2846 528 3114 601 principio
3142 527 3284 599 apud
3314 528 3501 595 Deum,
3546 527 3594 583 id
3629 538 3703 584 est

2139 632 2235 687 Dei
2264 630 2482 695 Filium,
2513 630 2581 685 de
2611 644 2822 685 summa
2849 628 2971 684 cmli
3018 642 3107 682 ara
3146 626 3462 696 susciperet.
3484 624 3703 695 Cumque

2140 740 2199 779 se
2232 738 2332 793 per
2369 723 2655 794 mysticum
2697 720 3001 777 divinitatis
3039 732 3294 773 arcanum
3336 717 3486 771 carni
3525 724 3703 771 nostra:

2142 816 2521 887 fragilitatique
2542 816 2951 879 commiseeret,
2971 811 3192 869 latuitin
3215 810 3435 867 homine
3455 810 3703 877 divinitas,

2144 920 2202 966 ut
2241 909 2526 966 divinitate
2568 909 2881 964 humanitas
2930 922 3037 962 non
3072 906 3281 978 periret
3314 923 3326 958 :
3377 917 3429 960 et
3474 902 3571 959 sub
3612 903 3707 975 [AL

2143 1003 2270 1059 dum
2322 1001 2444 1073 sub]
2487 1002 2793 1057 velamento
2824 1007 3115 1071 assumpta:
3152 996 3332 1053 carnis
3367 995 3710 1061 absconditus,

2144 1097 2433 1168 pretiosius
2486 1096 2714 1152 redemit
2777 1095 3057 1167 perditos,
3118 1109 3278 1166 quam
3329 1092 3373 1147 si
3433 1089 3714 1147 defensarct

2145 1193 2214 1249 ab
2263 1193 2579 1248 imminente
2624 1192 2782 1247 hoste
2814 1190 3075 1260 captivos.
3124 1188 3391 1243 lmmensa
3443 1184 3627 1257 pietas,
3670 1192 3716 1239 et

2147 1300 2305 1356 supra
2334 1300 2492 1356 quam
2522 1284 2619 1339 fari
2664 1284 2831 1353 possit
2859 1280 3199 1353 praedicanda
3228 1278 3501 1350 maiestas,
3531 1276 3716 1332 viscera

2148 1378 2343 1449 puella:
2398 1392 2526 1432 aura
2574 1376 2744 1432 sancti
2789 1375 3021 1445 Spiritus
3069 1373 3435 1444 implebantur
3472 1389 3485 1425 :
3519 1370 3719 1440 innupta

2149 1468 2371 1540 virginis
2421 1470 2575 1524 vulva
2609 1510 2624 1536 ,
2696 1469 2860 1524 Verbi
2915 1467 3121 1523 semine
3175 1475 3456 1522 crescente
3486 1508 3502 1532 ,
3558 1472 3719 1533 turge-

2149 1562 2262 1617 bat.
2309 1561 2710 1633 chlebantur,
2755 1561 2995 1632 inquam,
3044 1573 3241 1614 arcana
3292 1558 3560 1612 viseerum
3602 1555 3723 1611 sacri

2152 1654 2387 1725 Spiritus
2416 1653 2749 1710 fecunditate
2784 1652 3017 1721 repleta,
3058 1660 3113 1706 et
3140 1659 3255 1705 erat
3309 1662 3435 1721 spes
3474 1646 3526 1702 in
3565 1654 3721 1717 partu,

460 1751 689 1807 multum
713 1764 809 1805 nos
830 1748 1028 1803 debere
1050 1743 1455 1813 conditos,plus
1472 1736 2063 1810 redemptos,redemp—
2092 1736 2140 1797 B
2165 1748 2289 1818 quia
2334 1762 2440 1804 non
2476 1757 2592 1802 erat
2621 1747 2869 1817 γοιυριεε
2906 1748 2957 1800 in
2986 1745 3152 1799 εοίιυ,
3184 1743 3452 1813 stupebat
3475 1740 3727 1813 pretiosis-

461 1845 624 1900 tionis
655 1853 853 1897 nostra:
882 1839 1265 1895 commercium
1291 1850 1641 1901 veneremur,
1674 1842 1728 1888 et
1755 1832 2057 1889 saeratissi-
2160 1842 2295 1897 sima
2335 1841 2591 1913 εεηῖιγίχ,
2627 1850 2682 1896 ει
2712 1840 2852 1912 apud
2878 1855 2939 1895 se
2964 1839 3126 1895 tacita
3155 1853 3339 1892 rerum
3371 1836 3604 1891 novitate
3642 1834 3727 1889 mi.

462 1951 611 1992 mum
649 1945 879 1998 uterum,
913 1946 978 1987 ex
1013 1945 1118 2000 qtto
1146 1927 1346 1983 homini
1375 1927 1517 1981 Dens
1552 1926 1732 1980 unitus
1771 1924 2055 1994 apparuit,

2176 1933 2400 1988 ~abatur.
2434 1931 2708 1989 Urebatur
2729 1943 2863 1988 testu
2895 1931 3238 2002 cogitationis
3264 1930 3334 1985 ab
3372 1929 3517 2001 igne,
3544 1938 3595 1983 et
3626 1942 3729 1998 per-

462 2032 582 2089 etsi
608 2030 891 2103 nequimus
917 2026 1144 2093 meritis,
1172 2024 1359 2080 Saltem
1383 2022 1718 2079 celebremus
1742 2019 2055 2090 obsequiis:
2160 2029 2306 2085 enisa
2358 2028 2466 2099 [AL
2511 2025 2794 2100 percussa]
2830 2040 3011 2081 rerum
3055 2024 3295 2080 ηογῖιαιε
3341 2020 3730 2092 οδςιυρεςςεωι

462 2126 698 2180 scientes
736 2120 937 2178 erroris
965 2118 1134 2174 nostri
1166 2117 1438 2181 tenebras,
1471 2114 1665 2183 partim
1692 2112 1808 2183 ejus
1848 2110 2059 2181 fulgore
2162 2120 2505 2177 ιηῑηιιήιῖιειι,
2531 2119 2721 2175 sciens
2742 2120 2885 2174 enim
2907 2132 3059 2174 suam
3091 2114 3484 2185 integritatem,
3518 2110 3728 2167 mimba-

463 2219 772 2288 dispersas:
798 2216 920 2286 quia
941 2228 1060 2284 quae
1088 2212 1334 2265 homines
1359 2224 1454 2279 per
1480 2206 1937 2278 proleplastorum
1966 2220 2060 2259 ne-

2176 2228 2250 2269 Lur
2278 2214 2483 2271 ventris
2529 2215 2831 2269 ubertatem
2880 2213 3016 2268 felix
3061 2210 3252 2269 Maria.
3290 2210 3337 2264 0
3383 2208 3609 2280 genitrix
3637 2206 3734 2278 glo-

464 2308 800 2381 gligentiam,
831 2306 1019 2376 primm
1047 2302 1235 2359 matris
1255 2299 1564 2356 contumaci
1592 2309 1699 2353 tam
1730 2298 2058 2369 arrogantia,

2176 2307 2331 2373 riosa,
2366 2322 2399 2361 ο
2439 2322 2708 2378 puerpera
2743 2304 3015 2371 sublimis,
3054 2302 3209 2374 cujus
3236 2300 3543 2357 visceribus
3571 2304 3735 2355 auctet

466 2418 626 2475 quam
653 2401 775 2474 81³1³
801 2400 907 2473 li”-
932 2396 1140 2468 TeSUlal
1166 2396 1536 2468 βθτάίδθῐτλυίν
1565 2393 1725 2465 huius
1746 2409 1914 2449 5³01⁵31
1941 2393 2065 2449 Vi!"
2166 2400 2287 2457 coeli
2318 2411 2583 2471 terraeque
2606 2399 2965 2454 committitur
3002 2414 3015 2452 :
3046 2396 3227 2452 felicia
3255 2395 3443 2451 oscula
3474 2393 3630 2449 labris
3649 2393 3735 2446 im-

467 2498 608 2569 ginis
634 2507 846 2568 partus,
874 2510 978 2550 nOn
1010 2494 1181 2549 solum
1208 2493 1533 2549 restitutam
1556 2491 1755 2557 dirum.
1801 2488 1897 2545 sed
1923 2487 2063 2543 (Ῐοητι
2166 2510 2351 2566 pressa
2377 2493 2725 2559 lactentibus,
2753 2508 2875 2548 cum
2900 2492 3040 2547 inter
3061 2488 3250 2546 crebra
3280 2487 3481 2544 indicia
3502 2485 3737 2557 reptantis

468 2592 699 2647 contulit
728 2590 1061 2659 sempiterna
1090 2608 1100 2642 :
1127 2598 1178 2643 et
1207 2587 1329 2643 ideo
1354 2588 1562 2643 cunctis
1591 2585 1876 2655 praeconiis
1903 2597 2062 2638 vene-

2176 2590 2428 2655 infantite,
2459 2597 2647 2661 utpote
2686 2604 2846 2644 verus
2873 2604 2939 2643 ex
2970 2597 3021 2641 te
3051 2587 3192 2640 filius
3230 2583 3329 2640 tibi
3357 2594 3530 2639 mater
3557 2578 3740 2635 allude-

471 2698 655 2739 remur
679 2680 871 2737 salutis
912 2679 1233 2745 auctricem,
1276 2694 1395 2747 qua:
1432 2678 1561 2732 dum
1594 2685 1868 2730 auctorem
1909 2688 2065 2727 suum
2170 2695 2276 2747 τοι,
2306 2699 2430 2739 cum
2464 2698 2624 2738 νριιυε
2665 2697 2735 2739 εχ
2776 2681 2938 2737 palm
2970 2679 3233 2734 Dominus
3282 2677 3595 2748 imperaret,
3626 2672 3739 2728 Nam

471 2773 722 2845 concepit
741 2787 806 2828 ex
833 2771 993 2838 coelo,
1019 2770 1179 2824 nobis
1203 2768 1597 2838 redemptorem
1626 2765 1861 2821 ostendit
1886 2764 1939 2819 in
1968 2779 2062 2819 sa:-

2176 2788 2451 2833 auctorem
2481 2786 2627 2832 tuum
2659 2779 2772 2847 ipsa
2812 2773 3147 2845 concipiens,
3179 2771 3400 2828 edidisti
3432 2771 3484 2825 in
3525 2779 3740 2837 tempore

474 2867 599 2924 ευίο
631 2885 644 2920 ε
677 2876 731 2922 ει
750 2866 875 2936 quia
902 2863 970 2919 ad
998 2864 1166 2919 νίοεῐη
1195 2866 1336 2932 eius.
1367 2862 1556 2915 matris
1588 2870 1786 2915 ηοειΐίὲ
1813 2858 2070 2913 Εοοίεεῖεε
2174 2873 2456 2941 puberem,
2484 2884 2646 2939 quem
2677 2868 2948 2924 habueras
2976 2876 3105 2921 ante
3129 2874 3380 2935 tempora
3407 2860 3738 2917 conditorem.

476 2960 648 3015 forma
675 2960 1027 3015 constituitur
1050 2998 1065 3024 ,
1111 2959 1227 3027 ipsa
1256 2971 1372 3011 eam
1404 2957 1543 3010 inter
1572 2954 1843 3025 procellas
1889 2950 2072 3006 saaculi
2172 2964 2325 3022 Felix
2350 2964 2718 3035 puerperium,
2754 2962 2983 3018 laetabile
3004 2960 3229 3031 angelis,
3254 2954 3619 3026 exspectabile
3639 2967 3743 3009 san.

471 3053 792 3127 frequenter
829 3052 1080 3122 aSpiciat,
1120 3050 1233 3121 ipsa
1280 3049 1421 3105 inter
1467 3048 1715 3104 incursus
1769 3046 2062 3101 mundiales

2177 3060 2298 3125 etis,
2327 3056 2691 3113 necessarium
2717 3053 2965 3126 perditis,
2988 3066 3282 3123 congruum
3313 3048 3605 3122 profligatis
3629 3063 3642 3102 :
3669 3042 3743 3114 qui

478 3153 735 3205 continua
780 3147 1025 3203 oratione
1070 3144 1375 3202 confoveat.
1423 3143 1608 3214 Neque
1658 3143 1802 3198 enim
1851 3140 2062 3195 dubium

2181 3161 2300 3223 post
2340 3151 2536 3206 multas
2576 3158 2865 3219 assumpta:
2901 3147 3079 3202 carnis
3119 3145 3373 3216 injurias,
3418 3142 3484 3197 ad
3524 3138 3742 3195 ultimum

479 3251 586 3309 εει,
618 3241 767 3297 illam
798 3254 915 3311 (ιιιαε
954 3238 1151 3295 mem“
1191 3252 1290 3307 ῐπο
1320 3236 1614 3291 “beral'dis
1661 3235 1804 3291 ferre
1844 3233 2075 3305 Pretium
2178 3245 2499 3300 verberatus
2537 3242 2787 3314 ﬂagellis,
2830 3251 3044 3313 potatus
3088 3239 3232 3304 felle,
3276 3236 3520 3309 patibulo
3558 3232 3741 3296 affixus,

481 3351 663 3409 posse,
704 3334 970 3407 impartiri
1022 3331 1335 3402 suffragium
1379 3330 1622 3386 liberatis
1657 3347 1671 3384 ζ
1703 3337 1889 3385 nostra
1936 3327 2077 3382 iﬂlCl‘
2180 3346 2239 3394 ιιι
2270 3348 2320 3392 le
2348 3350 2530 3392 veram
2559 3344 2787 3389 matrem
2809 3332 3141 3397 oslenderet’
3176 3345 3366 3385 verum
3394 3343 3453 3384 se
3475 3324 3741 3385 hominem,

482 3431 601 3485 hac
639 3429 814 3483 οτθῑίο
850 3427 997 3498 iugis
1025 3425 1095 3481 ad
1127 3425 1409 3480 θοῖηίυυιη
1440 3424 1725 3495 dirigatur:
1763 3431 1822 3477 ιη
1862 3422 1951 3492 (illi
1980 3436 2077 3490 ι)το
2182 3429 2435 3503 patiendo
2474 3437 2738 3482 tormenta
2771 3426 3109 3481 monstravit.
3155 3423 3237 3479 Tu
3270 3439 3426 3495 ergo,
3468 3421 3618 3477 beata
3655 3416 3747 3487 gloo

482 3523 691 3578 honore
718 3522 952 3577 nominis
994 3520 1098 3589 sui,
1139 3518 1347 3574 viscera
1382 3518 1471 3572 illa
1502 3532 1625 3587 qua:
1652 3514 2062 3571 sanctificavera‘

2182 3526 2434 3594 riosaque
2455 3522 2639 3588 Maria,
2665 3524 2803 3577 inter
2825 3522 2924 3575 iSIa
2948 3517 3257 3586 laudabilis,
3282 3534 3409 3589 qua:
3431 3516 3509 3571 sic
3531 3508 3747 3570 meruisti

484 3616 727 3683 intravit,
760 3630 880 3686 quae
907 3615 1068 3669 etiam
1104 3628 1204 3667 nos
1234 3610 1334 3682 ipsi
1367 3612 1656 3667 sedulitate
1699 3610 1881 3665 debita
1910 3624 2062 3665 vene-

2184 3618 2383 3673 donum
2409 3615 2769 3684 fecunditatis,
2794 3631 2911 3685 qua:
2931 3612 3258 3682 virginitatis
3282 3625 3394 3665 non
3418 3605 3635 3664 amisisti
3658 3600 3750 3658 suf-

485 3723 693 3775 ramur.
721 3712 893 3779 prosit
922 3704 1081 3760 nobis
1106 3703 1173 3759 ad
1206 3702 1526 3769 remedium.
1558 3700 1701 3774 quod
1743 3717 1837 3772 per
1862 3718 1979 3759 eam
2023 3716 2081 3758 se
2186 3713 2435 3783 fragium.
2469 3710 2547 3765 Tu
2586 3725 2642 3765 es
2679 3709 2821 3764 enim
2870 3705 3155 3762 benedicta
3200 3705 3347 3759 inter
3376 3702 3639 3758 mulieres.
3684 3693 3749 3749 Tu

490 3798 645 3856 nobis
670 3798 820 3854 dedit
851 3798 1104 3867 pretium.
1364 3852 1367 3855 λ

2187 3816 2484 3878 praerogata
2532 3802 2741 3859 cunctis
2788 3801 3057 3872 virginum
3104 3798 3363 3854 catervis.
3411 3795 3490 3851 Tu
3538 3787 3751 3864 sequeris

565 3894 631 3949 ll.
661 3892 853 3949 Merito
878 3892 1039 3961 igitur
1063 3890 1221 3945 beata
1242 3888 1404 3944 Maria
1427 3888 1737 3959 singularia
1763 3886 1919 3945 nobis
1948 3903 2062 3957 prm-

2187 3901 2397 3969 Aguum
2428 3911 2767 3968 quocumque
2797 3890 3124 3965 perrexerit.
3156 3890 3235 3946 Tu
3277 3890 3548 3961 virgineos
3582 3884 3753 3941 choros

490 3986 652 4041 conio
688 3983 972 4049 attollitur,
1000 3997 1120 4054 quae
1152 3978 1425 4052 singulare
1463 3981 1849 4037 commercium
1880 3980 2062 4035 mundi

2188 4003 2245 4049 et
2264 3994 2333 4047 ab
2356 3992 2641 4048 incentiva:
2656 3990 2837 4045 carnis
2860 3987 3134 4043 illecebris
3161 3985 3395 4051 alienos,
3420 3998 3516 4055 per
3544 3976 3752 4035 albentia

494 4078 726 4149 praebuit
754 4096 769 4133 :
798 4076 995 4131 merito
1018 4076 1159 4131 inter
1186 4076 1411 4129 feminas
1437 4084 1565 4130 tunc
1586 4076 1746 4132 etiam
1779 4075 2062 4130 hetabatur

2188 4084 2301 4140 lilia
2350 4098 2610 4154 rosasque
2639 4088 2930 4137 vernantes
2956 4122 2970 4147 ,
3013 4078 3079 4132 ad
3115 4077 3320 4131 fontem
3360 4072 3607 4146 perennis
3649 4066 3754 4123 vitat

495 4186 618 4225 cum
664 4169 987 4238 singularem
1036 4168 1357 4222 medicinam
1410 4168 1601 4236 pudico
1656 4168 1776 4222 alvo
1819 4167 2062 4238 gestabat

2190 4178 2409 4232 invitas.
2456 4175 2537 4231 Tu
2594 4176 2645 4230 in
2698 4174 2789 4228 illa
2845 4173 3127 4227 beatorum
3174 4168 3489 4225 felicissima
3541 4164 3750 4234 regione,

496 4260 715 4317 Sciebat
743 4259 961 4329 quidem
995 4259 1232 4329 pondera
1263 4258 1489 4324 ventris,
1520 4275 1638 4329 quite
1682 4259 1947 4329 pudorem
1979 4277 2062 4314 net

2191 4269 2351 4340 primi
2381 4267 2585 4323 ordinis
2622 4267 2937 4339 dignitatem
2982 4265 3174 4333 adepta
3204 4278 3284 4327 es,
3330 4261 3526 4333 plantis
3556 4254 3755 4314 roscidis

501 4353 811 4425 perdiderat
840 4353 1126 4407 castitatis.
1157 4351 1452 4405 Mirabatur
1481 4351 1937 4422 partusinsignia,
1968 4367 2089 4423 qua:
2193 4364 2477 4427 oberrans,
2516 4359 2659 4415 ίηιει-
2703 4358 2937 4428 pmadisi
2995 4356 3341 4412 επηωηίιεηεε
3385 4364 3441 4411 ει
3483 4348 3756 4424 gramineo;

502 4447 649 4502 nulla
678 4455 903 4500 noverat
931 4445 1031 4500 viri
1054 4444 1319 4515 contagia.
1353 4444 1398 4498 0
1427 4445 1564 4500 bene
1608 4446 1834 4500 fecunda
1865 4446 2089 4516 virgini-
2193 4454 2392 4510 choros
2414 4463 2602 4509 tenero
2630 4452 2832 4523 poplite
2857 4465 3106 4522 pergens,
3135 4449 3387 4519 fclicique
3416 4447 3583 4517 palma
3610 4442 3755 4498 violas

506 4550 608 4606 tas,
636 4554 756 4609 qua:
777 4552 916 4592 novo
946 4538 1297 4609 inauditoque
1318 4554 1517 4610 genere
1546 4548 1600 4593 et
1625 4548 1797 4594 mater
1825 4540 1928 4594 dici
1958 4556 2057 4612 pus

2198 4546 2679 4604 immarcescibiles
2724 4546 2926 4615 carpis.
2959 4542 3039 4598 Tu
3083 4540 3496 4596 concinentibus
3529 4538 3638 4592 sine
3669 4533 3756 4587 ﬁne

505 4642 592 4689 set
611 4641 666 4688 et
694 4632 863 4701 virgo.
896 4632 1109 4701 Peperit
1132 4633 1277 4687 enim
1309 4648 1338 4686 a
1368 4649 1474 4702 quo
1501 4633 1772 4702 concepit,
1801 4637 2032 4703 portavit

2197 4644 2404 4713 angelis
2435 4640 2740 4712 conjuncta,
2774 4638 3226 4708 archangelisque
3257 4635 3481 4700 sociata,
3521 4628 3756 4687 indefessa

505 4738 613 4796 quo
640 4732 824 4780 creata
850 4723 1079 4778 exstitit.
1122 4722 1400 4794 Siquidem
1440 4724 1550 4794 ipse
1581 4733 1663 4779 est
1696 4734 1884 4779 auctor
1918 4726 2095 4781 Maria:

507 4815 602 4887 qui
645 4826 730 4871 est
774 4823 926 4869 ortus
966 4828 1033 4869 ex
1086 4814 1272 4868 Maria.
1330 4814 1418 4870 Sic
1464 4815 1896 4872 inenarrabiliter
1940 4817 2093 4873 beata

512 4909 676 4965 Maria
706 4918 878 4964 mater
898 4917 952 4963 et
978 4906 1130 4977 virgo
1158 4916 1261 4971 est,
1286 4922 1408 4977 qua:
1437 4906 1561 4962 dum
1591 4908 1822 4964 fructum
1854 4923 2095 4980 prtegna-

512 5002 673 5057 tionis
700 5002 917 5064 extulit,
960 4998 1285 5071 integritatis
1314 4999 1652 5069 dispendium
1686 5017 1789 5057 non
1820 5002 2047 5059 incurrit
2079 5021 2095 5058 :

507 5095 648 5163 apud
690 5109 849 5163 quam
896 5094 967 5148 ita
1012 5090 1250 5146 caelestis
1296 5090 1628 5158 providentia
1677 5096 1875 5163 negotii
1928 5096 2095 5164 ipsius

510 5184 876 5241 conditionem
906 5182 1195 5256 disposuit,
1235 5190 1291 5236 ut
1328 5183 1498 5253 magis
1525 5183 1888 5241 obedientiam
1929 5189 2097 5242 exhi-

512 5281 666 5337 beret
688 5280 741 5335 in
765 5281 1038 5345 mandato,
1070 5294 1189 5335 cum
1223 5277 1689 5333 honorificentiam
1716 5293 1867 5335 suam
1898 5296 2100 5352 cogno—

512 5382 689 5430 sceret
728 5388 795 5430 ex
826 5373 1037 5443 angelo.
1067 5372 1251 5443 Neque
1279 5372 1421 5427 enim
1449 5371 1608 5427 ﬁdem
1647 5371 1871 5444 derogat
1899 5376 2094 5445 nuntii,

511 5483 633 5540 qua:
677 5466 992 5537 dignitatem
1035 5466 1289 5536 intelligit
1329 5465 1653 5534 nuntiantis,
1695 5468 1887 5537 angelo
1924 5470 1972 5524 ei
2012 5470 2099 5525 di-
2135 5485 2144 5494 ’

512 5571 668 5617 cente
695 5580 708 5615 :
742 5562 970 5633 Spiritus
996 5568 1204 5612 sanctus
1226 5559 1544 5630 superueniet
1570 5560 1623 5612 in
1651 5568 1719 5625 te,
1748 5571 1793 5614 et
1819 5561 1981 5616 virtus
2007 5564 2098 5618 Αι-

511 5657 693 5709 tissimi
714 5653 1028 5723 obumbrabit
1058 5652 1145 5706 tibi
1187 5669 1204 5705 :
1228 5653 1439 5722 ideoque
1460 5662 1506 5706 et
1530 5654 1666 5723 quod
1692 5666 1926 5711 nascetur
1954 5674 2018 5712 ea;
2047 5666 2097 5712 te

510 5758 768 5822 sanctum,
806 5748 1070 5807 vocabitur
1100 5743 1275 5807 Filius
1312 5744 1413 5805 Dei
1449 5746 1598 5823 (Luc.
1636 5765 1674 5823 t,
1704 5750 1816 5825 55}.
1855 5750 2095 5815 Credidit

2197 4737 2478 4792 clamitare
2500 4750 2653 4798 voce,
2675 4742 2906 4799 sanctus,
2929 4741 3158 4800 sanctus,
3185 4741 3409 4796 sanctus,
3437 4743 3539 4783 non
3562 4719 3755 4780 desinis.

2268 4829 2356 4884 ιιι.
2391 4827 2498 4883 Sed
2539 4826 2666 4899 quid
2703 4827 2877 4880 dicam
2923 4840 3128 4894 pauper
3169 4823 3423 4895 ingenio,
3454 4835 3570 4876 cum
3609 4816 3671 4871 de
3707 4822 3750 4866 te

2202 4920 2461 4993 quidquid
2491 4919 2683 4977 dixero
2710 4960 2724 4985 ,
2768 4918 2948 4973 minus
2985 4916 3232 4988 profecto
3263 4925 3347 4971 est
3370 4928 3527 4986 quam
3553 4905 3757 4980 dignitas

2207 5026 2295 5069 tua
2325 5012 2597 5069 meretur?
2623 5011 2678 5068 Si
2707 5020 2936 5067 matrem
2962 5025 3152 5065 vocem
3182 5008 3448 5081 gentium,
3472 4999 3717 5078 praecellis
3743 5012 3754 5049 :

2209 5105 2256 5161 si
2286 5105 2515 5160 formam
2548 5105 2645 5160 Dei
2675 5102 2968 5173 appellem,
3002 5102 3159 5172 digna
3192 5100 3380 5157 existis
3410 5118 3423 5154 :
3453 5099 3499 5153 si
3526 5093 3758 5152 nutricem

2208 5199 2447 5255 emlestis
2468 5198 2622 5269 panis
2646 5198 2905 5267 vocitem,
2928 5197 3083 5252 lactis
3101 5196 3391 5252 dulcedine
3410 5192 3598 5265 reples.
3616 5188 3759 5245 Laeta

2209 5308 2360 5363 ergo,
2381 5301 2573 5361 mater,
2602 5289 2779 5346 cibum
2804 5300 3073 5353 nostrum,
3094 5288 3233 5343 laeta
3258 5286 3432 5342 cibum
3455 5282 3758 5354 angelorum,

2210 5386 2346 5439 laeta
2377 5398 2498 5438 eum
2530 5383 2620 5453 qui
2666 5383 2830 5437 talem
2864 5391 2916 5437 te
2947 5381 3109 5447 fecit,
3142 5388 3204 5434 ut
3244 5378 3359 5451 ipse
3403 5377 3549 5431 fieret
3589 5372 3636 5425 in
3677 5378 3757 5421 te:

2215 5475 2306 5546 qui
2325 5475 2419 5530 tibi
2444 5490 2635 5530 munus
2653 5473 2999 5531 fecunditatis
3021 5472 3199 5528 attulit
3216 5478 3501 5541 conceptus
3519 5512 3531 5535 ,
3551 5473 3603 5519 et
3619 5461 3759 5516 decus

2215 5567 2541 5639 virginitatis
2586 5581 2691 5621 non
2739 5566 2965 5622 abstulit
3007 5576 3164 5620 natus
3193 5580 3208 5620 :
3238 5563 3327 5636 qui
3358 5562 3650 5633 priusquam
3681 5563 3760 5605 na-

2214 5668 2479 5725 sceretur,
2509 5670 2562 5715 te
2604 5669 2832 5716 matrem
2876 5660 3101 5723 ereavit,
3129 5674 3196 5715 ex
3230 5673 3333 5730 qua
3374 5659 3684 5710 nasceretur,
3710 5648 3759 5695 υῐ

2212 5753 2362 5813 illiue
2388 5752 2707 5828 procederet
2750 5761 3023 5826 tamquam
3054 5764 3286 5826 Sponsus
3308 5746 3375 5807 de
3405 5743 3624 5805 thalamo
3648 5744 3752 5801 suo,
