4030 6294
264 398 366 456 145

1151 399 1486 460 EPISTOLA
1525 399 1616 457 XI.
1661 399 1751 457 DE
1792 397 2234 459 HONORANDIS
2271 400 2727 462 PARENTIBUS.

3443 404 3550 466 146

258 533 370 591 quo
396 518 723 576 mortalibus
748 518 920 577 oculis
946 527 1130 592 posset
1152 520 1348 577 videri.
1376 520 1583 589 Quanta
1609 519 1713 575 fuit
1737 521 1852 576 haec
1878 524 1932 583 Α
1956 535 2073 590 quae
2102 520 2239 577 adeo
2262 532 2343 577 cst
2369 536 2553 577 eorum
2588 521 2799 579 meritis
2824 521 3107 591 attributa,
3134 531 3193 579 ut
3222 523 3338 596 ipsa
3358 522 3424 580 de
3449 540 3546 579 vo-

256 610 537 682 dignatio,
567 623 624 669 ttt
647 623 929 671 crearetur
957 630 1024 671 ex
1054 622 1108 670 te
1131 655 1147 681 ,
1178 629 1338 684 quam
1384 616 1593 670 creavit
1625 633 1639 670 :
1672 623 1855 685 porta—

255 711 414 759 retur
443 705 695 760 manibus
718 749 733 772 ,
767 721 901 777 quas
927 705 1179 767 formavit
1214 724 1225 759 :
1260 716 1478 775 sugeret
1524 716 1611 761 tua
1643 708 1809 763 ubera
1834 747 1850 774 ,

255 812 383 865 qua:
412 798 530 867 ipse
560 796 804 869 implevit
832 800 845 853 ε
881 800 1026 868 Quas
1054 799 1234 869 itaque
1264 798 1452 854 laudes
1481 799 1729 855 charitati
1758 799 1853 855 Dei

255 889 528 953 dicemus.
556 907 691 962 quas
716 892 918 962 gratias
942 894 993 948 ei
1017 896 1277 963 agemus?
1303 894 1394 965 qui
1420 908 1518 947 nos
1541 893 1615 948 ita
1642 892 1855 957 dilexit,

257 992 316 1038 ut
362 993 590 1053 propter
637 999 737 1038 nos
784 985 946 1040 homo
992 984 1187 1051 fieret,
1237 996 1293 1041 ut
1343 995 1570 1041 matrem
1622 985 1856 1041 hominis

256 1076 527 1147 eligeret,
563 1086 623 1131 ut
651 1086 863 1133 uterum
896 1088 1096 1133 nostra:
1127 1078 1455 1133 conditionis
1487 1081 1754 1143 intraret,
1801 1086 1859 1133 ut

256 1168 620 1225 contumelias
676 1169 789 1224 nati
832 1170 1054 1225 infantis
1114 1170 1381 1239 subiret,
1438 1180 1603 1241 atque
1657 1181 1856 1227 cuncta

262 1262 622 1318 humanitatis
668 1265 973 1319 necessaria
1030 1265 1346 1321 sustineret.
1402 1265 1638 1337 Agentes
1685 1282 1853 1338 ergo,

264 1366 531 1426 quantum
573 1355 907 1420 sufficimus,
939 1357 1185 1413 Creatori
1238 1368 1426 1413 nostro
1476 1359 1678 1428 gratias
1703 1400 1715 1423 ,
1751 1360 1857 1414 As-

271 1448 633 1518 sumptionem
656 1448 1065 1520 gloriosissima:
1094 1449 1183 1504 Dei
1206 1450 1483 1521 genitricis
1515 1465 1636 1505 cum
1663 1451 1861 1520 gaudio

275 1526 633 1598 celebremus.
691 1543 919 1614 Dignum
956 1534 1199 1615 namque
1258 1553 1340 1598 est
1388 1560 1511 1598 cum
1554 1560 1762 1599 summa
1808 1546 1860 1601 ei

266 1636 631 1707 gratulatione
657 1635 927 1707 famulari,
958 1655 1053 1708 per
1085 1654 1244 1707 quam
1275 1639 1510 1708 insignia
1538 1639 1862 1710 virginitatis

263 1728 645 1798 pullularunt:
674 1729 941 1800 siquidem
981 1731 1093 1800 ipsa
1130 1729 1295 1801 Virgo
1332 1730 1539 1785 exstitit
1563 1742 1688 1786 ante
1732 1747 1863 1786 con-

260 1819 475 1891 jugium
503 1862 518 1886 ,
553 1822 706 1892 virgo
736 1821 790 1875 in
820 1820 1071 1892 coniugio
1098 1866 1111 1890 ,
1145 1822 1299 1891 virgo
1344 1837 1628 1895 pra-gnatis
1649 1864 1663 1888 ,
1704 1824 1859 1895 virgo

1956 612 2040 669 bis
2075 615 2252 686 exigat
2282 615 2424 685 quod
2458 624 2641 671 natura
2679 616 2870 687 jubere
2893 629 3007 674 'nou
3042 617 3235 688 potuit.
3279 617 3543 674 Matribus

1956 721 2172 777 quoque
2202 706 2436 762 debitam
2470 709 2766 779 impendite
2801 711 3162 766 reverentiam
3187 753 3203 776 ,
3235 726 3356 783 qua:
3388 713 3542 767 vobis

1958 800 2093 854 uteri
2128 798 2317 855 labore
2360 801 2664 856 servientes
2690 847 2702 871 ,
2737 804 2947 872 pondus
2975 804 3139 858 vestri
3179 804 3429 873 corporis
3464 816 3545 859 to-

1959 891 2164 957 lerant,
2219 900 2378 963 atque
2418 894 2652 964 ignotam
2697 903 2975 963 portantes
3016 894 3331 962 infantiam,
3374 898 3543 951 tamne

1961 984 2125 1038 latum
2155 985 2441 1055 quemdam
2489 985 2749 1041 exhibent
2797 986 3102 1041 nascituris.
3151 986 3251 1042 Illo
3303 997 3546 1057 tempore

1961 1096 2065 1134 non
2097 1080 2196 1134 sibi
2232 1091 2435 1135 tantum
2482 1090 2656 1136 mater
2687 1082 2853 1137 esurit
2875 1123 2888 1146 ,
2919 1096 3021 1136 nec
3046 1090 3297 1151 acceptos
3325 1083 3435 1135 sola
3467 1082 3546 1138 di-

1958 1174 2097 1243 gerit
2128 1174 2297 1227 cibos.
2347 1173 2589 1229 Materno
2626 1174 2772 1229 victu
2819 1174 2984 1229 alitur
3028 1183 3082 1229 et
3123 1174 3212 1229 ille
3242 1174 3330 1245 qui
3373 1174 3545 1240 latet,

1960 1263 2190 1336 ejusque
2221 1264 2461 1319 membra
2493 1265 2716 1320 alterius
2744 1266 3081 1322 comestione
3109 1278 3409 1338 pascuntur
3438 1285 3452 1321 :
3488 1278 3547 1323 nt

1960 1357 2125 1412 homo
2156 1358 2387 1422 futurus,
2416 1358 2609 1413 alienis
2640 1359 2912 1413 morsibus
2940 1368 3233 1415 saturetur.
3262 1361 3399 1429 Quid
3433 1361 3549 1432 ipsa

1962 1465 2259 1505 memorem
2291 1453 2639 1515 nutrimenta,
2674 1459 2727 1507 et
2756 1459 2962 1507 tenera:
2992 1452 3232 1508 infantiae
3258 1453 3443 1509 dulces
3467 1456 3551 1509 ia«

1954 1544 2130 1615 jurias
2156 1585 2171 1610 ,
2199 1558 2332 1614 quas
2378 1544 2663 1599 nutritoris
2692 1544 2915 1599 allectus
2941 1545 3009 1601 de
3035 1546 3151 1601 suis
3179 1547 3420 1617 parvulis
3457 1562 3548 1600 su-

1964 1636 2103 1691 mit?
2133 1636 2270 1705 Quid
2311 1635 2462 1691 cibos
2513 1638 2564 1690 in
2613 1648 2789 1692 matre
2827 1638 3106 1694 confectos
3131 1683 3145 1707 ,
3176 1638 3266 1709 qui
3303 1638 3551 1695 femineis

1964 1742 2246 1788 manantes
2291 1748 2355 1787 ex
2404 1732 2661 1788 membris
2686 1775 2699 1796 ,
2733 1733 2968 1788 lacteum
3016 1734 3300 1788 solvuntur
3330 1733 3383 1789 in
3423 1750 3549 1790 suc-

1963 1841 2084 1879 cum
2105 1867 2119 1889 ,
2152 1833 2207 1879 et
2238 1824 2416 1879 fauces
2445 1824 2709 1878 invalidas
2741 1823 2944 1893 liquido
2972 1839 3166 1894 sapore
3195 1826 3546 1895 perfundunt.

266 1917 491 1983 pariens
515 1958 530 1979 ,
561 1917 718 1986 virgo
751 1916 956 1971 lactans
984 1934 997 1969 :
1030 1926 1084 1970 et
1113 1918 1258 1971 dicta
1286 1917 1480 1972 merito
1509 1925 1704 1978 mater,
1755 1934 1863 1973 non
1893 1916 1939 1978 B
1967 1916 2208 1987 Cogente
2240 1927 2424 1968 natura
2445 1958 2460 1976 ,
2490 1925 2709 1970 sumunt
2747 1916 2973 1971 infantes
3005 1915 3072 1972 de
3100 1924 3273 1973 matre
3300 1918 3441 1989 quod
3474 1918 3552 1974 bi-

265 2006 334 2063 de
361 2007 589 2062 marito.
638 2006 853 2062 Sanctae
881 2006 1080 2077 quippe
1126 2006 1280 2062 Matri
1319 2008 1663 2077 omnipotens
1693 2008 1862 2064 Filius

269 2099 419 2155 nullo
460 2097 631 2154 modo
666 2108 824 2153 natus
864 2100 1225 2170 virginitatem
1265 2100 1515 2165 abstulit,
1562 2116 1720 2170 quam
1761 2117 1860 2155 na-

275 2194 500 2248 sciturus
526 2192 715 2263 elegit.
733 2192 1019 2247 Exsnltent
1044 2208 1172 2263 ergo
1194 2192 1456 2263 virgines,
1475 2193 1625 2263 virgo
1650 2191 1863 2264 peperit

274 2286 538 2341 Christum
569 2304 584 2340 :
612 2285 747 2341 nihil
780 2302 848 2341 ex
891 2302 957 2341 eo
985 2286 1130 2355 quod
1163 2294 1429 2341 voverunt
1466 2294 1656 2355 putent
1681 2296 1864 2341 exter-

268 2380 527 2434 minatum
559 2420 576 2445 ,
604 2378 731 2450 quia
761 2378 955 2432 mansit
1007 2379 1160 2449 virgo
1186 2387 1307 2446 post
1342 2386 1553 2448 partum
1581 2377 1689 2451 [ΑΙ.
1723 2378 1864 2432 abest

262 2470 371 2526 luet:
392 2472 640 2544 pericope
672 2489 833 2544 usque
860 2472 928 2525 ad
958 2470 1225 2542 agnovit].
1265 2471 1550 2527 Exsultent
1578 2470 1754 2527 vidua:
1781 2472 1861 2528 fe-

262 2576 410 2620 stum
443 2564 671 2636 virginis
693 2565 1032 2621 celebrantes
1062 2583 1075 2619 :
1104 2565 1257 2621 Anna
1284 2566 1443 2620 vidua
1472 2567 1728 2636 virginem
1749 2582 1865 2622 ma-

263 2670 408 2715 trem
442 2659 680 2730 agnovit.
730 2659 1016 2716 Exsultcnt
1044 2658 1347 2730 conjugata:
1382 2659 1644 2714 solemnia
1694 2658 1864 2713 beata:

271 2754 473 2809 matris
502 2756 903 2825 frequentantes
934 2771 949 2808 :
983 2752 1564 2824 Elizabetheonjugata
1593 2768 1620 2806 a
1656 2753 1865 2824 virgine

278 2857 458 2902 matre
482 2846 708 2902 salutata
737 2854 823 2902 est
862 2845 1100 2901 Domini.
1152 2845 1437 2901 Exsultent
1465 2855 1519 2899 et
1548 2846 1701 2914 pueri
1729 2860 1831 2901 con

268 2940 558 2995 tiaeatiam
581 2949 843 2997 voventes
869 2955 1058 3012 puero.
1083 2939 1205 3011 Ipse
1229 2939 1591 3010 integritatem
1621 2939 1866 3009 pueritiae

258 3034 638 3097 consecravit,
663 3034 753 3106 qui
779 3048 890 3090 sure
923 3033 1082 3089 tnatri
1113 3031 1501 3088 fecunditatem
1530 3031 1732 3099 attulit,
1757 3034 1865 3088 vir-

258 3126 550 3197 ginitatem
589 3141 697 3182 non
744 3125 981 3182 abstulit.
1033 3123 1138 3197 Ipsi
1182 3124 1357 3197 gloria
1389 3140 1489 3196 per
1516 3124 1725 3181 infinita
1766 3141 1866 3181 sa:-

256 3220 389 3275 cula
422 3218 774 3275 saeculorum.
805 3217 1002 3275 Amen.

394 3333 718 3391 HONI’I‘UM
754 3334 822 3390 IN
862 3332 1251 3390 EPISTOLMI
1289 3332 1733 3404 SEQUENTEM.

334 3450 544 3506 Incerti
566 3461 641 3505 cst
661 3451 910 3517 auctoris,
932 3467 1087 3520 quam
1110 3467 1200 3504 nec
1221 3450 1339 3503 licet
1360 3467 1425 3504 ea:
1453 3451 1677 3506 breviore
1698 3454 1864 3510 istboc

256 3525 472 3578 dictata
498 3523 877 3590 internoscere,
926 3539 1019 3575 nec
1056 3523 1276 3588 videtur,
1318 3523 1364 3574 si
1402 3520 1592 3591 liceat,
1629 3524 1863 3593 facturus

256 3610 443 3668 operte
479 3596 739 3667 pretium,
767 3594 870 3668 qui
897 3593 1179 3647 studiosius
1215 3593 1472 3668 inquirat.
1516 3593 1715 3650 Caetera
1757 3607 1864 3651 tam

254 3664 489 3722 euidens
512 3673 609 3740 est,
640 3664 793 3740 aitait
824 3664 1097 3740 Erasinus,
1123 3665 1245 3740 styli
1274 3666 1576 3740 discrimen,
1605 3675 1661 3721 ut
1686 3669 1864 3740 cujus-

256 3754 488 3808 cumque
516 3737 604 3802 sit,
640 3735 940 3806 Hieronymi
968 3735 1133 3789 videri
1160 3752 1263 3789 non
1292 3739 1478 3805 possit.

832 3846 1121 3904 EPISTOL
1134 3852 1165 3903 Α
1207 3848 1302 3905 XI.

683 3941 764 3997 De
793 3941 1112 3997 honorandis
1142 3942 1457 4013 parentibus.

343 4056 388 4111 l.
430 4057 723 4114 Parentum
763 4057 971 4114 meritis
1011 4057 1305 4129 subjugans
1344 4058 1483 4115 filios
1520 4063 1864 4132 omnipotens

269 4151 453 4214 Deus.
488 4152 765 4209 serviendi
808 4153 980 4223 legem
1011 4150 1063 4206 in
1093 4151 1289 4207 officiis
1330 4157 1564 4222 posteris
1593 4156 1773 4225 dedit,
1806 4166 1867 4213 ut

261 4246 375 4301 hoc
406 4245 592 4301 divino
635 4254 898 4317 cogantur
945 4244 1126 4302 facere
1173 4246 1440 4317 imperio,
1486 4251 1629 4318 quod
1680 4250 1867 4308 debuit

260 4336 449 4406 pietas
493 4336 725 4392 suadere
753 4353 768 4392 :
795 4336 1007 4392 dicente
1039 4336 1133 4391 illo
1162 4336 1215 4391 in
1246 4336 1383 4391 libro
1425 4337 1638 4405 Exodi,
1678 4341 1730 4394 in
1759 4356 1866 4412 quo

259 4429 337 4484 ita
383 4428 654 4499 scriptum
696 4439 824 4484 est:
863 4426 1084 4483 Honora
1131 4438 1327 4499 patrem
1369 4438 1514 4484 tuum
1553 4440 1601 4485 et
1650 4440 1866 4486 matrem

258 4534 440 4591 tuam,
466 4522 601 4576 sicut
631 4523 873 4594 pracepit
904 4521 993 4575 tibi
1024 4519 1294 4587 Dominus,
1326 4532 1379 4575 ut
1410 4523 1531 4577 bene
1561 4524 1627 4577 sit
1656 4524 1745 4578 tibi
1774 4541 1792 4579 :
1818 4533 1867 4579 et

261 4617 339 4669 sis
396 4613 571 4687 longe
614 4616 728 4669 vita:
768 4630 923 4686 super
966 4624 1157 4669 terram
1184 4655 1199 4678 ,
1241 4631 1396 4686 quam
1437 4613 1694 4671 Dominus
1727 4614 1865 4673 Deus

1964 2010 2116 2074 bant,
2149 2019 2201 2062 et
2228 2008 2389 2062 dente
2423 2024 2525 2062 non
2555 2018 2705 2073 nato,
2738 2008 2841 2063 hoc
2873 2008 2973 2063 sibi
3005 2011 3353 2065 currentibus
3384 2011 3551 2066 labris

1962 2101 2227 2166 eliciunt,
2261 2099 2403 2170 quod
2448 2116 2553 2153 non
2587 2100 2657 2155 sit
2704 2115 2930 2155 necesse
2974 2102 3249 2157 mordere.
3298 2102 3552 2159 Serviunt

1964 2205 2208 2251 materna
2235 2193 2470 2264 posteris
2494 2204 2735 2264 pectora,
2758 2195 3004 2249 serviunt
3027 2194 3156 2264 ipsis
3178 2193 3553 2263 incunabulis,

1968 2305 2158 2345 manus
2202 2298 2255 2344 et
2302 2298 2446 2357 terga
2491 2288 2750 2343 membris
2786 2287 2978 2341 devota
3010 2286 3325 2343 lactentium
3368 2299 3551 2360 gratos

1965 2392 2115 2437 artus
2146 2379 2436 2446 accipiunt.
2470 2378 2630 2449 Optat
2657 2390 2827 2433 mater
2849 2380 3133 2450 parvulum
3159 2395 3426 2449 crescere,
3453 2398 3551 2452 op-

1969 2485 2045 2528 tat
2073 2474 2181 2527 citn
2208 2473 2389 2527 videre
2422 2473 2680 2541 majorem
2701 2515 2714 2539 ,
2746 2486 2982 2543 eumque
3022 2470 3262 2527 numeris
3287 2472 3547 2542 juvcnnnt

1967 2566 2199 2621 miscere
2222 2564 2459 2631 festinat,
2484 2579 2771 2634 numquam
2804 2562 2906 2618 sibi
2942 2563 3164 2618 forsitan
3199 2566 3548 2620 serviturum.

1968 2661 2062 2716 llis
2090 2668 2169 2715 tot
2198 2659 2467 2728 tantisque
2498 2658 2928 2729 praecedentibus
2962 2656 3116 2713 factis
3139 2700 3155 2725 ,
3190 2660 3503 2729 parentibus
3530 2705 3544 2727 ,

1969 2754 2125 2808 matri
2157 2760 2266 2806 tota
2299 2751 2457 2805 debet
2482 2751 2758 2805 alacritate
2787 2749 2997 2804 scrviri.
3038 2749 3316 2805 Reddatur
3344 2763 3549 2807 naturte

1968 2846 2236 2910 debitum,
2255 2844 2511 2900 reddatur
2532 2854 2581 2897 et
2609 2845 2838 2912 posteris
2855 2842 2999 2915 quod
3024 2843 3269 2900 debetur.
3298 2847 3548 2915 Ex5olvc,

1970 2938 2066 3003 ﬁli,
2092 2936 2233 3008 quod
2257 2935 2444 3004 debes,
2472 2946 2526 2991 et
2548 2935 2721 2989 officia
2746 2935 2927 2990 debita
2950 2936 3332 3006 qualicumque
3355 2936 3549 2994 exhibe

1968 3030 2247 3099 famulatu,
2274 3029 2395 3099 quia
2424 3027 2737 3097 parentibus
2765 3042 2925 3081 nemo
2950 3036 3128 3096 potest
3152 3026 3379 3083 reddere
3402 3030 3544 3099 quod

1970 3122 2219 3178 debetur.
2252 3120 2535 3175 Humilitas
2589 3119 2784 3174 talibus
2820 3120 2999 3175 oblata
3030 3120 3301 3190 personis,
3332 3120 3544 3176 vivendi

1973 3228 2186 3287 tempus
2216 3215 2460 3271 extendit
2492 3232 2503 3266 :
2536 3222 2591 3268 et
2620 3223 2793 3267 morte
2821 3213 3006 3280 dilata,
3042 3213 3274 3268 multum
3306 3225 3546 3270 nostram

1888 3305 1936 3371 C
1966 3317 2223 3382 prorogat
2246 3308 2434 3375 vitam,
2466 3305 2747 3374 vicemque
2774 3304 3101 3359 facientibus
3134 3306 3398 3373 reddens,
3432 3308 3550 3363 offi-

1969 3407 2049 3462 cia
2082 3414 2295 3469 nostra,
2331 3400 2558 3454 Domino
2606 3399 2826 3467 iubente
2852 3441 2866 3463 ,
2913 3399 3261 3453 commendat
3295 3417 3307 3453 :
3341 3401 3428 3471 qui
3468 3402 3549 3455 itt-

1968 3506 2172 3555 tantum
2204 3510 2399 3551 nomen
2430 3504 2715 3564 parentum
2746 3492 2942 3563 diligit,
2975 3500 3036 3546 ut
3064 3493 3300 3564 seipsum
3331 3493 3545 3550 Patrem

1959 3591 2185 3664 jusserit
2214 3588 2343 3644 dici.

2038 3686 2102 3741 Il.
2146 3686 2456 3740 lrreverens
2490 3692 2667 3735 autem
2702 3680 2874 3749 filius,
2903 3680 3027 3753 quid
3066 3681 3134 3737 de
3177 3682 3404 3737 Domino
3433 3682 3549 3753 ipso

1968 3788 2264 3841 mereatur,
2313 3772 2624 3829 Salomonis
2669 3770 2806 3825 dicta
2854 3781 3120 3826 testantur
3163 3789 3174 3825 :
3218 3771 3548 3828 Contumeliis

1966 3870 2202 3941 afﬁciens
2230 3876 2448 3937 patrem,
2482 3874 2527 3918 et
2556 3873 2882 3918 contemnens
2912 3872 3169 3917 senectam
3196 3866 3395 3931 matris,
3426 3883 3549 3919 con-

1969 3965 2218 4036 fundetur
2244 4004 2258 4028 ,
2292 3971 2337 4013 et
2382 3961 2434 4013 in
2478 3959 2771 4030 opprobriis
2820 3961 2938 4013 erit.
2986 3958 3156 4013 Filius
3194 3960 3547 4033 derelinquens

1965 4054 2225 4110 custodire
2247 4051 2573 4120 disciplinam
2598 4052 2778 4122 patris,
2808 4051 3135 4105 meditabitur
3157 4069 3413 4107 sermones
3440 4073 3550 4108 nta-

1967 4148 2115 4203 litiat.
2149 4144 2481 4199 Maledieenti
2516 4153 2713 4213 patrem
2751 4154 2795 4197 et
2832 4153 3047 4197 matrem
3082 4146 3433 4219 exstinguetur
3465 4149 3548 4200 lu-

1970 4261 2083 4299 men
2112 4286 2127 4311 ,
2175 4252 2224 4297 et
2270 4241 2486 4313 pupillw
2542 4242 2812 4297 oculorum
2859 4245 2971 4314 ejus
3026 4243 3265 4297 videbunt
3320 4244 3550 4299 tenebras

1969 4336 2154 4407 (Prov.
2190 4332 2326 4406 χιχ).
2357 4333 2495 4389 Audi
2525 4375 2539 4401 ,
2575 4332 2648 4387 fili
2679 4375 2693 4398 ,
2726 4344 2935 4403 patrem
2966 4336 3054 4405 qui
3089 4343 3140 4389 te
3185 4337 3370 4404 genuit
3400 4354 3413 4390 :
3450 4353 3552 4392 nec

1967 4430 2366 4499 contempseris
2395 4430 2523 4499 quia
2574 4425 2753 4482 senuit
2798 4437 2971 4481 mater
3017 4437 3128 4481 tua.
3177 4427 3367 4483 Pareat
3414 4431 3552 4500 patri

1968 4523 2169 4592 lingua,
2200 4534 2360 4591 quam
2390 4516 2598 4589 genuit,
2631 4528 2686 4572 et
2713 4526 2940 4571 matrem
2971 4532 3124 4573 suam
3154 4534 3315 4574 nemo
3344 4521 3553 4575 crudeli

1972 4615 2138 4670 verbo
2183 4612 2469 4685 percutiat.
2519 4613 2607 4667 Sic
2638 4621 2689 4666 te
2717 4611 2923 4682 rapiat,
2956 4612 3027 4667 fili
3051 4656 3063 4679 ,
3092 4613 3349 4684 juvenilis
3376 4617 3552 4671 aetatis

260 4719 396 4763 tuus
424 4707 571 4762 dabit
601 4707 692 4762 tibi
726 4705 924 4780 (Exod.
956 4722 1064 4772 xx,
1100 4705 1208 4778 12).
1245 4706 1474 4771 Audite,
1510 4708 1635 4774 filii,
1666 4709 1861 4765 saluti-
1893 4698 1945 4760 D
1975 4707 2269 4763 auctmitas
2294 4748 2309 4767 ,
2365 4715 2421 4759 ut
2469 4705 2686 4759 noveris
2740 4704 2879 4759 unde
2925 4704 3001 4759 sis
3051 4716 3228 4760 natus.
3286 4707 3554 4764 Memento

262 4803 445 4859 feram
472 4801 768 4872 jussionem
803 4819 815 4853 :
846 4809 901 4855 et
941 4806 1213 4871 prcccepta
1265 4798 1400 4870 legis
1448 4798 1647 4856 affectu
1693 4800 1865 4858 debiti

261 4894 480 4951 amoris
510 4895 745 4964 implete.
794 4894 1005 4949 Servite
1050 4892 1313 4963 patribus,
1358 4891 1523 4948 futuri
1554 4905 1736 4964 patres
1769 4914 1783 4951 :
1815 4906 1869 4953 et

263 4996 481 5044 matres
509 4996 716 5043 vestras
748 4995 933 5041 tenera
960 4986 1167 5057 diligite
1200 4987 1399 5056 pietate
1426 5027 1441 5050 ,
1488 4996 1545 5041 ut
1587 4998 1639 5040 et
1673 4997 1869 5042 vestrae

262 5082 537 5153 coniuges
564 5091 875 5138 mereantur
902 5090 1131 5135 matrum
1163 5081 1381 5136 nomine
1407 5083 1732 5152 nuncupari.
1764 5082 1870 5138 Ne-

266 5192 371 5231 mo
417 5185 623 5245 patrem
665 5176 874 5244 asperis
904 5174 1087 5231 verbis
1134 5175 1334 5242 ltcdat,
1387 5192 1496 5230 non
1542 5176 1634 5231 ftat
1681 5191 1866 5233 amara

266 5269 530 5325 dulcedo.
580 5268 690 5324 Hoc
731 5268 802 5323 sit
844 5268 983 5323 inter
1012 5277 1264 5338 parentes
1294 5279 1350 5324 et
1387 5270 1529 5325 filios
1552 5311 1567 5334 ,
1605 5272 1748 5341 quod
1777 5272 1865 5341 ju-

269 5361 441 5417 bente
487 5360 757 5429 Domino,
805 5369 994 5415 natura
1041 5360 1328 5417 continuit.
1396 5362 1662 5420 Affectum
1712 5372 1871 5419 sonet

271 5455 535 5527 quidquid
589 5455 785 5525 lingua:
833 5456 1068 5511 dixerint
1114 5456 1438 5512 liberorum.
1490 5459 1635 5514 Inter
1677 5461 1872 5517 charas

273 5548 709 5619 conjunctasque
756 5564 1056 5618 personas,
1115 5550 1328 5620 pietatis
1384 5551 1508 5620 jura
1558 5563 1869 5609 serventur.

276 5641 395 5697 Hoc
426 5642 659 5698 filiorum
692 5656 790 5697 ora
828 5642 1145 5713 loquantur,
1180 5643 1323 5713 quod
1356 5654 1612 5713 parentes
1640 5644 1876 5701 delectat

278 5734 490 5790 audire.
540 5734 853 5791 Przebeatur
895 5737 1139 5806 patribus
1182 5738 1355 5792 amori
1400 5739 1566 5793 mixta
1607 5738 1870 5806 formido,

288 5828 383 5897 qui
417 5829 580 5898 primi
614 5828 774 5884 nobis
817 5840 940 5884 sunt
971 5845 1135 5884 causa
1176 5830 1455 5885 nascendi.
1486 5830 1748 5885 Exhibete
1779 5846 1873 5900 pa-

285 5921 480 5989 tribus,
511 5924 631 5991 filii,
656 5923 802 5993 quod
829 5937 922 5980 vos
945 5932 1184 5996 potestas
1213 5923 1423 5994 paterni
1449 5924 1682 5980 nominis
1709 5924 1874 5995 cogit,

1977 4802 2269 4872 Scriptura:
2300 4800 2584 4855 sententia:
2612 4797 2739 4871 [Με.
2760 4800 2995 4853 Ambros.
3024 4800 3269 4872 sanctae],
3298 4802 3410 4871 ubi,
3445 4804 3558 4874 Spi-

1976 4896 2081 4952 ritu
2126 4905 2315 4949 sancto
2348 4895 2637 4960 loquente,
2680 4892 2878 4946 dictum
2921 4901 3046 4948 est:
3084 4893 3216 4962 Quia
3262 4897 3351 4966 qui
3396 4898 3555 4951 male-

1975 4988 2159 5043 dixerit
2190 4987 2327 5058 patri
2356 4995 2442 5038 aut
2474 4984 2646 5053 matri,
2706 4995 2866 5038 morte
2893 4987 3142 5039 moriatur
3172 4984 3313 5057 (Leo.
3346 5004 3438 5055 xx,
3470 4987 3550 5060 9).

1980 5081 2249 5135 Memento
2277 5091 2407 5148 ergo
2429 5089 2710 5147 parentum
2738 5094 2859 5134 esse
2883 5082 3024 5145 quod
3060 5080 3181 5134 talis
3205 5094 3265 5134 es
3289 5097 3302 5133 :
3326 5096 3553 5147 quorum

1979 5171 2224 5226 manibus
2254 5183 2527 5225 crementa
2576 5169 2871 5240 sumpsiSti.
2918 5171 3124 5227 Fauces
3169 5182 3274 5227 ture
3324 5175 3553 5229 necdum

1973 5268 2201 5323 laetcum
2233 5267 2584 5336 perdiderunt
2613 5281 2863 5335 saporem
2894 5309 2907 5332 ,
2942 5282 3100 5337 quem
3142 5267 3238 5322 tibi
3268 5268 3349 5339 pia
3381 5279 3552 5325 mater

1974 5360 2282 5424 infundens,
2318 5360 2553 5428 linguam
2587 5358 2744 5411 istaut
2793 5357 2935 5427 pavit
2977 5369 3107 5429 potu
3151 5362 3417 5430 corporis.
3450 5361 3553 5415 Im-

1976 5452 2149 5521 pende
2184 5451 2425 5506 debitum
2458 5460 2595 5519 patri
2634 5452 2903 5521 matrique
2931 5451 3215 5509 servitium
3243 5472 3256 5507 :
3285 5454 3377 5522 qui
3407 5467 3559 5505 num-

1977 5564 2139 5620 quam
2170 5560 2287 5603 tuos
2310 5549 2519 5618 vagitus
2549 5548 2854 5615 horrentes,
2891 5555 3057 5602 totum
3090 5548 3141 5602 in
3176 5559 3225 5603 te
3254 5548 3563 5602 lambebant

1977 5641 2179 5696 osculis
2203 5655 2419 5711 corpus.
2453 5639 2536 5695 Sit
2567 5640 2666 5695 tibi
2695 5651 2848 5709 grata
2896 5642 3047 5696 salus
3078 5642 3335 5710 ipsorum,
3367 5641 3562 5710 quibus

1979 5734 2191 5791 cbarior
2222 5743 2306 5789 est
2353 5744 2437 5787 tua
2484 5733 2590 5787 vita
2631 5748 2790 5801 quam
2840 5734 3078 5803 propria.
3129 5731 3316 5787 Redde
3362 5733 3563 5788 amoris

1980 5830 2154 5883 vicem
2185 5828 2426 5882 colcndm
2467 5828 2703 5896 pietatis.
2747 5826 2908 5881 Facta
2941 5835 3225 5894 parentum
3264 5824 3368 5879 tuis
3393 5840 3562 5879 cuna-

1990 5924 2132 5981 bulis
2159 5921 2450 5978 commoda
2478 5962 2492 5987 ,
2528 5921 2722 5978 officiis
2754 5916 2988 5988 propriis
3036 5920 3278 5975 exsolve.
3312 5921 3569 5977 Parentes
