3916 6288
514 420 617 475 ΗἹ

515 626 760 696 reparari
786 639 894 679 non
922 627 1146 691 possunt
1176 636 1187 669 :
1220 623 1275 671 et
1306 630 1427 670 cum
1459 628 1556 669 eos
1586 612 1675 666 lex
1718 618 1923 665 natura:
1962 608 2096 664 sub-

510 717 779 780 traxerit.
812 729 911 769 nec
941 720 1149 784 patrem
1184 709 1276 764 tibi
1304 708 1533 762 alterum
1578 703 1787 776 poteris
1815 702 2095 767 invenire,

511 825 617 865 nec
661 818 910 862 matrem.
982 800 1191 857 Mutato
1231 798 1483 868 conjugio
1530 810 1632 851 nec
1673 794 1899 849 vitricus
1944 800 2099 864 pater

508 912 612 966 est,
637 914 735 955 nee
767 910 997 952 noverca
1030 900 1209 965 potest
1231 906 1431 947 nomen
1463 890 1654 944 matris
1681 888 1931 960 implere.
1963 885 2095 941 Nul-

504 993 592 1049 lus
616 992 781 1061 igitur
806 989 1043 1043 ﬁliorum
1066 994 1349 1041 auctorem
1377 982 1513 1038 lucis
1530 996 1640 1037 suae
1663 981 1836 1037 ctedat
1861 980 2096 1050 injuriis.

506 1085 676 1141 Nemo
716 1080 1033 1154 parentibus
1077 1087 1232 1150 optet
1279 1076 1508 1132 adversa
1536 1118 1551 1141 ,
1578 1076 1669 1144 qui
1719 1075 1919 1131 liberos
1966 1072 2094 1149 [Με.

505 1178 745 1234 Ambros.
774 1172 1000 1245 livores]
1028 1189 1142 1230 sua:
1164 1172 1328 1228 saluti
1359 1179 1714 1242 anteponunt.
1746 1167 2099 1224 Intolerabile

507 1271 665 1326 net’as
691 1276 775 1325 est
795 1313 810 1336 ,
842 1284 907 1323 ex
938 1268 1033 1321 illo
1063 1280 1159 1322 ore
1188 1274 1500 1336 protervum
1536 1262 1723 1318 audire
1752 1275 2095 1329 sermonem,

505 1374 599 1416 aut
650 1362 762 1418 illis
808 1359 1013 1431 pulsari
1058 1346 1309 1413 manibus
1334 1400 1349 1423 ,
1381 1370 1516 1427 quas
1545 1371 1701 1410 arnor
1733 1353 1914 1425 diligit
1954 1353 2099 1427 [Duo

510 1451 852 1524 mss.diluitl.
882 1451 1175 1507 Oculorum
1202 1460 1505 1506 vestrorum
1532 1448 1717 1503 timete
1745 1445 2093 1515 sententiam,

504 1564 665 1616 quam
698 1547 959 1602 Dominus
989 1544 1239 1616 promisit
1264 1541 1515 1614 ingratis.
1549 1540 1787 1597 Meretur
1812 1540 1957 1595 enim
1992 1555 2096 1595 cas-

506 1639 689 1693 citatis
718 1652 835 1693 sua:
864 1636 1049 1691 subire
1077 1633 1440 1706 supplicium,
1472 1634 1563 1703 qui
1598 1640 1883 1703 parentum
1910 1632 2097 1685 vultus

508 1732 593 1787 vel
639 1741 795 1786 torvo
836 1729 957 1785 visu
985 1727 1335 1800 despexerit,
1376 1735 1432 1782 et
1470 1724 1630 1781 elatis
1674 1724 1843 1780 oculis
1893 1722 2098 1780 lieserit

508 1831 791 1900 pietatem.
818 1826 876 1883 Si
909 1824 1202 1898 quidquam
1230 1822 1445 1894 sapitis,
1474 1821 1593 1888 ﬁlii,
1622 1835 1688 1876 eo
1714 1820 1894 1875 animo
1922 1817 2099 1875 videte

1538 403 1599 461 S.
1641 396 2027 459 HIERONYSH
2063 394 2345 455 OPERUI
2385 392 2747 452 MAN'flSSA.

511 537 662 593 enim
704 533 827 590 ideo
851 530 1047 586 debent
1092 522 1277 581 haberi
1307 521 1584 579 dulciores
1612 562 1628 588 ,
1664 519 1789 589 quia
1836 531 1934 588 per
1960 516 2096 571 alios
2123 515 2172 577 Α
2202 530 2314 593 cum
2337 512 2642 593 episcoqu
2676 507 3100 593 {Verbenensem
3129 506 3197 593 lin

3634 396 3720 453 “8

3244 507 3532 577 quibusdam
3567 509 3727 565 nullius

2203 585 2350 639 habet
2365 579 2580 636 nomen.
2599 581 2801 636 Deinde
2822 583 2874 635 in
2895 581 3022 634 aliis
3044 579 3308 633 codicibus
3327 580 3526 633 habetur
3544 580 3730 651 integra,

2199 658 2255 709 in
2292 655 2412 709 aliis
2445 653 2647 707 mutila.
2684 652 2953 706 Postremo
2977 662 3080 705 non
3099 662 3175 705 est
3228 652 3330 704 veri
3372 652 3526 705 simile
3550 691 3563 714 ,
3588 653 3729 706 diuum

2203 727 2596 797 Hieronymum,
2618 726 2664 779 si
2685 725 2745 778 de
2774 742 2828 777 re
2850 734 3015 797 tanta,
3042 733 3243 776 tantum
3262 723 3531 797 scripsisset
3548 723 3731 797 librum,

2201 816 2301 852 non
2333 792 2523 851 alicubi
2552 797 2831 849 citatarum
2871 796 3051 863 fuisse,
3087 808 3201 845 cum
3236 792 3393 846 multo
3439 792 3660 847 breriores
3697 808 3736 850 et

2201 869 2404 925 levioris
2434 868 2725 939 argumenti
2746 876 2849 920 tam
2880 868 3175 937 frequenter
3194 865 3332 919 citet.

2744 1017 3078 1077 EPISTOLA
3118 1018 3235 1073 Xll.

2271 1152 2370 1193 sua
2406 1146 2723 1191 οιιυεουωιι
2759 1148 2827 1189 ιιι
2864 1146 3070 1188 βιιηη
3106 1142 3379 1188 mimus
3416 1142 3677 1186 ωαιιειε.

2270 1271 2535 1329 Sulﬁcere
2553 1271 2767 1342 quidem
2793 1269 2915 1326 ﬁdei
2941 1280 3045 1325 tuze
3065 1268 3299 1325 arbitror
3311 1268 3734 1324 conversationem

2200 1376 2440 1423 sanctam
2464 1411 2479 1434 ,
2503 1379 2665 1437 quam
2687 1362 2859 1419 habes
2885 1362 2937 1418 in
2965 1361 3183 1417 Christo
3212 1358 3341 1415 Jesu
3368 1361 3431 1415 ad
3466 1358 3741 1416 sacerdota-

2198 1457 2266 1514 lis
2288 1457 2497 1513 ordinis
2520 1455 2837 1528 dignitatem
2862 1498 2876 1521 ,
2901 1464 3101 1509 arctam
3128 1452 3219 1508 tibi
3248 1460 3302 1507 et
3323 1461 3592 1523 angustam
3616 1452 3746 1507 intel-

2203 1552 2379 1609 lectus
2406 1551 2549 1607 viam
2578 1549 2629 1605 in
2654 1550 2882 1607 Domino
2913 1562 3182 1609 reserare,
3206 1545 3333 1617 quia
3359 1544 3750 1618 prcrcedentihus

2200 1644 2415 1701 meritis
2444 1660 2509 1701 ac
2535 1643 2751 1699 virtutis
2780 1641 3119 1713 insignibus,
3147 1638 3212 1693 ad
3243 1639 3345 1693 hoc
3376 1635 3603 1692 ofﬁcium
3631 1637 3749 1692 eleco

2200 1748 2286 1795 tus
2312 1754 2343 1794 a
2366 1739 2477 1794 Deo
2504 1754 2583 1793 es.
2609 1736 2758 1793 Licet
2788 1736 2841 1791 in
2876 1734 3056 1789 multis
3086 1733 3259 1804 gratia
3289 1731 3487 1785 Christi
3514 1732 3622 1787 sine
3642 1745 3750 1801 ope-

2201 1833 2349 1889 ribus
2379 1831 2783 1903 comprobetur.
2817 1838 2872 1885 et
2914 1834 3165 1884 cessante
3195 1826 3388 1880 merito
3418 1823 3751 1879 conversatio-

506 1921 852 1977 venerabiles
883 1917 1072 1982 facies.
1099 1932 1208 1990 quo
1238 1929 1336 1972 vos
1364 1914 1497 1985 ipsa:
1524 1911 1887 1983 conspiciunt,
1918 1918 1975 1966 et
2002 1925 2078 1966 θοι

2199 1928 2291 1984 nis
2317 1942 2380 1983 ac
2410 1925 2530 1981 vita:
2553 1968 2567 1990 .
2594 1924 2707 1981 sola
2744 1924 2837 1979 Dei
2868 1921 3009 1978 dona
3042 1918 3411 1975 fructiﬁcient.
3434 1916 3628 1973 Tamen
3649 1916 3752 1988 quia

508 2033 626 2072 rum
670 2014 841 2069 labris
886 2010 1135 2068 dulcibus
1180 2008 1385 2066 osculis
1411 2004 1701 2070 inhaerete,
1734 2004 1861 2076 quia
1904 2017 2095 2059 eorum

506 2108 688 2163 oscula
721 2107 895 2161 adhuc
925 2104 1141 2161 habetis
1177 2103 1232 2159 in
1274 2099 1559 2158 membris.
1604 2097 1838 2155 Senibus
1885 2096 2097 2154 servire

507 2202 765 2271 perfacile
792 2208 905 2269 est,
935 2214 1072 2269 quos
1118 2209 1279 2253 nemo
1330 2202 1513 2265 potat,
1545 2206 1709 2248 nemo
1738 2192 1907 2246 nutrit
1931 2204 2094 2247 succo

505 2293 752 2363 corporis
783 2293 887 2347 sui.
922 2290 1200 2347 Foveatur
1242 2289 1424 2357 itaque
1470 2295 1752 2357 parentum
1798 2292 2052 2339 senectus
2075 2325 2091 2349 ,

502 2399 559 2446 et
587 2389 748 2445 factis
799 2404 991 2444 eorum
1038 2383 1357 2442 vicissitudo
1400 2380 1675 2437 reddatur.
1728 2378 1901 2434 Habet
1948 2379 2093 2434 enim

503 2483 792 2555 quamdam
825 2490 1080 2537 senectus
1126 2474 1431 2534 infantiam.
1460 2473 1691 2529 Videant
1736 2471 1892 2527 liberi
1922 2473 2095 2527 vestri

496 2576 633 2647 quid
666 2573 906 2640 faciant,
941 2572 1101 2628 vobis
1139 2571 1315 2625 vicem
1354 2564 1589 2622 similem
1637 2562 1925 2621 reddituri.
1967 2562 2093 2619 Imi-

502 2666 693 2723 tamini
718 2664 890 2721 ﬁlium
930 2662 1301 2720 Macbabseum
1329 2702 1345 2728 ,
1374 2658 1465 2730 qui
1506 2658 1668 2713 matri
1708 2666 1937 2712 mortem
1970 2670 2095 2709 sua-

500 2756 657 2815 denti
699 2756 967 2820 servivit,
1017 2764 1071 2809 et
1098 2754 1297 2809 durum
1349 2748 1634 2820 imperium
1681 2754 1959 2819 gratanter
1997 2761 2091 2816 ag-

500 2865 721 2923 gressus
744 2859 847 2913 est,
879 2865 946 2903 ne
974 2842 1278 2902 oﬂ'endcret
1300 2839 1623 2914 genitricem
1657 2837 1726 2911 (ll
1751 2834 1996 2893 Machab.
2021 2838 2088 2909 ι).

500 2946 690 3002 Maluit
725 2941 956 2999 fratrum
1004 2938 1203 2996 sociari
1250 2934 1569 3001 funeribus,
1614 2946 1777 3005 quam
1824 2932 2091 2987 voluntati

499 3039 693 3094 matris
712 3035 1007 3091 obsistere.
1039 3032 1117 3087 lta
1142 3031 1289 3087 enim
1318 3028 1507 3084 matris
1536 3027 1818 3083 suadentis
1838 3025 2091 3081 voluntas

502 3130 743 3202 perlecta
784 3139 903 3193 est,
948 3134 1008 3181 ut
1053 3124 1165 3180 Deo
1193 3126 1363 3179 tilium
1408 3121 1610 3178 faceret
1654 3131 1949 3191 martyrem
1977 3162 1991 3187 ,
2034 3130 2089 3174 et

500 3224 733 3278 fratrum
762 3220 977 3276 coronis
1000 3215 1470 3290 comparticipem.
1497 3213 1735 3284 Denique
1762 3210 2083 3285 obsequium

2203 2029 2259 2075 tu
2290 2034 2401 2090 prie
2432 2017 2646 2073 czeteris
2700 2015 2907 2071 electus
2938 2029 2969 2067 a
3000 2012 3105 2068 Deo
3134 2014 3202 2065 ob
3232 2009 3336 2065 hoc
3377 2008 3721 2077 comprobaris
3740 2047 3753 2073 ,

2200 2109 2294 2182 qui
2320 2118 2376 2165 et
2403 2108 2535 2180 legis
2564 2122 2729 2179 opera
2771 2105 3033 2175 impleas,
3066 2110 3118 2159 et
3140 2101 3502 2157 commoraris
3533 2101 3581 2154 in
3609 2098 3757 2171 gratia

2202 2217 2370 2274 usque
2390 2200 2459 2257 ad
2482 2198 2978 2270 supereminentem
3001 2197 3241 2253 scientiae
3261 2194 3577 2251 eharitatem
3595 2239 3608 2263 ,
3628 2193 3758 2249 intel-

2196 2296 2338 2352 lectu
2395 2294 2490 2351 Dei
2541 2303 2719 2348 tecum
2752 2291 3037 2363 loquente,
3067 2287 3393 2343 festinanter
3424 2286 3753 2343 existentibus

2195 2384 2621 2459 cogitationibus
2652 2383 2958 2455 insignibus
2977 2427 2990 2451 ,
3020 2381 3124 2437 hoc
3150 2380 3230 2435 vis
3259 2395 3425 2435 nosse
3452 2378 3588 2450 quod
3614 2376 3760 2433 factus

2195 2495 2276 2537 es.
2306 2479 2495 2534 Totius
2526 2476 2619 2532 tibi
2664 2475 2921 2533 Ecclesize
2970 2484 3128 2547 prout
3159 2472 3415 2544 przeeipis
3458 2479 3759 2527 sacramenta

2197 2571 2455 2629 reserabo
2482 2588 2494 2625 :
2529 2569 2791 2626 doctrina:
2820 2568 3067 2624 ordinem
3090 2574 3145 2622 et
3174 2566 3356 2622 locum
3386 2565 3759 2629 custodiens,et

2193 2663 2323 2735 quid
2352 2662 2585 2736 qualiter
2615 2661 2915 2717 observare
2938 2661 3140 2715 debeas
3171 2660 3414 2714 docens:
3458 2659 3501 2714 si
3534 2656 3682 2713 modo
3706 2654 3759 2709 ad

2194 2757 2447 2827 injuriam
2472 2772 2578 2810 non
2604 2770 2828 2810 revoces
2854 2753 3052 2809 novelli
3077 2752 3448 2808 exhortaturis
3471 2750 3762 2805 industriam

2192 2864 2257 2905 ac
2293 2861 2344 2904 te
2373 2863 2478 2903 non
2513 2847 2713 2919 pudeat
2752 2845 3027 2919 paulisper
3058 2845 3325 2899 minorem
3366 2858 3489 2900 esse
3530 2843 3650 2897 dum
3690 2840 3760 2894 di-

2191 2944 2299 3000 scis
2318 2962 2331 2997 :
2351 2944 2473 3014 quia
2500 2942 2758 3012 seposito,
2776 2952 2832 2995 ut
2858 2938 3032 3005 vides,
3058 2937 3349 3010 privilegio
3376 2932 3764 3007 dignitatis,ba-

2190 3037 2286 3091 bes
2311 3034 2378 3091 de
2406 3035 2564 3091 nobis
2591 3032 2830 3104 amplius
2860 3031 3002 3104 quod
3046 3046 3279 3103 qureras.
3330 3030 3400 3085 Et
3431 3028 3485 3085 id
3508 3025 3645 3099 quod
3668 3024 3760 3095 jam

2190 3128 2399 3200 pridem
2431 3129 2488 3183 in
2516 3127 2930 3183 consecratione
2957 3134 3319 3182 consecutum
3351 3133 3404 3180 te
3436 3138 3557 3179 esse
3587 3118 3762 3184 credis,

2189 3230 2359 3276 restat
2388 3232 2444 3275 ut
2491 3222 2714 3289 capias:
2765 3237 2833 3276 ne
2881 3222 3060 3275 minor
3098 3218 3398 3273 inveniaris
3448 3220 3502 3271 in
3548 3212 3758 3279 Christo,

498 3333 660 3374 suum
690 3315 907 3379 melius.
935 3322 1113 3369 morte
1158 3310 1392 3382 PTObanS
1418 3351 1433 3376 .
1475 3308 1782 3363 δυηεῖθηθηι
1815 3304 2084 3362 sermonis
2110 3284 2157 3353 ε
2188 3330 2347 3385 quam
2380 3316 2432 3369 in
2466 3312 2664 3369 mundo
2695 3312 2915 3370 interim
2949 3314 3247 3369 nominaris
3278 3327 3345 3368 ac
3376 3312 3424 3366 si
3469 3308 3591 3367 falsi
3618 3322 3762 3363 voca-

501 3409 695 3465 matris
726 3404 970 3479 implevit
1002 3424 1016 3463 :
1048 3415 1102 3461 et
1134 3405 1310 3459 lucem
1343 3403 1498 3456 istam
1530 3399 1815 3455 moriendo
1840 3408 2086 3455 contem-

498 3518 667 3569 nens,
709 3516 940 3558 consors
968 3508 1265 3571 martyrum
1294 3498 1467 3552 factus
1497 3506 1581 3550 est
1604 3536 1618 3561 ,
1650 3503 1709 3549 ut
1740 3493 1828 3549 illa
1871 3509 2086 3566 germa-

498 3597 642 3652 nitas
667 3606 874 3651 ieterno
898 3594 1131 3665 collegio
1156 3591 1489 3646 ﬁrmaretur.
1514 3590 1654 3645 Ecce
1675 3587 1806 3658 quid
1833 3588 2086 3659 prmslitit

498 3692 713 3747 animus
760 3689 921 3745 iiiatri
964 3688 1261 3758 subjectus.
1313 3683 1550 3740 Devotus
1592 3681 1734 3738 ﬁlius
1779 3682 2082 3739 obedieudo

498 3798 779 3857 promotus
803 3798 905 3851 est,
938 3786 1029 3857 qui
1060 3785 1254 3841 nolens
1286 3792 1586 3839 maternam
1617 3781 1961 3853 aliquatenus
1987 3782 2083 3837 lm-

496 3880 627 3937 dere
655 3882 909 3951 pietatem
937 3920 953 3946 ,
985 3885 1301 3949 perpetuam
1327 3875 1488 3929 vitam
1518 3874 1771 3945 passione
1799 3872 2039 3945 suscepit
2066 3893 2076 3926 :

494 3976 586 4046 qui
634 3972 925 4029 Dominum
951 3968 1261 4026 conﬁtendo
1284 4012 1299 4035 ,
1332 3977 1572 4024 meretur
1598 3983 1718 4023 cum
1764 3965 2020 4022 fratribus
2048 3981 2077 4021 a

503 4071 736 4128 Domino
763 4082 944 4123 coram
969 4062 1177 4137 angelis
1205 4064 1473 4119 coronari.

619 4221 931 4280 MONITUM
970 4220 1038 4276 IN
1078 4218 1464 4275 EPISTULAM
1502 4217 1949 4285 SEQUENTE”.

571 4340 851 4411 Eruditunt
876 4352 1096 4411 prorsus
1112 4345 1157 4389 et
1203 4335 1335 4411 lectu
1362 4333 1575 4405 dignum
1599 4334 1905 4411 opusculum
1923 4377 1958 4411 ,Α
1985 4338 2076 4392 sed

492 4414 649 4481 quod,
679 4422 733 4465 ut
778 4404 907 4464 nihil
950 4408 1096 4461 aliud
1122 4405 1353 4470 accedat,
1387 4404 1491 4481 non
1521 4421 1629 4481 esse
1658 4404 1980 4481 Hieronymi,
2011 4425 2075 4463 ea:

491 4475 610 4553 styli
642 4483 993 4550 discrepantia
1012 4481 1126 4547 jam
1147 4486 1365 4531 constet.
1393 4475 1588 4553 Prodit
1610 4478 1841 4553 etiarnse
1856 4475 2067 4553 auctor,

489 4547 785 4619 aequiorum
812 4547 917 4606 esse
942 4562 1247 4621 temporum,
1269 4549 1409 4621 quod
1432 4566 1495 4605 ea:
1511 4548 1719 4621 Isidoro
1742 4547 2064 4619 Hispalensi,

490 4618 577 4695 qui
603 4624 819 4697 septimo
839 4618 1250 4697 ineunte'sts'culo
1272 4618 1471 4697 ﬂoruit,
1502 4619 1755 4697 nonnulla
1780 4618 2065 4697 mutuatur.’

492 4707 547 4749 ut
572 4708 691 4750 sunt
716 4696 829 4749 illa.

488 4772 603 4821 dem
623 4772 732 4837 fere
752 4762 909 4821 verbis
930 4766 999 4818 ad
1023 4765 1266 4817 ostianos
1291 4762 1618 4831 retulit:lpsi
1642 4762 1785 4837 enim
1815 4773 2061 4821 tenentes

485 4834 725 4905 clavem,
773 4838 952 4891 omnia
996 4839 1171 4899 intus,
1204 4846 1467 4907 extraque
1520 4834 2061 4907 custodiuntzratque

489 4912 631 4965 inter
660 4904 830 4964 benos
860 4917 914 4963 et
944 4910 1114 4962 mans
1145 4907 1406 4975 habentes
1431 4904 1692 4975 judicium
1718 4948 1731 4967 ,
1760 4906 1946 4960 ﬁdeles
1974 4904 2061 4963 re-

485 4983 724 5050 cipiunt,
744 4992 1008 5048 respuunt
1032 4974 1314 5050 inﬁdeles;
1341 4974 1450 5050 tum
1472 4974 1566 5032 illa
1593 4994 1707 5050 qua:
1729 4978 1796 5030 ad
1824 4978 2059 5048 quintum

486 5048 740 5120 gradum,
768 5068 858 5106 seu
888 5053 1131 5104 diaconos
1157 5064 1177 5102 :
1202 5048 1434 5120 Sicutin
1465 5049 1751 5105 sacerdote
1771 5064 2061 5105 consecra-

483 5117 581 5185 iio,
612 5126 684 5177 ita
739 5126 789 5178 in
838 5123 1067 5176 diacono
1113 5117 1396 5173 ministerii
1427 5119 1756 5186 dispensatio
1802 5121 2050 5176 habetur.

481 5194 638 5248 Enim
664 5210 778 5247 vero
807 5196 912 5247 htec
939 5190 1200 5245 Isidorunt
1230 5206 1261 5241 a
1294 5201 1467 5243 nostra
1494 5194 1773 5264 accepisse,
1796 5192 1933 5261 quod
1974 5195 2054 5264 fa-

484 5266 579 5316 cil:
603 5265 794 5335 opponi
819 5263 1133 5335 posset,qveri
1154 5271 1349 5314 tantam
1368 5262 1581 5335 speciem
1607 5260 1706 5335 non
1727 5260 1874 5315 habet
1895 5304 1909 5327 ,
1932 5260 2051 5334 pro-

478 5338 618 5390 :rime
656 5333 926 5407 autemab
965 5333 1057 5386 illo
1080 5342 1310 5386 nostrum
1330 5342 1500 5407 atate
1520 5333 1766 5403 abfuisse,
1795 5342 1917 5403 puta
1934 5333 2054 5407 ipso

477 5410 693 5474 septimo
716 5407 783 5457 ad
812 5405 965 5473 ﬁnem
987 5414 1237 5474 vergente,
1263 5403 1339 5458 uel
1379 5404 1583 5457 demum
1623 5416 1797 5457 octavo
1837 5403 2051 5472 siccato,

477 5477 631 5545 [acile
650 5478 881 5530 adducar
901 5483 955 5526 ut
975 5482 1201 5528 crea’am.
1224 5479 1292 5527 Ac
1312 5490 1437 5529 sane
1461 5474 1775 5530 Hincmarus
1800 5476 2026 5533 Rhemen
2040 5510 2052 5519 -

477 5549 667 5619 sis,qui
687 5549 878 5603 saeculo
897 5546 1233 5619 subsequente
1240 5546 1465 5615 scripsit,
1482 5562 1581 5600 non
1602 5547 1767 5600 solum
1790 5550 2052 5618 epistolam

480 5616 609 5673 hanc
639 5621 835 5683 laudat,
861 5617 949 5672 sed
970 5626 1017 5669 et
1046 5632 1141 5684 pro
1181 5616 1590 5688 Hieronymiana
1630 5621 1776 5671 habet
1844 5636 1905 5672 ea:
1952 5638 2052 5689 quo

476 5691 709 5762 colligas.
724 5690 928 5761 jamdiu
944 5698 1095 5741 ualet
1116 5692 1258 5757 fama
1274 5690 1579 5758 scriptorum
1601 5691 1898 5745 incaluisse.
1912 5691 2052 5746 Lau-

476 5760 635 5835 datet
658 5762 928 5835 Hicrologi
969 5768 1238 5835 au.tor._et
1275 5762 1554 5814 subsecutis
1596 5763 1908 5832 temporibus
1930 5766 2046 5819 alii.

473 5828 543 5884 In
568 5849 687 5885 mss.
712 5828 1110 5901 exemplaribus,
1137 5829 1355 5885 Erasmo
1378 5841 1520 5897 teste,
1560 5828 1721 5885 uariat
1753 5835 1954 5887 titulus.
1978 5834 2048 5891 In

469 5903 735 5960 nonnullis
761 5905 830 5961 ad
858 5904 1137 5963 Damasum
1160 5904 1409 5974 inscripta
1429 5912 1522 5973 est,
1551 5905 1604 5959 in
1630 5904 1747 5961 aliis
1774 5906 1842 5960 ad
1864 5906 2044 5963 Rusti‘

876 4666 2065 4764 gigans};a1'6395.35.14}.iisiis}:
2089 4666 2144 4733 Ι)

2186 3406 2300 3464 buli
2326 3406 2536 3462 inutilis
2567 3417 2753 3477 pastor
2774 3411 3009 3475 cristas,
3032 3422 3153 3462 cum
3182 3404 3302 3460 bzec
3322 3420 3450 3476 qua:
3479 3404 3535 3458 in
3558 3398 3763 3456 Domino

2186 3500 2357 3555 latent
2398 3508 2739 3555 sacramenta
2780 3500 3044 3554 nescires.
3086 3498 3197 3554 Nos
3236 3507 3425 3553 tamen
3459 3503 3696 3552 tenentes
3719 3492 3763 3545 in

2185 3594 2332 3649 omni
2356 3592 2725 3663 disputatione
2750 3594 3013 3647 rationem
3036 3636 3051 3659 ,
3074 3606 3138 3647 ac
3162 3602 3342 3647 tecum
3368 3590 3684 3661 simpliciter
3703 3584 3763 3637 la-

2184 3687 2434 3744 bulantes
2450 3728 2464 3751 ,
2484 3702 2670 3742 verum
2694 3694 2746 3742 te
2770 3685 3081 3756 episcopum
3106 3684 3425 3740 animarum
3448 3682 3646 3739 debere
3662 3692 3764 3735 esse

2183 3782 2631 3837 monstrabimus:
2654 3791 2709 3835 ut
2730 3780 2905 3836 lactus
2929 3780 3022 3835 tibi
3048 3780 3163 3849 ipse
3180 3777 3355 3848 judex
3375 3821 3391 3845 ,
3418 3778 3521 3831 hoc
3544 3772 3678 3845 quud
3699 3771 3763 3825 lo-

2180 3875 2398 3945 quimur
2425 3874 2649 3945 implere
2676 3873 2940 3929 festinans
2961 3914 2977 3938 ,
3002 3880 3058 3927 et
3082 3870 3239 3925 nobis
3266 3869 3626 3925 consentiens
3645 3907 3659 3932 ,
3683 3879 3763 3917 ve-

2181 3967 2440 4023 recundia
2470 3976 2524 4021 et
2552 3965 2869 4021 confusione
2915 3964 3115 4033 reiecta
3137 4005 3150 4026 ,
3178 3963 3354 4033 eligas
3389 3962 3633 4029 ahjectus
3660 3969 3764 4012 esse

2179 4058 2236 4117 in
2280 4061 2444 4116 dumo
2486 4058 2579 4116 Dei
2634 4059 2801 4130 magis
2829 4073 2989 4129 quam
3024 4056 3272 4112 habitare
3325 4056 3381 4110 in
3416 4048 3764 4109 tabernaculis

2178 4164 2551 4228 peceatorum.
2584 4152 2673 4208 Sic
2700 4152 2845 4207 enim
2874 4150 3031 4206 lesus
3061 4151 3135 4205 ait
3168 4167 3182 4204 :
3228 4149 3406 4224 Reges
3436 4149 3658 4220 gentium
3686 4144 3765 4195 do-

2178 4246 2442 4300 minantur
2465 4258 2663 4309 eorum,
2690 4255 2735 4297 et
2758 4244 2845 4315 qui
2874 4254 3175 4315 potestatem
3200 4242 3399 4295 habent
3424 4283 3439 4307 ,
3464 4237 3761 4294 Dominivo-

2177 4350 2386 4404 cantur;
2411 4356 2499 4394 vos
2526 4347 2697 4393 autem
2728 4356 2827 4392 non
2855 4341 2952 4391 sic:
2976 4336 3065 4390 sed
3086 4337 3175 4405 qui
3207 4337 3386 4407 major
3420 4344 3496 4389 est
3520 4342 3728 4387 uestrum
3746 4372 3758 4393 ,

2174 4434 2267 4502 ﬁat
2306 4431 2435 4487 sicut
2468 4431 2654 4497 ntinor,
2702 4441 2749 4483 et
2781 4430 2867 4501 qui
2908 4429 3144 4502 princeps
3173 4440 3281 4493 est,
3318 4429 3419 4499 ﬁat
3451 4429 3581 4481 sicut
3620 4421 3760 4478 mini-

2173 4535 2298 4580 ster.
2326 4525 2453 4591 Quis
2478 4525 2613 4578 enim
2644 4526 2813 4594 major
2835 4534 2940 4587 est,
2964 4524 3050 4593 qui
3076 4521 3367 4588 recumbit,
3395 4540 3465 4575 an
3510 4521 3596 4590 qui
3625 4515 3761 4572 minio

2172 4614 2414 4670 strat?In
2432 4616 2668 4686 gentibus
2689 4616 2894 4688 quidem
2917 4616 3004 4687 qui
3032 4613 3341 4677 discumbit,
3368 4617 3547 4681 maior
3568 4622 3637 4665 est
3661 4627 3674 4661 :
3698 4607 3760 4659 iu-

2168 4719 2243 4763 ter
2264 4727 2347 4763 vos
2378 4718 2548 4764 autem
2578 4727 2679 4763 non
2702 4710 2775 4764 sic
2796 4755 2809 4776 ,
2835 4708 2922 4763 sed
2950 4710 3037 4778 qui
3065 4707 3355 4761 ministrat.
3390 4705 3506 4778 Ego
3529 4714 3690 4761 autem
3714 4702 3759 4753 in

2165 4802 2331 4856 medio
2359 4810 2580 4856 restrum
2606 4818 2719 4855 sunt
2752 4802 2883 4855 sicut
2905 4802 2991 4871 qui
3023 4799 3306 4853 ministrat.
3336 4794 3406 4852 Et
3432 4816 3520 4852 vos
3546 4797 3664 4869 quia
3688 4808 3757 4847 es-

2163 4897 2229 4950 tis
2255 4904 2611 4965 permanentes
2642 4909 2841 4947 mecum
2865 4894 2915 4946 in
2946 4892 3323 4947 tentationibus
3352 4894 3486 4946 meis
3512 4909 3530 4946 :
3552 4909 3643 4963 ego
3665 4888 3760 4941 dis-

2161 5002 2294 5057 pono
2315 4986 2450 5039 vobis
2476 4986 2608 5038 sicut
2627 4984 2883 5055 disposuit
2912 4984 3038 5037 mihi
3064 4983 3222 5037 Pater
3250 5001 3406 5039 mens
3432 4998 3646 5056 regnum
3670 5021 3684 5045 ,
3707 4986 3754 5032 ut

2160 5078 2325 5132 edatis
2348 5089 2393 5131 et
2416 5078 2600 5132 bibatis
2631 5084 2685 5133 in
2714 5094 2887 5132 mensa
2912 5095 3023 5131 mea
3048 5078 3102 5131 in
3128 5094 3293 5151 regno
3328 5095 3448 5132 meo
3472 5122 3486 5145 ,
3512 5087 3559 5131 et
3582 5072 3757 5130 sedatis

2153 5187 2306 5243 super
2325 5171 2469 5225 sedes
2491 5171 2763 5226 duodecim
2775 5171 3069 5245 judicantes
3088 5171 3379 5224 duodecim
3405 5170 3570 5225 tribus
3597 5168 3625 5222 Ι
3630 5162 3755 5221 smel

2158 5264 2309 5338 (Luc.
2338 5263 2542 5331 XXII,
2568 5264 2668 5330 25,
2700 5266 2852 5335 seq.).
2882 5265 2946 5318 Et
2968 5264 3092 5319 alibi
3121 5280 3138 5317 :
3162 5258 3450 5317 Rectorem
3483 5268 3756 5331 posuerunt

2159 5367 2233 5424 te,
2259 5356 2366 5410 noli
2406 5356 2620 5421 extolli,
2667 5358 2755 5411 sed
2784 5366 2891 5410 esto
2934 5365 3194 5424 tamquam
3226 5372 3372 5409 unus
3408 5371 3475 5409 ea:
3503 5355 3648 5429 ipsis.
3692 5348 3754 5405 Et

2156 5448 2327 5505 alibi:
2353 5448 2471 5503 Non
2495 5460 2548 5503 ut
2586 5450 2867 5504 domineris
2892 5452 3052 5513 clero,
3082 5450 3172 5503 sed
3201 5461 3255 5502 ut
3287 5450 3469 5518 [arma
3491 5451 3565 5503 sis
3596 5444 3753 5502 omni-

2158 5540 2248 5595 bus
2280 5540 2321 5612 [I
2364 5538 2481 5594 Pet.
2516 5557 2566 5605 v,
2603 5540 2679 5611 3].
2731 5541 2800 5595 Et
2836 5539 3013 5595 alibi:
3052 5538 3333 5611 Templum
3369 5537 3476 5594 Dei
3505 5540 3624 5593 estis
3648 5581 3661 5604 ,
3711 5542 3755 5587 et

2159 5628 2390 5703 Spiritus
2421 5629 2516 5686 Dei
2544 5631 2741 5685 habitat
2770 5632 2823 5685 in
2853 5630 3012 5688 vobis.
3043 5632 3105 5687 Si
3146 5631 3263 5701 quis
3287 5643 3473 5686 autem
3520 5630 3756 5701 tentplum

2154 5724 2253 5779 Dei
2282 5725 2579 5791 tiolat'erit,
2620 5724 2883 5797 disperdet
2914 5724 3064 5778 illum
3109 5723 3269 5777 Deus.
3308 5722 3589 5788 Temp/um
3624 5719 3751 5775 enint

2154 5819 2251 5873 Dei
2275 5829 2506 5873 sanctum
2530 5831 2632 5888 est,
2658 5819 2796 5890 quod
2839 5821 2959 5874 estis
2995 5836 3103 5874 vos.
3131 5816 3175 5887 (l
3199 5817 3327 5874 Cor.
3360 5834 3447 5886 In,
3496 5818 3562 5874 l6
3598 5812 3749 5886 seq.).

2153 5913 2411 5985 Quoniam
2434 5914 2653 5987 exipso,
2694 5923 2741 5971 et
2778 5932 2867 5988 per
2887 5914 3078 5989 ipsum,
3103 5914 3219 5970 etin
3266 5913 3385 5986 ipso
3410 5918 3536 5975 sunt
3556 5911 3743 5978 omnia,
