  <div class='ocr_page' id='page_1' title='image "/cluster/home/n/w/nwhite01/storage/ocr_20150623/30/hvd.32044096580535/084.png"; bbox 0 0 3916 6288; ppageno 0'>
   <div class='ocr_carea' id='block_1_1' title="bbox 257 341 352 397">
    <p class='ocr_par' dir='ltr' id='par_1_1' title="bbox 257 341 352 397">
     <span class='ocr_line' id='line_1_1' title="bbox 257 341 352 397; baseline 0 0"><span class='ocrx_word' id='word_1_1' title='bbox 257 341 352 397; x_wconf 68' lang='grc'><strong><em>149</em></strong></span> 
     </span>
    </p>
   </div>
   <div class='ocr_carea' id='block_1_2' title="bbox 1023 342 2781 405">
    <p class='ocr_par' dir='ltr' id='par_1_2' title="bbox 1023 342 2781 405">
     <span class='ocr_line' id='line_1_2' title="bbox 1023 342 2781 405; baseline 0.003 -7"><span class='ocrx_word' id='word_1_2' title='bbox 1023 342 1361 401; x_wconf 80' lang='lat' dir='ltr'><strong><em>EPISTOLA</em></strong></span> <span class='ocrx_word' id='word_1_3' title='bbox 1400 344 1514 403; x_wconf 78' lang='grc' dir='ltr'><strong><em>ΧΠ.</em></strong></span> <span class='ocrx_word' id='word_1_4' title='bbox 1556 346 1646 403; x_wconf 90' lang='lat' dir='ltr'><strong><em>DE</em></strong></span> <span class='ocrx_word' id='word_1_5' title='bbox 1684 344 1961 405; x_wconf 84' lang='lat' dir='ltr'><strong><em>SEPTEM</em></strong></span> <span class='ocrx_word' id='word_1_6' title='bbox 1996 344 2360 403; x_wconf 84' lang='lat' dir='ltr'><strong><em>0RDlNlBUS</em></strong></span> <span class='ocrx_word' id='word_1_7' title='bbox 2401 344 2781 405; x_wconf 70' lang='lat' dir='ltr'><strong><em>ECCLESLE.</em></strong></span> 
     </span>
    </p>
   </div>
   <div class='ocr_carea' id='block_1_3' title="bbox 3415 354 3519 411">
    <p class='ocr_par' dir='ltr' id='par_1_3' title="bbox 3415 354 3519 411">
     <span class='ocr_line' id='line_1_3' title="bbox 3415 354 3519 411; baseline 0.019 -2"><span class='ocrx_word' id='word_1_8' title='bbox 3415 354 3519 411; x_wconf 80' lang='grc'><strong><em>150</em></strong></span> 
     </span>
    </p>
   </div>
   <div class='ocr_carea' id='block_1_4' title="bbox 247 454 3519 537">
    <p class='ocr_par' dir='ltr' id='par_1_4' title="bbox 247 454 3519 537">
     <span class='ocr_line' id='line_1_4' title="bbox 247 454 3519 537; baseline 0.006 -25"><span class='ocrx_word' id='word_1_9' title='bbox 247 459 339 530; x_wconf 75' lang='lat' dir='ltr'><strong><em>ipsi</em></strong></span> <span class='ocrx_word' id='word_1_10' title='bbox 364 454 531 528; x_wconf 80' lang='lat' dir='ltr'><strong><em>gloria</em></strong></span> <span class='ocrx_word' id='word_1_11' title='bbox 550 456 606 511; x_wconf 84' lang='lat' dir='ltr'><strong><em>in</em></strong></span> <span class='ocrx_word' id='word_1_12' title='bbox 634 454 860 512; x_wconf 68' lang='lat' dir='ltr'><strong><em>sarcula:</em></strong></span> <span class='ocrx_word' id='word_1_13' title='bbox 883 472 1019 513; x_wconf 84' lang='lat' dir='ltr'><strong><em>unus</em></strong></span> <span class='ocrx_word' id='word_1_14' title='bbox 1038 459 1176 513; x_wconf 86' lang='lat' dir='ltr'><strong><em>enim</em></strong></span> <span class='ocrx_word' id='word_1_15' title='bbox 1195 457 1339 515; x_wconf 87' lang='lat' dir='ltr'><strong><em>Deus</em></strong></span> <span class='ocrx_word' id='word_1_16' title='bbox 1360 470 1534 516; x_wconf 89' lang='lat' dir='ltr'><strong><em>noster</em></strong></span> <span class='ocrx_word' id='word_1_17' title='bbox 1570 471 1617 516; x_wconf 91' lang='lat' dir='ltr'><strong><em>et</em></strong></span> <span class='ocrx_word' id='word_1_18' title='bbox 1662 460 1821 517; x_wconf 86' lang='lat' dir='ltr'><strong><em>Pater</em></strong></span> <span class='ocrx_word' id='word_1_19' title='bbox 1846 463 1903 526; x_wconf 78' lang='grc' dir='ltr'><strong>Α</strong></span> <span class='ocrx_word' id='word_1_20' title='bbox 1926 475 2072 516; x_wconf 79' lang='lat' dir='ltr'><strong><em>sonas</em></strong></span> <span class='ocrx_word' id='word_1_21' title='bbox 2088 470 2192 517; x_wconf 78' lang='lat' dir='ltr'><strong><em>tuae</em></strong></span> <span class='ocrx_word' id='word_1_22' title='bbox 2212 475 2341 516; x_wconf 89' lang='lat' dir='ltr'><strong><em>cura</em></strong></span> <span class='ocrx_word' id='word_1_23' title='bbox 2355 459 2625 533; x_wconf 85' lang='lat' dir='ltr'><strong><em>officiique</em></strong></span> <span class='ocrx_word' id='word_1_24' title='bbox 2637 463 2963 537; x_wconf 89' lang='lat' dir='ltr'><strong><em>reverentia,</em></strong></span> <span class='ocrx_word' id='word_1_25' title='bbox 2977 479 3195 522; x_wconf 87' lang='lat' dir='ltr'><strong><em>servum</em></strong></span> <span class='ocrx_word' id='word_1_26' title='bbox 3211 469 3384 525; x_wconf 78' lang='lat' dir='ltr'><strong><em>servis</em></strong></span> <span class='ocrx_word' id='word_1_27' title='bbox 3396 484 3519 530; x_wconf 85' lang='lat' dir='ltr'><strong><em>esse</em></strong></span> 
     </span>
    </p>
   </div>
   <div class='ocr_carea' id='block_1_5' title="bbox 248 550 1820 627">
    <p class='ocr_par' dir='ltr' id='par_1_5' title="bbox 248 550 1820 627">
     <span class='ocr_line' id='line_1_5' title="bbox 248 550 1820 627; baseline 0.002 -22"><span class='ocrx_word' id='word_1_28' title='bbox 248 550 445 605; x_wconf 82' lang='lat' dir='ltr'><strong><em>Domini</em></strong></span> <span class='ocrx_word' id='word_1_29' title='bbox 467 550 673 605; x_wconf 75' lang='lat' dir='ltr'><strong><em>nostril</em></strong></span> <span class='ocrx_word' id='word_1_30' title='bbox 680 567 769 605; x_wconf 84' lang='lat' dir='ltr'><strong><em>esu</em></strong></span> <span class='ocrx_word' id='word_1_31' title='bbox 787 550 982 605; x_wconf 86' lang='lat' dir='ltr'><strong><em>Christi</em></strong></span> <span class='ocrx_word' id='word_1_32' title='bbox 999 592 1013 617; x_wconf 92' lang='lat'><strong><em>,</em></strong></span> <span class='ocrx_word' id='word_1_33' title='bbox 1028 567 1091 607; x_wconf 74' lang='lat' dir='ltr'><strong><em>ea:</em></strong></span> <span class='ocrx_word' id='word_1_34' title='bbox 1104 568 1204 624; x_wconf 77' lang='lat' dir='ltr'><strong><em>quo</em></strong></span> <span class='ocrx_word' id='word_1_35' title='bbox 1221 554 1420 621; x_wconf 80' lang='lat' dir='ltr'><strong><em>omnia,</em></strong></span> <span class='ocrx_word' id='word_1_36' title='bbox 1432 564 1481 610; x_wconf 90' lang='lat' dir='ltr'><strong><em>et</em></strong></span> <span class='ocrx_word' id='word_1_37' title='bbox 1504 570 1596 610; x_wconf 87' lang='lat' dir='ltr'><strong><em>nos</em></strong></span> <span class='ocrx_word' id='word_1_38' title='bbox 1618 556 1672 609; x_wconf 87' lang='lat' dir='ltr'><strong><em>in</em></strong></span> <span class='ocrx_word' id='word_1_39' title='bbox 1687 555 1820 627; x_wconf 88' lang='lat' dir='ltr'><strong><em>ipso,</em></strong></span> 
     </span>
    </p>
   </div>
   <div class='ocr_carea' id='block_1_6' title="bbox 246 643 1825 719">
    <p class='ocr_par' dir='ltr' id='par_1_6' title="bbox 246 643 1825 719">
     <span class='ocr_line' id='line_1_6' title="bbox 246 643 1825 719; baseline 0.003 -20"><span class='ocrx_word' id='word_1_40' title='bbox 246 656 288 699; x_wconf 81' lang='lat' dir='ltr'><strong><em>et</em></strong></span> <span class='ocrx_word' id='word_1_41' title='bbox 312 662 438 699; x_wconf 81' lang='lat' dir='ltr'><strong><em>unus</em></strong></span> <span class='ocrx_word' id='word_1_42' title='bbox 461 643 716 699; x_wconf 90' lang='lat' dir='ltr'><strong><em>Dominus</em></strong></span> <span class='ocrx_word' id='word_1_43' title='bbox 749 644 784 698; x_wconf 83' lang='lat' dir='ltr'><strong><em>.l</em></strong></span> <span class='ocrx_word' id='word_1_44' title='bbox 790 663 905 701; x_wconf 81' lang='lat' dir='ltr'><strong><em>esus</em></strong></span> <span class='ocrx_word' id='word_1_45' title='bbox 927 644 1162 701; x_wconf 73' lang='lat' dir='ltr'><strong><em>Christus</em></strong></span> <span class='ocrx_word' id='word_1_46' title='bbox 1181 689 1197 714; x_wconf 92' lang='lat'><strong><em>,</em></strong></span> <span class='ocrx_word' id='word_1_47' title='bbox 1221 664 1312 717; x_wconf 85' lang='lat' dir='ltr'><strong><em>per</em></strong></span> <span class='ocrx_word' id='word_1_48' title='bbox 1330 665 1484 719; x_wconf 80' lang='lat' dir='ltr'><strong><em>quem</em></strong></span> <span class='ocrx_word' id='word_1_49' title='bbox 1528 651 1699 705; x_wconf 89' lang='lat' dir='ltr'><strong><em>omnia</em></strong></span> <span class='ocrx_word' id='word_1_50' title='bbox 1715 688 1733 717; x_wconf 91' lang='lat'><strong><em>,</em></strong></span> <span class='ocrx_word' id='word_1_51' title='bbox 1778 660 1825 704; x_wconf 87' lang='lat' dir='ltr'><strong><em>et</em></strong></span> 
     </span>
    </p>
   </div>
   <div class='ocr_carea' id='block_1_7' title="bbox 243 736 1822 813">
    <p class='ocr_par' dir='ltr' id='par_1_7' title="bbox 243 736 1822 813">
     <span class='ocr_line' id='line_1_7' title="bbox 243 736 1822 813; baseline 0.003 -20"><span class='ocrx_word' id='word_1_52' title='bbox 243 754 325 793; x_wconf 82' lang='lat' dir='ltr'><strong><em>nos</em></strong></span> <span class='ocrx_word' id='word_1_53' title='bbox 352 753 443 807; x_wconf 81' lang='lat' dir='ltr'><strong><em>per</em></strong></span> <span class='ocrx_word' id='word_1_54' title='bbox 463 738 630 807; x_wconf 80' lang='lat' dir='ltr'><strong><em>ipsum</em></strong></span> <span class='ocrx_word' id='word_1_55' title='bbox 652 736 834 809; x_wconf 82' lang='lat' dir='ltr'><strong><em>(Rom.</em></strong></span> <span class='ocrx_word' id='word_1_56' title='bbox 855 754 931 805; x_wconf 74' lang='grc' dir='ltr'><strong><em>ιι,</em></strong></span> <span class='ocrx_word' id='word_1_57' title='bbox 956 739 1056 806; x_wconf 83' lang='grc'><strong><em>56;</em></strong></span> <span class='ocrx_word' id='word_1_58' title='bbox 1098 739 1119 794; x_wconf 88' lang='grc' dir='ltr'>ι</span> <span class='ocrx_word' id='word_1_59' title='bbox 1150 738 1268 795; x_wconf 89' lang='lat' dir='ltr'><strong><em>Cor.</em></strong></span> <span class='ocrx_word' id='word_1_60' title='bbox 1296 756 1414 808; x_wconf 87' lang='lat' dir='ltr'><strong><em>vnt,</em></strong></span> <span class='ocrx_word' id='word_1_61' title='bbox 1439 740 1542 813; x_wconf 82' lang='lat'><strong><em>6.).</em></strong></span> <span class='ocrx_word' id='word_1_62' title='bbox 1576 742 1684 798; x_wconf 85' lang='lat' dir='ltr'><strong><em>Sed</em></strong></span> <span class='ocrx_word' id='word_1_63' title='bbox 1715 759 1822 797; x_wconf 89' lang='lat' dir='ltr'><strong><em>non</em></strong></span> 
     </span>
    </p>
   </div>
   <div class='ocr_carea' id='block_1_8' title="bbox 242 832 1824 907">
    <p class='ocr_par' dir='ltr' id='par_1_8' title="bbox 242 832 1824 907">
     <span class='ocr_line' id='line_1_8' title="bbox 242 832 1824 907; baseline 0.003 -18"><span class='ocrx_word' id='word_1_64' title='bbox 242 835 289 889; x_wconf 85' lang='lat' dir='ltr'><strong><em>in</em></strong></span> <span class='ocrx_word' id='word_1_65' title='bbox 308 832 561 887; x_wconf 85' lang='lat' dir='ltr'><strong><em>omnibus</em></strong></span> <span class='ocrx_word' id='word_1_66' title='bbox 578 841 664 887; x_wconf 84' lang='lat' dir='ltr'><strong><em>est</em></strong></span> <span class='ocrx_word' id='word_1_67' title='bbox 683 835 830 887; x_wconf 88' lang='lat' dir='ltr'><strong><em>scien</em></strong></span> <span class='ocrx_word' id='word_1_68' title='bbox 841 835 934 888; x_wconf 85' lang='lat' dir='ltr'><strong><em>tia.</em></strong></span> <span class='ocrx_word' id='word_1_69' title='bbox 954 832 1172 889; x_wconf 73' lang='lat' dir='ltr'><strong><em>chitas</em></strong></span> <span class='ocrx_word' id='word_1_70' title='bbox 1192 836 1339 892; x_wconf 89' lang='lat' dir='ltr'><strong><em>enim</em></strong></span> <span class='ocrx_word' id='word_1_71' title='bbox 1360 836 1577 907; x_wconf 73' lang='lat' dir='ltr'><strong><em>contigit</em></strong></span> <span class='ocrx_word' id='word_1_72' title='bbox 1597 852 1660 892; x_wconf 79' lang='lat' dir='ltr'><strong><em>ea:</em></strong></span> <span class='ocrx_word' id='word_1_73' title='bbox 1681 847 1824 907; x_wconf 81' lang='lat' dir='ltr'><strong><em>parte</em></strong></span> 
     </span>
    </p>
   </div>
   <div class='ocr_carea' id='block_1_9' title="bbox 241 925 1826 998">
    <p class='ocr_par' dir='ltr' id='par_1_9' title="bbox 241 925 1826 998">
     <span class='ocr_line' id='line_1_9' title="bbox 241 925 1826 998; baseline 0.001 -15"><span class='ocrx_word' id='word_1_74' title='bbox 241 930 286 983; x_wconf 76' lang='lat' dir='ltr'><strong><em>in</em></strong></span> <span class='ocrx_word' id='word_1_75' title='bbox 308 926 515 995; x_wconf 83' lang='lat' dir='ltr'><strong><em>Israel;</em></strong></span> <span class='ocrx_word' id='word_1_76' title='bbox 537 928 703 982; x_wconf 83' lang='lat' dir='ltr'><strong><em>donec</em></strong></span> <span class='ocrx_word' id='word_1_77' title='bbox 724 925 996 998; x_wconf 81' lang='lat' dir='ltr'><strong><em>plenitudo</em></strong></span> <span class='ocrx_word' id='word_1_78' title='bbox 1019 929 1253 998; x_wconf 88' lang='lat' dir='ltr'><strong><em>gentium</em></strong></span> <span class='ocrx_word' id='word_1_79' title='bbox 1276 930 1527 995; x_wconf 85' lang='lat' dir='ltr'><strong><em>intraret,</em></strong></span> <span class='ocrx_word' id='word_1_80' title='bbox 1553 940 1598 985; x_wconf 86' lang='lat' dir='ltr'><strong><em>et</em></strong></span> <span class='ocrx_word' id='word_1_81' title='bbox 1620 932 1695 985; x_wconf 88' lang='lat' dir='ltr'><strong><em>sic</em></strong></span> <span class='ocrx_word' id='word_1_82' title='bbox 1718 949 1826 985; x_wconf 79' lang='lat' dir='ltr'><strong><em>orn-</em></strong></span> 
     </span>
    </p>
   </div>
   <div class='ocr_carea' id='block_1_10' title="bbox 242 1021 1822 1095">
    <p class='ocr_par' dir='ltr' id='par_1_10' title="bbox 242 1021 1822 1095">
     <span class='ocr_line' id='line_1_10' title="bbox 242 1021 1822 1095; baseline 0.003 -18"><span class='ocrx_word' id='word_1_83' title='bbox 242 1024 310 1077; x_wconf 85' lang='lat' dir='ltr'><strong><em>nis</em></strong></span> <span class='ocrx_word' id='word_1_84' title='bbox 342 1021 511 1077; x_wconf 82' lang='lat' dir='ltr'><strong><em>Israel</em></strong></span> <span class='ocrx_word' id='word_1_85' title='bbox 531 1023 704 1077; x_wconf 85' lang='lat' dir='ltr'><strong><em>salvus</em></strong></span> <span class='ocrx_word' id='word_1_86' title='bbox 728 1023 896 1091; x_wconf 80' lang='lat' dir='ltr'><strong><em>ﬁeret.</em></strong></span> <span class='ocrx_word' id='word_1_87' title='bbox 922 1021 1189 1078; x_wconf 87' lang='lat' dir='ltr'><strong><em>Conclusit</em></strong></span> <span class='ocrx_word' id='word_1_88' title='bbox 1211 1039 1340 1095; x_wconf 79' lang='lat' dir='ltr'><strong><em>ergo</em></strong></span> <span class='ocrx_word' id='word_1_89' title='bbox 1366 1023 1509 1079; x_wconf 87' lang='lat' dir='ltr'><strong><em>Deus</em></strong></span> <span class='ocrx_word' id='word_1_90' title='bbox 1533 1027 1709 1081; x_wconf 81' lang='lat' dir='ltr'><strong><em>omnia</em></strong></span> <span class='ocrx_word' id='word_1_91' title='bbox 1728 1027 1822 1081; x_wconf 87' lang='lat' dir='ltr'><strong><em>sub</em></strong></span> 
     </span>
    </p>
   </div>
   <div class='ocr_carea' id='block_1_11' title="bbox 241 1115 1824 1189">
    <p class='ocr_par' dir='ltr' id='par_1_11' title="bbox 241 1115 1824 1189">
     <span class='ocr_line' id='line_1_11' title="bbox 241 1115 1824 1189; baseline 0.005 -22"><span class='ocrx_word' id='word_1_92' title='bbox 241 1122 451 1183; x_wconf 78' lang='lat' dir='ltr'><strong><em>peccato,</em></strong></span> <span class='ocrx_word' id='word_1_93' title='bbox 475 1125 538 1167; x_wconf 80' lang='lat' dir='ltr'><strong><em>ut</em></strong></span> <span class='ocrx_word' id='word_1_94' title='bbox 560 1115 793 1169; x_wconf 81' lang='lat' dir='ltr'><strong><em>omnium</em></strong></span> <span class='ocrx_word' id='word_1_95' title='bbox 813 1118 1115 1170; x_wconf 80' lang='lat' dir='ltr'><strong><em>misereatur</em></strong></span> <span class='ocrx_word' id='word_1_96' title='bbox 1133 1116 1311 1189; x_wconf 85' lang='lat' dir='ltr'><strong><em>(Rom.</em></strong></span> <span class='ocrx_word' id='word_1_97' title='bbox 1334 1132 1408 1184; x_wconf 72' lang='grc' dir='ltr'><strong><em>χι,</em></strong></span> <span class='ocrx_word' id='word_1_98' title='bbox 1431 1118 1503 1173; x_wconf 72' lang='grc'><strong><em>25</em></strong></span> <span class='ocrx_word' id='word_1_99' title='bbox 1532 1119 1672 1189; x_wconf 73' lang='lat'><strong><em>52.).</em></strong></span> <span class='ocrx_word' id='word_1_100' title='bbox 1692 1119 1824 1175; x_wconf 85' lang='lat' dir='ltr'><strong><em>Ante</em></strong></span> 
     </span>
    </p>
   </div>
   <div class='ocr_carea' id='block_1_12' title="bbox 239 1206 1823 1284">
    <p class='ocr_par' dir='ltr' id='par_1_12' title="bbox 239 1206 1823 1284">
     <span class='ocr_line' id='line_1_12' title="bbox 239 1206 1823 1284; baseline 0.003 -23"><span class='ocrx_word' id='word_1_101' title='bbox 239 1208 396 1262; x_wconf 85' lang='lat' dir='ltr'><strong><em>omnia</em></strong></span> <span class='ocrx_word' id='word_1_102' title='bbox 418 1208 772 1267; x_wconf 85' lang='lat' dir='ltr'><strong><em>humilitatem</em></strong></span> <span class='ocrx_word' id='word_1_103' title='bbox 792 1206 984 1279; x_wconf 78' lang='lat' dir='ltr'><strong><em>dilige:</em></strong></span> <span class='ocrx_word' id='word_1_104' title='bbox 1006 1213 1128 1280; x_wconf 83' lang='lat' dir='ltr'><strong><em>quia</em></strong></span> <span class='ocrx_word' id='word_1_105' title='bbox 1149 1209 1393 1280; x_wconf 82' lang='lat' dir='ltr'><strong><em>superbia</em></strong></span> <span class='ocrx_word' id='word_1_106' title='bbox 1416 1218 1713 1281; x_wconf 82' lang='lat' dir='ltr'><strong><em>apostatare</em></strong></span> <span class='ocrx_word' id='word_1_107' title='bbox 1739 1214 1823 1284; x_wconf 81' lang='lat' dir='ltr'><strong><em>fa-</em></strong></span> 
     </span>
    </p>
   </div>
   <div class='ocr_carea' id='block_1_13' title="bbox 245 1298 1822 1375">
    <p class='ocr_par' dir='ltr' id='par_1_13' title="bbox 245 1298 1822 1375">
     <span class='ocr_line' id='line_1_13' title="bbox 245 1298 1822 1375; baseline 0.003 -20"><span class='ocrx_word' id='word_1_108' title='bbox 245 1303 303 1355; x_wconf 84' lang='lat' dir='ltr'><strong><em>cit</em></strong></span> <span class='ocrx_word' id='word_1_109' title='bbox 326 1318 352 1353; x_wconf 88' lang='lat' dir='ltr'><strong><em>a</em></strong></span> <span class='ocrx_word' id='word_1_110' title='bbox 371 1298 481 1354; x_wconf 87' lang='lat' dir='ltr'><strong><em>Deo</em></strong></span> <span class='ocrx_word' id='word_1_111' title='bbox 498 1316 520 1354; x_wconf 90' lang='lat'><strong><em>:</em></strong></span> <span class='ocrx_word' id='word_1_112' title='bbox 543 1309 592 1354; x_wconf 83' lang='lat' dir='ltr'><strong><em>et</em></strong></span> <span class='ocrx_word' id='word_1_113' title='bbox 617 1300 825 1354; x_wconf 88' lang='lat' dir='ltr'><strong><em>initium</em></strong></span> <span class='ocrx_word' id='word_1_114' title='bbox 844 1302 1011 1356; x_wconf 83' lang='lat' dir='ltr'><strong><em>omnis</em></strong></span> <span class='ocrx_word' id='word_1_115' title='bbox 1036 1303 1268 1371; x_wconf 84' lang='lat' dir='ltr'><strong><em>peccati,</em></strong></span> <span class='ocrx_word' id='word_1_116' title='bbox 1290 1302 1529 1375; x_wconf 84' lang='lat' dir='ltr'><strong><em>superbia</em></strong></span> <span class='ocrx_word' id='word_1_117' title='bbox 1559 1314 1652 1359; x_wconf 88' lang='lat' dir='ltr'><strong><em>est.</em></strong></span> <span class='ocrx_word' id='word_1_118' title='bbox 1679 1304 1822 1361; x_wconf 83' lang='lat' dir='ltr'><strong><em>Deus</em></strong></span> 
     </span>
    </p>
   </div>
   <div class='ocr_carea' id='block_1_14' title="bbox 248 1395 1822 1466">
    <p class='ocr_par' dir='ltr' id='par_1_14' title="bbox 248 1395 1822 1466">
     <span class='ocr_line' id='line_1_14' title="bbox 248 1395 1822 1466; baseline 0.003 -17"><span class='ocrx_word' id='word_1_119' title='bbox 248 1396 368 1449; x_wconf 85' lang='lat' dir='ltr'><strong><em>enim</em></strong></span> <span class='ocrx_word' id='word_1_120' title='bbox 392 1404 591 1449; x_wconf 89' lang='lat' dir='ltr'><strong><em>noster</em></strong></span> <span class='ocrx_word' id='word_1_121' title='bbox 610 1397 835 1465; x_wconf 77' lang='lat' dir='ltr'><strong><em>formam</em></strong></span> <span class='ocrx_word' id='word_1_122' title='bbox 854 1396 988 1448; x_wconf 83' lang='lat' dir='ltr'><strong><em>servi</em></strong></span> <span class='ocrx_word' id='word_1_123' title='bbox 1009 1395 1289 1466; x_wconf 81' lang='lat' dir='ltr'><strong><em>accipiens,</em></strong></span> <span class='ocrx_word' id='word_1_124' title='bbox 1321 1396 1617 1451; x_wconf 86' lang='lat' dir='ltr'><strong><em>humiliavit</em></strong></span> <span class='ocrx_word' id='word_1_125' title='bbox 1646 1414 1701 1451; x_wconf 90' lang='lat' dir='ltr'><strong><em>se</em></strong></span> <span class='ocrx_word' id='word_1_126' title='bbox 1729 1415 1822 1453; x_wconf 82' lang='lat' dir='ltr'><strong><em>us-</em></strong></span> 
     </span>
    </p>
   </div>
   <div class='ocr_carea' id='block_1_15' title="bbox 246 1486 1820 1562">
    <p class='ocr_par' dir='ltr' id='par_1_15' title="bbox 246 1486 1820 1562">
     <span class='ocr_line' id='line_1_15' title="bbox 246 1486 1820 1562; baseline 0.004 -22"><span class='ocrx_word' id='word_1_127' title='bbox 246 1486 397 1558; x_wconf 74' lang='lat' dir='ltr'><strong><em>quead</em></strong></span> <span class='ocrx_word' id='word_1_128' title='bbox 417 1495 671 1553; x_wconf 85' lang='lat' dir='ltr'><strong><em>mortem,</em></strong></span> <span class='ocrx_word' id='word_1_129' title='bbox 696 1497 909 1543; x_wconf 86' lang='lat' dir='ltr'><strong><em>mortem</em></strong></span> <span class='ocrx_word' id='word_1_130' title='bbox 928 1496 1098 1542; x_wconf 89' lang='lat' dir='ltr'><strong><em>autem</em></strong></span> <span class='ocrx_word' id='word_1_131' title='bbox 1120 1489 1286 1544; x_wconf 88' lang='lat' dir='ltr'><strong><em>crucis</em></strong></span> <span class='ocrx_word' id='word_1_132' title='bbox 1309 1487 1478 1561; x_wconf 86' lang='lat' dir='ltr'><strong><em>(Phil.</em></strong></span> <span class='ocrx_word' id='word_1_133' title='bbox 1500 1505 1540 1557; x_wconf 80' lang='grc' dir='ltr'><strong><em>ι,</em></strong></span> <span class='ocrx_word' id='word_1_134' title='bbox 1565 1492 1666 1562; x_wconf 88' lang='lat'><strong><em>8.).</em></strong></span> <span class='ocrx_word' id='word_1_135' title='bbox 1690 1492 1820 1547; x_wconf 89' lang='lat' dir='ltr'><strong><em>0m-</em></strong></span> 
     </span>
    </p>
   </div>
   <div class='ocr_carea' id='block_1_16' title="bbox 240 1579 1817 1655">
    <p class='ocr_par' dir='ltr' id='par_1_16' title="bbox 240 1579 1817 1655">
     <span class='ocr_line' id='line_1_16' title="bbox 240 1579 1817 1655; baseline 0.003 -19"><span class='ocrx_word' id='word_1_136' title='bbox 240 1594 321 1636; x_wconf 83' lang='lat' dir='ltr'><strong><em>nes</em></strong></span> <span class='ocrx_word' id='word_1_137' title='bbox 339 1579 659 1651; x_wconf 82' lang='lat' dir='ltr'><strong><em>Scripturas</em></strong></span> <span class='ocrx_word' id='word_1_138' title='bbox 679 1589 862 1637; x_wconf 88' lang='lat' dir='ltr'><strong><em>mente</em></strong></span> <span class='ocrx_word' id='word_1_139' title='bbox 885 1595 1167 1652; x_wconf 86' lang='lat' dir='ltr'><strong><em>percurre,</em></strong></span> <span class='ocrx_word' id='word_1_140' title='bbox 1186 1589 1360 1639; x_wconf 90' lang='lat' dir='ltr'><strong><em>totum</em></strong></span> <span class='ocrx_word' id='word_1_141' title='bbox 1381 1581 1657 1640; x_wconf 82' lang='lat' dir='ltr'><strong><em>Canonem</em></strong></span> <span class='ocrx_word' id='word_1_142' title='bbox 1680 1586 1817 1655; x_wconf 80' lang='lat' dir='ltr'><strong><em>lege:</em></strong></span> 
     </span>
    </p>
   </div>
   <div class='ocr_carea' id='block_1_17' title="bbox 237 1675 1826 1748">
    <p class='ocr_par' dir='ltr' id='par_1_17' title="bbox 237 1675 1826 1748">
     <span class='ocr_line' id='line_1_17' title="bbox 237 1675 1826 1748; baseline 0.004 -19"><span class='ocrx_word' id='word_1_143' title='bbox 237 1686 378 1747; x_wconf 87' lang='lat' dir='ltr'><strong><em>atque</em></strong></span> <span class='ocrx_word' id='word_1_144' title='bbox 406 1675 627 1730; x_wconf 85' lang='lat' dir='ltr'><strong><em>habens</em></strong></span> <span class='ocrx_word' id='word_1_145' title='bbox 653 1683 783 1731; x_wconf 88' lang='lat' dir='ltr'><strong><em>ante</em></strong></span> <span class='ocrx_word' id='word_1_146' title='bbox 819 1675 1010 1731; x_wconf 91' lang='lat' dir='ltr'><strong><em>oculos</em></strong></span> <span class='ocrx_word' id='word_1_147' title='bbox 1038 1677 1292 1748; x_wconf 83' lang='lat' dir='ltr'><strong><em>exempla</em></strong></span> <span class='ocrx_word' id='word_1_148' title='bbox 1317 1685 1628 1734; x_wconf 76' lang='lat' dir='ltr'><strong><em>sanctorum</em></strong></span> <span class='ocrx_word' id='word_1_149' title='bbox 1654 1721 1671 1745; x_wconf 90' lang='lat'><strong><em>,</em></strong></span> <span class='ocrx_word' id='word_1_150' title='bbox 1703 1679 1826 1735; x_wconf 88' lang='lat' dir='ltr'><strong><em>imi-</em></strong></span> 
     </span>
    </p>
   </div>
   <div class='ocr_carea' id='block_1_18' title="bbox 239 1768 1816 1840">
    <p class='ocr_par' dir='ltr' id='par_1_18' title="bbox 239 1768 1816 1840">
     <span class='ocr_line' id='line_1_18' title="bbox 239 1768 1816 1840; baseline 0.003 -17"><span class='ocrx_word' id='word_1_151' title='bbox 239 1777 337 1825; x_wconf 79' lang='lat' dir='ltr'><strong><em>tare</em></strong></span> <span class='ocrx_word' id='word_1_152' title='bbox 359 1768 513 1840; x_wconf 84' lang='lat' dir='ltr'><strong><em>quod</em></strong></span> <span class='ocrx_word' id='word_1_153' title='bbox 546 1768 754 1825; x_wconf 89' lang='lat' dir='ltr'><strong><em>bonum</em></strong></span> <span class='ocrx_word' id='word_1_154' title='bbox 783 1777 907 1836; x_wconf 86' lang='lat' dir='ltr'><strong><em>est,</em></strong></span> <span class='ocrx_word' id='word_1_155' title='bbox 947 1769 1212 1825; x_wconf 67' lang='lat' dir='ltr'><strong><em>simulare</em></strong></span> <span class='ocrx_word' id='word_1_156' title='bbox 1258 1770 1404 1840; x_wconf 89' lang='lat' dir='ltr'><strong><em>quod</em></strong></span> <span class='ocrx_word' id='word_1_157' title='bbox 1434 1780 1682 1827; x_wconf 86' lang='lat' dir='ltr'><strong><em>sanctum</em></strong></span> <span class='ocrx_word' id='word_1_158' title='bbox 1713 1782 1816 1828; x_wconf 89' lang='lat' dir='ltr'><strong><em>est.</em></strong></span> 
     </span>
    </p>
   </div>
   <div class='ocr_carea' id='block_1_19' title="bbox 1928 552 3515 631">
    <p class='ocr_par' dir='ltr' id='par_1_19' title="bbox 1928 552 3515 631">
     <span class='ocr_line' id='line_1_19' title="bbox 1928 552 3515 631; baseline 0.007 -23"><span class='ocrx_word' id='word_1_159' title='bbox 1928 562 1981 609; x_wconf 91' lang='lat' dir='ltr'><strong><em>te</em></strong></span> <span class='ocrx_word' id='word_1_160' title='bbox 2007 552 2300 609; x_wconf 80' lang='lat' dir='ltr'><strong><em>convenit:</em></strong></span> <span class='ocrx_word' id='word_1_161' title='bbox 2328 561 2491 624; x_wconf 89' lang='lat' dir='ltr'><strong><em>atque</em></strong></span> <span class='ocrx_word' id='word_1_162' title='bbox 2521 554 2590 608; x_wconf 89' lang='lat' dir='ltr'><strong><em>ita</em></strong></span> <span class='ocrx_word' id='word_1_163' title='bbox 2621 554 2787 612; x_wconf 78' lang='lat' dir='ltr'><strong><em>Israel</em></strong></span> <span class='ocrx_word' id='word_1_164' title='bbox 2811 556 2863 612; x_wconf 93' lang='lat' dir='ltr'><strong><em>in</em></strong></span> <span class='ocrx_word' id='word_1_165' title='bbox 2888 558 3139 615; x_wconf 88' lang='lat' dir='ltr'><strong><em>omnibus</em></strong></span> <span class='ocrx_word' id='word_1_166' title='bbox 3181 564 3475 631; x_wconf 83' lang='lat' dir='ltr'><strong><em>perdocere</em></strong></span> <span class='ocrx_word' id='word_1_167' title='bbox 3500 584 3515 619; x_wconf 91' lang='lat'><strong>:</strong></span> 
     </span>
    </p>
   </div>
   <div class='ocr_carea' id='block_1_20' title="bbox 1929 646 3514 728">
    <p class='ocr_par' dir='ltr' id='par_1_20' title="bbox 1929 646 3514 728">
     <span class='ocr_line' id='line_1_20' title="bbox 1929 646 3514 728; baseline 0.008 -28"><span class='ocrx_word' id='word_1_168' title='bbox 1929 654 1986 701; x_wconf 88' lang='lat' dir='ltr'><strong><em>ut</em></strong></span> <span class='ocrx_word' id='word_1_169' title='bbox 2011 646 2335 716; x_wconf 80' lang='lat' dir='ltr'><strong><em>quicumque</em></strong></span> <span class='ocrx_word' id='word_1_170' title='bbox 2362 656 2413 701; x_wconf 89' lang='lat' dir='ltr'><strong><em>te</em></strong></span> <span class='ocrx_word' id='word_1_171' title='bbox 2440 646 2663 702; x_wconf 87' lang='lat' dir='ltr'><strong><em>audiunt</em></strong></span> <span class='ocrx_word' id='word_1_172' title='bbox 2684 691 2700 717; x_wconf 94' lang='lat'><strong><em>,</em></strong></span> <span class='ocrx_word' id='word_1_173' title='bbox 2726 652 3140 709; x_wconf 74' lang='lat' dir='ltr'><strong><em>conversatione</em></strong></span> <span class='ocrx_word' id='word_1_174' title='bbox 3173 662 3261 710; x_wconf 88' lang='lat' dir='ltr'><strong><em>tua</em></strong></span> <span class='ocrx_word' id='word_1_175' title='bbox 3312 659 3481 728; x_wconf 87' lang='lat' dir='ltr'><strong><em>magis</em></strong></span> <span class='ocrx_word' id='word_1_176' title='bbox 3500 701 3514 725; x_wconf 94' lang='lat'><strong><em>,</em></strong></span> 
     </span>
    </p>
   </div>
   <div class='ocr_carea' id='block_1_21' title="bbox 1927 739 3517 816">
    <p class='ocr_par' dir='ltr' id='par_1_21' title="bbox 1927 739 3517 816">
     <span class='ocr_line' id='line_1_21' title="bbox 1927 739 3517 816; baseline 0.008 -23"><span class='ocrx_word' id='word_1_177' title='bbox 1927 754 2085 809; x_wconf 89' lang='lat' dir='ltr'><strong><em>quam</em></strong></span> <span class='ocrx_word' id='word_1_178' title='bbox 2118 754 2370 795; x_wconf 89' lang='lat' dir='ltr'><strong><em>sermone</em></strong></span> <span class='ocrx_word' id='word_1_179' title='bbox 2400 739 2707 810; x_wconf 84' lang='lat' dir='ltr'><strong><em>proﬁciant.</em></strong></span> <span class='ocrx_word' id='word_1_180' title='bbox 2757 742 2846 797; x_wconf 87' lang='lat' dir='ltr'><strong><em>Sic</em></strong></span> <span class='ocrx_word' id='word_1_181' title='bbox 2898 746 3044 799; x_wconf 89' lang='lat' dir='ltr'><strong><em>enim</em></strong></span> <span class='ocrx_word' id='word_1_182' title='bbox 3098 747 3362 816; x_wconf 86' lang='lat' dir='ltr'><strong><em>scriptum</em></strong></span> <span class='ocrx_word' id='word_1_183' title='bbox 3392 758 3517 805; x_wconf 88' lang='lat' dir='ltr'><strong><em>cst:</em></strong></span> 
     </span>
    </p>
   </div>
   <div class='ocr_carea' id='block_1_22' title="bbox 1926 829 3514 912">
    <p class='ocr_par' dir='ltr' id='par_1_22' title="bbox 1926 829 3514 912">
     <span class='ocr_line' id='line_1_22' title="bbox 1926 829 3514 912; baseline 0.006 -26"><span class='ocrx_word' id='word_1_184' title='bbox 1926 829 1995 886; x_wconf 86' lang='lat' dir='ltr'><strong><em>In</em></strong></span> <span class='ocrx_word' id='word_1_185' title='bbox 2016 832 2272 901; x_wconf 88' lang='lat' dir='ltr'><strong><em>sapientia</em></strong></span> <span class='ocrx_word' id='word_1_186' title='bbox 2292 831 2552 887; x_wconf 85' lang='lat' dir='ltr'><strong><em>ambulate</em></strong></span> <span class='ocrx_word' id='word_1_187' title='bbox 2572 832 2639 885; x_wconf 86' lang='lat' dir='ltr'><strong><em>ad</em></strong></span> <span class='ocrx_word' id='word_1_188' title='bbox 2658 849 2744 887; x_wconf 89' lang='lat' dir='ltr'><strong><em>eos</em></strong></span> <span class='ocrx_word' id='word_1_189' title='bbox 2765 834 2854 900; x_wconf 90' lang='lat' dir='ltr'><strong><em>qui</em></strong></span> <span class='ocrx_word' id='word_1_190' title='bbox 2878 836 3007 905; x_wconf 75' lang='lat' dir='ltr'><strong><em>foris</em></strong></span> <span class='ocrx_word' id='word_1_191' title='bbox 3030 844 3149 889; x_wconf 88' lang='lat' dir='ltr'><strong><em>sunt</em></strong></span> <span class='ocrx_word' id='word_1_192' title='bbox 3176 835 3314 909; x_wconf 87' lang='lat' dir='ltr'><strong><em>(Col.</em></strong></span> <span class='ocrx_word' id='word_1_193' title='bbox 3334 855 3410 905; x_wconf 87' lang='lat' dir='ltr'><strong><em>tv,</em></strong></span> <span class='ocrx_word' id='word_1_194' title='bbox 3438 839 3514 912; x_wconf 90' lang='grc'><strong><em>1).</em></strong></span> 
     </span>
    </p>
   </div>
   <div class='ocr_carea' id='block_1_23' title="bbox 1926 924 3517 997">
    <p class='ocr_par' dir='ltr' id='par_1_23' title="bbox 1926 924 3517 997">
     <span class='ocr_line' id='line_1_23' title="bbox 1926 924 3517 997; baseline 0.004 -17"><span class='ocrx_word' id='word_1_195' title='bbox 1926 924 2044 981; x_wconf 83' lang='grc' dir='ltr'><strong>Νοη</strong></span> <span class='ocrx_word' id='word_1_196' title='bbox 2073 934 2125 981; x_wconf 91' lang='lat' dir='ltr'><strong><em>te</em></strong></span> <span class='ocrx_word' id='word_1_197' title='bbox 2155 925 2383 981; x_wconf 79' lang='lat' dir='ltr'><strong><em>extollat</em></strong></span> <span class='ocrx_word' id='word_1_198' title='bbox 2414 927 2668 982; x_wconf 77' lang='lat' dir='ltr'><strong><em>salutatio</em></strong></span> <span class='ocrx_word' id='word_1_199' title='bbox 2698 928 3077 997; x_wconf 88' lang='lat' dir='ltr'><strong><em>plurimorum.</em></strong></span> <span class='ocrx_word' id='word_1_200' title='bbox 3108 930 3334 987; x_wconf 87' lang='lat' dir='ltr'><strong><em>Munera</em></strong></span> <span class='ocrx_word' id='word_1_201' title='bbox 3376 932 3517 989; x_wconf 88' lang='lat' dir='ltr'><strong><em>divi-</em></strong></span> 
     </span>
    </p>
   </div>
   <div class='ocr_carea' id='block_1_24' title="bbox 1927 1018 3519 1092">
    <p class='ocr_par' dir='ltr' id='par_1_24' title="bbox 1927 1018 3519 1092">
     <span class='ocr_line' id='line_1_24' title="bbox 1927 1018 3519 1092; baseline 0.004 -18"><span class='ocrx_word' id='word_1_202' title='bbox 1927 1026 2037 1074; x_wconf 90' lang='lat' dir='ltr'><strong><em>tum</em></strong></span> <span class='ocrx_word' id='word_1_203' title='bbox 2066 1026 2123 1074; x_wconf 91' lang='lat' dir='ltr'><strong><em>et</em></strong></span> <span class='ocrx_word' id='word_1_204' title='bbox 2166 1018 2425 1090; x_wconf 88' lang='lat' dir='ltr'><strong><em>obsequia</em></strong></span> <span class='ocrx_word' id='word_1_205' title='bbox 2458 1029 2511 1074; x_wconf 87' lang='lat' dir='ltr'><strong><em>te</em></strong></span> <span class='ocrx_word' id='word_1_206' title='bbox 2556 1035 2662 1074; x_wconf 90' lang='lat' dir='ltr'><strong><em>non</em></strong></span> <span class='ocrx_word' id='word_1_207' title='bbox 2692 1020 2950 1077; x_wconf 80' lang='lat' dir='ltr'><strong><em>vincant:</em></strong></span> <span class='ocrx_word' id='word_1_208' title='bbox 2998 1023 3120 1092; x_wconf 86' lang='lat' dir='ltr'><strong><em>quia</em></strong></span> <span class='ocrx_word' id='word_1_209' title='bbox 3167 1040 3413 1092; x_wconf 89' lang='lat' dir='ltr'><strong><em>munera,</em></strong></span> <span class='ocrx_word' id='word_1_210' title='bbox 3459 1037 3519 1082; x_wconf 87' lang='lat' dir='ltr'><strong><em>ut</em></strong></span> 
     </span>
    </p>
   </div>
   <div class='ocr_carea' id='block_1_25' title="bbox 1926 1110 3520 1187">
    <p class='ocr_par' dir='ltr' id='par_1_25' title="bbox 1926 1110 3520 1187">
     <span class='ocr_line' id='line_1_25' title="bbox 1926 1110 3520 1187; baseline 0.005 -21"><span class='ocrx_word' id='word_1_211' title='bbox 1926 1110 2187 1180; x_wconf 87' lang='lat' dir='ltr'><strong><em>scriptum</em></strong></span> <span class='ocrx_word' id='word_1_212' title='bbox 2216 1120 2301 1165; x_wconf 89' lang='lat' dir='ltr'><strong><em>est</em></strong></span> <span class='ocrx_word' id='word_1_213' title='bbox 2320 1152 2334 1175; x_wconf 94' lang='lat'><strong><em>,</em></strong></span> <span class='ocrx_word' id='word_1_214' title='bbox 2372 1120 2630 1166; x_wconf 78' lang='lat' dir='ltr'><strong><em>exctecant</em></strong></span> <span class='ocrx_word' id='word_1_215' title='bbox 2659 1112 2837 1167; x_wconf 85' lang='lat' dir='ltr'><strong><em>oculos</em></strong></span> <span class='ocrx_word' id='word_1_216' title='bbox 2856 1112 3124 1185; x_wconf 88' lang='lat' dir='ltr'><strong><em>judicum.</em></strong></span> <span class='ocrx_word' id='word_1_217' title='bbox 3160 1114 3272 1172; x_wconf 85' lang='lat' dir='ltr'><strong><em>Nec</em></strong></span> <span class='ocrx_word' id='word_1_218' title='bbox 3300 1118 3421 1187; x_wconf 86' lang='lat' dir='ltr'><strong><em>plus</em></strong></span> <span class='ocrx_word' id='word_1_219' title='bbox 3446 1121 3520 1174; x_wconf 86' lang='lat' dir='ltr'><strong><em>sit</em></strong></span> 
     </span>
    </p>
   </div>
   <div class='ocr_carea' id='block_1_26' title="bbox 1925 1202 3519 1279">
    <p class='ocr_par' dir='ltr' id='par_1_26' title="bbox 1925 1202 3519 1279">
     <span class='ocr_line' id='line_1_26' title="bbox 1925 1202 3519 1279; baseline 0.005 -23"><span class='ocrx_word' id='word_1_220' title='bbox 1925 1202 2066 1273; x_wconf 89' lang='lat' dir='ltr'><strong><em>apud</em></strong></span> <span class='ocrx_word' id='word_1_221' title='bbox 2094 1212 2145 1257; x_wconf 90' lang='lat' dir='ltr'><strong><em>te</em></strong></span> <span class='ocrx_word' id='word_1_222' title='bbox 2167 1210 2413 1258; x_wconf 84' lang='lat' dir='ltr'><strong><em>matrona</em></strong></span> <span class='ocrx_word' id='word_1_223' title='bbox 2437 1203 2637 1258; x_wconf 84' lang='lat' dir='ltr'><strong><em>nobilis</em></strong></span> <span class='ocrx_word' id='word_1_224' title='bbox 2658 1213 2710 1259; x_wconf 91' lang='lat' dir='ltr'><strong><em>et</em></strong></span> <span class='ocrx_word' id='word_1_225' title='bbox 2731 1204 2884 1259; x_wconf 85' lang='lat' dir='ltr'><strong><em>dives</em></strong></span> <span class='ocrx_word' id='word_1_226' title='bbox 2902 1246 2918 1271; x_wconf 85' lang='lat'><strong><em>,</em></strong></span> <span class='ocrx_word' id='word_1_227' title='bbox 2938 1221 3097 1275; x_wconf 85' lang='lat' dir='ltr'><strong><em>quam</em></strong></span> <span class='ocrx_word' id='word_1_228' title='bbox 3124 1208 3362 1276; x_wconf 87' lang='lat' dir='ltr'><strong><em>professa</em></strong></span> <span class='ocrx_word' id='word_1_229' title='bbox 3386 1225 3519 1279; x_wconf 87' lang='lat' dir='ltr'><strong><em>pau-</em></strong></span> 
     </span>
    </p>
   </div>
   <div class='ocr_carea' id='block_1_27' title="bbox 1924 1294 3515 1367">
    <p class='ocr_par' dir='ltr' id='par_1_27' title="bbox 1924 1294 3515 1367">
     <span class='ocr_line' id='line_1_27' title="bbox 1924 1294 3515 1367; baseline 0.003 -16"><span class='ocrx_word' id='word_1_230' title='bbox 1924 1311 2020 1367; x_wconf 92' lang='lat' dir='ltr'><strong><em>per</em></strong></span> <span class='ocrx_word' id='word_1_231' title='bbox 2052 1305 2213 1366; x_wconf 87' lang='lat' dir='ltr'><strong><em>atque</em></strong></span> <span class='ocrx_word' id='word_1_232' title='bbox 2239 1294 2517 1364; x_wconf 90' lang='lat' dir='ltr'><strong><em>mendica,</em></strong></span> <span class='ocrx_word' id='word_1_233' title='bbox 2545 1304 2637 1351; x_wconf 82' lang='lat' dir='ltr'><strong><em>aut</em></strong></span> <span class='ocrx_word' id='word_1_234' title='bbox 2659 1296 2822 1351; x_wconf 84' lang='lat' dir='ltr'><strong><em>vidua</em></strong></span> <span class='ocrx_word' id='word_1_235' title='bbox 2849 1298 3082 1354; x_wconf 82' lang='lat' dir='ltr'><strong><em>maritali</em></strong></span> <span class='ocrx_word' id='word_1_236' title='bbox 3112 1300 3315 1356; x_wconf 84' lang='lat' dir='ltr'><strong><em>auxilio</em></strong></span> <span class='ocrx_word' id='word_1_237' title='bbox 3346 1301 3515 1357; x_wconf 88' lang='lat' dir='ltr'><strong><em>desti-</em></strong></span> 
     </span>
    </p>
   </div>
   <div class='ocr_carea' id='block_1_28' title="bbox 1926 1387 3516 1463">
    <p class='ocr_par' dir='ltr' id='par_1_28' title="bbox 1926 1387 3516 1463">
     <span class='ocr_line' id='line_1_28' title="bbox 1926 1387 3516 1463; baseline 0.006 -22"><span class='ocrx_word' id='word_1_238' title='bbox 1926 1397 2037 1443; x_wconf 87' lang='lat' dir='ltr'><strong><em>tuta</em></strong></span> <span class='ocrx_word' id='word_1_239' title='bbox 2063 1429 2078 1451; x_wconf 92' lang='lat'><strong><em>,</em></strong></span> <span class='ocrx_word' id='word_1_240' title='bbox 2105 1387 2329 1457; x_wconf 71' lang='lat' dir='ltr'><strong><em>aequalis</em></strong></span> <span class='ocrx_word' id='word_1_241' title='bbox 2366 1388 2415 1443; x_wconf 91' lang='lat' dir='ltr'><strong><em>ei</em></strong></span> <span class='ocrx_word' id='word_1_242' title='bbox 2440 1427 2452 1452; x_wconf 87' lang='lat'><strong><em>,</em></strong></span> <span class='ocrx_word' id='word_1_243' title='bbox 2480 1402 2601 1459; x_wconf 70' lang='lat' dir='ltr'><strong><em>quae</em></strong></span> <span class='ocrx_word' id='word_1_244' title='bbox 2630 1387 2793 1444; x_wconf 87' lang='lat' dir='ltr'><strong><em>habet</em></strong></span> <span class='ocrx_word' id='word_1_245' title='bbox 2821 1390 2998 1445; x_wconf 89' lang='lat' dir='ltr'><strong><em>virum</em></strong></span> <span class='ocrx_word' id='word_1_246' title='bbox 3026 1400 3304 1463; x_wconf 91' lang='lat' dir='ltr'><strong><em>potentem</em></strong></span> <span class='ocrx_word' id='word_1_247' title='bbox 3331 1392 3383 1450; x_wconf 88' lang='lat' dir='ltr'><strong><em>in</em></strong></span> <span class='ocrx_word' id='word_1_248' title='bbox 3414 1410 3516 1449; x_wconf 71' lang='lat' dir='ltr'><strong><em>sm-</em></strong></span> 
     </span>
    </p>
   </div>
   <div class='ocr_carea' id='block_1_29' title="bbox 1926 1476 3513 1553">
    <p class='ocr_par' dir='ltr' id='par_1_29' title="bbox 1926 1476 3513 1553">
     <span class='ocr_line' id='line_1_29' title="bbox 1926 1476 3513 1553; baseline 0.006 -18"><span class='ocrx_word' id='word_1_249' title='bbox 1926 1479 2080 1546; x_wconf 90' lang='lat' dir='ltr'><strong><em>culo,</em></strong></span> <span class='ocrx_word' id='word_1_250' title='bbox 2106 1480 2376 1535; x_wconf 89' lang='lat' dir='ltr'><strong><em>videatur.</em></strong></span> <span class='ocrx_word' id='word_1_251' title='bbox 2401 1476 2654 1535; x_wconf 74' lang='lat' dir='ltr'><strong><em>Alienum</em></strong></span> <span class='ocrx_word' id='word_1_252' title='bbox 2683 1490 2734 1536; x_wconf 92' lang='lat' dir='ltr'><strong><em>te</em></strong></span> <span class='ocrx_word' id='word_1_253' title='bbox 2776 1498 2807 1537; x_wconf 89' lang='lat' dir='ltr'><strong><em>a</em></strong></span> <span class='ocrx_word' id='word_1_254' title='bbox 2834 1484 3084 1553; x_wconf 85' lang='lat' dir='ltr'><strong><em>personis</em></strong></span> <span class='ocrx_word' id='word_1_255' title='bbox 3117 1485 3357 1542; x_wconf 85' lang='lat' dir='ltr'><strong><em>omnium</em></strong></span> <span class='ocrx_word' id='word_1_256' title='bbox 3390 1489 3513 1544; x_wconf 91' lang='lat' dir='ltr'><strong><em>red-</em></strong></span> 
     </span>
    </p>
   </div>
   <div class='ocr_carea' id='block_1_30' title="bbox 1926 1570 3516 1650">
    <p class='ocr_par' dir='ltr' id='par_1_30' title="bbox 1926 1570 3516 1650">
     <span class='ocr_line' id='line_1_30' title="bbox 1926 1570 3516 1650; baseline 0.006 -23"><span class='ocrx_word' id='word_1_257' title='bbox 1926 1572 2164 1628; x_wconf 89' lang='lat' dir='ltr'><strong><em>dendum</em></strong></span> <span class='ocrx_word' id='word_1_258' title='bbox 2211 1570 2424 1642; x_wconf 88' lang='lat' dir='ltr'><strong><em>judica;</em></strong></span> <span class='ocrx_word' id='word_1_259' title='bbox 2480 1588 2543 1628; x_wconf 87' lang='lat' dir='ltr'><strong><em>ac</em></strong></span> <span class='ocrx_word' id='word_1_260' title='bbox 2589 1585 2816 1645; x_wconf 85' lang='lat' dir='ltr'><strong><em>pr0pter</em></strong></span> <span class='ocrx_word' id='word_1_261' title='bbox 2847 1573 3167 1645; x_wconf 88' lang='lat' dir='ltr'><strong><em>injustitiam</em></strong></span> <span class='ocrx_word' id='word_1_262' title='bbox 3215 1578 3269 1633; x_wconf 90' lang='lat' dir='ltr'><strong><em>in</em></strong></span> <span class='ocrx_word' id='word_1_263' title='bbox 3313 1579 3516 1650; x_wconf 88' lang='lat' dir='ltr'><strong><em>judicio</em></strong></span> 
     </span>
    </p>
   </div>
   <div class='ocr_carea' id='block_1_31' title="bbox 1924 1664 3513 1745">
    <p class='ocr_par' dir='ltr' id='par_1_31' title="bbox 1924 1664 3513 1745">
     <span class='ocr_line' id='line_1_31' title="bbox 1924 1664 3513 1745; baseline 0.007 -25"><span class='ocrx_word' id='word_1_264' title='bbox 1924 1680 2220 1737; x_wconf 87' lang='lat' dir='ltr'><strong><em>pauperem</em></strong></span> <span class='ocrx_word' id='word_1_265' title='bbox 2251 1682 2359 1723; x_wconf 90' lang='lat' dir='ltr'><strong><em>non</em></strong></span> <span class='ocrx_word' id='word_1_266' title='bbox 2387 1664 2681 1737; x_wconf 85' lang='lat' dir='ltr'><strong><em>defendas,</em></strong></span> <span class='ocrx_word' id='word_1_267' title='bbox 2714 1683 2817 1724; x_wconf 90' lang='lat' dir='ltr'><strong><em>nec</em></strong></span> <span class='ocrx_word' id='word_1_268' title='bbox 2840 1678 3061 1741; x_wconf 87' lang='lat' dir='ltr'><strong><em>propter</em></strong></span> <span class='ocrx_word' id='word_1_269' title='bbox 3084 1672 3315 1745; x_wconf 77' lang='lat' dir='ltr'><strong><em>gratiam</em></strong></span> <span class='ocrx_word' id='word_1_270' title='bbox 3362 1673 3513 1731; x_wconf 82' lang='lat' dir='ltr'><strong><em>diviti</em></strong></span> 
     </span>
    </p>
   </div>
   <div class='ocr_carea' id='block_1_32' title="bbox 1927 1758 3512 1835">
    <p class='ocr_par' dir='ltr' id='par_1_32' title="bbox 1927 1758 3512 1835">
     <span class='ocr_line' id='line_1_32' title="bbox 1927 1758 3512 1835; baseline 0.007 -22"><span class='ocrx_word' id='word_1_271' title='bbox 1927 1760 2248 1815; x_wconf 87' lang='lat' dir='ltr'><strong><em>indecenter</em></strong></span> <span class='ocrx_word' id='word_1_272' title='bbox 2267 1760 2512 1816; x_wconf 89' lang='lat' dir='ltr'><strong><em>assistas.</em></strong></span> <span class='ocrx_word' id='word_1_273' title='bbox 2537 1758 2645 1815; x_wconf 84' lang='lat' dir='ltr'><strong><em>Aut</em></strong></span> <span class='ocrx_word' id='word_1_274' title='bbox 2666 1761 2707 1815; x_wconf 90' lang='lat' dir='ltr'><strong><em>si</em></strong></span> <span class='ocrx_word' id='word_1_275' title='bbox 2734 1762 2837 1816; x_wconf 93' lang='lat' dir='ltr'><strong><em>hoc</em></strong></span> <span class='ocrx_word' id='word_1_276' title='bbox 2858 1778 2966 1816; x_wconf 90' lang='lat' dir='ltr'><strong><em>non</em></strong></span> <span class='ocrx_word' id='word_1_277' title='bbox 2998 1774 3154 1834; x_wconf 88' lang='lat' dir='ltr'><strong><em>potes</em></strong></span> <span class='ocrx_word' id='word_1_278' title='bbox 3177 1763 3363 1822; x_wconf 79' lang='lat' dir='ltr'><strong><em>facere</em></strong></span> <span class='ocrx_word' id='word_1_279' title='bbox 3380 1808 3396 1835; x_wconf 88' lang='lat'><strong><em>,</em></strong></span> <span class='ocrx_word' id='word_1_280' title='bbox 3416 1784 3512 1823; x_wconf 86' lang='lat' dir='ltr'><strong><em>co-</em></strong></span> 
     </span>
    </p>
   </div>
   <div class='ocr_carea' id='block_1_33' title="bbox 234 1842 1811 1933">
    <p class='ocr_par' dir='ltr' id='par_1_33' title="bbox 234 1858 1811 1933">
     <span class='ocr_line' id='line_1_33' title="bbox 234 1858 1811 1933; baseline 0.005 -19"><span class='ocrx_word' id='word_1_281' title='bbox 234 1858 269 1914; x_wconf 83' lang='lat' dir='ltr'><strong>F</strong></span> <span class='ocrx_word' id='word_1_282' title='bbox 270 1871 531 1933; x_wconf 82' lang='lat' dir='ltr'><strong><em>actusque</em></strong></span> <span class='ocrx_word' id='word_1_283' title='bbox 551 1860 647 1917; x_wconf 85' lang='lat' dir='ltr'><strong><em>tibi</em></strong></span> <span class='ocrx_word' id='word_1_284' title='bbox 661 1859 999 1933; x_wconf 80' lang='lat' dir='ltr'><strong><em>Jerosolyma</em></strong></span> <span class='ocrx_word' id='word_1_285' title='bbox 1016 1861 1277 1931; x_wconf 75' lang='lat' dir='ltr'><strong><em>ccelestis,</em></strong></span> <span class='ocrx_word' id='word_1_286' title='bbox 1293 1862 1406 1918; x_wconf 91' lang='lat' dir='ltr'><strong><em>Deo</em></strong></span> <span class='ocrx_word' id='word_1_287' title='bbox 1423 1872 1549 1919; x_wconf 87' lang='lat' dir='ltr'><strong><em>vota</em></strong></span> <span class='ocrx_word' id='word_1_288' title='bbox 1566 1865 1811 1923; x_wconf 85' lang='lat' dir='ltr'><strong><em>restitue.</em></strong></span> 
     </span>
    </p>
   </div>
   <div class='ocr_carea' id='block_1_34' title="bbox 1917 1842 3512 1933">
    <p class='ocr_par' dir='ltr' id='par_1_34' title="bbox 1926 1851 3512 1933">
     <span class='ocr_line' id='line_1_34' title="bbox 1926 1851 3512 1933; baseline 0.006 -27"><span class='ocrx_word' id='word_1_289' title='bbox 1926 1851 2227 1923; x_wconf 83' lang='lat' dir='ltr'><strong><em>gnitionem</em></strong></span> <span class='ocrx_word' id='word_1_290' title='bbox 2259 1866 2457 1923; x_wconf 88' lang='lat' dir='ltr'><strong><em>respue</em></strong></span> <span class='ocrx_word' id='word_1_291' title='bbox 2507 1866 2814 1907; x_wconf 84' lang='lat' dir='ltr'><strong><em>causarum.</em></strong></span> <span class='ocrx_word' id='word_1_292' title='bbox 2845 1854 2968 1910; x_wconf 90' lang='lat' dir='ltr'><strong><em>Sola</em></strong></span> <span class='ocrx_word' id='word_1_293' title='bbox 2999 1867 3121 1912; x_wconf 92' lang='lat' dir='ltr'><strong><em>esto</em></strong></span> <span class='ocrx_word' id='word_1_294' title='bbox 3149 1856 3245 1913; x_wconf 88' lang='lat' dir='ltr'><strong><em>tibi</em></strong></span> <span class='ocrx_word' id='word_1_295' title='bbox 3276 1858 3512 1933; x_wconf 79' lang='lat' dir='ltr'><strong><em>lectione</em></strong></span> 
     </span>
    </p>
   </div>
   <div class='ocr_carea' id='block_1_35' title="bbox 238 1952 1819 2025">
    <p class='ocr_par' dir='ltr' id='par_1_35' title="bbox 238 1952 1819 2025">
     <span class='ocr_line' id='line_1_35' title="bbox 238 1952 1819 2025; baseline 0.003 -17"><span class='ocrx_word' id='word_1_296' title='bbox 238 1954 439 2011; x_wconf 86' lang='lat' dir='ltr'><strong><em>Domum</em></strong></span> <span class='ocrx_word' id='word_1_297' title='bbox 466 1953 534 2010; x_wconf 85' lang='lat' dir='ltr'><strong><em>in</em></strong></span> <span class='ocrx_word' id='word_1_298' title='bbox 565 1961 643 2020; x_wconf 82' lang='lat' dir='ltr'><strong><em>te,</em></strong></span> <span class='ocrx_word' id='word_1_299' title='bbox 662 1960 721 2010; x_wconf 89' lang='lat' dir='ltr'><strong><em>et</em></strong></span> <span class='ocrx_word' id='word_1_300' title='bbox 748 1954 1011 2024; x_wconf 86' lang='lat' dir='ltr'><strong><em>templum</em></strong></span> <span class='ocrx_word' id='word_1_301' title='bbox 1042 1953 1351 2011; x_wconf 82' lang='lat' dir='ltr'><strong><em>Salomonis</em></strong></span> <span class='ocrx_word' id='word_1_302' title='bbox 1378 1952 1585 2012; x_wconf 72' lang='lat' dir='ltr'><strong><em>mdiﬁca</em></strong></span> <span class='ocrx_word' id='word_1_303' title='bbox 1604 1999 1621 2025; x_wconf 95' lang='lat'><strong><em>,</em></strong></span> <span class='ocrx_word' id='word_1_304' title='bbox 1646 1958 1819 2015; x_wconf 82' lang='lat' dir='ltr'><strong><em>taber-</em></strong></span> 
     </span>
    </p>
   </div>
   <div class='ocr_carea' id='block_1_36' title="bbox 241 2046 1819 2118">
    <p class='ocr_par' dir='ltr' id='par_1_36' title="bbox 241 2046 1819 2118">
     <span class='ocr_line' id='line_1_36' title="bbox 241 2046 1819 2118; baseline 0.005 -17"><span class='ocrx_word' id='word_1_305' title='bbox 241 2047 463 2103; x_wconf 77' lang='lat' dir='ltr'><strong><em>naculum</em></strong></span> <span class='ocrx_word' id='word_1_306' title='bbox 502 2047 717 2103; x_wconf 84' lang='lat' dir='ltr'><strong><em>fabrica</em></strong></span> <span class='ocrx_word' id='word_1_307' title='bbox 734 2084 751 2114; x_wconf 93' lang='lat'><strong><em>,</em></strong></span> <span class='ocrx_word' id='word_1_308' title='bbox 777 2056 831 2101; x_wconf 89' lang='lat' dir='ltr'><strong><em>et</em></strong></span> <span class='ocrx_word' id='word_1_309' title='bbox 856 2046 1172 2118; x_wconf 82' lang='lat' dir='ltr'><strong><em>diligentius</em></strong></span> <span class='ocrx_word' id='word_1_310' title='bbox 1193 2063 1466 2105; x_wconf 76' lang='lat' dir='ltr'><strong><em>exornare</em></strong></span> <span class='ocrx_word' id='word_1_311' title='bbox 1492 2048 1709 2108; x_wconf 80' lang='lat' dir='ltr'><strong><em>festina.</em></strong></span> <span class='ocrx_word' id='word_1_312' title='bbox 1731 2052 1819 2108; x_wconf 89' lang='lat' dir='ltr'><strong><em>ln-</em></strong></span> 
     </span>
    </p>
   </div>
   <div class='ocr_carea' id='block_1_37' title="bbox 246 2141 1812 2213">
    <p class='ocr_par' dir='ltr' id='par_1_37' title="bbox 246 2141 1812 2213">
     <span class='ocr_line' id='line_1_37' title="bbox 246 2141 1812 2213; baseline 0.002 -16"><span class='ocrx_word' id='word_1_313' title='bbox 246 2143 532 2199; x_wconf 84' lang='lat' dir='ltr'><strong><em>tnSancta</em></strong></span> <span class='ocrx_word' id='word_1_314' title='bbox 588 2150 940 2206; x_wconf 79' lang='lat' dir='ltr'><strong><em>sanctorum,</em></strong></span> <span class='ocrx_word' id='word_1_315' title='bbox 982 2141 1299 2197; x_wconf 81' lang='lat' dir='ltr'><strong><em>indellciens</em></strong></span> <span class='ocrx_word' id='word_1_316' title='bbox 1327 2141 1511 2198; x_wconf 90' lang='lat' dir='ltr'><strong><em>lumen</em></strong></span> <span class='ocrx_word' id='word_1_317' title='bbox 1539 2145 1812 2213; x_wconf 87' lang='lat' dir='ltr'><strong><em>acceude,</em></strong></span> 
     </span>
    </p>
   </div>
   <div class='ocr_carea' id='block_1_38' title="bbox 240 2236 1814 2305">
    <p class='ocr_par' dir='ltr' id='par_1_38' title="bbox 240 2236 1814 2305">
     <span class='ocr_line' id='line_1_38' title="bbox 240 2236 1814 2305; baseline 0.003 -14"><span class='ocrx_word' id='word_1_318' title='bbox 240 2236 617 2305; x_wconf 81' lang='lat' dir='ltr'><strong><em>perfectionem</em></strong></span> <span class='ocrx_word' id='word_1_319' title='bbox 649 2236 704 2290; x_wconf 89' lang='lat' dir='ltr'><strong><em>in</em></strong></span> <span class='ocrx_word' id='word_1_320' title='bbox 734 2236 989 2291; x_wconf 89' lang='lat' dir='ltr'><strong><em>omnibus</em></strong></span> <span class='ocrx_word' id='word_1_321' title='bbox 1021 2246 1166 2291; x_wconf 89' lang='lat' dir='ltr'><strong><em>tene.</em></strong></span> <span class='ocrx_word' id='word_1_322' title='bbox 1213 2236 1362 2292; x_wconf 89' lang='lat' dir='ltr'><strong><em>Pone</em></strong></span> <span class='ocrx_word' id='word_1_323' title='bbox 1392 2238 1698 2294; x_wconf 87' lang='lat' dir='ltr'><strong><em>custodiam</em></strong></span> <span class='ocrx_word' id='word_1_324' title='bbox 1730 2240 1814 2295; x_wconf 93' lang='lat' dir='ltr'><strong><em>ori</em></strong></span> 
     </span>
    </p>
   </div>
   <div class='ocr_carea' id='block_1_39' title="bbox 235 2326 1811 2397">
    <p class='ocr_par' dir='ltr' id='par_1_39' title="bbox 235 2326 1811 2397">
     <span class='ocr_line' id='line_1_39' title="bbox 235 2326 1811 2397; baseline 0.003 -13"><span class='ocrx_word' id='word_1_325' title='bbox 235 2340 327 2397; x_wconf 89' lang='lat' dir='ltr'><strong><em>tuo,</em></strong></span> <span class='ocrx_word' id='word_1_326' title='bbox 353 2338 405 2383; x_wconf 88' lang='lat' dir='ltr'><strong><em>ct</em></strong></span> <span class='ocrx_word' id='word_1_327' title='bbox 432 2328 655 2382; x_wconf 88' lang='lat' dir='ltr'><strong><em>ostium</em></strong></span> <span class='ocrx_word' id='word_1_328' title='bbox 687 2328 1115 2384; x_wconf 76' lang='lat' dir='ltr'><strong><em>circumstantia:</em></strong></span> <span class='ocrx_word' id='word_1_329' title='bbox 1142 2326 1301 2384; x_wconf 87' lang='lat' dir='ltr'><strong><em>labiis</em></strong></span> <span class='ocrx_word' id='word_1_330' title='bbox 1327 2329 1457 2385; x_wconf 88' lang='lat' dir='ltr'><strong><em>tuis.</em></strong></span> <span class='ocrx_word' id='word_1_331' title='bbox 1485 2330 1603 2388; x_wconf 79' lang='lat' dir='ltr'><strong><em>Nan</em></strong></span> <span class='ocrx_word' id='word_1_332' title='bbox 1633 2332 1732 2388; x_wconf 87' lang='lat' dir='ltr'><strong><em>des</em></strong></span> <span class='ocrx_word' id='word_1_333' title='bbox 1759 2334 1811 2389; x_wconf 92' lang='lat' dir='ltr'><strong><em>in</em></strong></span> 
     </span>
    </p>
   </div>
   <div class='ocr_carea' id='block_1_40' title="bbox 231 2419 1812 2496">
    <p class='ocr_par' dir='ltr' id='par_1_40' title="bbox 231 2419 1812 2496">
     <span class='ocr_line' id='line_1_40' title="bbox 231 2419 1812 2496; baseline 0.003 -21"><span class='ocrx_word' id='word_1_334' title='bbox 231 2421 577 2475; x_wconf 84' lang='lat' dir='ltr'><strong><em>teutatiouem</em></strong></span> <span class='ocrx_word' id='word_1_335' title='bbox 631 2419 872 2474; x_wconf 85' lang='lat' dir='ltr'><strong><em>animam</em></strong></span> <span class='ocrx_word' id='word_1_336' title='bbox 903 2427 1087 2485; x_wconf 89' lang='lat' dir='ltr'><strong><em>tuam,</em></strong></span> <span class='ocrx_word' id='word_1_337' title='bbox 1126 2430 1182 2476; x_wconf 93' lang='lat' dir='ltr'><strong><em>et</em></strong></span> <span class='ocrx_word' id='word_1_338' title='bbox 1209 2435 1319 2476; x_wconf 88' lang='lat' dir='ltr'><strong><em>non</em></strong></span> <span class='ocrx_word' id='word_1_339' title='bbox 1366 2421 1675 2480; x_wconf 78' lang='lat' dir='ltr'><strong><em>obdurmiet</em></strong></span> <span class='ocrx_word' id='word_1_340' title='bbox 1718 2426 1812 2496; x_wconf 90' lang='lat' dir='ltr'><strong><em>qui</em></strong></span> 
     </span>
    </p>
   </div>
   <div class='ocr_carea' id='block_1_41' title="bbox 228 2510 1812 2582">
    <p class='ocr_par' dir='ltr' id='par_1_41' title="bbox 228 2510 1812 2582">
     <span class='ocr_line' id='line_1_41' title="bbox 228 2510 1812 2582; baseline 0.002 -13"><span class='ocrx_word' id='word_1_341' title='bbox 228 2513 441 2570; x_wconf 78' lang='lat' dir='ltr'><strong><em>Custodit</em></strong></span> <span class='ocrx_word' id='word_1_342' title='bbox 476 2521 561 2567; x_wconf 83' lang='lat' dir='ltr'><strong><em>te.</em></strong></span> <span class='ocrx_word' id='word_1_343' title='bbox 587 2510 782 2565; x_wconf 78' lang='lat' dir='ltr'><strong><em>Exalta</em></strong></span> <span class='ocrx_word' id='word_1_344' title='bbox 816 2527 1003 2567; x_wconf 90' lang='lat' dir='ltr'><strong><em>vocem</em></strong></span> <span class='ocrx_word' id='word_1_345' title='bbox 1034 2522 1216 2582; x_wconf 90' lang='lat' dir='ltr'><strong><em>tuam,</em></strong></span> <span class='ocrx_word' id='word_1_346' title='bbox 1238 2523 1294 2570; x_wconf 89' lang='lat' dir='ltr'><strong><em>et</em></strong></span> <span class='ocrx_word' id='word_1_347' title='bbox 1319 2514 1443 2571; x_wconf 87' lang='lat' dir='ltr'><strong><em>dic:</em></strong></span> <span class='ocrx_word' id='word_1_348' title='bbox 1479 2514 1661 2571; x_wconf 86' lang='lat' dir='ltr'><strong><em>Omnis</em></strong></span> <span class='ocrx_word' id='word_1_349' title='bbox 1689 2534 1812 2572; x_wconf 85' lang='lat' dir='ltr'><strong><em>caro</em></strong></span> 
     </span>
    </p>
   </div>
   <div class='ocr_carea' id='block_1_42' title="bbox 233 2604 1811 2683">
    <p class='ocr_par' dir='ltr' id='par_1_42' title="bbox 233 2604 1811 2683">
     <span class='ocr_line' id='line_1_42' title="bbox 233 2604 1811 2683; baseline 0.006 -27"><span class='ocrx_word' id='word_1_350' title='bbox 233 2613 414 2675; x_wconf 71' lang='lat' dir='ltr'><strong><em>fenum,</em></strong></span> <span class='ocrx_word' id='word_1_351' title='bbox 449 2614 510 2659; x_wconf 77' lang='lat' dir='ltr'><strong><em>et</em></strong></span> <span class='ocrx_word' id='word_1_352' title='bbox 541 2606 712 2657; x_wconf 87' lang='lat' dir='ltr'><strong><em>omnis</em></strong></span> <span class='ocrx_word' id='word_1_353' title='bbox 737 2604 911 2675; x_wconf 85' lang='lat' dir='ltr'><strong><em>gloria</em></strong></span> <span class='ocrx_word' id='word_1_354' title='bbox 935 2606 1155 2659; x_wconf 84' lang='lat' dir='ltr'><strong><em>hominis</em></strong></span> <span class='ocrx_word' id='word_1_355' title='bbox 1185 2616 1241 2660; x_wconf 87' lang='lat' dir='ltr'><strong><em>ut</em></strong></span> <span class='ocrx_word' id='word_1_356' title='bbox 1270 2607 1369 2676; x_wconf 81' lang='lat' dir='ltr'><strong><em>[los</em></strong></span> <span class='ocrx_word' id='word_1_357' title='bbox 1403 2608 1529 2679; x_wconf 73' lang='lat' dir='ltr'><strong><em>farti.</em></strong></span> <span class='ocrx_word' id='word_1_358' title='bbox 1554 2609 1705 2663; x_wconf 81' lang='lat' dir='ltr'><strong><em>Aruit</em></strong></span> <span class='ocrx_word' id='word_1_359' title='bbox 1732 2612 1811 2683; x_wconf 73' lang='lat' dir='ltr'><strong><em>[e-</em></strong></span> 
     </span>
    </p>
   </div>
   <div class='ocr_carea' id='block_1_43' title="bbox 235 2700 1813 2769">
    <p class='ocr_par' dir='ltr' id='par_1_43' title="bbox 235 2700 1813 2769">
     <span class='ocr_line' id='line_1_43' title="bbox 235 2700 1813 2769; baseline 0.006 -17"><span class='ocrx_word' id='word_1_360' title='bbox 235 2718 339 2754; x_wconf 70' lang='lat' dir='ltr'><strong><em>aut</em></strong></span> <span class='ocrx_word' id='word_1_361' title='bbox 357 2712 397 2754; x_wconf 83' lang='lat' dir='ltr'><strong><em>et</em></strong></span> <span class='ocrx_word' id='word_1_362' title='bbox 421 2702 540 2769; x_wconf 78' lang='lat' dir='ltr'><strong><em>ﬂos</em></strong></span> <span class='ocrx_word' id='word_1_363' title='bbox 573 2700 811 2754; x_wconf 86' lang='lat' dir='ltr'><strong><em>decidit:</em></strong></span> <span class='ocrx_word' id='word_1_364' title='bbox 839 2700 1046 2754; x_wconf 82' lang='lat' dir='ltr'><strong><em>verbum</em></strong></span> <span class='ocrx_word' id='word_1_365' title='bbox 1091 2710 1265 2755; x_wconf 88' lang='lat' dir='ltr'><strong><em>autem</em></strong></span> <span class='ocrx_word' id='word_1_366' title='bbox 1311 2702 1527 2757; x_wconf 87' lang='lat' dir='ltr'><strong><em>Domini</em></strong></span> <span class='ocrx_word' id='word_1_367' title='bbox 1561 2716 1734 2760; x_wconf 88' lang='lat' dir='ltr'><strong><em>manet</em></strong></span> <span class='ocrx_word' id='word_1_368' title='bbox 1758 2708 1813 2761; x_wconf 88' lang='lat' dir='ltr'><strong><em>in</em></strong></span> 
     </span>
    </p>
   </div>
   <div class='ocr_carea' id='block_1_44' title="bbox 232 2791 1811 2866">
    <p class='ocr_par' dir='ltr' id='par_1_44' title="bbox 232 2791 1811 2866">
     <span class='ocr_line' id='line_1_44' title="bbox 232 2791 1811 2866; baseline 0.004 -19"><span class='ocrx_word' id='word_1_369' title='bbox 232 2806 452 2848; x_wconf 72' lang='lat' dir='ltr'><strong><em>tetanum</em></strong></span> <span class='ocrx_word' id='word_1_370' title='bbox 498 2792 640 2866; x_wconf 84' lang='lat' dir='ltr'><strong><em>(lsa.</em></strong></span> <span class='ocrx_word' id='word_1_371' title='bbox 675 2808 764 2861; x_wconf 71' lang='lat' dir='ltr'><strong><em>xc,</em></strong></span> <span class='ocrx_word' id='word_1_372' title='bbox 797 2791 852 2857; x_wconf 84' lang='lat'><strong><em>6,</em></strong></span> <span class='ocrx_word' id='word_1_373' title='bbox 896 2793 949 2858; x_wconf 88' lang='lat'><strong><em>7,</em></strong></span> <span class='ocrx_word' id='word_1_374' title='bbox 975 2791 1055 2862; x_wconf 92' lang='lat'><strong><em>8).</em></strong></span> <span class='ocrx_word' id='word_1_375' title='bbox 1096 2792 1367 2849; x_wconf 89' lang='lat' dir='ltr'><strong><em>Sacerdos</em></strong></span> <span class='ocrx_word' id='word_1_376' title='bbox 1406 2796 1552 2850; x_wconf 88' lang='lat' dir='ltr'><strong><em>enim</em></strong></span> <span class='ocrx_word' id='word_1_377' title='bbox 1594 2796 1811 2854; x_wconf 90' lang='lat' dir='ltr'><strong><em>Domini</em></strong></span> 
     </span>
    </p>
   </div>
   <div class='ocr_carea' id='block_1_45' title="bbox 224 2883 1811 2958">
    <p class='ocr_par' dir='ltr' id='par_1_45' title="bbox 224 2883 1811 2958">
     <span class='ocr_line' id='line_1_45' title="bbox 224 2883 1811 2958; baseline 0.004 -20"><span class='ocrx_word' id='word_1_378' title='bbox 224 2885 305 2955; x_wconf 89' lang='lat' dir='ltr'><strong><em>qui</em></strong></span> <span class='ocrx_word' id='word_1_379' title='bbox 321 2886 383 2941; x_wconf 85' lang='lat' dir='ltr'><strong><em>de</em></strong></span> <span class='ocrx_word' id='word_1_380' title='bbox 406 2902 517 2941; x_wconf 86' lang='lat' dir='ltr'><strong><em>ore</em></strong></span> <span class='ocrx_word' id='word_1_381' title='bbox 539 2900 644 2941; x_wconf 89' lang='lat' dir='ltr'><strong><em>suo</em></strong></span> <span class='ocrx_word' id='word_1_382' title='bbox 666 2884 875 2955; x_wconf 77' lang='lat' dir='ltr'><strong><em>profert</em></strong></span> <span class='ocrx_word' id='word_1_383' title='bbox 896 2883 1159 2955; x_wconf 88' lang='lat' dir='ltr'><strong><em>justitiam</em></strong></span> <span class='ocrx_word' id='word_1_384' title='bbox 1175 2927 1191 2953; x_wconf 88' lang='lat'><strong><em>,</em></strong></span> <span class='ocrx_word' id='word_1_385' title='bbox 1212 2897 1267 2942; x_wconf 90' lang='lat' dir='ltr'><strong><em>et</em></strong></span> <span class='ocrx_word' id='word_1_386' title='bbox 1288 2889 1699 2958; x_wconf 79' lang='lat' dir='ltr'><strong><em>esquirentibus</em></strong></span> <span class='ocrx_word' id='word_1_387' title='bbox 1721 2908 1811 2945; x_wconf 89' lang='lat' dir='ltr'><strong><em>au-</em></strong></span> 
     </span>
    </p>
   </div>
   <div class='ocr_carea' id='block_1_46' title="bbox 221 2978 1811 3051">
    <p class='ocr_par' dir='ltr' id='par_1_46' title="bbox 221 2978 1811 3051">
     <span class='ocr_line' id='line_1_46' title="bbox 221 2978 1811 3051; baseline 0.004 -19"><span class='ocrx_word' id='word_1_388' title='bbox 221 2980 425 3034; x_wconf 89' lang='lat' dir='ltr'><strong><em>uunciat</em></strong></span> <span class='ocrx_word' id='word_1_389' title='bbox 456 2980 758 3034; x_wconf 75' lang='lat' dir='ltr'><strong><em>veritatem</em></strong></span> <span class='ocrx_word' id='word_1_390' title='bbox 782 3018 798 3043; x_wconf 92' lang='lat'><strong><em>,</em></strong></span> <span class='ocrx_word' id='word_1_391' title='bbox 821 2979 1048 3048; x_wconf 89' lang='lat' dir='ltr'><strong><em>angelus</em></strong></span> <span class='ocrx_word' id='word_1_392' title='bbox 1072 2978 1170 3033; x_wconf 87' lang='lat' dir='ltr'><strong><em>Dei</em></strong></span> <span class='ocrx_word' id='word_1_393' title='bbox 1197 2982 1586 3051; x_wconf 88' lang='lat' dir='ltr'><strong><em>omnipotentis</em></strong></span> <span class='ocrx_word' id='word_1_394' title='bbox 1617 2993 1723 3039; x_wconf 89' lang='lat' dir='ltr'><strong><em>est.</em></strong></span> <span class='ocrx_word' id='word_1_395' title='bbox 1751 2984 1811 3039; x_wconf 90' lang='lat' dir='ltr'><strong><em>In</em></strong></span> 
     </span>
    </p>
   </div>
   <div class='ocr_carea' id='block_1_47' title="bbox 217 3071 1809 3149">
    <p class='ocr_par' dir='ltr' id='par_1_47' title="bbox 217 3071 1809 3149">
     <span class='ocr_line' id='line_1_47' title="bbox 217 3071 1809 3149; baseline 0.006 -24"><span class='ocrx_word' id='word_1_396' title='bbox 217 3073 461 3128; x_wconf 88' lang='lat' dir='ltr'><strong><em>omnibus</em></strong></span> <span class='ocrx_word' id='word_1_397' title='bbox 499 3071 683 3127; x_wconf 63' lang='lat' dir='ltr'><strong><em>etrusis</em></strong></span> <span class='ocrx_word' id='word_1_398' title='bbox 712 3087 868 3128; x_wconf 85' lang='lat' dir='ltr'><strong><em>serva</em></strong></span> <span class='ocrx_word' id='word_1_399' title='bbox 911 3072 1198 3143; x_wconf 87' lang='lat' dir='ltr'><strong><em>justitiam.</em></strong></span> <span class='ocrx_word' id='word_1_400' title='bbox 1244 3074 1691 3146; x_wconf 83' lang='lat' dir='ltr'><strong><em>Peregrinantem</em></strong></span> <span class='ocrx_word' id='word_1_401' title='bbox 1714 3121 1729 3149; x_wconf 92' lang='lat'><strong><em>,</em></strong></span> <span class='ocrx_word' id='word_1_402' title='bbox 1754 3090 1809 3135; x_wconf 91' lang='lat' dir='ltr'><strong><em>ct</em></strong></span> 
     </span>
    </p>
   </div>
   <div class='ocr_carea' id='block_1_48' title="bbox 218 3166 1805 3243">
    <p class='ocr_par' dir='ltr' id='par_1_48' title="bbox 218 3166 1805 3243">
     <span class='ocr_line' id='line_1_48' title="bbox 218 3166 1805 3243; baseline 0.004 -22"><span class='ocrx_word' id='word_1_403' title='bbox 218 3169 556 3237; x_wconf 77' lang='lat' dir='ltr'><strong><em>orphanum,</em></strong></span> <span class='ocrx_word' id='word_1_404' title='bbox 579 3177 638 3223; x_wconf 89' lang='lat' dir='ltr'><strong><em>et</em></strong></span> <span class='ocrx_word' id='word_1_405' title='bbox 661 3166 908 3233; x_wconf 89' lang='lat' dir='ltr'><strong><em>viduam,</em></strong></span> <span class='ocrx_word' id='word_1_406' title='bbox 933 3177 989 3221; x_wconf 90' lang='lat' dir='ltr'><strong><em>et</em></strong></span> <span class='ocrx_word' id='word_1_407' title='bbox 1017 3183 1343 3238; x_wconf 86' lang='lat' dir='ltr'><strong><em>pauperem,</em></strong></span> <span class='ocrx_word' id='word_1_408' title='bbox 1387 3171 1472 3225; x_wconf 87' lang='lat' dir='ltr'><strong><em>vel</em></strong></span> <span class='ocrx_word' id='word_1_409' title='bbox 1503 3172 1766 3243; x_wconf 88' lang='lat' dir='ltr'><strong><em>pupillum</em></strong></span> <span class='ocrx_word' id='word_1_410' title='bbox 1789 3217 1805 3243; x_wconf 92' lang='lat'><strong><em>,</em></strong></span> 
     </span>
    </p>
   </div>
   <div class='ocr_carea' id='block_1_49' title="bbox 1922 1943 3511 2023">
    <p class='ocr_par' dir='ltr' id='par_1_49' title="bbox 1922 1943 3511 2023">
     <span class='ocr_line' id='line_1_49' title="bbox 1922 1943 3511 2023; baseline 0.004 -23"><span class='ocrx_word' id='word_1_411' title='bbox 1922 1955 1978 2000; x_wconf 86' lang='lat' dir='ltr'><strong><em>et</em></strong></span> <span class='ocrx_word' id='word_1_412' title='bbox 2020 1943 2269 1999; x_wconf 88' lang='lat' dir='ltr'><strong><em>oratione</em></strong></span> <span class='ocrx_word' id='word_1_413' title='bbox 2298 1950 2608 1999; x_wconf 87' lang='lat' dir='ltr'><strong><em>contentus.</em></strong></span> <span class='ocrx_word' id='word_1_414' title='bbox 2640 1944 2922 2001; x_wconf 86' lang='lat' dir='ltr'><strong><em>Neminem</em></strong></span> <span class='ocrx_word' id='word_1_415' title='bbox 2954 1948 3133 2017; x_wconf 90' lang='lat' dir='ltr'><strong><em>enim,</em></strong></span> <span class='ocrx_word' id='word_1_416' title='bbox 3168 1960 3225 2004; x_wconf 86' lang='lat' dir='ltr'><strong><em>ut</em></strong></span> <span class='ocrx_word' id='word_1_417' title='bbox 3251 1952 3511 2023; x_wconf 87' lang='lat' dir='ltr'><strong><em>scriptum</em></strong></span> 
     </span>
    </p>
   </div>
   <div class='ocr_carea' id='block_1_50' title="bbox 1924 2033 3517 2111">
    <p class='ocr_par' dir='ltr' id='par_1_50' title="bbox 1924 2033 3517 2111">
     <span class='ocr_line' id='line_1_50' title="bbox 1924 2033 3517 2111; baseline 0.006 -21"><span class='ocrx_word' id='word_1_418' title='bbox 1924 2044 2009 2090; x_wconf 89' lang='lat' dir='ltr'><strong><em>est</em></strong></span> <span class='ocrx_word' id='word_1_419' title='bbox 2031 2074 2046 2101; x_wconf 93' lang='lat'><strong><em>,</em></strong></span> <span class='ocrx_word' id='word_1_420' title='bbox 2077 2033 2258 2103; x_wconf 79' lang='lat' dir='ltr'><strong><em>diligit</em></strong></span> <span class='ocrx_word' id='word_1_421' title='bbox 2286 2033 2432 2090; x_wconf 91' lang='lat' dir='ltr'><strong><em>Deus</em></strong></span> <span class='ocrx_word' id='word_1_422' title='bbox 2453 2075 2467 2101; x_wconf 89' lang='lat'><strong><em>,</em></strong></span> <span class='ocrx_word' id='word_1_423' title='bbox 2497 2035 2602 2089; x_wconf 87' lang='lat' dir='ltr'><strong><em>nisi</em></strong></span> <span class='ocrx_word' id='word_1_424' title='bbox 2633 2049 2755 2090; x_wconf 87' lang='lat' dir='ltr'><strong><em>eum</em></strong></span> <span class='ocrx_word' id='word_1_425' title='bbox 2787 2038 2883 2107; x_wconf 86' lang='lat' dir='ltr'><strong><em>qui</em></strong></span> <span class='ocrx_word' id='word_1_426' title='bbox 2908 2052 3031 2093; x_wconf 89' lang='lat' dir='ltr'><strong><em>cum</em></strong></span> <span class='ocrx_word' id='word_1_427' title='bbox 3062 2041 3335 2111; x_wconf 85' lang='lat' dir='ltr'><strong><em>sapientia</em></strong></span> <span class='ocrx_word' id='word_1_428' title='bbox 3365 2043 3517 2098; x_wconf 87' lang='lat' dir='ltr'><strong><em>habi-</em></strong></span> 
     </span>
    </p>
   </div>
   <div class='ocr_carea' id='block_1_51' title="bbox 1917 2127 3507 2205">
    <p class='ocr_par' dir='ltr' id='par_1_51' title="bbox 1917 2127 3507 2205">
     <span class='ocr_line' id='line_1_51' title="bbox 1917 2127 3507 2205; baseline 0.006 -21"><span class='ocrx_word' id='word_1_429' title='bbox 1917 2137 2031 2193; x_wconf 82' lang='lat' dir='ltr'><strong><em>tat,</em></strong></span> <span class='ocrx_word' id='word_1_430' title='bbox 2072 2144 2136 2185; x_wconf 86' lang='lat' dir='ltr'><strong><em>ac</em></strong></span> <span class='ocrx_word' id='word_1_431' title='bbox 2165 2129 2373 2183; x_wconf 90' lang='lat' dir='ltr'><strong><em>nullum</em></strong></span> <span class='ocrx_word' id='word_1_432' title='bbox 2404 2128 2556 2184; x_wconf 63' lang='lat' dir='ltr'><strong><em>laedit</em></strong></span> <span class='ocrx_word' id='word_1_433' title='bbox 2595 2127 2764 2201; x_wconf 86' lang='lat' dir='ltr'><strong><em>(Eccl.</em></strong></span> <span class='ocrx_word' id='word_1_434' title='bbox 2797 2145 2872 2196; x_wconf 83' lang='lat' dir='ltr'><strong><em>tv,</em></strong></span> <span class='ocrx_word' id='word_1_435' title='bbox 2905 2132 3016 2203; x_wconf 84' lang='grc'><strong>15).</strong></span> <span class='ocrx_word' id='word_1_436' title='bbox 3055 2132 3161 2188; x_wconf 88' lang='lat' dir='ltr'><strong><em>lsta</em></strong></span> <span class='ocrx_word' id='word_1_437' title='bbox 3201 2134 3247 2191; x_wconf 89' lang='lat' dir='ltr'><strong><em>si</em></strong></span> <span class='ocrx_word' id='word_1_438' title='bbox 3277 2134 3507 2205; x_wconf 81' lang='lat' dir='ltr'><strong><em>feceris,</em></strong></span> 
     </span>
    </p>
   </div>
   <div class='ocr_carea' id='block_1_52' title="bbox 1916 2222 3509 2297">
    <p class='ocr_par' dir='ltr' id='par_1_52' title="bbox 1916 2222 3509 2297">
     <span class='ocr_line' id='line_1_52' title="bbox 1916 2222 3509 2297; baseline 0.006 -20"><span class='ocrx_word' id='word_1_439' title='bbox 1916 2224 2028 2278; x_wconf 92' lang='lat' dir='ltr'><strong><em>Deo</em></strong></span> <span class='ocrx_word' id='word_1_440' title='bbox 2051 2222 2199 2277; x_wconf 90' lang='lat' dir='ltr'><strong><em>utilis</em></strong></span> <span class='ocrx_word' id='word_1_441' title='bbox 2220 2223 2270 2276; x_wconf 90' lang='lat' dir='ltr'><strong><em>in</em></strong></span> <span class='ocrx_word' id='word_1_442' title='bbox 2289 2222 2545 2277; x_wconf 89' lang='lat' dir='ltr'><strong><em>omnibus</em></strong></span> <span class='ocrx_word' id='word_1_443' title='bbox 2568 2223 2985 2294; x_wconf 82' lang='lat' dir='ltr'><strong><em>comprobatus,</em></strong></span> <span class='ocrx_word' id='word_1_444' title='bbox 3007 2225 3305 2297; x_wconf 87' lang='lat' dir='ltr'><strong><em>perfectum</em></strong></span> <span class='ocrx_word' id='word_1_445' title='bbox 3328 2244 3509 2287; x_wconf 89' lang='lat' dir='ltr'><strong><em>sacer-</em></strong></span> 
     </span>
    </p>
   </div>
   <div class='ocr_carea' id='block_1_53' title="bbox 1914 2312 3507 2386">
    <p class='ocr_par' dir='ltr' id='par_1_53' title="bbox 1914 2312 3507 2386">
     <span class='ocr_line' id='line_1_53' title="bbox 1914 2312 3507 2386; baseline 0.004 -15"><span class='ocrx_word' id='word_1_446' title='bbox 1914 2314 2122 2371; x_wconf 90' lang='lat' dir='ltr'><strong><em>dotium</em></strong></span> <span class='ocrx_word' id='word_1_447' title='bbox 2148 2312 2257 2386; x_wconf 80' lang='grc' dir='ltr'><strong><em>[Αι.</em></strong></span> <span class='ocrx_word' id='word_1_448' title='bbox 2287 2324 2418 2369; x_wconf 89' lang='lat' dir='ltr'><strong><em>tacet</em></strong></span> <span class='ocrx_word' id='word_1_449' title='bbox 2448 2313 2839 2386; x_wconf 78' lang='lat' dir='ltr'><strong><em>sacerdotium]</em></strong></span> <span class='ocrx_word' id='word_1_450' title='bbox 2868 2315 2921 2371; x_wconf 91' lang='lat' dir='ltr'><strong><em>in</em></strong></span> <span class='ocrx_word' id='word_1_451' title='bbox 2955 2325 3009 2372; x_wconf 90' lang='lat' dir='ltr'><strong><em>te</em></strong></span> <span class='ocrx_word' id='word_1_452' title='bbox 3038 2320 3361 2378; x_wconf 86' lang='lat' dir='ltr'><strong><em>retentabis.</em></strong></span> <span class='ocrx_word' id='word_1_453' title='bbox 3390 2323 3507 2378; x_wconf 81' lang='lat' dir='ltr'><strong><em>Ex-</em></strong></span> 
     </span>
    </p>
   </div>
   <div class='ocr_carea' id='block_1_54' title="bbox 1914 2404 3507 2478">
    <p class='ocr_par' dir='ltr' id='par_1_54' title="bbox 1914 2404 3507 2478">
     <span class='ocr_line' id='line_1_54' title="bbox 1914 2404 3507 2478; baseline 0.004 -15"><span class='ocrx_word' id='word_1_454' title='bbox 1914 2406 2058 2478; x_wconf 90' lang='lat' dir='ltr'><strong><em>pelle</em></strong></span> <span class='ocrx_word' id='word_1_455' title='bbox 2084 2406 2152 2462; x_wconf 90' lang='lat' dir='ltr'><strong><em>de</em></strong></span> <span class='ocrx_word' id='word_1_456' title='bbox 2178 2407 2381 2476; x_wconf 86' lang='lat' dir='ltr'><strong><em>templo</em></strong></span> <span class='ocrx_word' id='word_1_457' title='bbox 2407 2404 2650 2472; x_wconf 87' lang='lat' dir='ltr'><strong><em>Christi,</em></strong></span> <span class='ocrx_word' id='word_1_458' title='bbox 2700 2422 2830 2463; x_wconf 78' lang='lat' dir='ltr'><strong><em>oves</em></strong></span> <span class='ocrx_word' id='word_1_459' title='bbox 2860 2416 2915 2463; x_wconf 87' lang='lat' dir='ltr'><strong><em>et</em></strong></span> <span class='ocrx_word' id='word_1_460' title='bbox 2940 2409 3107 2465; x_wconf 88' lang='lat' dir='ltr'><strong><em>boves</em></strong></span> <span class='ocrx_word' id='word_1_461' title='bbox 3144 2421 3200 2466; x_wconf 90' lang='lat' dir='ltr'><strong><em>et</em></strong></span> <span class='ocrx_word' id='word_1_462' title='bbox 3228 2414 3507 2471; x_wconf 83' lang='lat' dir='ltr'><strong><em>columbas</em></strong></span> 
     </span>
    </p>
   </div>
   <div class='ocr_carea' id='block_1_55' title="bbox 1913 2498 3504 2579">
    <p class='ocr_par' dir='ltr' id='par_1_55' title="bbox 1913 2498 3504 2579">
     <span class='ocr_line' id='line_1_55' title="bbox 1913 2498 3504 2579; baseline 0.006 -24"><span class='ocrx_word' id='word_1_463' title='bbox 1913 2498 2215 2555; x_wconf 87' lang='lat' dir='ltr'><strong><em>vendentes</em></strong></span> <span class='ocrx_word' id='word_1_464' title='bbox 2236 2538 2251 2564; x_wconf 92' lang='lat'><strong><em>,</em></strong></span> <span class='ocrx_word' id='word_1_465' title='bbox 2276 2511 2331 2554; x_wconf 89' lang='lat' dir='ltr'><strong><em>et</em></strong></span> <span class='ocrx_word' id='word_1_466' title='bbox 2360 2500 2852 2555; x_wconf 89' lang='lat' dir='ltr'><strong><em>nummulariorum</em></strong></span> <span class='ocrx_word' id='word_1_467' title='bbox 2884 2513 3072 2559; x_wconf 88' lang='lat' dir='ltr'><strong><em>everte</em></strong></span> <span class='ocrx_word' id='word_1_468' title='bbox 3100 2520 3348 2572; x_wconf 81' lang='lat' dir='ltr'><strong><em>mensas;</em></strong></span> <span class='ocrx_word' id='word_1_469' title='bbox 3378 2510 3504 2579; x_wconf 82' lang='lat' dir='ltr'><strong><em>quia</em></strong></span> 
     </span>
    </p>
   </div>
   <div class='ocr_carea' id='block_1_56' title="bbox 1912 2592 3504 2667">
    <p class='ocr_par' dir='ltr' id='par_1_56' title="bbox 1912 2592 3504 2667">
     <span class='ocr_line' id='line_1_56' title="bbox 1912 2592 3504 2667; baseline 0.006 -19"><span class='ocrx_word' id='word_1_470' title='bbox 1912 2593 2111 2649; x_wconf 91' lang='lat' dir='ltr'><strong><em>domus</em></strong></span> <span class='ocrx_word' id='word_1_471' title='bbox 2143 2593 2322 2647; x_wconf 83' lang='lat' dir='ltr'><strong><em>Patris</em></strong></span> <span class='ocrx_word' id='word_1_472' title='bbox 2354 2593 2563 2659; x_wconf 87' lang='lat' dir='ltr'><strong><em>nostri,</em></strong></span> <span class='ocrx_word' id='word_1_473' title='bbox 2610 2592 2805 2649; x_wconf 89' lang='lat' dir='ltr'><strong><em>domus</em></strong></span> <span class='ocrx_word' id='word_1_474' title='bbox 2833 2596 3219 2667; x_wconf 76' lang='lat' dir='ltr'><strong><em>negonationis</em></strong></span> <span class='ocrx_word' id='word_1_475' title='bbox 3246 2614 3368 2656; x_wconf 90' lang='lat' dir='ltr'><strong><em>esse</em></strong></span> <span class='ocrx_word' id='word_1_476' title='bbox 3396 2618 3504 2658; x_wconf 90' lang='lat' dir='ltr'><strong><em>non</em></strong></span> 
     </span>
    </p>
   </div>
   <div class='ocr_carea' id='block_1_57' title="bbox 1915 2682 3503 2765">
    <p class='ocr_par' dir='ltr' id='par_1_57' title="bbox 1915 2682 3503 2765">
     <span class='ocr_line' id='line_1_57' title="bbox 1915 2682 3503 2765; baseline 0.006 -26"><span class='ocrx_word' id='word_1_477' title='bbox 1915 2684 2113 2753; x_wconf 91' lang='lat' dir='ltr'><strong><em>debet,</em></strong></span> <span class='ocrx_word' id='word_1_478' title='bbox 2141 2682 2237 2737; x_wconf 87' lang='lat' dir='ltr'><strong><em>sed</em></strong></span> <span class='ocrx_word' id='word_1_479' title='bbox 2266 2684 2552 2737; x_wconf 89' lang='lat' dir='ltr'><strong><em>orationis.</em></strong></span> <span class='ocrx_word' id='word_1_480' title='bbox 2578 2683 2649 2738; x_wconf 92' lang='lat' dir='ltr'><strong><em>Et</em></strong></span> <span class='ocrx_word' id='word_1_481' title='bbox 2670 2690 2813 2755; x_wconf 90' lang='lat' dir='ltr'><strong><em>quod</em></strong></span> <span class='ocrx_word' id='word_1_482' title='bbox 2837 2686 3045 2757; x_wconf 84' lang='lat' dir='ltr'><strong><em>judicio</em></strong></span> <span class='ocrx_word' id='word_1_483' title='bbox 3070 2688 3167 2744; x_wconf 90' lang='lat' dir='ltr'><strong><em>Dei</em></strong></span> <span class='ocrx_word' id='word_1_484' title='bbox 3197 2692 3503 2765; x_wconf 83' lang='lat' dir='ltr'><strong><em>projicitur,</em></strong></span> 
     </span>
    </p>
   </div>
   <div class='ocr_carea' id='block_1_58' title="bbox 1912 2775 3506 2858">
    <p class='ocr_par' dir='ltr' id='par_1_58' title="bbox 1912 2775 3506 2858">
     <span class='ocr_line' id='line_1_58' title="bbox 1912 2775 3506 2858; baseline 0.008 -27"><span class='ocrx_word' id='word_1_485' title='bbox 1912 2775 2218 2831; x_wconf 85' lang='lat' dir='ltr'><strong><em>desiderari</em></strong></span> <span class='ocrx_word' id='word_1_486' title='bbox 2239 2787 2463 2846; x_wconf 89' lang='lat' dir='ltr'><strong><em>propter</em></strong></span> <span class='ocrx_word' id='word_1_487' title='bbox 2481 2776 2847 2833; x_wconf 86' lang='lat' dir='ltr'><strong><em>damnationis</em></strong></span> <span class='ocrx_word' id='word_1_488' title='bbox 2866 2790 3192 2838; x_wconf 77' lang='lat' dir='ltr'><strong><em>sententiam</em></strong></span> <span class='ocrx_word' id='word_1_489' title='bbox 3212 2801 3321 2839; x_wconf 89' lang='lat' dir='ltr'><strong><em>non</em></strong></span> <span class='ocrx_word' id='word_1_490' title='bbox 3344 2804 3506 2858; x_wconf 89' lang='lat' dir='ltr'><strong><em>opor-</em></strong></span> 
     </span>
    </p>
   </div>
   <div class='ocr_carea' id='block_1_59' title="bbox 1915 2869 3506 2947">
    <p class='ocr_par' dir='ltr' id='par_1_59' title="bbox 1915 2869 3506 2947">
     <span class='ocr_line' id='line_1_59' title="bbox 1915 2869 3506 2947; baseline 0.008 -24"><span class='ocrx_word' id='word_1_491' title='bbox 1915 2878 2023 2935; x_wconf 87' lang='lat' dir='ltr'><strong><em>tet,</em></strong></span> <span class='ocrx_word' id='word_1_492' title='bbox 2052 2883 2121 2922; x_wconf 89' lang='lat' dir='ltr'><strong><em>ne</em></strong></span> <span class='ocrx_word' id='word_1_493' title='bbox 2150 2870 2364 2937; x_wconf 85' lang='lat' dir='ltr'><strong><em>reprobi</em></strong></span> <span class='ocrx_word' id='word_1_494' title='bbox 2394 2869 2736 2926; x_wconf 87' lang='lat' dir='ltr'><strong><em>inveniamur</em></strong></span> <span class='ocrx_word' id='word_1_495' title='bbox 2762 2872 2816 2926; x_wconf 90' lang='lat' dir='ltr'><strong><em>in</em></strong></span> <span class='ocrx_word' id='word_1_496' title='bbox 2839 2872 3080 2929; x_wconf 75' lang='lat' dir='ltr'><strong><em>(lliristo.</em></strong></span> <span class='ocrx_word' id='word_1_497' title='bbox 3105 2876 3300 2947; x_wconf 80' lang='lat' dir='ltr'><strong><em>Sicque</em></strong></span> <span class='ocrx_word' id='word_1_498' title='bbox 3327 2878 3422 2934; x_wconf 85' lang='lat' dir='ltr'><strong><em>fiet</em></strong></span> <span class='ocrx_word' id='word_1_499' title='bbox 3445 2891 3506 2937; x_wconf 90' lang='lat' dir='ltr'><strong><em>ut</em></strong></span> 
     </span>
    </p>
   </div>
   <div class='ocr_carea' id='block_1_60' title="bbox 1914 2961 3503 3034">
    <p class='ocr_par' dir='ltr' id='par_1_60' title="bbox 1914 2961 3503 3034">
     <span class='ocr_line' id='line_1_60' title="bbox 1914 2961 3503 3034; baseline 0.006 -18"><span class='ocrx_word' id='word_1_500' title='bbox 1914 2961 1969 3016; x_wconf 91' lang='lat' dir='ltr'><strong><em>in</em></strong></span> <span class='ocrx_word' id='word_1_501' title='bbox 2000 2962 2230 3016; x_wconf 86' lang='lat' dir='ltr'><strong><em>veritate</em></strong></span> <span class='ocrx_word' id='word_1_502' title='bbox 2271 2963 2577 3017; x_wconf 74' lang='lat' dir='ltr'><strong><em>consistens</em></strong></span> <span class='ocrx_word' id='word_1_503' title='bbox 2601 3002 2617 3030; x_wconf 93' lang='lat'><strong><em>,</em></strong></span> <span class='ocrx_word' id='word_1_504' title='bbox 2646 2964 2983 3034; x_wconf 84' lang='lat' dir='ltr'><strong><em>septiformis</em></strong></span> <span class='ocrx_word' id='word_1_505' title='bbox 3010 2967 3269 3022; x_wconf 77' lang='lat' dir='ltr'><strong><em>Ecclesia:</em></strong></span> <span class='ocrx_word' id='word_1_506' title='bbox 3321 2986 3503 3026; x_wconf 85' lang='lat' dir='ltr'><strong><em>sacra-</em></strong></span> 
     </span>
    </p>
   </div>
   <div class='ocr_carea' id='block_1_61' title="bbox 1913 3056 3499 3131">
    <p class='ocr_par' dir='ltr' id='par_1_61' title="bbox 1913 3056 3499 3131">
     <span class='ocr_line' id='line_1_61' title="bbox 1913 3056 3499 3131; baseline 0.007 -23"><span class='ocrx_word' id='word_1_507' title='bbox 1913 3063 2152 3109; x_wconf 87' lang='lat' dir='ltr'><strong><em>mentum</em></strong></span> <span class='ocrx_word' id='word_1_508' title='bbox 2184 3069 2345 3107; x_wconf 86' lang='lat' dir='ltr'><strong><em>nosse</em></strong></span> <span class='ocrx_word' id='word_1_509' title='bbox 2379 3056 2672 3122; x_wconf 89' lang='lat' dir='ltr'><strong><em>merearis,</em></strong></span> <span class='ocrx_word' id='word_1_510' title='bbox 2698 3057 2842 3126; x_wconf 91' lang='lat' dir='ltr'><strong><em>quod</em></strong></span> <span class='ocrx_word' id='word_1_511' title='bbox 2893 3057 2949 3112; x_wconf 92' lang='lat' dir='ltr'><strong><em>in</em></strong></span> <span class='ocrx_word' id='word_1_512' title='bbox 2974 3059 3371 3131; x_wconf 89' lang='lat' dir='ltr'><strong><em>omnipotentia</em></strong></span> <span class='ocrx_word' id='word_1_513' title='bbox 3404 3064 3499 3120; x_wconf 90' lang='lat' dir='ltr'><strong><em>Dei</em></strong></span> 
     </span>
    </p>
   </div>
   <div class='ocr_carea' id='block_1_62' title="bbox 1911 3150 3501 3225">
    <p class='ocr_par' dir='ltr' id='par_1_62' title="bbox 1911 3150 3501 3225">
     <span class='ocr_line' id='line_1_62' title="bbox 1911 3150 3501 3225; baseline 0.006 -22"><span class='ocrx_word' id='word_1_514' title='bbox 1911 3164 2033 3203; x_wconf 90' lang='lat' dir='ltr'><strong><em>cum</em></strong></span> <span class='ocrx_word' id='word_1_515' title='bbox 2060 3163 2157 3204; x_wconf 90' lang='lat' dir='ltr'><strong><em>sua</em></strong></span> <span class='ocrx_word' id='word_1_516' title='bbox 2187 3150 2541 3204; x_wconf 89' lang='lat' dir='ltr'><strong><em>veneratione</em></strong></span> <span class='ocrx_word' id='word_1_517' title='bbox 2567 3150 2857 3217; x_wconf 89' lang='lat' dir='ltr'><strong><em>consistit,</em></strong></span> <span class='ocrx_word' id='word_1_518' title='bbox 2902 3152 2956 3207; x_wconf 90' lang='lat' dir='ltr'><strong><em>id</em></strong></span> <span class='ocrx_word' id='word_1_519' title='bbox 2992 3162 3107 3219; x_wconf 87' lang='lat' dir='ltr'><strong><em>est,</em></strong></span> <span class='ocrx_word' id='word_1_520' title='bbox 3137 3156 3190 3209; x_wconf 91' lang='lat' dir='ltr'><strong><em>in</em></strong></span> <span class='ocrx_word' id='word_1_521' title='bbox 3222 3156 3383 3212; x_wconf 81' lang='lat' dir='ltr'><strong><em>Patre</em></strong></span> <span class='ocrx_word' id='word_1_522' title='bbox 3402 3197 3419 3225; x_wconf 89' lang='lat'><strong><em>,</em></strong></span> <span class='ocrx_word' id='word_1_523' title='bbox 3446 3168 3501 3213; x_wconf 87' lang='lat' dir='ltr'><strong><em>et</em></strong></span> 
     </span>
    </p>
   </div>
   <div class='ocr_carea' id='block_1_63' title="bbox 220 3222 3497 3334">
    <p class='ocr_par' dir='ltr' id='par_1_63' title="bbox 220 3222 3497 3334">
     <span class='ocr_line' id='line_1_63' title="bbox 220 3222 3497 3334; baseline 0.006 -48"><span class='ocrx_word' id='word_1_524' title='bbox 220 3222 630 3330; x_wconf 50' lang='grc' dir='ltr'><strong><em>νυὶυοὲτεὼίυ</em></strong></span> <span class='ocrx_word' id='word_1_525' title='bbox 651 3272 760 3313; x_wconf 67' lang='lat' dir='ltr'><strong>non</strong></span> <span class='ocrx_word' id='word_1_526' title='bbox 784 3222 1046 3313; x_wconf 47' lang='lat' dir='ltr'><strong><em>dim&#39;mas&#39;.</em></strong></span> <span class='ocrx_word' id='word_1_527' title='bbox 1071 3222 1257 3330; x_wconf 36' lang='lat' dir='ltr'><strong><em>Ibique</em></strong></span> <span class='ocrx_word' id='word_1_528' title='bbox 1280 3222 1608 3317; x_wconf 55' lang='grc' dir='ltr'><strong><em>ιιξθεθυνξιηῖ</em></strong></span> <span class='ocrx_word' id='word_1_529' title='bbox 1621 3222 1805 3334; x_wconf 58' lang='lat' dir='ltr'><strong><em>tum&quot;:</em></strong></span> <span class='ocrx_word' id='word_1_530' title='bbox 1833 3222 1882 3288; x_wconf 73' lang='grc' dir='ltr'>ο</span> <span class='ocrx_word' id='word_1_531' title='bbox 1916 3239 2043 3334; x_wconf 85' lang='lat' dir='ltr'><strong>qu</strong></span> <span class='ocrx_word' id='word_1_532' title='bbox 2049 3240 2164 3334; x_wconf 87' lang='lat' dir='ltr'><strong><em>ilio,</em></strong></span> <span class='ocrx_word' id='word_1_533' title='bbox 2192 3252 2247 3295; x_wconf 88' lang='lat' dir='ltr'><strong><em>et</em></strong></span> <span class='ocrx_word' id='word_1_534' title='bbox 2277 3242 2329 3295; x_wconf 90' lang='lat' dir='ltr'><strong><em>in</em></strong></span> <span class='ocrx_word' id='word_1_535' title='bbox 2357 3242 2562 3311; x_wconf 87' lang='lat' dir='ltr'><strong><em>Spiritu</em></strong></span> <span class='ocrx_word' id='word_1_536' title='bbox 2592 3255 2806 3309; x_wconf 80' lang='lat' dir='ltr'><strong><em>sancto,</em></strong></span> <span class='ocrx_word' id='word_1_537' title='bbox 2836 3246 2888 3298; x_wconf 88' lang='lat' dir='ltr'><strong><em>in</em></strong></span> <span class='ocrx_word' id='word_1_538' title='bbox 2916 3246 3288 3317; x_wconf 72' lang='lat' dir='ltr'><strong><em>arcltaugulis,</em></strong></span> <span class='ocrx_word' id='word_1_539' title='bbox 3318 3252 3369 3304; x_wconf 91' lang='lat' dir='ltr'><strong><em>in</em></strong></span> <span class='ocrx_word' id='word_1_540' title='bbox 3401 3266 3497 3306; x_wconf 89' lang='lat' dir='ltr'><strong><em>an-</em></strong></span> 
     </span>
    </p>
   </div>
   <div class='ocr_carea' id='block_1_64' title="bbox 215 3348 1809 3417">
    <p class='ocr_par' dir='ltr' id='par_1_64' title="bbox 215 3348 1809 3417">
     <span class='ocr_line' id='line_1_64' title="bbox 215 3348 1809 3417; baseline 0.006 -14"><span class='ocrx_word' id='word_1_541' title='bbox 215 3352 293 3404; x_wconf 86' lang='lat' dir='ltr'><strong><em>ubi</em></strong></span> <span class='ocrx_word' id='word_1_542' title='bbox 318 3361 372 3406; x_wconf 91' lang='lat' dir='ltr'><strong><em>et</em></strong></span> <span class='ocrx_word' id='word_1_543' title='bbox 401 3366 511 3406; x_wconf 88' lang='lat' dir='ltr'><strong><em>cor</em></strong></span> <span class='ocrx_word' id='word_1_544' title='bbox 552 3358 703 3405; x_wconf 89' lang='lat' dir='ltr'><strong><em>tuum</em></strong></span> <span class='ocrx_word' id='word_1_545' title='bbox 731 3358 846 3417; x_wconf 89' lang='lat' dir='ltr'><strong><em>est,</em></strong></span> <span class='ocrx_word' id='word_1_546' title='bbox 871 3350 1068 3405; x_wconf 91' lang='lat' dir='ltr'><strong><em>conde.</em></strong></span> <span class='ocrx_word' id='word_1_547' title='bbox 1100 3348 1236 3405; x_wconf 88' lang='lat' dir='ltr'><strong><em>Cum</em></strong></span> <span class='ocrx_word' id='word_1_548' title='bbox 1267 3353 1518 3410; x_wconf 89' lang='lat' dir='ltr'><strong><em>omnibus</em></strong></span> <span class='ocrx_word' id='word_1_549' title='bbox 1549 3353 1809 3413; x_wconf 80' lang='lat' dir='ltr'><strong><em>fratribus</em></strong></span> 
     </span>
    </p>
   </div>
   <div class='ocr_carea' id='block_1_65' title="bbox 212 3442 1809 3521">
    <p class='ocr_par' dir='ltr' id='par_1_65' title="bbox 212 3442 1809 3521">
     <span class='ocr_line' id='line_1_65' title="bbox 212 3442 1809 3521; baseline 0.007 -26"><span class='ocrx_word' id='word_1_550' title='bbox 212 3444 341 3511; x_wconf 86' lang='lat' dir='ltr'><strong><em>tuis,</em></strong></span> <span class='ocrx_word' id='word_1_551' title='bbox 361 3444 519 3498; x_wconf 87' lang='lat' dir='ltr'><strong><em>sicut</em></strong></span> <span class='ocrx_word' id='word_1_552' title='bbox 537 3442 801 3511; x_wconf 90' lang='lat' dir='ltr'><strong><em>scriptum</em></strong></span> <span class='ocrx_word' id='word_1_553' title='bbox 821 3451 934 3508; x_wconf 86' lang='lat' dir='ltr'><strong><em>est,</em></strong></span> <span class='ocrx_word' id='word_1_554' title='bbox 960 3454 1147 3512; x_wconf 82' lang='lat' dir='ltr'><strong><em>pacem</em></strong></span> <span class='ocrx_word' id='word_1_555' title='bbox 1180 3444 1335 3500; x_wconf 86' lang='lat' dir='ltr'><strong><em>habe.</em></strong></span> <span class='ocrx_word' id='word_1_556' title='bbox 1352 3444 1588 3502; x_wconf 83' lang='lat' dir='ltr'><strong><em>Consilia</em></strong></span> <span class='ocrx_word' id='word_1_557' title='bbox 1615 3450 1809 3521; x_wconf 86' lang='lat' dir='ltr'><strong><em>impio-</em></strong></span> 
     </span>
    </p>
   </div>
   <div class='ocr_carea' id='block_1_66' title="bbox 212 3533 1804 3605">
    <p class='ocr_par' dir='ltr' id='par_1_66' title="bbox 212 3533 1804 3605">
     <span class='ocr_line' id='line_1_66' title="bbox 212 3533 1804 3605; baseline 0.007 -17"><span class='ocrx_word' id='word_1_558' title='bbox 212 3550 318 3589; x_wconf 88' lang='lat' dir='ltr'><strong><em>rum</em></strong></span> <span class='ocrx_word' id='word_1_559' title='bbox 341 3534 513 3605; x_wconf 84' lang='lat' dir='ltr'><strong><em>fuge:</em></strong></span> <span class='ocrx_word' id='word_1_560' title='bbox 546 3549 618 3589; x_wconf 89' lang='lat' dir='ltr'><strong><em>ne</em></strong></span> <span class='ocrx_word' id='word_1_561' title='bbox 647 3537 777 3588; x_wconf 87' lang='lat' dir='ltr'><strong><em>dum</em></strong></span> <span class='ocrx_word' id='word_1_562' title='bbox 803 3533 1051 3603; x_wconf 91' lang='lat' dir='ltr'><strong><em>judicas,</em></strong></span> <span class='ocrx_word' id='word_1_563' title='bbox 1097 3536 1502 3593; x_wconf 87' lang='lat' dir='ltr'><strong><em>condemneris.</em></strong></span> <span class='ocrx_word' id='word_1_564' title='bbox 1543 3541 1636 3596; x_wconf 89' lang='lat' dir='ltr'><strong><em>Sic</em></strong></span> <span class='ocrx_word' id='word_1_565' title='bbox 1659 3543 1804 3599; x_wconf 89' lang='lat' dir='ltr'><strong><em>enim</em></strong></span> 
     </span>
    </p>
   </div>
   <div class='ocr_carea' id='block_1_67' title="bbox 208 3626 1807 3701">
    <p class='ocr_par' dir='ltr' id='par_1_67' title="bbox 208 3626 1807 3701">
     <span class='ocr_line' id='line_1_67' title="bbox 208 3626 1807 3701; baseline 0.004 -17"><span class='ocrx_word' id='word_1_566' title='bbox 208 3633 471 3699; x_wconf 81' lang='lat' dir='ltr'><strong><em>scriptum</em></strong></span> <span class='ocrx_word' id='word_1_567' title='bbox 507 3635 630 3683; x_wconf 83' lang='lat' dir='ltr'><strong><em>est:</em></strong></span> <span class='ocrx_word' id='word_1_568' title='bbox 651 3626 846 3683; x_wconf 84' lang='lat' dir='ltr'><strong><em>Beatus</em></strong></span> <span class='ocrx_word' id='word_1_569' title='bbox 868 3630 944 3683; x_wconf 87' lang='lat' dir='ltr'><strong><em>vir</em></strong></span> <span class='ocrx_word' id='word_1_570' title='bbox 970 3631 1063 3701; x_wconf 79' lang='lat' dir='ltr'><strong><em>qui</em></strong></span> <span class='ocrx_word' id='word_1_571' title='bbox 1092 3647 1194 3684; x_wconf 87' lang='lat' dir='ltr'><strong><em>non</em></strong></span> <span class='ocrx_word' id='word_1_572' title='bbox 1223 3631 1350 3685; x_wconf 88' lang='lat' dir='ltr'><strong><em>abiit</em></strong></span> <span class='ocrx_word' id='word_1_573' title='bbox 1390 3637 1442 3686; x_wconf 90' lang='lat' dir='ltr'><strong><em>in</em></strong></span> <span class='ocrx_word' id='word_1_574' title='bbox 1464 3636 1682 3690; x_wconf 88' lang='lat' dir='ltr'><strong><em>consilio</em></strong></span> <span class='ocrx_word' id='word_1_575' title='bbox 1707 3638 1807 3691; x_wconf 83' lang='lat' dir='ltr'><strong><em>im-</em></strong></span> 
     </span>
    </p>
   </div>
   <div class='ocr_carea' id='block_1_68' title="bbox 208 3720 1805 3789">
    <p class='ocr_par' dir='ltr' id='par_1_68' title="bbox 208 3720 1805 3789">
     <span class='ocr_line' id='line_1_68' title="bbox 208 3720 1805 3789; baseline 0.008 -16"><span class='ocrx_word' id='word_1_576' title='bbox 208 3722 401 3789; x_wconf 81' lang='lat' dir='ltr'><strong><em>piorum</em></strong></span> <span class='ocrx_word' id='word_1_577' title='bbox 424 3763 440 3788; x_wconf 90' lang='lat'><strong><em>,</em></strong></span> <span class='ocrx_word' id='word_1_578' title='bbox 472 3729 521 3773; x_wconf 78' lang='lat' dir='ltr'><strong><em>et</em></strong></span> <span class='ocrx_word' id='word_1_579' title='bbox 543 3720 597 3773; x_wconf 85' lang='lat' dir='ltr'><strong><em>in</em></strong></span> <span class='ocrx_word' id='word_1_580' title='bbox 626 3720 708 3773; x_wconf 86' lang='lat' dir='ltr'><strong><em>via</em></strong></span> <span class='ocrx_word' id='word_1_581' title='bbox 733 3730 1057 3787; x_wconf 74' lang='lat' dir='ltr'><strong><em>peccatorum</em></strong></span> <span class='ocrx_word' id='word_1_582' title='bbox 1077 3738 1181 3776; x_wconf 89' lang='lat' dir='ltr'><strong><em>non</em></strong></span> <span class='ocrx_word' id='word_1_583' title='bbox 1208 3725 1384 3787; x_wconf 86' lang='lat' dir='ltr'><strong><em>stetit,</em></strong></span> <span class='ocrx_word' id='word_1_584' title='bbox 1407 3739 1452 3779; x_wconf 89' lang='lat' dir='ltr'><strong><em>et</em></strong></span> <span class='ocrx_word' id='word_1_585' title='bbox 1480 3726 1534 3780; x_wconf 89' lang='lat' dir='ltr'><strong><em>in</em></strong></span> <span class='ocrx_word' id='word_1_586' title='bbox 1558 3729 1805 3785; x_wconf 81' lang='lat' dir='ltr'><strong><em>cathedra</em></strong></span> 
     </span>
    </p>
   </div>
   <div class='ocr_carea' id='block_1_69' title="bbox 212 3815 1801 3892">
    <p class='ocr_par' dir='ltr' id='par_1_69' title="bbox 212 3815 1801 3892">
     <span class='ocr_line' id='line_1_69' title="bbox 212 3815 1801 3892; baseline 0.007 -23"><span class='ocrx_word' id='word_1_587' title='bbox 212 3817 522 3884; x_wconf 77' lang='lat' dir='ltr'><strong><em>pestilentice</em></strong></span> <span class='ocrx_word' id='word_1_588' title='bbox 554 3830 655 3869; x_wconf 88' lang='lat' dir='ltr'><strong><em>non</em></strong></span> <span class='ocrx_word' id='word_1_589' title='bbox 685 3816 837 3869; x_wconf 85' lang='lat' dir='ltr'><strong><em>sedit.</em></strong></span> <span class='ocrx_word' id='word_1_590' title='bbox 866 3815 972 3871; x_wconf 86' lang='lat' dir='ltr'><strong><em>Sed</em></strong></span> <span class='ocrx_word' id='word_1_591' title='bbox 996 3817 1048 3871; x_wconf 90' lang='lat' dir='ltr'><strong><em>in</em></strong></span> <span class='ocrx_word' id='word_1_592' title='bbox 1074 3817 1183 3889; x_wconf 88' lang='lat' dir='ltr'><strong><em>lege</em></strong></span> <span class='ocrx_word' id='word_1_593' title='bbox 1210 3819 1424 3874; x_wconf 83' lang='lat' dir='ltr'><strong><em>Domini</em></strong></span> <span class='ocrx_word' id='word_1_594' title='bbox 1445 3823 1546 3892; x_wconf 84' lang='lat' dir='ltr'><strong><em>fuit</em></strong></span> <span class='ocrx_word' id='word_1_595' title='bbox 1567 3824 1801 3880; x_wconf 84' lang='lat' dir='ltr'><strong><em>voluntas</em></strong></span> 
     </span>
    </p>
   </div>
   <div class='ocr_carea' id='block_1_70' title="bbox 212 3908 1800 3985">
    <p class='ocr_par' dir='ltr' id='par_1_70' title="bbox 212 3908 1800 3985">
     <span class='ocr_line' id='line_1_70' title="bbox 212 3908 1800 3985; baseline 0.007 -24"><span class='ocrx_word' id='word_1_596' title='bbox 212 3912 311 3981; x_wconf 74' lang='lat' dir='ltr'><strong><em>ejus</em></strong></span> <span class='ocrx_word' id='word_1_597' title='bbox 330 3950 346 3975; x_wconf 93' lang='lat'><strong><em>,</em></strong></span> <span class='ocrx_word' id='word_1_598' title='bbox 377 3919 427 3964; x_wconf 81' lang='lat' dir='ltr'><strong><em>et</em></strong></span> <span class='ocrx_word' id='word_1_599' title='bbox 460 3909 521 3964; x_wconf 83' lang='lat' dir='ltr'><strong><em>in</em></strong></span> <span class='ocrx_word' id='word_1_600' title='bbox 553 3909 667 3977; x_wconf 83' lang='lat' dir='ltr'><strong><em>lege</em></strong></span> <span class='ocrx_word' id='word_1_601' title='bbox 694 3909 807 3973; x_wconf 74' lang='lat' dir='ltr'><strong><em>eius</em></strong></span> <span class='ocrx_word' id='word_1_602' title='bbox 829 3908 1169 3963; x_wconf 85' lang='lat' dir='ltr'><strong><em>meditabitur</em></strong></span> <span class='ocrx_word' id='word_1_603' title='bbox 1192 3910 1275 3964; x_wconf 86' lang='lat' dir='ltr'><strong><em>die</em></strong></span> <span class='ocrx_word' id='word_1_604' title='bbox 1304 3928 1365 3965; x_wconf 89' lang='lat' dir='ltr'><strong><em>ac</em></strong></span> <span class='ocrx_word' id='word_1_605' title='bbox 1390 3924 1537 3968; x_wconf 90' lang='lat' dir='ltr'><strong><em>nocte</em></strong></span> <span class='ocrx_word' id='word_1_606' title='bbox 1560 3915 1732 3985; x_wconf 88' lang='lat' dir='ltr'><strong><em>(Psal.</em></strong></span> <span class='ocrx_word' id='word_1_607' title='bbox 1762 3933 1800 3985; x_wconf 82' lang='grc' dir='ltr'><strong><em>ι,</em></strong></span> 
     </span>
    </p>
   </div>
   <div class='ocr_carea' id='block_1_71' title="bbox 218 4002 1807 4075">
    <p class='ocr_par' dir='ltr' id='par_1_71' title="bbox 218 4002 1807 4075">
     <span class='ocr_line' id='line_1_71' title="bbox 218 4002 1807 4075; baseline 0.005 -17"><span class='ocrx_word' id='word_1_608' title='bbox 218 4002 263 4069; x_wconf 86' lang='grc'><strong><em>1,</em></strong></span> <span class='ocrx_word' id='word_1_609' title='bbox 282 4002 358 4075; x_wconf 70' lang='grc'><strong>2).</strong></span> <span class='ocrx_word' id='word_1_610' title='bbox 398 4004 700 4059; x_wconf 87' lang='lat' dir='ltr'><strong><em>Potcntum</em></strong></span> <span class='ocrx_word' id='word_1_611' title='bbox 724 4017 987 4072; x_wconf 85' lang='lat' dir='ltr'><strong><em>personas</em></strong></span> <span class='ocrx_word' id='word_1_612' title='bbox 1003 4044 1018 4071; x_wconf 94' lang='lat'><strong><em>,</em></strong></span> <span class='ocrx_word' id='word_1_613' title='bbox 1045 4003 1273 4059; x_wconf 89' lang='lat' dir='ltr'><strong><em>divitum</em></strong></span> <span class='ocrx_word' id='word_1_614' title='bbox 1297 4005 1545 4073; x_wconf 85' lang='lat' dir='ltr'><strong><em>notitias,</em></strong></span> <span class='ocrx_word' id='word_1_615' title='bbox 1568 4011 1807 4066; x_wconf 87' lang='lat' dir='ltr'><strong><em>salutan-</em></strong></span> 
     </span>
    </p>
   </div>
   <div class='ocr_carea' id='block_1_72' title="bbox 218 4094 1803 4168">
    <p class='ocr_par' dir='ltr' id='par_1_72' title="bbox 218 4094 1803 4168">
     <span class='ocr_line' id='line_1_72' title="bbox 218 4094 1803 4168; baseline 0.01 -21"><span class='ocrx_word' id='word_1_616' title='bbox 218 4097 329 4149; x_wconf 87' lang='lat' dir='ltr'><strong><em>tium</em></strong></span> <span class='ocrx_word' id='word_1_617' title='bbox 359 4095 638 4165; x_wconf 83' lang='lat' dir='ltr'><strong><em>ohsequia</em></strong></span> <span class='ocrx_word' id='word_1_618' title='bbox 667 4095 742 4149; x_wconf 88' lang='lat' dir='ltr'><strong><em>ita</em></strong></span> <span class='ocrx_word' id='word_1_619' title='bbox 768 4094 955 4163; x_wconf 84' lang='lat' dir='ltr'><strong><em>accipe</em></strong></span> <span class='ocrx_word' id='word_1_620' title='bbox 976 4136 991 4162; x_wconf 94' lang='lat'><strong><em>,</em></strong></span> <span class='ocrx_word' id='word_1_621' title='bbox 1017 4106 1075 4150; x_wconf 92' lang='lat' dir='ltr'><strong><em>ut</em></strong></span> <span class='ocrx_word' id='word_1_622' title='bbox 1104 4112 1398 4168; x_wconf 84' lang='lat' dir='ltr'><strong><em>pauperem</em></strong></span> <span class='ocrx_word' id='word_1_623' title='bbox 1424 4116 1532 4155; x_wconf 92' lang='lat' dir='ltr'><strong><em>non</em></strong></span> <span class='ocrx_word' id='word_1_624' title='bbox 1564 4107 1803 4163; x_wconf 84' lang='lat' dir='ltr'><strong><em>contris-</em></strong></span> 
     </span>
    </p>
   </div>
   <div class='ocr_carea' id='block_1_73' title="bbox 213 4186 1803 4256">
    <p class='ocr_par' dir='ltr' id='par_1_73' title="bbox 213 4186 1803 4256">
     <span class='ocr_line' id='line_1_73' title="bbox 213 4186 1803 4256; baseline 0.007 -14"><span class='ocrx_word' id='word_1_625' title='bbox 213 4196 317 4256; x_wconf 81' lang='lat' dir='ltr'><strong><em>tes,</em></strong></span> <span class='ocrx_word' id='word_1_626' title='bbox 340 4204 447 4244; x_wconf 87' lang='lat' dir='ltr'><strong><em>nec</em></strong></span> <span class='ocrx_word' id='word_1_627' title='bbox 478 4188 574 4241; x_wconf 90' lang='lat' dir='ltr'><strong><em>ulli</em></strong></span> <span class='ocrx_word' id='word_1_628' title='bbox 606 4186 880 4241; x_wconf 84' lang='lat' dir='ltr'><strong><em>lastidium</em></strong></span> <span class='ocrx_word' id='word_1_629' title='bbox 906 4189 1276 4245; x_wconf 79' lang='lat' dir='ltr'><strong><em>excusationis</em></strong></span> <span class='ocrx_word' id='word_1_630' title='bbox 1302 4190 1546 4247; x_wconf 88' lang='lat' dir='ltr'><strong><em>inducas.</em></strong></span> <span class='ocrx_word' id='word_1_631' title='bbox 1571 4194 1687 4251; x_wconf 80' lang='lat' dir='ltr'><strong><em>Non</em></strong></span> <span class='ocrx_word' id='word_1_632' title='bbox 1719 4214 1803 4254; x_wconf 87' lang='lat' dir='ltr'><strong><em>re-</em></strong></span> 
     </span>
    </p>
   </div>
   <div class='ocr_carea' id='block_1_74' title="bbox 208 4281 1800 4361">
    <p class='ocr_par' dir='ltr' id='par_1_74' title="bbox 208 4281 1800 4361">
     <span class='ocr_line' id='line_1_74' title="bbox 208 4281 1800 4361; baseline 0.007 -24"><span class='ocrx_word' id='word_1_633' title='bbox 208 4284 355 4337; x_wconf 75' lang='lat' dir='ltr'><strong><em>cedat</em></strong></span> <span class='ocrx_word' id='word_1_634' title='bbox 386 4282 536 4336; x_wconf 83' lang='lat' dir='ltr'><strong><em>liber</em></strong></span> <span class='ocrx_word' id='word_1_635' title='bbox 563 4281 728 4351; x_wconf 79' lang='lat' dir='ltr'><strong><em>legis,</em></strong></span> <span class='ocrx_word' id='word_1_636' title='bbox 754 4292 813 4336; x_wconf 92' lang='lat' dir='ltr'><strong><em>ut</em></strong></span> <span class='ocrx_word' id='word_1_637' title='bbox 839 4283 1102 4352; x_wconf 88' lang='lat' dir='ltr'><strong><em>scriptum</em></strong></span> <span class='ocrx_word' id='word_1_638' title='bbox 1133 4292 1216 4339; x_wconf 86' lang='lat' dir='ltr'><strong><em>est</em></strong></span> <span class='ocrx_word' id='word_1_639' title='bbox 1234 4318 1249 4349; x_wconf 84' lang='lat'><strong><em>,</em></strong></span> <span class='ocrx_word' id='word_1_640' title='bbox 1273 4284 1343 4340; x_wconf 88' lang='lat' dir='ltr'><strong><em>de</em></strong></span> <span class='ocrx_word' id='word_1_641' title='bbox 1364 4298 1527 4341; x_wconf 82' lang='lat' dir='ltr'><strong><em>manu</em></strong></span> <span class='ocrx_word' id='word_1_642' title='bbox 1558 4298 1679 4361; x_wconf 87' lang='lat' dir='ltr'><strong><em>tua,</em></strong></span> <span class='ocrx_word' id='word_1_643' title='bbox 1702 4295 1800 4348; x_wconf 88' lang='lat' dir='ltr'><strong><em>sed</em></strong></span> 
     </span>
    </p>
   </div>
   <div class='ocr_carea' id='block_1_75' title="bbox 208 4374 1802 4455">
    <p class='ocr_par' dir='ltr' id='par_1_75' title="bbox 208 4374 1802 4455">
     <span class='ocr_line' id='line_1_75' title="bbox 208 4374 1802 4455; baseline 0.01 -24"><span class='ocrx_word' id='word_1_644' title='bbox 208 4377 479 4432; x_wconf 77' lang='lat' dir='ltr'><strong><em>meditare</em></strong></span> <span class='ocrx_word' id='word_1_645' title='bbox 508 4374 564 4430; x_wconf 89' lang='lat' dir='ltr'><strong><em>in</em></strong></span> <span class='ocrx_word' id='word_1_646' title='bbox 594 4391 661 4431; x_wconf 90' lang='lat' dir='ltr'><strong><em>eo</em></strong></span> <span class='ocrx_word' id='word_1_647' title='bbox 681 4375 773 4430; x_wconf 89' lang='lat' dir='ltr'><strong><em>die</em></strong></span> <span class='ocrx_word' id='word_1_648' title='bbox 800 4391 862 4431; x_wconf 90' lang='lat' dir='ltr'><strong><em>ac</em></strong></span> <span class='ocrx_word' id='word_1_649' title='bbox 891 4385 1079 4433; x_wconf 90' lang='lat' dir='ltr'><strong><em>nocte.</em></strong></span> <span class='ocrx_word' id='word_1_650' title='bbox 1099 4377 1193 4434; x_wconf 89' lang='lat' dir='ltr'><strong><em>Sic</em></strong></span> <span class='ocrx_word' id='word_1_651' title='bbox 1212 4382 1359 4436; x_wconf 89' lang='lat' dir='ltr'><strong><em>enim</em></strong></span> <span class='ocrx_word' id='word_1_652' title='bbox 1385 4384 1651 4455; x_wconf 86' lang='lat' dir='ltr'><strong><em>scriptum</em></strong></span> <span class='ocrx_word' id='word_1_653' title='bbox 1682 4398 1802 4448; x_wconf 86' lang='lat' dir='ltr'><strong><em>est:</em></strong></span> 
     </span>
    </p>
   </div>
   <div class='ocr_carea' id='block_1_76' title="bbox 209 4466 1805 4543">
    <p class='ocr_par' dir='ltr' id='par_1_76' title="bbox 209 4466 1805 4543">
     <span class='ocr_line' id='line_1_76' title="bbox 209 4466 1805 4543; baseline 0.008 -18"><span class='ocrx_word' id='word_1_654' title='bbox 209 4468 330 4525; x_wconf 79' lang='lat' dir='ltr'><strong><em>Siue</em></strong></span> <span class='ocrx_word' id='word_1_655' title='bbox 352 4468 656 4536; x_wconf 73' lang='lat' dir='ltr'><strong><em>oli’ensions</em></strong></span> <span class='ocrx_word' id='word_1_656' title='bbox 677 4478 840 4523; x_wconf 83' lang='lat' dir='ltr'><strong><em>estote</em></strong></span> <span class='ocrx_word' id='word_1_657' title='bbox 868 4466 1103 4536; x_wconf 67' lang='lat' dir='ltr'><strong><em>Iudaeis,</em></strong></span> <span class='ocrx_word' id='word_1_658' title='bbox 1131 4480 1178 4525; x_wconf 89' lang='lat' dir='ltr'><strong><em>et</em></strong></span> <span class='ocrx_word' id='word_1_659' title='bbox 1206 4471 1439 4543; x_wconf 60' lang='lat' dir='ltr'><strong><em>Graecis,</em></strong></span> <span class='ocrx_word' id='word_1_660' title='bbox 1464 4486 1513 4532; x_wconf 83' lang='lat' dir='ltr'><strong><em>et</em></strong></span> <span class='ocrx_word' id='word_1_661' title='bbox 1551 4478 1805 4539; x_wconf 77' lang='lat' dir='ltr'><strong><em>Ecclesia:</em></strong></span> 
     </span>
    </p>
   </div>
   <div class='ocr_carea' id='block_1_77' title="bbox 209 4558 1806 4647">
    <p class='ocr_par' dir='ltr' id='par_1_77' title="bbox 209 4558 1806 4647">
     <span class='ocr_line' id='line_1_77' title="bbox 209 4558 1806 4647; baseline 0.013 -35"><span class='ocrx_word' id='word_1_662' title='bbox 209 4558 333 4615; x_wconf 81' lang='lat' dir='ltr'><strong><em>Dei:</em></strong></span> <span class='ocrx_word' id='word_1_663' title='bbox 355 4562 497 4617; x_wconf 82' lang='lat' dir='ltr'><strong><em>sicut</em></strong></span> <span class='ocrx_word' id='word_1_664' title='bbox 524 4569 575 4615; x_wconf 89' lang='lat' dir='ltr'><strong><em>et</em></strong></span> <span class='ocrx_word' id='word_1_665' title='bbox 602 4577 697 4630; x_wconf 86' lang='lat' dir='ltr'><strong><em>ego</em></strong></span> <span class='ocrx_word' id='word_1_666' title='bbox 719 4562 955 4616; x_wconf 82' lang='lat' dir='ltr'><strong><em>omnibus</em></strong></span> <span class='ocrx_word' id='word_1_667' title='bbox 979 4578 1072 4633; x_wconf 85' lang='lat' dir='ltr'><strong><em>per</em></strong></span> <span class='ocrx_word' id='word_1_668' title='bbox 1092 4567 1267 4620; x_wconf 86' lang='lat' dir='ltr'><strong><em>omnia</em></strong></span> <span class='ocrx_word' id='word_1_669' title='bbox 1293 4568 1469 4638; x_wconf 86' lang='lat' dir='ltr'><strong><em>placeo</em></strong></span> <span class='ocrx_word' id='word_1_670' title='bbox 1485 4615 1500 4639; x_wconf 91' lang='lat'><strong><em>,</em></strong></span> <span class='ocrx_word' id='word_1_671' title='bbox 1534 4586 1635 4628; x_wconf 83' lang='lat' dir='ltr'><strong><em>non</em></strong></span> <span class='ocrx_word' id='word_1_672' title='bbox 1665 4593 1806 4647; x_wconf 70' lang='lat' dir='ltr'><strong><em>quee-</em></strong></span> 
     </span>
    </p>
   </div>
   <div class='ocr_carea' id='block_1_78' title="bbox 207 4653 1804 4738">
    <p class='ocr_par' dir='ltr' id='par_1_78' title="bbox 207 4653 1804 4738">
     <span class='ocr_line' id='line_1_78' title="bbox 207 4653 1804 4738; baseline 0.011 -32"><span class='ocrx_word' id='word_1_673' title='bbox 207 4669 317 4709; x_wconf 83' lang='lat' dir='ltr'><strong><em>rens</em></strong></span> <span class='ocrx_word' id='word_1_674' title='bbox 343 4654 493 4723; x_wconf 82' lang='lat' dir='ltr'><strong><em>quod</em></strong></span> <span class='ocrx_word' id='word_1_675' title='bbox 515 4654 643 4707; x_wconf 78' lang='lat' dir='ltr'><strong><em>mihi</em></strong></span> <span class='ocrx_word' id='word_1_676' title='bbox 672 4653 803 4709; x_wconf 77' lang='lat' dir='ltr'><strong><em>utile</em></strong></span> <span class='ocrx_word' id='word_1_677' title='bbox 829 4664 925 4721; x_wconf 81' lang='lat' dir='ltr'><strong><em>est,</em></strong></span> <span class='ocrx_word' id='word_1_678' title='bbox 949 4660 1037 4711; x_wconf 76' lang='lat' dir='ltr'><strong><em>sed</em></strong></span> <span class='ocrx_word' id='word_1_679' title='bbox 1056 4658 1195 4724; x_wconf 84' lang='lat' dir='ltr'><strong><em>quod</em></strong></span> <span class='ocrx_word' id='word_1_680' title='bbox 1222 4659 1419 4732; x_wconf 81' lang='lat' dir='ltr'><strong><em>multis,</em></strong></span> <span class='ocrx_word' id='word_1_681' title='bbox 1440 4676 1494 4717; x_wconf 88' lang='lat' dir='ltr'><strong><em>ut</em></strong></span> <span class='ocrx_word' id='word_1_682' title='bbox 1521 4668 1651 4721; x_wconf 80' lang='lat' dir='ltr'><strong><em>salvi</em></strong></span> <span class='ocrx_word' id='word_1_683' title='bbox 1672 4670 1804 4738; x_wconf 78' lang='lat' dir='ltr'><strong><em>ﬁant</em></strong></span> 
     </span>
    </p>
   </div>
   <div class='ocr_carea' id='block_1_79' title="bbox 209 4746 1807 4831">
    <p class='ocr_par' dir='ltr' id='par_1_79' title="bbox 209 4746 1807 4831">
     <span class='ocr_line' id='line_1_79' title="bbox 209 4746 1807 4831; baseline 0.011 -28"><span class='ocrx_word' id='word_1_684' title='bbox 209 4747 384 4817; x_wconf 90' lang='lat' dir='ltr'><strong><em>(lCor.</em></strong></span> <span class='ocrx_word' id='word_1_685' title='bbox 415 4746 583 4816; x_wconf 69' lang='lat' dir='ltr'><strong><em>x,52,</em></strong></span> <span class='ocrx_word' id='word_1_686' title='bbox 602 4750 719 4818; x_wconf 80' lang='lat'><strong><em>55).</em></strong></span> <span class='ocrx_word' id='word_1_687' title='bbox 742 4750 1060 4821; x_wconf 84' lang='lat' dir='ltr'><strong><em>Priusquam</em></strong></span> <span class='ocrx_word' id='word_1_688' title='bbox 1081 4752 1290 4819; x_wconf 87' lang='lat' dir='ltr'><strong><em>audias,</em></strong></span> <span class='ocrx_word' id='word_1_689' title='bbox 1308 4771 1375 4810; x_wconf 88' lang='lat' dir='ltr'><strong><em>ne</em></strong></span> <span class='ocrx_word' id='word_1_690' title='bbox 1391 4757 1807 4831; x_wconf 87' lang='lat' dir='ltr'><strong><em>judicesquem-</em></strong></span> 
     </span>
    </p>
   </div>
   <div class='ocr_carea' id='block_1_80' title="bbox 206 4847 1802 4925">
    <p class='ocr_par' dir='ltr' id='par_1_80' title="bbox 206 4847 1802 4925">
     <span class='ocr_line' id='line_1_80' title="bbox 206 4847 1802 4925; baseline 0.014 -34"><span class='ocrx_word' id='word_1_691' title='bbox 206 4856 366 4911; x_wconf 79' lang='lat' dir='ltr'><strong><em>quam</em></strong></span> <span class='ocrx_word' id='word_1_692' title='bbox 404 4858 420 4895; x_wconf 87' lang='lat'><strong>:</strong></span> <span class='ocrx_word' id='word_1_693' title='bbox 455 4851 623 4913; x_wconf 86' lang='lat' dir='ltr'><strong><em>atque</em></strong></span> <span class='ocrx_word' id='word_1_694' title='bbox 650 4852 777 4898; x_wconf 87' lang='lat' dir='ltr'><strong><em>ante</em></strong></span> <span class='ocrx_word' id='word_1_695' title='bbox 804 4847 1178 4914; x_wconf 88' lang='lat' dir='ltr'><strong><em>probationem</em></strong></span> <span class='ocrx_word' id='word_1_696' title='bbox 1210 4852 1571 4907; x_wconf 79' lang='lat' dir='ltr'><strong><em>accusationis</em></strong></span> <span class='ocrx_word' id='word_1_697' title='bbox 1608 4856 1802 4925; x_wconf 67' lang='lat' dir='ltr'><strong><em>illatas,</em></strong></span> 
     </span>
    </p>
   </div>
   <div class='ocr_carea' id='block_1_81' title="bbox 211 4937 1807 5015">
    <p class='ocr_par' dir='ltr' id='par_1_81' title="bbox 211 4937 1807 5015">
     <span class='ocr_line' id='line_1_81' title="bbox 211 4937 1807 5015; baseline 0.011 -26"><span class='ocrx_word' id='word_1_698' title='bbox 211 4937 486 4993; x_wconf 82' lang='lat' dir='ltr'><strong><em>neminem</em></strong></span> <span class='ocrx_word' id='word_1_699' title='bbox 510 4951 545 4990; x_wconf 82' lang='lat' dir='ltr'><strong><em>a</em></strong></span> <span class='ocrx_word' id='word_1_700' title='bbox 562 4944 650 4992; x_wconf 87' lang='lat' dir='ltr'><strong><em>tua</em></strong></span> <span class='ocrx_word' id='word_1_701' title='bbox 674 4940 1057 4995; x_wconf 87' lang='lat' dir='ltr'><strong><em>communione</em></strong></span> <span class='ocrx_word' id='word_1_702' title='bbox 1078 4943 1545 5015; x_wconf 80' lang='lat' dir='ltr'><strong><em>suspendaszquia</em></strong></span> <span class='ocrx_word' id='word_1_703' title='bbox 1567 4963 1675 5004; x_wconf 87' lang='lat' dir='ltr'><strong><em>non</em></strong></span> <span class='ocrx_word' id='word_1_704' title='bbox 1697 4960 1807 5006; x_wconf 86' lang='lat' dir='ltr'><strong><em>sta-</em></strong></span> 
     </span>
    </p>
   </div>
   <div class='ocr_carea' id='block_1_82' title="bbox 210 5030 1807 5105">
    <p class='ocr_par' dir='ltr' id='par_1_82' title="bbox 210 5030 1807 5105">
     <span class='ocr_line' id='line_1_82' title="bbox 210 5030 1807 5105; baseline 0.008 -21"><span class='ocrx_word' id='word_1_705' title='bbox 210 5031 301 5085; x_wconf 81' lang='lat' dir='ltr'><strong><em>tim</em></strong></span> <span class='ocrx_word' id='word_1_706' title='bbox 324 5030 425 5103; x_wconf 90' lang='lat' dir='ltr'><strong><em>qui</em></strong></span> <span class='ocrx_word' id='word_1_707' title='bbox 453 5039 743 5086; x_wconf 82' lang='lat' dir='ltr'><strong><em>accusatur</em></strong></span> <span class='ocrx_word' id='word_1_708' title='bbox 764 5044 889 5085; x_wconf 81' lang='lat' dir='ltr'><strong><em>reus</em></strong></span> <span class='ocrx_word' id='word_1_709' title='bbox 904 5042 1008 5099; x_wconf 91' lang='lat' dir='ltr'><strong><em>est,</em></strong></span> <span class='ocrx_word' id='word_1_710' title='bbox 1029 5032 1125 5088; x_wconf 90' lang='lat' dir='ltr'><strong><em>sed</em></strong></span> <span class='ocrx_word' id='word_1_711' title='bbox 1146 5035 1234 5105; x_wconf 91' lang='lat' dir='ltr'><strong><em>qui</em></strong></span> <span class='ocrx_word' id='word_1_712' title='bbox 1258 5038 1603 5095; x_wconf 87' lang='lat' dir='ltr'><strong><em>convincitur</em></strong></span> <span class='ocrx_word' id='word_1_713' title='bbox 1626 5041 1807 5097; x_wconf 89' lang='lat' dir='ltr'><strong><em>crimi-</em></strong></span> 
     </span>
    </p>
   </div>
   <div class='ocr_carea' id='block_1_83' title="bbox 212 5121 1807 5197">
    <p class='ocr_par' dir='ltr' id='par_1_83' title="bbox 212 5121 1807 5197">
     <span class='ocr_line' id='line_1_83' title="bbox 212 5121 1807 5197; baseline 0.008 -20"><span class='ocrx_word' id='word_1_714' title='bbox 212 5121 533 5180; x_wconf 82' lang='lat' dir='ltr'><strong><em>nosus.Ncc</em></strong></span> <span class='ocrx_word' id='word_1_715' title='bbox 549 5123 916 5194; x_wconf 66' lang='lat' dir='ltr'><strong><em>praestandum</em></strong></span> <span class='ocrx_word' id='word_1_716' title='bbox 940 5124 1080 5181; x_wconf 87' lang='lat' dir='ltr'><strong><em>odiis</em></strong></span> <span class='ocrx_word' id='word_1_717' title='bbox 1102 5126 1437 5197; x_wconf 89' lang='lat' dir='ltr'><strong><em>singulorum</em></strong></span> <span class='ocrx_word' id='word_1_718' title='bbox 1456 5142 1560 5196; x_wconf 88' lang='lat' dir='ltr'><strong><em>est,</em></strong></span> <span class='ocrx_word' id='word_1_719' title='bbox 1579 5142 1638 5187; x_wconf 93' lang='lat' dir='ltr'><strong><em>ut</em></strong></span> <span class='ocrx_word' id='word_1_720' title='bbox 1660 5134 1807 5190; x_wconf 87' lang='lat' dir='ltr'><strong><em>inno-</em></strong></span> 
     </span>
    </p>
   </div>
   <div class='ocr_carea' id='block_1_84' title="bbox 211 5222 1807 5298">
    <p class='ocr_par' dir='ltr' id='par_1_84' title="bbox 211 5222 1807 5298">
     <span class='ocr_line' id='line_1_84' title="bbox 211 5222 1807 5298; baseline 0.003 -20"><span class='ocrx_word' id='word_1_721' title='bbox 211 5233 429 5279; x_wconf 73' lang='lat' dir='ltr'><strong><em>centum</em></strong></span> <span class='ocrx_word' id='word_1_722' title='bbox 461 5222 689 5279; x_wconf 84' lang='lat' dir='ltr'><strong><em>fratrum</em></strong></span> <span class='ocrx_word' id='word_1_723' title='bbox 714 5222 1024 5280; x_wconf 87' lang='lat' dir='ltr'><strong><em>dominetur</em></strong></span> <span class='ocrx_word' id='word_1_724' title='bbox 1051 5224 1245 5295; x_wconf 88' lang='lat' dir='ltr'><strong><em>injuria</em></strong></span> <span class='ocrx_word' id='word_1_725' title='bbox 1273 5242 1289 5281; x_wconf 92' lang='lat'><strong>:</strong></span> <span class='ocrx_word' id='word_1_726' title='bbox 1320 5228 1624 5298; x_wconf 87' lang='lat' dir='ltr'><strong><em>quinimmo</em></strong></span> <span class='ocrx_word' id='word_1_727' title='bbox 1647 5229 1807 5284; x_wconf 86' lang='lat' dir='ltr'><strong><em>timor</em></strong></span> 
     </span>
    </p>
   </div>
   <div class='ocr_carea' id='block_1_85' title="bbox 215 5315 1805 5389">
    <p class='ocr_par' dir='ltr' id='par_1_85' title="bbox 215 5315 1805 5389">
     <span class='ocr_line' id='line_1_85' title="bbox 215 5315 1805 5389; baseline 0.005 -20"><span class='ocrx_word' id='word_1_728' title='bbox 215 5315 429 5373; x_wconf 84' lang='lat' dir='ltr'><strong><em>Domini</em></strong></span> <span class='ocrx_word' id='word_1_729' title='bbox 457 5329 584 5372; x_wconf 87' lang='lat' dir='ltr'><strong><em>ante</em></strong></span> <span class='ocrx_word' id='word_1_730' title='bbox 616 5319 804 5371; x_wconf 89' lang='lat' dir='ltr'><strong><em>oculos</em></strong></span> <span class='ocrx_word' id='word_1_731' title='bbox 832 5332 1049 5389; x_wconf 88' lang='lat' dir='ltr'><strong><em>semper</em></strong></span> <span class='ocrx_word' id='word_1_732' title='bbox 1076 5328 1161 5373; x_wconf 84' lang='lat' dir='ltr'><strong><em>est</em></strong></span> <span class='ocrx_word' id='word_1_733' title='bbox 1200 5318 1476 5376; x_wconf 87' lang='lat' dir='ltr'><strong><em>habendus</em></strong></span> <span class='ocrx_word' id='word_1_734' title='bbox 1512 5339 1526 5375; x_wconf 91' lang='lat'><strong>:</strong></span> <span class='ocrx_word' id='word_1_735' title='bbox 1553 5330 1608 5377; x_wconf 91' lang='lat' dir='ltr'><strong><em>et</em></strong></span> <span class='ocrx_word' id='word_1_736' title='bbox 1633 5330 1805 5377; x_wconf 90' lang='lat' dir='ltr'><strong><em>totum</em></strong></span> 
     </span>
    </p>
   </div>
   <div class='ocr_carea' id='block_1_86' title="bbox 213 5411 1806 5485">
    <p class='ocr_par' dir='ltr' id='par_1_86' title="bbox 213 5411 1806 5485">
     <span class='ocr_line' id='line_1_86' title="bbox 213 5411 1806 5485; baseline 0.006 -20"><span class='ocrx_word' id='word_1_737' title='bbox 213 5411 353 5479; x_wconf 85' lang='lat' dir='ltr'><strong><em>quod</em></strong></span> <span class='ocrx_word' id='word_1_738' title='bbox 367 5414 568 5483; x_wconf 77' lang='lat' dir='ltr'><strong><em>agitur,</em></strong></span> <span class='ocrx_word' id='word_1_739' title='bbox 586 5411 699 5467; x_wconf 86' lang='lat' dir='ltr'><strong><em>Deo</em></strong></span> <span class='ocrx_word' id='word_1_740' title='bbox 716 5412 999 5467; x_wconf 84' lang='lat' dir='ltr'><strong><em>etChristo</em></strong></span> <span class='ocrx_word' id='word_1_741' title='bbox 1014 5414 1288 5470; x_wconf 76' lang='lat' dir='ltr'><strong><em>scissesse</em></strong></span> <span class='ocrx_word' id='word_1_742' title='bbox 1307 5417 1806 5485; x_wconf 63' lang='lat' dir='ltr'><strong><em>prrstandum.n0n</em></strong></span> 
     </span>
    </p>
   </div>
   <div class='ocr_carea' id='block_1_87' title="bbox 217 5503 1810 5576">
    <p class='ocr_par' dir='ltr' id='par_1_87' title="bbox 217 5503 1810 5576">
     <span class='ocr_line' id='line_1_87' title="bbox 217 5503 1810 5576; baseline 0.005 -19"><span class='ocrx_word' id='word_1_743' title='bbox 217 5503 474 5571; x_wconf 80' lang='lat' dir='ltr'><strong><em>tempori.</em></strong></span> <span class='ocrx_word' id='word_1_744' title='bbox 490 5503 624 5557; x_wconf 80' lang='lat' dir='ltr'><strong><em>Nam</em></strong></span> <span class='ocrx_word' id='word_1_745' title='bbox 648 5504 891 5572; x_wconf 67' lang='lat' dir='ltr'><strong><em>praeterit</em></strong></span> <span class='ocrx_word' id='word_1_746' title='bbox 907 5503 1074 5575; x_wconf 79' lang='lat' dir='ltr'><strong><em>ﬁgura</em></strong></span> <span class='ocrx_word' id='word_1_747' title='bbox 1097 5506 1255 5576; x_wconf 81' lang='lat' dir='ltr'><strong><em>hujus</em></strong></span> <span class='ocrx_word' id='word_1_748' title='bbox 1271 5507 1480 5573; x_wconf 91' lang='lat' dir='ltr'><strong><em>mundi,</em></strong></span> <span class='ocrx_word' id='word_1_749' title='bbox 1496 5518 1549 5563; x_wconf 89' lang='lat' dir='ltr'><strong><em>et</em></strong></span> <span class='ocrx_word' id='word_1_750' title='bbox 1564 5510 1675 5564; x_wconf 90' lang='lat' dir='ltr'><strong><em>Deo</em></strong></span> <span class='ocrx_word' id='word_1_751' title='bbox 1696 5524 1810 5565; x_wconf 88' lang='lat' dir='ltr'><strong><em>ma-</em></strong></span> 
     </span>
    </p>
   </div>
   <div class='ocr_carea' id='block_1_88' title="bbox 216 5594 1811 5671">
    <p class='ocr_par' dir='ltr' id='par_1_88' title="bbox 216 5594 1811 5671">
     <span class='ocr_line' id='line_1_88' title="bbox 216 5594 1811 5671; baseline 0.006 -23"><span class='ocrx_word' id='word_1_752' title='bbox 216 5594 530 5664; x_wconf 84' lang='lat' dir='ltr'><strong><em>gisobedire</em></strong></span> <span class='ocrx_word' id='word_1_753' title='bbox 546 5596 804 5651; x_wconf 79' lang='lat' dir='ltr'><strong><em>convenit</em></strong></span> <span class='ocrx_word' id='word_1_754' title='bbox 822 5613 983 5665; x_wconf 90' lang='lat' dir='ltr'><strong><em>quam</em></strong></span> <span class='ocrx_word' id='word_1_755' title='bbox 1006 5597 1334 5665; x_wconf 86' lang='lat' dir='ltr'><strong><em>hominibus,</em></strong></span> <span class='ocrx_word' id='word_1_756' title='bbox 1348 5599 1440 5671; x_wconf 89' lang='lat' dir='ltr'><strong><em>qui</em></strong></span> <span class='ocrx_word' id='word_1_757' title='bbox 1463 5602 1565 5655; x_wconf 86' lang='lat' dir='ltr'><strong><em>scit</em></strong></span> <span class='ocrx_word' id='word_1_758' title='bbox 1586 5612 1811 5669; x_wconf 63' lang='lat' dir='ltr'><strong><em>praeter-</em></strong></span> 
     </span>
    </p>
   </div>
   <div class='ocr_carea' id='block_1_89' title="bbox 220 5688 1807 5752">
    <p class='ocr_par' dir='ltr' id='par_1_89' title="bbox 220 5688 1807 5752">
     <span class='ocr_line' id='line_1_89' title="bbox 220 5688 1807 5752; baseline 0.005 -9"><span class='ocrx_word' id='word_1_759' title='bbox 220 5689 312 5752; x_wconf 80' lang='lat' dir='ltr'><strong><em>ita,</em></strong></span> <span class='ocrx_word' id='word_1_760' title='bbox 342 5700 403 5744; x_wconf 87' lang='lat' dir='ltr'><strong><em>et</em></strong></span> <span class='ocrx_word' id='word_1_761' title='bbox 422 5688 490 5745; x_wconf 86' lang='lat' dir='ltr'><strong><em>de</em></strong></span> <span class='ocrx_word' id='word_1_762' title='bbox 510 5691 704 5745; x_wconf 78' lang='lat' dir='ltr'><strong><em>futuris</em></strong></span> <span class='ocrx_word' id='word_1_763' title='bbox 726 5693 978 5745; x_wconf 67' lang='lat' dir='ltr'><strong><em>mstimat.</em></strong></span> <span class='ocrx_word' id='word_1_764' title='bbox 1002 5690 1121 5746; x_wconf 91' lang='lat' dir='ltr'><strong><em>Uno</em></strong></span> <span class='ocrx_word' id='word_1_765' title='bbox 1147 5693 1290 5748; x_wconf 90' lang='lat' dir='ltr'><strong><em>enim</em></strong></span> <span class='ocrx_word' id='word_1_766' title='bbox 1312 5708 1567 5749; x_wconf 85' lang='lat' dir='ltr'><strong><em>sermone</em></strong></span> <span class='ocrx_word' id='word_1_767' title='bbox 1591 5698 1696 5749; x_wconf 88' lang='lat' dir='ltr'><strong><em>tota</em></strong></span> <span class='ocrx_word' id='word_1_768' title='bbox 1723 5696 1807 5751; x_wconf 84' lang='lat' dir='ltr'><strong><em>lex</em></strong></span> 
     </span>
    </p>
   </div>
   <div class='ocr_carea' id='block_1_90' title="bbox 220 5784 1809 5862">
    <p class='ocr_par' dir='ltr' id='par_1_90' title="bbox 220 5784 1809 5862">
     <span class='ocr_line' id='line_1_90' title="bbox 220 5784 1809 5862; baseline 0.004 -25"><span class='ocrx_word' id='word_1_769' title='bbox 220 5784 579 5852; x_wconf 82' lang='lat' dir='ltr'><strong><em>adimpletur:</em></strong></span> <span class='ocrx_word' id='word_1_770' title='bbox 614 5784 777 5839; x_wconf 85' lang='lat' dir='ltr'><strong><em>Omne</em></strong></span> <span class='ocrx_word' id='word_1_771' title='bbox 794 5786 931 5856; x_wconf 84' lang='lat' dir='ltr'><strong><em>quod</em></strong></span> <span class='ocrx_word' id='word_1_772' title='bbox 952 5787 1043 5840; x_wconf 88' lang='lat' dir='ltr'><strong><em>tibi</em></strong></span> <span class='ocrx_word' id='word_1_773' title='bbox 1071 5786 1183 5854; x_wconf 75' lang='lat' dir='ltr'><strong><em>ﬁeri</em></strong></span> <span class='ocrx_word' id='word_1_774' title='bbox 1204 5788 1456 5851; x_wconf 85' lang='lat' dir='ltr'><strong><em>nolueris,</em></strong></span> <span class='ocrx_word' id='word_1_775' title='bbox 1484 5788 1576 5842; x_wconf 85' lang='lat' dir='ltr'><strong><em>alii</em></strong></span> <span class='ocrx_word' id='word_1_776' title='bbox 1597 5806 1662 5843; x_wconf 87' lang='lat' dir='ltr'><strong><em>ne</em></strong></span> <span class='ocrx_word' id='word_1_777' title='bbox 1681 5794 1809 5862; x_wconf 81' lang='lat' dir='ltr'><strong><em>fece-</em></strong></span> 
     </span>
    </p>
   </div>
   <div class='ocr_carea' id='block_1_91' title="bbox 222 5876 1805 5955">
    <p class='ocr_par' dir='ltr' id='par_1_91' title="bbox 222 5876 1805 5955">
     <span class='ocr_line' id='line_1_91' title="bbox 222 5876 1805 5955; baseline 0.004 -23"><span class='ocrx_word' id='word_1_778' title='bbox 222 5878 289 5932; x_wconf 82' lang='lat' dir='ltr'><strong><em>ris</em></strong></span> <span class='ocrx_word' id='word_1_779' title='bbox 307 5876 521 5949; x_wconf 77' lang='lat' dir='ltr'><strong><em>(Matth.</em></strong></span> <span class='ocrx_word' id='word_1_780' title='bbox 538 5893 631 5948; x_wconf 90' lang='lat' dir='ltr'><strong><em>vn,</em></strong></span> <span class='ocrx_word' id='word_1_781' title='bbox 652 5877 761 5951; x_wconf 75' lang='grc'><strong>12).</strong></span> <span class='ocrx_word' id='word_1_782' title='bbox 785 5877 939 5935; x_wconf 89' lang='lat' dir='ltr'><strong><em>Domi</em></strong></span> <span class='ocrx_word' id='word_1_783' title='bbox 964 5879 1009 5937; x_wconf 85' lang='lat' dir='ltr'><strong><em>si</em></strong></span> <span class='ocrx_word' id='word_1_784' title='bbox 1028 5878 1143 5936; x_wconf 83' lang='lat' dir='ltr'><strong><em>ﬁcri</em></strong></span> <span class='ocrx_word' id='word_1_785' title='bbox 1168 5890 1349 5955; x_wconf 84' lang='lat' dir='ltr'><strong><em>potest</em></strong></span> <span class='ocrx_word' id='word_1_786' title='bbox 1376 5882 1672 5955; x_wconf 87' lang='lat' dir='ltr'><strong><em>postposita</em></strong></span> <span class='ocrx_word' id='word_1_787' title='bbox 1687 5898 1805 5955; x_wconf 83' lang='lat' dir='ltr'><strong><em>per-</em></strong></span> 
     </span>
    </p>
   </div>
   <div class='ocr_carea' id='block_1_92' title="bbox 1910 3333 3501 3405">
    <p class='ocr_par' dir='ltr' id='par_1_92' title="bbox 1910 3333 3501 3405">
     <span class='ocr_line' id='line_1_92' title="bbox 1910 3333 3501 3405; baseline 0.006 -16"><span class='ocrx_word' id='word_1_788' title='bbox 1910 3333 2048 3404; x_wconf 81' lang='lat' dir='ltr'><strong><em>gelis</em></strong></span> <span class='ocrx_word' id='word_1_789' title='bbox 2071 3374 2085 3400; x_wconf 89' lang='lat'><strong><em>,</em></strong></span> <span class='ocrx_word' id='word_1_790' title='bbox 2110 3333 2162 3388; x_wconf 91' lang='lat' dir='ltr'><strong><em>iu</em></strong></span> <span class='ocrx_word' id='word_1_791' title='bbox 2187 3334 2451 3404; x_wconf 87' lang='lat' dir='ltr'><strong><em>sapientia</em></strong></span> <span class='ocrx_word' id='word_1_792' title='bbox 2472 3378 2486 3403; x_wconf 91' lang='lat'><strong><em>,</em></strong></span> <span class='ocrx_word' id='word_1_793' title='bbox 2514 3336 2565 3389; x_wconf 91' lang='lat' dir='ltr'><strong><em>iu</em></strong></span> <span class='ocrx_word' id='word_1_794' title='bbox 2594 3335 2926 3393; x_wconf 80' lang='lat' dir='ltr'><strong><em>hominibus.</em></strong></span> <span class='ocrx_word' id='word_1_795' title='bbox 2952 3340 3084 3405; x_wconf 66' lang='lat' dir='ltr'><strong><em>Quae</em></strong></span> <span class='ocrx_word' id='word_1_796' title='bbox 3106 3342 3286 3397; x_wconf 90' lang='lat' dir='ltr'><strong><em>omnia</em></strong></span> <span class='ocrx_word' id='word_1_797' title='bbox 3308 3346 3354 3399; x_wconf 91' lang='lat' dir='ltr'><strong><em>si</em></strong></span> <span class='ocrx_word' id='word_1_798' title='bbox 3377 3344 3501 3399; x_wconf 89' lang='lat' dir='ltr'><strong><em>dili-</em></strong></span> 
     </span>
    </p>
   </div>
   <div class='ocr_carea' id='block_1_93' title="bbox 1909 3431 3494 3505">
    <p class='ocr_par' dir='ltr' id='par_1_93' title="bbox 1909 3431 3494 3505">
     <span class='ocr_line' id='line_1_93' title="bbox 1909 3431 3494 3505; baseline 0.008 -21"><span class='ocrx_word' id='word_1_799' title='bbox 1909 3438 2105 3501; x_wconf 87' lang='lat' dir='ltr'><strong><em>genter</em></strong></span> <span class='ocrx_word' id='word_1_800' title='bbox 2130 3431 2394 3501; x_wconf 75' lang='lat' dir='ltr'><strong><em>aspicias,</em></strong></span> <span class='ocrx_word' id='word_1_801' title='bbox 2430 3434 2594 3488; x_wconf 89' lang='lat' dir='ltr'><strong><em>totius</em></strong></span> <span class='ocrx_word' id='word_1_802' title='bbox 2626 3434 2679 3488; x_wconf 90' lang='lat' dir='ltr'><strong><em>in</em></strong></span> <span class='ocrx_word' id='word_1_803' title='bbox 2712 3435 2795 3489; x_wconf 88' lang='lat' dir='ltr'><strong><em>bis</em></strong></span> <span class='ocrx_word' id='word_1_804' title='bbox 2821 3435 3271 3505; x_wconf 88' lang='lat' dir='ltr'><strong><em>dispositionibus</em></strong></span> <span class='ocrx_word' id='word_1_805' title='bbox 3298 3438 3494 3496; x_wconf 85' lang='lat' dir='ltr'><strong><em>Eccle-</em></strong></span> 
     </span>
    </p>
   </div>
   <div class='ocr_carea' id='block_1_94' title="bbox 1909 3524 3496 3604">
    <p class='ocr_par' dir='ltr' id='par_1_94' title="bbox 1909 3524 3496 3604">
     <span class='ocr_line' id='line_1_94' title="bbox 1909 3524 3496 3604; baseline 0.008 -25"><span class='ocrx_word' id='word_1_806' title='bbox 1909 3526 2005 3579; x_wconf 72' lang='lat' dir='ltr'><strong><em>sia:</em></strong></span> <span class='ocrx_word' id='word_1_807' title='bbox 2052 3524 2339 3580; x_wconf 69' lang='lat' dir='ltr'><strong><em>catholica:</em></strong></span> <span class='ocrx_word' id='word_1_808' title='bbox 2375 3525 2727 3583; x_wconf 87' lang='lat' dir='ltr'><strong><em>fundamenta</em></strong></span> <span class='ocrx_word' id='word_1_809' title='bbox 2780 3545 3097 3599; x_wconf 81' lang='lat' dir='ltr'><strong><em>cognosces.</em></strong></span> <span class='ocrx_word' id='word_1_810' title='bbox 3152 3533 3221 3588; x_wconf 87' lang='lat' dir='ltr'><strong><em>Et</em></strong></span> <span class='ocrx_word' id='word_1_811' title='bbox 3270 3549 3367 3604; x_wconf 89' lang='lat' dir='ltr'><strong><em>per</em></strong></span> <span class='ocrx_word' id='word_1_812' title='bbox 3396 3535 3496 3591; x_wconf 86' lang='lat' dir='ltr'><strong><em>bos</em></strong></span> 
     </span>
    </p>
   </div>
   <div class='ocr_carea' id='block_1_95' title="bbox 1908 3617 3493 3696">
    <p class='ocr_par' dir='ltr' id='par_1_95' title="bbox 1908 3617 3493 3696">
     <span class='ocr_line' id='line_1_95' title="bbox 1908 3617 3493 3696; baseline 0.008 -25"><span class='ocrx_word' id='word_1_813' title='bbox 1908 3617 2108 3688; x_wconf 82' lang='lat' dir='ltr'><strong><em>gradus</em></strong></span> <span class='ocrx_word' id='word_1_814' title='bbox 2128 3654 2143 3684; x_wconf 89' lang='lat'><strong><em>,</em></strong></span> <span class='ocrx_word' id='word_1_815' title='bbox 2181 3619 2226 3673; x_wconf 88' lang='lat' dir='ltr'><strong><em>si</em></strong></span> <span class='ocrx_word' id='word_1_816' title='bbox 2258 3620 2511 3674; x_wconf 88' lang='lat' dir='ltr'><strong><em>universa</em></strong></span> <span class='ocrx_word' id='word_1_817' title='bbox 2541 3622 2929 3679; x_wconf 72' lang='lat' dir='ltr'><strong><em>observaveris</em></strong></span> <span class='ocrx_word' id='word_1_818' title='bbox 2956 3640 3077 3694; x_wconf 72' lang='lat' dir='ltr'><strong><em>qua:</em></strong></span> <span class='ocrx_word' id='word_1_819' title='bbox 3107 3628 3311 3696; x_wconf 85' lang='lat' dir='ltr'><strong><em>scripta</em></strong></span> <span class='ocrx_word' id='word_1_820' title='bbox 3337 3638 3493 3696; x_wconf 85' lang='lat' dir='ltr'><strong><em>sunt,</em></strong></span> 
     </span>
    </p>
   </div>
   <div class='ocr_carea' id='block_1_96' title="bbox 1909 3709 3492 3786">
    <p class='ocr_par' dir='ltr' id='par_1_96' title="bbox 1909 3709 3492 3786">
     <span class='ocr_line' id='line_1_96' title="bbox 1909 3709 3492 3786; baseline 0.01 -23"><span class='ocrx_word' id='word_1_821' title='bbox 1909 3709 2052 3765; x_wconf 85' lang='lat' dir='ltr'><strong><em>Deus</em></strong></span> <span class='ocrx_word' id='word_1_822' title='bbox 2080 3711 2187 3766; x_wconf 81' lang='lat' dir='ltr'><strong><em>erit</em></strong></span> <span class='ocrx_word' id='word_1_823' title='bbox 2213 3713 2268 3767; x_wconf 91' lang='lat' dir='ltr'><strong><em>in</em></strong></span> <span class='ocrx_word' id='word_1_824' title='bbox 2297 3715 2558 3770; x_wconf 85' lang='lat' dir='ltr'><strong><em>memoria</em></strong></span> <span class='ocrx_word' id='word_1_825' title='bbox 2583 3728 2696 3786; x_wconf 84' lang='lat' dir='ltr'><strong><em>tua,</em></strong></span> <span class='ocrx_word' id='word_1_826' title='bbox 2731 3727 2788 3774; x_wconf 90' lang='lat' dir='ltr'><strong><em>ct</em></strong></span> <span class='ocrx_word' id='word_1_827' title='bbox 2807 3728 2860 3773; x_wconf 91' lang='lat' dir='ltr'><strong><em>tu</em></strong></span> <span class='ocrx_word' id='word_1_828' title='bbox 2890 3720 2944 3774; x_wconf 88' lang='lat' dir='ltr'><strong><em>in</em></strong></span> <span class='ocrx_word' id='word_1_829' title='bbox 2971 3718 3191 3775; x_wconf 88' lang='lat' dir='ltr'><strong><em>domum</em></strong></span> <span class='ocrx_word' id='word_1_830' title='bbox 3231 3730 3374 3776; x_wconf 90' lang='lat' dir='ltr'><strong><em>tuam</em></strong></span> <span class='ocrx_word' id='word_1_831' title='bbox 3404 3739 3492 3785; x_wconf 74' lang='lat' dir='ltr'><strong><em>re-</em></strong></span> 
     </span>
    </p>
   </div>
   <div class='ocr_carea' id='block_1_97' title="bbox 1907 3804 2160 3859">
    <p class='ocr_par' dir='ltr' id='par_1_97' title="bbox 1907 3804 2160 3859">
     <span class='ocr_line' id='line_1_97' title="bbox 1907 3804 2160 3859; baseline 0.004 -3"><span class='ocrx_word' id='word_1_832' title='bbox 1907 3804 2160 3859; x_wconf 86' lang='lat' dir='ltr'><strong><em>verteris.</em></strong></span> 
     </span>
    </p>
   </div>
   <div class='ocr_carea' id='block_1_98' title="bbox 1978 3912 3492 3987">
    <p class='ocr_par' dir='ltr' id='par_1_98' title="bbox 1978 3912 3492 3987">
     <span class='ocr_line' id='line_1_98' title="bbox 1978 3912 3492 3987; baseline 0.003 -17"><span class='ocrx_word' id='word_1_833' title='bbox 1978 3914 2019 3970; x_wconf 87' lang='grc' dir='ltr'><strong>Ι.</strong></span> <span class='ocrx_word' id='word_1_834' title='bbox 2060 3914 2139 3969; x_wconf 87' lang='lat' dir='ltr'><strong><em>De</em></strong></span> <span class='ocrx_word' id='word_1_835' title='bbox 2165 3918 2331 3985; x_wconf 84' lang='lat' dir='ltr'><strong><em>primo</em></strong></span> <span class='ocrx_word' id='word_1_836' title='bbox 2357 3914 2524 3987; x_wconf 80' lang='lat' dir='ltr'><strong><em>gradu</em></strong></span> <span class='ocrx_word' id='word_1_837' title='bbox 2549 3912 2817 3980; x_wconf 66' lang='lat' dir='ltr'><strong><em>Ecclesia’,</em></strong></span> <span class='ocrx_word' id='word_1_838' title='bbox 2849 3916 2934 3985; x_wconf 87' lang='lat' dir='ltr'><strong><em>qui</em></strong></span> <span class='ocrx_word' id='word_1_839' title='bbox 2963 3913 3329 3973; x_wconf 79' lang='lat' dir='ltr'><strong><em>Fossariorum</em></strong></span> <span class='ocrx_word' id='word_1_840' title='bbox 3362 3920 3492 3975; x_wconf 87' lang='lat' dir='ltr'><strong><em>ordo</em></strong></span> 
     </span>
    </p>
   </div>
   <div class='ocr_carea' id='block_1_99' title="bbox 1905 4006 3491 4077">
    <p class='ocr_par' dir='ltr' id='par_1_99' title="bbox 1905 4006 3491 4077">
     <span class='ocr_line' id='line_1_99' title="bbox 1905 4006 3491 4077; baseline 0.001 -10"><span class='ocrx_word' id='word_1_841' title='bbox 1905 4021 1999 4067; x_wconf 84' lang='lat' dir='ltr'><strong><em>est.</em></strong></span> <span class='ocrx_word' id='word_1_842' title='bbox 2049 4010 2261 4063; x_wconf 86' lang='lat' dir='ltr'><strong><em>Primus</em></strong></span> <span class='ocrx_word' id='word_1_843' title='bbox 2290 4008 2451 4077; x_wconf 81' lang='lat' dir='ltr'><strong><em>igitur</em></strong></span> <span class='ocrx_word' id='word_1_844' title='bbox 2495 4009 2547 4061; x_wconf 90' lang='lat' dir='ltr'><strong><em>in</em></strong></span> <span class='ocrx_word' id='word_1_845' title='bbox 2576 4007 2793 4063; x_wconf 89' lang='lat' dir='ltr'><strong><em>clericis</em></strong></span> <span class='ocrx_word' id='word_1_846' title='bbox 2821 4006 3177 4064; x_wconf 74' lang='lat' dir='ltr'><strong><em>fossariorum</em></strong></span> <span class='ocrx_word' id='word_1_847' title='bbox 3208 4011 3343 4066; x_wconf 87' lang='lat' dir='ltr'><strong><em>ordo</em></strong></span> <span class='ocrx_word' id='word_1_848' title='bbox 3372 4018 3453 4068; x_wconf 86' lang='lat' dir='ltr'><strong><em>est</em></strong></span> <span class='ocrx_word' id='word_1_849' title='bbox 3477 4032 3491 4070; x_wconf 92' lang='lat'>:</span> 
     </span>
    </p>
   </div>
   <div class='ocr_carea' id='block_1_100' title="bbox 1906 4101 3493 4175">
    <p class='ocr_par' dir='ltr' id='par_1_100' title="bbox 1906 4101 3493 4175">
     <span class='ocr_line' id='line_1_100' title="bbox 1906 4101 3493 4175; baseline 0.004 -17"><span class='ocrx_word' id='word_1_850' title='bbox 1906 4105 1995 4175; x_wconf 92' lang='lat' dir='ltr'><strong><em>qui</em></strong></span> <span class='ocrx_word' id='word_1_851' title='bbox 2027 4104 2078 4157; x_wconf 90' lang='lat' dir='ltr'><strong><em>in</em></strong></span> <span class='ocrx_word' id='word_1_852' title='bbox 2108 4103 2515 4157; x_wconf 88' lang='lat' dir='ltr'><strong><em>similitudinem</em></strong></span> <span class='ocrx_word' id='word_1_853' title='bbox 2541 4101 2723 4157; x_wconf 66' lang='lat' dir='ltr'><strong><em>Tobias</em></strong></span> <span class='ocrx_word' id='word_1_854' title='bbox 2752 4103 2959 4169; x_wconf 81' lang='lat' dir='ltr'><strong><em>sancti,</em></strong></span> <span class='ocrx_word' id='word_1_855' title='bbox 2983 4104 3217 4174; x_wconf 84' lang='lat' dir='ltr'><strong><em>sepelire</em></strong></span> <span class='ocrx_word' id='word_1_856' title='bbox 3246 4117 3493 4165; x_wconf 80' lang='lat' dir='ltr'><strong><em>mortuos</em></strong></span> 
     </span>
    </p>
   </div>
   <div class='ocr_carea' id='block_1_101' title="bbox 1906 4194 3495 4261">
    <p class='ocr_par' dir='ltr' id='par_1_101' title="bbox 1906 4194 3495 4261">
     <span class='ocr_line' id='line_1_101' title="bbox 1906 4194 3495 4261; baseline 0.001 -9"><span class='ocrx_word' id='word_1_857' title='bbox 1906 4197 2305 4261; x_wconf 83' lang='lat' dir='ltr'><strong><em>admonentur,</em></strong></span> <span class='ocrx_word' id='word_1_858' title='bbox 2360 4202 2417 4248; x_wconf 88' lang='lat' dir='ltr'><strong><em>ut</em></strong></span> <span class='ocrx_word' id='word_1_859' title='bbox 2467 4194 2787 4249; x_wconf 78' lang='lat' dir='ltr'><strong><em>exhibentes</em></strong></span> <span class='ocrx_word' id='word_1_860' title='bbox 2832 4195 3126 4251; x_wconf 84' lang='lat' dir='ltr'><strong><em>visibilium</em></strong></span> <span class='ocrx_word' id='word_1_861' title='bbox 3173 4212 3354 4254; x_wconf 90' lang='lat' dir='ltr'><strong><em>rerum</em></strong></span> <span class='ocrx_word' id='word_1_862' title='bbox 3395 4214 3495 4256; x_wconf 90' lang='lat' dir='ltr'><strong><em>cu-</em></strong></span> 
     </span>
    </p>
   </div>
   <div class='ocr_carea' id='block_1_102' title="bbox 1908 4286 3493 4355">
    <p class='ocr_par' dir='ltr' id='par_1_102' title="bbox 1908 4286 3493 4355">
     <span class='ocr_line' id='line_1_102' title="bbox 1908 4286 3493 4355; baseline 0.003 -10"><span class='ocrx_word' id='word_1_863' title='bbox 1908 4304 2024 4346; x_wconf 86' lang='lat' dir='ltr'><strong><em>ram</em></strong></span> <span class='ocrx_word' id='word_1_864' title='bbox 2051 4328 2068 4355; x_wconf 90' lang='lat'><strong><em>,</em></strong></span> <span class='ocrx_word' id='word_1_865' title='bbox 2109 4287 2177 4342; x_wconf 87' lang='lat' dir='ltr'><strong><em>ad</em></strong></span> <span class='ocrx_word' id='word_1_866' title='bbox 2219 4287 2568 4341; x_wconf 87' lang='lat' dir='ltr'><strong><em>iuvisihilium</em></strong></span> <span class='ocrx_word' id='word_1_867' title='bbox 2601 4286 2896 4343; x_wconf 87' lang='lat' dir='ltr'><strong><em>festinent:</em></strong></span> <span class='ocrx_word' id='word_1_868' title='bbox 2940 4299 2993 4343; x_wconf 92' lang='lat' dir='ltr'><strong><em>et</em></strong></span> <span class='ocrx_word' id='word_1_869' title='bbox 3037 4293 3493 4349; x_wconf 80' lang='lat' dir='ltr'><strong><em>resurrectionem</em></strong></span> 
     </span>
    </p>
   </div>
   <div class='ocr_carea' id='block_1_103' title="bbox 1907 4381 3492 4457">
    <p class='ocr_par' dir='ltr' id='par_1_103' title="bbox 1907 4381 3492 4457">
     <span class='ocr_line' id='line_1_103' title="bbox 1907 4381 3492 4457; baseline 0.001 -16"><span class='ocrx_word' id='word_1_870' title='bbox 1907 4383 2085 4441; x_wconf 85' lang='lat' dir='ltr'><strong><em>carnis</em></strong></span> <span class='ocrx_word' id='word_1_871' title='bbox 2116 4382 2407 4438; x_wconf 86' lang='lat' dir='ltr'><strong><em>credentes</em></strong></span> <span class='ocrx_word' id='word_1_872' title='bbox 2458 4383 2509 4437; x_wconf 91' lang='lat' dir='ltr'><strong><em>in</em></strong></span> <span class='ocrx_word' id='word_1_873' title='bbox 2555 4381 2806 4446; x_wconf 90' lang='lat' dir='ltr'><strong><em>Domino,</em></strong></span> <span class='ocrx_word' id='word_1_874' title='bbox 2854 4391 3027 4437; x_wconf 88' lang='lat' dir='ltr'><strong><em>totum</em></strong></span> <span class='ocrx_word' id='word_1_875' title='bbox 3072 4385 3216 4455; x_wconf 87' lang='lat' dir='ltr'><strong><em>quod</em></strong></span> <span class='ocrx_word' id='word_1_876' title='bbox 3265 4384 3492 4457; x_wconf 82' lang='lat' dir='ltr'><strong><em>iaciunt,</em></strong></span> 
     </span>
    </p>
   </div>
   <div class='ocr_carea' id='block_1_104' title="bbox 1913 4473 3495 4546">
    <p class='ocr_par' dir='ltr' id='par_1_104' title="bbox 1913 4473 3495 4546">
     <span class='ocr_line' id='line_1_104' title="bbox 1913 4473 3495 4546; baseline 0.003 -15"><span class='ocrx_word' id='word_1_877' title='bbox 1913 4477 2107 4531; x_wconf 87' lang='lat' dir='ltr'><strong><em>Deose</em></strong></span> <span class='ocrx_word' id='word_1_878' title='bbox 2157 4486 2444 4544; x_wconf 68' lang='lat' dir='ltr'><strong><em>prmsure,</em></strong></span> <span class='ocrx_word' id='word_1_879' title='bbox 2497 4488 2604 4529; x_wconf 90' lang='lat' dir='ltr'><strong><em>non</em></strong></span> <span class='ocrx_word' id='word_1_880' title='bbox 2649 4473 2881 4529; x_wconf 87' lang='lat' dir='ltr'><strong><em>mortuis</em></strong></span> <span class='ocrx_word' id='word_1_881' title='bbox 2929 4487 3283 4546; x_wconf 79' lang='lat' dir='ltr'><strong><em>cognoscant.</em></strong></span> <span class='ocrx_word' id='word_1_882' title='bbox 3330 4480 3495 4535; x_wconf 85' lang='lat' dir='ltr'><strong><em>Tales</em></strong></span> 
     </span>
    </p>
   </div>
   <div class='ocr_carea' id='block_1_105' title="bbox 1911 4565 3496 4639">
    <p class='ocr_par' dir='ltr' id='par_1_105' title="bbox 1911 4565 3496 4639">
     <span class='ocr_line' id='line_1_105' title="bbox 1911 4565 3496 4639; baseline 0.004 -16"><span class='ocrx_word' id='word_1_883' title='bbox 1911 4583 2042 4639; x_wconf 83' lang='lat' dir='ltr'><strong><em>ergo</em></strong></span> <span class='ocrx_word' id='word_1_884' title='bbox 2072 4569 2334 4622; x_wconf 87' lang='lat' dir='ltr'><strong><em>fossarios</em></strong></span> <span class='ocrx_word' id='word_1_885' title='bbox 2354 4582 2479 4622; x_wconf 85' lang='lat' dir='ltr'><strong><em>esse</em></strong></span> <span class='ocrx_word' id='word_1_886' title='bbox 2501 4565 2762 4621; x_wconf 63' lang='lat' dir='ltr'><strong><em>Ecclesiae</em></strong></span> <span class='ocrx_word' id='word_1_887' title='bbox 2780 4569 3065 4636; x_wconf 87' lang='lat' dir='ltr'><strong><em>convenit,</em></strong></span> <span class='ocrx_word' id='word_1_888' title='bbox 3095 4571 3273 4639; x_wconf 85' lang='lat' dir='ltr'><strong><em>qualis</em></strong></span> <span class='ocrx_word' id='word_1_889' title='bbox 3299 4571 3496 4629; x_wconf 83' lang='lat' dir='ltr'><strong><em>Tobias</em></strong></span> 
     </span>
    </p>
   </div>
   <div class='ocr_carea' id='block_1_106' title="bbox 1911 4657 3498 4732">
    <p class='ocr_par' dir='ltr' id='par_1_106' title="bbox 1911 4657 3498 4732">
     <span class='ocr_line' id='line_1_106' title="bbox 1911 4657 3498 4732; baseline 0.003 -18"><span class='ocrx_word' id='word_1_890' title='bbox 1911 4660 2172 4732; x_wconf 83' lang='lat' dir='ltr'><strong><em>propheta</em></strong></span> <span class='ocrx_word' id='word_1_891' title='bbox 2204 4658 2304 4713; x_wconf 88' lang='lat' dir='ltr'><strong><em>fuit</em></strong></span> <span class='ocrx_word' id='word_1_892' title='bbox 2326 4676 2339 4713; x_wconf 90' lang='lat'>:</span> <span class='ocrx_word' id='word_1_893' title='bbox 2370 4658 2489 4727; x_wconf 87' lang='lat' dir='ltr'><strong><em>ejus</em></strong></span> <span class='ocrx_word' id='word_1_894' title='bbox 2514 4657 2659 4723; x_wconf 84' lang='lat' dir='ltr'><strong><em>ﬁdei,</em></strong></span> <span class='ocrx_word' id='word_1_895' title='bbox 2681 4658 2799 4729; x_wconf 85' lang='lat' dir='ltr'><strong><em>ejus</em></strong></span> <span class='ocrx_word' id='word_1_896' title='bbox 2823 4660 3148 4726; x_wconf 85' lang='lat' dir='ltr'><strong><em>sanctitatis,</em></strong></span> <span class='ocrx_word' id='word_1_897' title='bbox 3172 4664 3291 4732; x_wconf 84' lang='lat' dir='ltr'><strong><em>ejus</em></strong></span> <span class='ocrx_word' id='word_1_898' title='bbox 3318 4663 3498 4719; x_wconf 86' lang='lat' dir='ltr'><strong><em>scien-</em></strong></span> 
     </span>
    </p>
   </div>
   <div class='ocr_carea' id='block_1_107' title="bbox 1912 4750 3495 4821">
    <p class='ocr_par' dir='ltr' id='par_1_107' title="bbox 1912 4750 3495 4821">
     <span class='ocr_line' id='line_1_107' title="bbox 1912 4750 3495 4821; baseline 0.002 -14"><span class='ocrx_word' id='word_1_899' title='bbox 1912 4754 2001 4807; x_wconf 72' lang='lat' dir='ltr'><strong><em>tim</em></strong></span> <span class='ocrx_word' id='word_1_900' title='bbox 2026 4761 2188 4821; x_wconf 86' lang='lat' dir='ltr'><strong><em>atque</em></strong></span> <span class='ocrx_word' id='word_1_901' title='bbox 2218 4752 2450 4805; x_wconf 88' lang='lat' dir='ltr'><strong><em>virtutis.</em></strong></span> <span class='ocrx_word' id='word_1_902' title='bbox 2483 4750 2601 4805; x_wconf 82' lang='lat' dir='ltr'><strong><em>Non</em></strong></span> <span class='ocrx_word' id='word_1_903' title='bbox 2630 4764 2763 4820; x_wconf 88' lang='lat' dir='ltr'><strong><em>ergo</em></strong></span> <span class='ocrx_word' id='word_1_904' title='bbox 2796 4760 2953 4820; x_wconf 86' lang='lat' dir='ltr'><strong><em>putes</em></strong></span> <span class='ocrx_word' id='word_1_905' title='bbox 2978 4767 3201 4821; x_wconf 88' lang='lat' dir='ltr'><strong><em>parvum</em></strong></span> <span class='ocrx_word' id='word_1_906' title='bbox 3232 4768 3357 4811; x_wconf 82' lang='lat' dir='ltr'><strong><em>esse</em></strong></span> <span class='ocrx_word' id='word_1_907' title='bbox 3376 4754 3495 4810; x_wconf 83' lang='lat' dir='ltr'><strong><em>offi-</em></strong></span> 
     </span>
    </p>
   </div>
   <div class='ocr_carea' id='block_1_108' title="bbox 1909 4845 3495 4909">
    <p class='ocr_par' dir='ltr' id='par_1_108' title="bbox 1909 4845 3495 4909">
     <span class='ocr_line' id='line_1_108' title="bbox 1909 4845 3495 4909; baseline 0.003 -7"><span class='ocrx_word' id='word_1_908' title='bbox 1909 4847 2047 4902; x_wconf 89' lang='lat' dir='ltr'><strong><em>cium</em></strong></span> <span class='ocrx_word' id='word_1_909' title='bbox 2084 4846 2459 4909; x_wconf 87' lang='lat' dir='ltr'><strong><em>fossariorum,</em></strong></span> <span class='ocrx_word' id='word_1_910' title='bbox 2497 4854 2592 4900; x_wconf 84' lang='lat' dir='ltr'><strong><em>aut</em></strong></span> <span class='ocrx_word' id='word_1_911' title='bbox 2618 4845 2761 4900; x_wconf 90' lang='lat' dir='ltr'><strong><em>sicut</em></strong></span> <span class='ocrx_word' id='word_1_912' title='bbox 2782 4847 2969 4901; x_wconf 71' lang='lat' dir='ltr'><strong><em>caueri</em></strong></span> <span class='ocrx_word' id='word_1_913' title='bbox 2995 4849 3311 4905; x_wconf 88' lang='lat' dir='ltr'><strong><em>sacerdotes</em></strong></span> <span class='ocrx_word' id='word_1_914' title='bbox 3336 4850 3389 4906; x_wconf 90' lang='lat' dir='ltr'><strong><em>in</em></strong></span> <span class='ocrx_word' id='word_1_915' title='bbox 3419 4850 3495 4906; x_wconf 86' lang='lat' dir='ltr'><strong><em>fa-</em></strong></span> 
     </span>
    </p>
   </div>
   <div class='ocr_carea' id='block_1_109' title="bbox 1912 4938 3501 5011">
    <p class='ocr_par' dir='ltr' id='par_1_109' title="bbox 1912 4938 3501 5011">
     <span class='ocr_line' id='line_1_109' title="bbox 1912 4938 3501 5011; baseline 0.003 -16"><span class='ocrx_word' id='word_1_916' title='bbox 1912 4940 2072 4995; x_wconf 91' lang='lat' dir='ltr'><strong><em>mulis</em></strong></span> <span class='ocrx_word' id='word_1_917' title='bbox 2103 4938 2199 4994; x_wconf 92' lang='lat' dir='ltr'><strong><em>Dei</em></strong></span> <span class='ocrx_word' id='word_1_918' title='bbox 2243 4938 2517 5009; x_wconf 85' lang='lat' dir='ltr'><strong><em>despicias</em></strong></span> <span class='ocrx_word' id='word_1_919' title='bbox 2548 4949 2972 5008; x_wconf 78' lang='lat' dir='ltr'><strong><em>s:ieramentum,</em></strong></span> <span class='ocrx_word' id='word_1_920' title='bbox 3016 4956 3082 4996; x_wconf 91' lang='lat' dir='ltr'><strong><em>ac</em></strong></span> <span class='ocrx_word' id='word_1_921' title='bbox 3112 4941 3229 5011; x_wconf 82' lang='lat' dir='ltr'><strong><em>plus</em></strong></span> <span class='ocrx_word' id='word_1_922' title='bbox 3252 4941 3501 5000; x_wconf 85' lang='lat' dir='ltr'><strong><em>diverso-</em></strong></span> 
     </span>
    </p>
   </div>
   <div class='ocr_carea' id='block_1_110' title="bbox 1909 5032 3499 5105">
    <p class='ocr_par' dir='ltr' id='par_1_110' title="bbox 1909 5032 3499 5105">
     <span class='ocr_line' id='line_1_110' title="bbox 1909 5032 3499 5105; baseline 0.003 -17"><span class='ocrx_word' id='word_1_923' title='bbox 1909 5048 2027 5088; x_wconf 90' lang='lat' dir='ltr'><strong><em>rum</em></strong></span> <span class='ocrx_word' id='word_1_924' title='bbox 2084 5033 2256 5087; x_wconf 85' lang='lat' dir='ltr'><strong><em>scrvis</em></strong></span> <span class='ocrx_word' id='word_1_925' title='bbox 2302 5033 2517 5088; x_wconf 78' lang='lat' dir='ltr'><strong><em>deferas</em></strong></span> <span class='ocrx_word' id='word_1_926' title='bbox 2567 5032 2653 5089; x_wconf 88' lang='lat' dir='ltr'><strong><em>vel</em></strong></span> <span class='ocrx_word' id='word_1_927' title='bbox 2705 5034 2936 5102; x_wconf 88' lang='lat' dir='ltr'><strong><em>amicis,</em></strong></span> <span class='ocrx_word' id='word_1_928' title='bbox 2989 5050 3153 5105; x_wconf 89' lang='lat' dir='ltr'><strong><em>quam</em></strong></span> <span class='ocrx_word' id='word_1_929' title='bbox 3196 5035 3395 5092; x_wconf 87' lang='lat' dir='ltr'><strong><em>Christi</em></strong></span> <span class='ocrx_word' id='word_1_930' title='bbox 3445 5037 3499 5093; x_wconf 92' lang='lat' dir='ltr'><strong><em>in</em></strong></span> 
     </span>
    </p>
   </div>
   <div class='ocr_carea' id='block_1_111' title="bbox 1912 5125 3492 5198">
    <p class='ocr_par' dir='ltr' id='par_1_111' title="bbox 1912 5125 3492 5198">
     <span class='ocr_line' id='line_1_111' title="bbox 1912 5125 3492 5198; baseline 0.007 -19"><span class='ocrx_word' id='word_1_931' title='bbox 1912 5126 2133 5197; x_wconf 85' lang='lat' dir='ltr'><strong><em>templo,</em></strong></span> <span class='ocrx_word' id='word_1_932' title='bbox 2164 5142 2286 5180; x_wconf 90' lang='lat' dir='ltr'><strong><em>cum</em></strong></span> <span class='ocrx_word' id='word_1_933' title='bbox 2335 5140 2523 5197; x_wconf 91' lang='lat' dir='ltr'><strong><em>preces</em></strong></span> <span class='ocrx_word' id='word_1_934' title='bbox 2552 5125 2758 5193; x_wconf 82' lang='lat' dir='ltr'><strong><em>fundis,</em></strong></span> <span class='ocrx_word' id='word_1_935' title='bbox 2801 5128 2955 5198; x_wconf 89' lang='lat' dir='ltr'><strong><em>cujus</em></strong></span> <span class='ocrx_word' id='word_1_936' title='bbox 2979 5130 3223 5185; x_wconf 90' lang='lat' dir='ltr'><strong><em>membra</em></strong></span> <span class='ocrx_word' id='word_1_937' title='bbox 3256 5147 3492 5189; x_wconf 85' lang='lat' dir='ltr'><strong><em>venera-</em></strong></span> 
     </span>
    </p>
   </div>
   <div class='ocr_carea' id='block_1_112' title="bbox 1864 5223 3501 5296">
    <p class='ocr_par' dir='ltr' id='par_1_112' title="bbox 1864 5223 3501 5296">
     <span class='ocr_line' id='line_1_112' title="bbox 1864 5223 3501 5296; baseline 0 -15"><span class='ocrx_word' id='word_1_938' title='bbox 1864 5274 1870 5281; x_wconf 92' lang='lat'><strong><em>.</em></strong></span> <span class='ocrx_word' id='word_1_939' title='bbox 1911 5225 2008 5292; x_wconf 90' lang='lat' dir='ltr'><strong><em>ris,</em></strong></span> <span class='ocrx_word' id='word_1_940' title='bbox 2057 5240 2181 5280; x_wconf 92' lang='lat' dir='ltr'><strong><em>cum</em></strong></span> <span class='ocrx_word' id='word_1_941' title='bbox 2226 5225 2477 5280; x_wconf 86' lang='lat' dir='ltr'><strong><em>omnibus</em></strong></span> <span class='ocrx_word' id='word_1_942' title='bbox 2507 5223 2835 5296; x_wconf 89' lang='lat' dir='ltr'><strong><em>participare</em></strong></span> <span class='ocrx_word' id='word_1_943' title='bbox 2866 5232 2919 5279; x_wconf 91' lang='lat' dir='ltr'><strong><em>te</em></strong></span> <span class='ocrx_word' id='word_1_944' title='bbox 2948 5227 3228 5296; x_wconf 86' lang='lat' dir='ltr'><strong><em>convenit,</em></strong></span> <span class='ocrx_word' id='word_1_945' title='bbox 3272 5244 3379 5283; x_wconf 86' lang='lat' dir='ltr'><strong><em>non</em></strong></span> <span class='ocrx_word' id='word_1_946' title='bbox 3410 5242 3501 5281; x_wconf 89' lang='lat' dir='ltr'><strong><em>so-</em></strong></span> 
     </span>
    </p>
   </div>
   <div class='ocr_carea' id='block_1_113' title="bbox 1911 5316 3499 5385">
    <p class='ocr_par' dir='ltr' id='par_1_113' title="bbox 1911 5316 3499 5385">
     <span class='ocr_line' id='line_1_113' title="bbox 1911 5316 3499 5385; baseline 0.001 -14"><span class='ocrx_word' id='word_1_947' title='bbox 1911 5317 2019 5371; x_wconf 88' lang='lat' dir='ltr'><strong><em>lum</em></strong></span> <span class='ocrx_word' id='word_1_948' title='bbox 2052 5320 2103 5371; x_wconf 90' lang='lat' dir='ltr'><strong><em>in</em></strong></span> <span class='ocrx_word' id='word_1_949' title='bbox 2132 5316 2313 5383; x_wconf 86' lang='lat' dir='ltr'><strong><em>altari,</em></strong></span> <span class='ocrx_word' id='word_1_950' title='bbox 2342 5317 2436 5373; x_wconf 91' lang='lat' dir='ltr'><strong><em>sed</em></strong></span> <span class='ocrx_word' id='word_1_951' title='bbox 2472 5328 2526 5374; x_wconf 89' lang='lat' dir='ltr'><strong><em>et</em></strong></span> <span class='ocrx_word' id='word_1_952' title='bbox 2553 5317 2721 5385; x_wconf 88' lang='lat' dir='ltr'><strong><em>domi,</em></strong></span> <span class='ocrx_word' id='word_1_953' title='bbox 2762 5333 2883 5372; x_wconf 93' lang='lat' dir='ltr'><strong><em>cum</em></strong></span> <span class='ocrx_word' id='word_1_954' title='bbox 2916 5319 3168 5374; x_wconf 89' lang='lat' dir='ltr'><strong><em>omnibus</em></strong></span> <span class='ocrx_word' id='word_1_955' title='bbox 3204 5334 3325 5376; x_wconf 89' lang='lat' dir='ltr'><strong><em>esse</em></strong></span> <span class='ocrx_word' id='word_1_956' title='bbox 3370 5336 3499 5374; x_wconf 85' lang='lat' dir='ltr'><strong><em>con-</em></strong></span> 
     </span>
    </p>
   </div>
   <div class='ocr_carea' id='block_1_114' title="bbox 1913 5410 3501 5483">
    <p class='ocr_par' dir='ltr' id='par_1_114' title="bbox 1913 5410 3501 5483">
     <span class='ocr_line' id='line_1_114' title="bbox 1913 5410 3501 5483; baseline 0.002 -18"><span class='ocrx_word' id='word_1_957' title='bbox 1913 5413 2108 5476; x_wconf 88' lang='lat' dir='ltr'><strong><em>vivam,</em></strong></span> <span class='ocrx_word' id='word_1_958' title='bbox 2150 5424 2313 5482; x_wconf 89' lang='lat' dir='ltr'><strong><em>atque</em></strong></span> <span class='ocrx_word' id='word_1_959' title='bbox 2361 5412 2503 5467; x_wconf 90' lang='lat' dir='ltr'><strong><em>inter</em></strong></span> <span class='ocrx_word' id='word_1_960' title='bbox 2542 5410 2871 5466; x_wconf 88' lang='lat' dir='ltr'><strong><em>domesticos</em></strong></span> <span class='ocrx_word' id='word_1_961' title='bbox 2915 5413 3149 5483; x_wconf 79' lang='lat' dir='ltr'><strong><em>parietes</em></strong></span> <span class='ocrx_word' id='word_1_962' title='bbox 3181 5413 3501 5483; x_wconf 82' lang='lat' dir='ltr'><strong><em>simpliciter</em></strong></span> 
     </span>
    </p>
   </div>
   <div class='ocr_carea' id='block_1_115' title="bbox 1912 5504 3497 5577">
    <p class='ocr_par' dir='ltr' id='par_1_115' title="bbox 1912 5504 3497 5577">
     <span class='ocr_line' id='line_1_115' title="bbox 1912 5504 3497 5577; baseline 0 -16"><span class='ocrx_word' id='word_1_963' title='bbox 1912 5506 2178 5561; x_wconf 90' lang='lat' dir='ltr'><strong><em>residere.</em></strong></span> <span class='ocrx_word' id='word_1_964' title='bbox 2211 5506 2269 5563; x_wconf 91' lang='lat' dir='ltr'><strong><em>Si</em></strong></span> <span class='ocrx_word' id='word_1_965' title='bbox 2321 5521 2473 5561; x_wconf 88' lang='lat' dir='ltr'><strong><em>amas</em></strong></span> <span class='ocrx_word' id='word_1_966' title='bbox 2520 5504 2745 5561; x_wconf 88' lang='lat' dir='ltr'><strong><em>Tobiam</em></strong></span> <span class='ocrx_word' id='word_1_967' title='bbox 2795 5505 3139 5577; x_wconf 85' lang='lat' dir='ltr'><strong><em>pr0pltetam,</em></strong></span> <span class='ocrx_word' id='word_1_968' title='bbox 3184 5515 3239 5561; x_wconf 87' lang='lat' dir='ltr'><strong><em>ct</em></strong></span> <span class='ocrx_word' id='word_1_969' title='bbox 3284 5511 3327 5559; x_wconf 89' lang='lat' dir='ltr'><strong><em>si</em></strong></span> <span class='ocrx_word' id='word_1_970' title='bbox 3380 5505 3497 5575; x_wconf 86' lang='lat' dir='ltr'><strong><em>ejus</em></strong></span> 
     </span>
    </p>
   </div>
   <div class='ocr_carea' id='block_1_116' title="bbox 1912 5597 3497 5670">
    <p class='ocr_par' dir='ltr' id='par_1_116' title="bbox 1912 5597 3497 5670">
     <span class='ocr_line' id='line_1_116' title="bbox 1912 5597 3497 5670; baseline 0.001 -17"><span class='ocrx_word' id='word_1_971' title='bbox 1912 5598 2141 5653; x_wconf 85' lang='lat' dir='ltr'><strong><em>imitaris</em></strong></span> <span class='ocrx_word' id='word_1_972' title='bbox 2169 5599 2500 5669; x_wconf 82' lang='lat' dir='ltr'><strong><em>exemplum,</em></strong></span> <span class='ocrx_word' id='word_1_973' title='bbox 2555 5597 2602 5651; x_wconf 91' lang='lat' dir='ltr'><strong><em>si</em></strong></span> <span class='ocrx_word' id='word_1_974' title='bbox 2651 5598 2848 5667; x_wconf 84' lang='lat' dir='ltr'><strong><em>imples</em></strong></span> <span class='ocrx_word' id='word_1_975' title='bbox 2891 5598 3035 5670; x_wconf 86' lang='lat' dir='ltr'><strong><em>quod</em></strong></span> <span class='ocrx_word' id='word_1_976' title='bbox 3067 5598 3332 5667; x_wconf 79' lang='lat' dir='ltr'><strong><em>scriptum</em></strong></span> <span class='ocrx_word' id='word_1_977' title='bbox 3367 5609 3452 5653; x_wconf 85' lang='lat' dir='ltr'><strong><em>est</em></strong></span> <span class='ocrx_word' id='word_1_978' title='bbox 3482 5617 3497 5654; x_wconf 91' lang='lat'><strong>:</strong></span> 
     </span>
    </p>
   </div>
   <div class='ocr_carea' id='block_1_117' title="bbox 1917 5689 3500 5761">
    <p class='ocr_par' dir='ltr' id='par_1_117' title="bbox 1917 5689 3500 5761">
     <span class='ocr_line' id='line_1_117' title="bbox 1917 5689 3500 5761; baseline 0.001 -16"><span class='ocrx_word' id='word_1_979' title='bbox 1917 5690 2023 5757; x_wconf 82' lang='lat' dir='ltr'><strong><em>Qui</em></strong></span> <span class='ocrx_word' id='word_1_980' title='bbox 2050 5692 2230 5758; x_wconf 82' lang='lat' dir='ltr'><strong><em>recipit</em></strong></span> <span class='ocrx_word' id='word_1_981' title='bbox 2256 5691 2563 5760; x_wconf 85' lang='lat' dir='ltr'><strong><em>praphetam</em></strong></span> <span class='ocrx_word' id='word_1_982' title='bbox 2594 5691 2647 5743; x_wconf 91' lang='lat' dir='ltr'><strong><em>in</em></strong></span> <span class='ocrx_word' id='word_1_983' title='bbox 2673 5693 2876 5745; x_wconf 86' lang='lat' dir='ltr'><strong><em>nomine</em></strong></span> <span class='ocrx_word' id='word_1_984' title='bbox 2898 5689 3181 5761; x_wconf 78' lang='lat' dir='ltr'><strong><em>praphette,</em></strong></span> <span class='ocrx_word' id='word_1_985' title='bbox 3216 5693 3500 5747; x_wconf 85' lang='lat' dir='ltr'><strong><em>mercedem</em></strong></span> 
     </span>
    </p>
   </div>
   <div class='ocr_carea' id='block_1_118' title="bbox 1917 5781 3501 5855">
    <p class='ocr_par' dir='ltr' id='par_1_118' title="bbox 1917 5781 3501 5855">
     <span class='ocr_line' id='line_1_118' title="bbox 1917 5781 3501 5855; baseline 0.004 -20"><span class='ocrx_word' id='word_1_986' title='bbox 1917 5785 2178 5855; x_wconf 76' lang='lat' dir='ltr'><strong><em>propheta:</em></strong></span> <span class='ocrx_word' id='word_1_987' title='bbox 2203 5784 2417 5853; x_wconf 87' lang='lat' dir='ltr'><strong><em>accipiet</em></strong></span> <span class='ocrx_word' id='word_1_988' title='bbox 2454 5781 2667 5852; x_wconf 80' lang='lat' dir='ltr'><strong><em>(Matth.</em></strong></span> <span class='ocrx_word' id='word_1_989' title='bbox 2705 5800 2771 5848; x_wconf 68' lang='grc' dir='ltr'><strong><em>χ,</em></strong></span> <span class='ocrx_word' id='word_1_990' title='bbox 2794 5782 2887 5851; x_wconf 64' lang='lat' dir='ltr'><strong><em>ll)</em></strong></span> <span class='ocrx_word' id='word_1_991' title='bbox 2914 5801 2926 5835; x_wconf 90' lang='lat'><strong>:</strong></span> <span class='ocrx_word' id='word_1_992' title='bbox 2960 5796 3091 5835; x_wconf 84' lang='lat' dir='ltr'><strong><em>cave</em></strong></span> <span class='ocrx_word' id='word_1_993' title='bbox 3119 5798 3190 5839; x_wconf 89' lang='lat' dir='ltr'><strong><em>ne</em></strong></span> <span class='ocrx_word' id='word_1_994' title='bbox 3217 5782 3346 5840; x_wconf 87' lang='lat' dir='ltr'><strong><em>huic</em></strong></span> <span class='ocrx_word' id='word_1_995' title='bbox 3373 5784 3501 5841; x_wconf 80' lang='lat' dir='ltr'><strong><em>olli-</em></strong></span> 
     </span>
    </p>
   </div>
   <div class='ocr_carea' id='block_1_119' title="bbox 1919 5875 3493 5951">
    <p class='ocr_par' dir='ltr' id='par_1_119' title="bbox 1919 5875 3493 5951">
     <span class='ocr_line' id='line_1_119' title="bbox 1919 5875 3493 5951; baseline -0.001 -17"><span class='ocrx_word' id='word_1_996' title='bbox 1919 5880 2003 5934; x_wconf 85' lang='lat' dir='ltr'><strong><em>cio</em></strong></span> <span class='ocrx_word' id='word_1_997' title='bbox 2036 5893 2129 5946; x_wconf 81' lang='lat' dir='ltr'><strong><em>per</em></strong></span> <span class='ocrx_word' id='word_1_998' title='bbox 2169 5879 2479 5949; x_wconf 83' lang='lat' dir='ltr'><strong><em>snperbiam</em></strong></span> <span class='ocrx_word' id='word_1_999' title='bbox 2535 5887 2678 5931; x_wconf 87' lang='lat' dir='ltr'><strong><em>tuam</em></strong></span> <span class='ocrx_word' id='word_1_1000' title='bbox 2730 5876 2906 5948; x_wconf 84' lang='lat' dir='ltr'><strong><em>aliqua</em></strong></span> <span class='ocrx_word' id='word_1_1001' title='bbox 2957 5875 3225 5948; x_wconf 80' lang='lat' dir='ltr'><strong><em>irt‘ogctur</em></strong></span> <span class='ocrx_word' id='word_1_1002' title='bbox 3271 5876 3493 5951; x_wconf 86' lang='lat' dir='ltr'><strong><em>injuria,</em></strong></span> 
     </span>
    </p>
   </div>
  </div>
