4030 6294
520 267 620 325 151

1546 260 1602 315 S.
1644 253 2029 314 HIERONYMI
2065 253 2351 313 OPERUM
2391 252 2756 312 MANTISSA.

3682 262 3779 320 152

518 397 679 455 quam
711 383 904 448 laicus,
927 380 1018 453 qui
1050 379 1226 435 minor
1257 385 1338 433 est
1368 374 1558 442 Tobia,
1605 389 1718 430 non
1742 380 2005 429 moretur.
2034 370 2111 427 'l'e
2136 375 2183 434 A
2213 387 2245 427 a
2286 370 2498 427 cunctis
2552 370 2841 428 ﬁdelibus:
2899 385 2963 427 ae
3014 372 3109 429 tibi
3168 371 3283 441 ipse
3335 372 3548 430 odibilis
3601 375 3777 450 factus,

516 478 660 534 enim
693 477 765 531 ita
798 476 866 531 de
898 476 992 530 Dei
1025 472 1285 528 membris
1329 479 1547 540 oportet
1575 467 1779 523 habere
1821 467 2108 536 judicium,

516 577 579 626 ut
649 569 924 638 intelligas
988 565 1252 622 Ecclesiae
1321 570 1747 619 sacramentum.
1811 558 2110 629 Religionis

513 663 661 718 enim
691 671 746 717 et
770 660 1073 715 sanctitatis
1098 667 1202 723 est,
1236 655 1381 726 quod
1408 656 1696 724 episcopus
1734 651 1933 707 diceris
1954 693 1969 719 ,
2001 665 2109 705 non

515 756 750 812 Romani
778 753 1090 809 consulatus
1121 759 1215 806 aut
1251 750 1405 821 juris.
1440 748 1500 804 Si
1551 751 1655 803 hoc
1685 747 1766 801 vis
1796 761 1920 801 esse
1965 744 2111 816 quod

514 847 695 903 factus
729 861 808 915 es,
840 860 997 901 serva
1027 844 1275 899 ordinem
1321 855 1491 909 tuum,
1543 840 1831 908 locumque
1874 837 2106 892 custodi.

517 941 676 998 Defer
728 939 1044 1009 prophetae,
1092 943 1152 992 ut
1195 936 1461 1006 propheta
1513 932 1715 988 serviat
1772 930 1888 985 tibi.
1938 928 2111 999 Dilige

516 1033 772 1105 mysteria
826 1030 946 1096 Dei,
980 1038 1039 1084 ut
1084 1028 1282 1084 ameris
1328 1043 1356 1079 a
1406 1024 1647 1080 Christo.
1702 1022 1823 1078 Noli
1871 1021 2109 1091 aliquem
2150 1022 2151 1025 “

516 1126 839 1182 contristare
890 1123 1102 1189 illicite,
1154 1129 1250 1175 aut
1299 1118 1505 1187 injusto
1551 1116 1678 1172 odio
1708 1113 2106 1186 prosequaris:

514 1222 638 1293 quia
682 1220 826 1275 sicut
867 1228 922 1273 tu
949 1214 1150 1293 Christi
1191 1228 1273 1279 es,
1306 1213 1386 1266 sic
1422 1220 1475 1266 et
1514 1210 1591 1265 illi
1622 1208 1824 1263 Christi
1856 1215 2021 1261 sunt:
2055 1213 2111 1261 et

514 1331 676 1372 nemo
706 1323 902 1384 potens
934 1319 1019 1366 est
1043 1288 1105 1363 in
1138 1308 1242 1362 hoc
1271 1304 1498 1371 saeculo,
1528 1302 1621 1373 qui
1650 1301 1888 1371 aliquem
1917 1313 2109 1354 servo-

470 1416 475 1421 ‘
512 1425 633 1465 rum
662 1422 882 1464 suorum
905 1405 1034 1459 velit
1062 1403 1131 1457 ab
1160 1401 1279 1455 aliis
1303 1397 1641 1454 conculcari.
1693 1395 1774 1450 Tu
1812 1395 1931 1465 ipse
1970 1409 2113 1465 quo-

513 1516 643 1572 que,
671 1499 715 1554 si
743 1499 976 1553 libenter
1003 1494 1275 1565 accipias,
1323 1490 1468 1562 quod
1509 1488 1756 1544 dicturus
1796 1503 1937 1555 sum,
1970 1501 2109 1540 cun-

515 1604 726 1648 ctorum
751 1588 966 1643 famulis
1006 1596 1228 1657 propter
1250 1598 1365 1653 eos,
1394 1581 1595 1652 quibus
1637 1580 1897 1647 serviunt,
1937 1578 2111 1633 hono-

515 1701 631 1742 rem
664 1682 845 1740 defers
877 1700 892 1739 :
932 1690 1095 1752 atque
1121 1692 1559 1749 unumquemque
1600 1682 1761 1747 prout
1804 1683 1999 1745 potens
2025 1684 2110 1730 est

2218 478 2455 518 amaram
2486 466 2650 519 vitam
2677 465 2729 519 in
2761 464 2962 521 saeculo
2985 466 3302 522 retentahis.

2284 558 2350 612 ll.
2401 556 2479 631 De
2513 560 2741 613 secundo
2789 560 2958 629 gradu
3002 558 3285 627 Ecclesiae,
3332 562 3421 632 qui
3460 561 3780 622 Ostiariorum

2216 652 2342 704 ordo
2366 661 2459 705 est.
2489 682 2560 692 —
2581 651 2865 707 Secundus
2886 653 3234 707 ostiariorum
3261 654 3410 709 locus
3438 665 3544 722 est,
3568 660 3651 727 qui
3680 662 3779 714 cla-

2214 760 2308 801 ves
2335 746 2488 817 regni
2510 747 2772 803 etelorum
2799 758 3007 811 tenent,
3055 764 3174 818 quae
3220 749 3545 818 patriarehis
3581 751 3777 822 dantur,

2214 842 2469 909 quoniam
2504 850 2739 909 praesunt
2768 841 2941 910 portis
2987 840 3313 908 Jerusalem,
3352 849 3513 913 atque
3542 844 3675 901 inter
3699 848 3782 902 bo-

2213 949 2341 988 num
2370 942 2426 989 et
2461 934 2660 989 malum
2715 934 2975 990 habentes
3019 933 3307 1005 judicium,
3364 935 3612 1006 aperiunt
3648 942 3780 1009 quod

2214 1040 2377 1082 nemo
2405 1027 2631 1093 claudit,
2676 1035 2733 1082 et
2760 1026 3023 1082 claudunt
3059 1027 3205 1097 quod
3246 1043 3406 1084 nemo
3443 1032 3632 1101 aperit.
3674 1033 3780 1089 Jam

2213 1119 2304 1175 hic
2329 1122 2678 1177 considerare
2717 1131 2769 1177 te
2796 1121 3073 1186 convenit,
3102 1136 3223 1192 quae
3253 1123 3402 1178 circa
3431 1125 3678 1181 ostiarios
3698 1128 3782 1184 Dei

2214 1212 2377 1268 debet
2398 1228 2520 1268 esse
2546 1210 2851 1285 diligentia,
2876 1223 3074 1285 quanta
3099 1214 3187 1269 his
3217 1216 3481 1272 membris
3503 1226 3660 1288 atque
3680 1220 3783 1276 ofﬁ-

2213 1307 2313 1360 ciis
2342 1306 2641 1361 reverentia
2666 1323 2761 1376 per
2790 1316 2845 1362 te
2866 1306 3158 1363 deferenda
3184 1308 3275 1362 sit.
3307 1308 3518 1365 Intrare
3546 1312 3781 1381 templum

2214 1397 2317 1452 nisi
2349 1413 2445 1467 per
2475 1398 2576 1454 hos
2615 1415 2723 1454 non
2768 1409 2938 1469 potes.
2986 1400 3054 1453 lli
3083 1401 3384 1455 enimsunt
3426 1400 3658 1459 ordinati
3702 1421 3784 1475 per

2216 1491 2363 1547 vices
2394 1506 2542 1558 suas,
2577 1501 2637 1546 ut
2667 1493 2850 1547 omnia
2881 1507 3002 1563 quae
3033 1493 3179 1548 intus
3228 1505 3380 1557 sunt,
3420 1505 3674 1567 extraque
3703 1515 3784 1553 cu-

2213 1586 2475 1653 stodiant,
2498 1595 2658 1657 atque
2689 1586 2916 1657 perfecti
2940 1585 2996 1641 in
3027 1587 3280 1643 omnibus
3306 1586 3492 1645 ﬁdeles
3520 1591 3781 1663 recipiant,

2213 1688 2471 1745 respuant
2502 1678 2770 1734 inﬁdeles.

518 1780 635 1852 ejus
658 1777 940 1843 Dominus,
966 1775 1265 1831 veneraris.
1302 1774 1397 1827 Dic
1420 1771 1547 1826 mihi
1566 1815 1582 1841 ,
1607 1784 1813 1840 quaeso,
1843 1769 1966 1839 quis
1991 1785 2106 1824 ma-
2134 1767 2185 1831 B
2284 1769 2371 1825 lll.
2411 1768 2491 1824 De
2521 1771 2670 1824 tertio
2684 1771 2852 1844 gradu
2871 1768 3136 1834 Ecclesiw,
3155 1771 3245 1842 qui
3264 1770 3540 1828 Lectorum
3559 1777 3680 1831 ordo
3703 1788 3781 1833 est.

514 1874 603 1945 jor
629 1882 715 1931 est
742 1869 1001 1927 Christo?
1029 1877 1127 1923 aut
1169 1865 1259 1921 cui
1305 1875 1516 1919 tantum
1558 1863 1745 1928 debes,
1784 1862 1877 1930 qui
1920 1876 2017 1930 pro
2059 1871 2113 1918 te

518 1966 836 2037 sanguinem
869 1977 1026 2017 suum
1062 1960 1226 2024 fudit,
1259 1968 1316 2013 et
1340 1956 1432 2027 qui
1465 1965 1517 2011 te
1547 1954 1809 2010 Ecclesiae
1832 1967 1945 2008 sure
1973 1969 2114 2023 prae-

519 2056 721 2126 posuit,
749 2064 805 2111 et
849 2055 941 2125 qui
980 2064 1034 2108 te
1062 2051 1351 2106 honoravit
1387 2048 1440 2103 in
1482 2047 1716 2112 cunctis,
1748 2047 1838 2116 qui
1868 2046 2111 2100 omnium

516 2153 612 2207 tibi
643 2151 949 2206 divinorum
982 2151 1322 2201 sacramenta
1351 2140 1658 2197 concessit?
1688 2138 1959 2209 Numquid
1998 2154 2115 2194 me-

517 2251 670 2299 retur
712 2240 975 2295 Dominus
1019 2238 1163 2293 Deus
1203 2244 1350 2303 tuus,
1385 2244 1442 2286 ut
1471 2248 1596 2287 cum
1631 2232 1746 2286 haec
1795 2231 2114 2301 praestiterit

517 2342 742 2407 propter
764 2332 1057 2387 bonitatem
1079 2338 1135 2384 et
1154 2324 1580 2387 misericordiam
1608 2337 1784 2391 suam,
1816 2337 2113 2378 conservos

517 2438 642 2482 tuos
676 2423 976 2495 deprimas,
1024 2420 1253 2488 deroges
1294 2414 1536 2481 Christo,
1568 2427 1631 2467 ac
1673 2412 1876 2466 nullum
1922 2412 2029 2467 nisi
2061 2423 2115 2468 te

518 2523 696 2579 solum
744 2530 904 2589 putes
950 2515 1018 2571 ad
1064 2510 1351 2567 Dominum
1403 2509 1725 2579 pertinere:
1757 2507 1853 2562 tibi
1902 2516 2112 2562 tantum

520 2612 801 2671 existimes
871 2603 1232 2664 reverentiam
1296 2598 1688 2666 deferendam,
1764 2613 1828 2654 ac
1885 2598 2113 2655 famulos

521 2704 729 2763 Christi
754 2703 807 2758 in
828 2697 1241 2756 conversatione
1270 2694 1368 2749 tibi
1392 2692 1770 2759 creditos,non
1800 2692 1852 2746 in
1870 2691 2114 2747 ministe-

520 2796 602 2852 rio
630 2802 687 2850 ut
716 2793 917 2849 liberos
949 2791 1172 2856 habeas,
1203 2786 1300 2842 sed
1334 2794 1389 2840 ut
1432 2799 1624 2839 servos
1651 2782 1706 2837 in
1738 2782 2113 2840 dominatione

521 2886 841 2960 possideas?
883 2885 1009 2939 Haec
1038 2882 1182 2937 enim
1211 2894 1320 2949 prae
1359 2876 1573 2933 exteris
1602 2874 1745 2930 Deus
1776 2874 2017 2942 damnat,
2059 2884 2113 2930 et

521 2981 658 3037 nihil
694 2978 912 3051 gravius
949 2978 1072 3041 fert,
1114 2987 1277 3043 quam
1329 2979 1403 3037 ut,
1454 2982 1574 3023 cum
1606 2968 1750 3022 scias
1798 2965 2112 3023 hominibus

521 3070 898 3137 deferendum,
925 3067 1038 3123 Deo
1085 3065 1202 3136 ipse
1246 3077 1355 3118 non
1412 3059 1670 3115 deferas:
1723 3073 1843 3114 cum
1893 3074 2109 3115 servum

2215 1893 2287 1904 —
2314 1863 2534 1919 Tertius
2581 1865 2843 1920 lectorum
2874 1864 3012 1919 ordo
3040 1875 3143 1935 est,
3185 1867 3278 1937 qui
3332 1868 3466 1939 Deo,
3511 1866 3717 1926 Christo
3740 1883 3787 1928 et

2217 1959 2493 2027 prophetis
2517 1958 2697 2024 datur,
2722 1958 3018 2014 secundum
3049 1960 3192 2029 quod
3221 1963 3490 2030 scriptum
3512 1972 3624 2020 est:
3647 1964 3785 2021 Exul-

2216 2060 2268 2104 ta
2296 2067 2464 2105 vocem
2505 2059 2669 2120 tuam,
2699 2062 2746 2105 et
2768 2052 2891 2105 dic:
2940 2050 3124 2106 Omnis
3170 2069 3293 2107 caro
3323 2056 3522 2127 fenum,
3550 2068 3596 2112 et
3642 2061 3786 2113 omnis

2214 2143 2381 2215 gloria
2402 2143 2625 2198 hominis
2654 2144 2786 2197 sicut
2816 2146 2914 2214 ﬂos
2941 2144 3087 2213 feni:
3113 2146 3253 2199 aruit
3280 2146 3484 2216 fenum,
3517 2159 3562 2203 et
3591 2152 3683 2220 ﬂos
3710 2152 3788 2205 dc-

2214 2238 2376 2305 cidit,
2402 2238 2609 2291 verbum
2634 2246 2802 2290 autem
2834 2238 3044 2292 Domini
3075 2249 3247 2294 manet
3271 2241 3325 2294 in
3371 2252 3621 2297 wternum
3664 2243 3784 2313 (Isa.

2215 2345 2307 2394 χι..
2340 2329 2394 2395 6,
2427 2329 2480 2397 7,
2513 2328 2589 2400 8).
2619 2329 2859 2399 Denique
2883 2331 3145 2387 Dominus
3172 2340 3362 2389 noster
3391 2335 3574 2406 legens
3603 2338 3653 2392 in
3676 2347 3786 2393 tent-

2215 2423 2334 2493 plo,
2362 2422 2593 2478 formam
2619 2424 2846 2479 lectoris
2882 2428 3198 2497 assumpsit.
3229 2428 3295 2483 Hi
3327 2439 3458 2486 sunt
3485 2447 3614 2504 ergo
3643 2435 3788 2489 lecto-

2217 2518 2436 2587 res,qui
2464 2525 2682 2572 cantant
2710 2519 2980 2574 canticum
3010 2521 3179 2593 Moysi
3202 2531 3257 2577 et
3278 2525 3418 2595 Agni
3453 2543 3464 2579 :
3497 2528 3549 2581 hi
3575 2531 3788 2600 suntqui

2215 2618 2499 2677 sequuntur
2520 2608 2912 2664 immaculatum
2951 2610 3153 2685 Agnum
3196 2630 3523 2689 quocumque
3559 2619 3687 2685 ierit,
3711 2623 3788 2690 qui

2215 2716 2330 2753 cum
2358 2701 2655 2755 mulieribus
2682 2718 2734 2755 se
2755 2718 2856 2756 non
2878 2704 3341 2774 coinquinaverunt
3376 2749 3391 2773 ,
3415 2710 3633 2783 virgines
3660 2712 3785 2765 enim

2218 2803 2336 2847 sunt
2369 2791 2554 2865 (Apoc.
2602 2810 2714 2860 xxv,
2772 2791 2892 2866 xv).
2926 2795 3129 2850 Horum
3173 2812 3438 2855 numerus
3479 2812 3558 2857 est
3588 2804 3788 2873 angelo-

2216 2901 2333 2940 rum
2365 2903 2378 2941 :
2415 2897 2470 2941 et
2497 2902 2693 2943 nomen
2725 2887 2917 2957 Angeli
2953 2892 3354 2947 convenienter
3378 2895 3642 2950 sacerdoti
3677 2897 3789 2950 ada-

2215 2986 2419 3048 ptatur,
2438 2980 2527 3049 qui
2551 2993 2722 3050 usque
2745 2980 2881 3035 adeo
2906 2981 3143 3051 aequales
3166 2982 3262 3036 tibi
3290 2996 3419 3039 sunt
3442 3001 3536 3055 per
3554 2987 3665 3043 haec
3682 2988 3790 3041 offi-

2215 3073 2300 3128 cia
2329 3071 2653 3138 sanctitatis,
2686 3074 2825 3128 sicut
2849 3074 3113 3143 scriptum
3144 3075 3276 3146 legis
3307 3093 3320 3129 :
3356 3076 3613 3134 Sacerdos
3632 3082 3713 3151 qui
3735 3080 3790 3134 de

522 3165 785 3239 principis
826 3172 989 3233 atque
1017 3159 1138 3230 ejus
1162 3157 1371 3213 militia:
1408 3155 1726 3224 deputatum
1761 3154 2009 3223 persequi
2056 3163 2110 3209 et
2133 3157 2185 3225 C
2216 3180 2303 3218 ore
2326 3178 2421 3217 suo
2449 3163 2647 3232 profert
2688 3164 2970 3236 justitiam,
3023 3174 3074 3219 et
3116 3167 3503 3236 exquirentibus
3541 3172 3790 3225 annuntiat

522 3265 795 3319 lacessere
828 3273 937 3313 non
964 3255 1187 3321 audeas,
1216 3265 1311 3308 eos
1339 3250 1431 3322 qui
1475 3249 1598 3305 veri
1647 3248 1742 3303 Dei
1772 3247 1918 3303 servi
1955 3242 2139 3316 sunt,'

521 3365 578 3413 et
606 3370 735 3410 vero
765 3350 968 3409 Christi
998 3349 1314 3405 charactere
1345 3344 1559 3413 censiti,
1609 3359 1672 3400 ac
1716 3359 1815 3415 per
1856 3343 2112 3414 baptismi

522 3449 753 3520 gratiam
782 3444 971 3509 liberi,
1003 3452 1058 3497 et
1080 3456 1177 3512 per
1198 3439 1489 3494 clericatus
1518 3436 1757 3492 ofﬁcium
1790 3436 2110 3501 militantes,

520 3539 811 3611 abjeetioni
844 3547 1002 3608 putes
1027 3546 1083 3590 et
1127 3533 1442 3605 ignominiae
1480 3531 1857 3602 deputandos:
1892 3540 1951 3586 ut
1992 3531 2113 3601 plus

522 3632 795 3690 interdum
823 3631 965 3700 apud
1002 3626 1393 3683 conscientiam
1428 3635 1594 3691 tuam,
1637 3625 1684 3679 si
1713 3624 1972 3694 injuriam
2005 3639 2113 3679 non

522 3728 685 3783 faciat
711 3730 899 3780 nostra
925 3720 1223 3791 correptio,
1254 3720 1429 3774 servis
1455 3733 1614 3786 quam
1645 3716 1859 3772 clericis
1880 3730 2072 3787 parcas
2097 3733 2111 3769 :

522 3822 656 3877 etin
682 3818 767 3874 his
796 3818 1031 3889 aliquem
1058 3813 1404 3870 vernaculum
1431 3813 1647 3882 diligas,
1667 3811 1789 3867 illos
1810 3810 1959 3866 velut
1981 3811 2114 3866 alie-

521 3928 623 3968 nos
649 3911 940 3982 despicias,
963 3918 1014 3964 et
1043 3906 1200 3962 malis
1221 3905 1424 3961 mundo
1446 3904 1662 3973 placere
1689 3919 1850 3975 quam
1869 3902 2109 3958 Christo.

525 4008 631 4062 Pro
659 4004 788 4072 ﬁde,
835 4018 936 4075 pro
993 4001 1283 4071 religione,
1334 4016 1433 4071 pro
1484 3998 1763 4070 proposito
1814 3997 2115 4053 sanctitatis

523 4097 744 4155 deferre
770 4094 1043 4152 interdum
1070 4094 1302 4150 clericus
1328 4106 1494 4148 servo
1521 4091 1836 4161 cogiturzet
1863 4090 1928 4145 ad
1959 4088 2113 4160 igno-

525 4193 747 4246 miniam
794 4205 902 4244 non
946 4188 1252 4254 ferendam,
1286 4187 1410 4241 vilis
1453 4177 1727 4256 j’udicatur
1773 4186 1829 4240 in
1878 4185 2110 4253 mundo,

494 4308 495 4311 η
524 4284 615 4354 qui
637 4296 882 4338 summus
910 4281 966 4335 in
996 4279 1139 4335 ctelo
1176 4288 1279 4334 est.
1314 4280 1480 4333 ltecte
1510 4279 1629 4332 haec
1654 4277 1929 4348 repudias,
1965 4287 2114 4335 recte

523 4377 627 4431 ista
672 4390 780 4430 non
805 4388 1012 4442 servas,
1043 4373 1088 4428 si
1134 4371 1421 4442 episcopus
1449 4386 1571 4426 esse
1600 4386 1708 4426 non
1737 4372 1837 4439 vis,
1869 4371 1914 4426 si
1942 4373 2112 4427 ccelo-

490 4492 493 4495 ·
518 4484 639 4525 rum
669 4482 833 4539 regna
859 4465 1183 4531 contemnis,
1214 4465 1260 4520 si
1283 4465 1493 4520 nullum
1523 4480 1645 4520 cum
1670 4464 1782 4519 Deo
1808 4463 1993 4534 cupias
2014 4465 2112 4519 ha-

2215 3257 2502 3323 ueritatem,
2529 3256 2740 3327 angelus
2769 3258 3136 3321 omnipotentis
3154 3255 3254 3313 Dei
3278 3271 3353 3314 est
3369 3260 3625 3334 (Malach.
3646 3279 3700 3330 tt,
3720 3262 3787 3336 l).

2286 3349 2377 3406 1V.
2421 3349 2496 3403 De
2533 3358 2718 3419 quarto
2746 3350 2913 3420 gradu
2939 3349 3210 3418 Ecclesite,
3242 3357 3331 3423 qui
3360 3354 3791 3412 Subdiaconorum

2218 3442 2345 3497 ordo
2373 3452 2468 3498 est.
2498 3470 2570 3481 ——
2595 3440 2833 3509 Quartus
2884 3441 3272 3499 ecclesiaStiete
3332 3446 3698 3518 dispositionis
3744 3450 3790 3502 in

2217 3533 2548 3590 subdiacono
2578 3543 2662 3587 est
2690 3533 2844 3599 ordo,
2873 3534 2965 3604 qui
2999 3534 3053 3587 in
3100 3533 3269 3589 Esdra
3302 3535 3595 3595 Nathinnei
3622 3539 3790 3609 appel~

2216 3628 2417 3697 lantur,
2452 3626 2506 3681 iu
2557 3627 2866 3682 humilitate
2918 3627 3147 3682 Domino
3204 3629 3537 3687 servientes.
3587 3632 3793 3701 Propter

2219 3721 2407 3775 hocin
2448 3719 2740 3790 Evangelio
2769 3719 2992 3774 Joannis
3036 3720 3195 3775 Jesus
3242 3720 3308 3774 ad
3344 3720 3643 3780 Nathanael
3686 3723 3791 3777 ait:

2217 3810 2355 3866 Ecce
2383 3829 2497 3866 vere
2525 3810 2789 3878 Israelita,
2818 3813 2872 3866 in
2896 3828 2997 3882 quo
3022 3812 3173 3866 dolus
3197 3828 3300 3867 non
3328 3825 3428 3869 est.
3458 3816 3558 3872 Cui
3586 3831 3793 3887 respon-

2217 3905 2352 3960 dens
2400 3904 2694 3960 Nathanael
2747 3904 2926 3958 dixit:
2965 3903 3214 3975 Magister
3243 3906 3381 3961 unde
3431 3926 3511 3964 me
3539 3910 3708 3964 nosti?
3735 3907 3794 3960 Et

2216 3998 2293 4053 ait
2317 3997 2475 4053 Jesus
2500 4015 2513 4051 :
2543 3998 2830 4068 Antequam
2868 3995 3148 4068 Philippus
3174 4006 3221 4051 te
3246 4011 3452 4054 vocaret
3477 4019 3497 4070 ;
3542 4018 3653 4055 cum
3676 4016 3794 4053 esses

2216 4091 2307 4147 sub
2338 4092 2443 4162 ﬁcu
2479 4092 2597 4146 novi
2641 4101 2690 4145 te
2741 4089 2991 4161 (Joan.t,
3026 4092 3118 4159 47,
3160 4091 3276 4163 48).
3319 4093 3475 4161 Quod
3525 4102 3792 4167 propterea

2216 4189 2476 4257 scriptum
2504 4198 2587 4241 est
2610 4227 2625 4251 ,
2657 4194 2717 4239 ut
2746 4193 2800 4239 tu
2823 4185 2942 4255 ejus
2964 4184 3141 4239 locum
3164 4185 3684 4258 dispositionemque
3712 4202 3793 4241 co-

2216 4294 2463 4350 gnoscas.
2496 4278 2795 4348 Propterea
2820 4277 3081 4332 Dominus
3110 4288 3295 4333 noster
3325 4283 3549 4351 formam
3571 4281 3696 4336 serui
3716 4295 3792 4332 ac-

2215 4374 2429 4446 cipiens,
2461 4371 2750 4427 humiliavit
2778 4388 2834 4427 se
2858 4389 3015 4444 usque
3040 4373 3107 4427 ad
3131 4384 3369 4443 mortem,
3399 4386 3613 4431 mortem
3639 4386 3793 4430 autem

2215 4470 2399 4524 crucis.
2424 4469 2648 4538 Propter
2672 4467 2816 4539 quod
2847 4483 3062 4536 semper
3086 4484 3225 4540 genu
3242 4469 3384 4525 ﬂexo
3411 4487 3570 4528 orare
3589 4469 3794 4527 manda-

519 4563 653 4617 bere
692 4558 1052 4616 consortium.
1084 4559 1242 4616 Certe
1271 4557 1320 4613 si
1348 4558 1576 4614 electum
1607 4568 1659 4613 te
1682 4573 1713 4611 a
1742 4558 1852 4613 Deo
1879 4558 2115 4629 gratula-
2138 4554 2192 4616 D
2220 4580 2361 4620 mur.
2386 4562 2567 4618 Omnis
2583 4562 2718 4616 enim
2738 4565 2825 4633 qui
2854 4579 2905 4617 se
2924 4560 3546 4634 humiliat,exaltabitur;
3572 4575 3617 4621 et
3641 4565 3723 4637 qui
3745 4579 3793 4618 se

523 4656 623 4721 ris,
652 4656 697 4709 si
725 4654 928 4710 factum
970 4664 1021 4708 te
1047 4662 1317 4723 pastorem
1348 4652 1545 4721 gregis,
1583 4650 1631 4704 si
1675 4660 1725 4706 te
1750 4660 1992 4706 creatum
2023 4666 2114 4706 sa-

522 4756 797 4813 cerdotem
824 4754 1039 4811 clericis
1066 4753 1435 4824 recognoscis,
1478 4750 1728 4807 laborare
1770 4750 2012 4818 debebis,
2046 4767 2115 4808 ne

524 4861 619 4916 tibi
645 4869 732 4915 tua
762 4857 1003 4913 membra
1032 4857 1372 4926 displiceant,
1404 4870 1474 4911 ne
1503 4854 1557 4909 id
1599 4853 1744 4925 quod
1786 4854 1983 4909 Christi
2032 4865 2117 4909 est

518 4963 862 5033 reprobetur.
892 4960 982 5017 Sic
1007 4959 1152 5015 enim
1184 4959 1260 5013 ait
1289 4959 1579 5029 Apostolus
1610 4975 1622 5010 :
1653 4956 1924 5028 Numquid
1952 4968 2116 5028 potest

520 5073 672 5134 caput
730 5064 943 5135 pedibus
990 5062 1157 5115 dicere
1185 5077 1205 5116 :
1258 5061 1382 5115 Non
1427 5060 1662 5115 desidero
1704 5076 1862 5131 opera
1913 5061 2116 5115 vestra?

524 5164 697 5221 Unum
745 5164 880 5217 enim
930 5179 1119 5233 corpus
1166 5171 1212 5216 et
1240 5162 1406 5216 multa
1450 5170 1570 5216 sunt
1626 5162 1850 5215 membra
1898 5163 1942 5232 (Ι
1989 5160 2110 5218 Cor.

519 5285 700 5335 xxxu,
729 5266 810 5337 2).
844 5267 898 5323 Si
939 5276 995 5321 tu
1025 5277 1185 5338 caput
1228 5282 1311 5335 es,
1345 5266 1542 5336 pedum
1575 5265 1669 5319 tibi
1706 5265 1882 5320 officia
1924 5280 2118 5321 neces-

518 5373 660 5429 saria
691 5381 858 5427 sunt:
893 5369 1166 5439 pertinere
1212 5369 1277 5424 ad
1328 5368 1589 5424 honorem
1641 5376 1788 5421 tuum
1838 5376 2001 5438 atque
2044 5366 2112 5421 ad

515 5474 872 5533 substantiam
902 5472 1239 5542 corporalem
1269 5470 1454 5541 pedes,
1494 5472 1606 5541 ipse
1635 5470 1918 5542 cognoscis
1951 5488 1964 5525 :
1992 5471 2111 5526 sine

515 5580 621 5649 his,
655 5590 715 5637 ut
736 5580 852 5650 ipse
882 5577 1044 5643 nosti,
1076 5578 1356 5632 ambulare
1398 5591 1505 5629 non
1539 5586 1711 5646 putes.
1745 5577 1806 5631 lli
1854 5584 1908 5632 te
1945 5578 2108 5632 susti-

514 5692 667 5749 nent,
701 5679 757 5735 hi
786 5688 957 5735 totum
986 5692 1183 5750 corpus
1212 5688 1549 5748 promovent,
1582 5679 1635 5732 hi
1667 5677 1903 5748 dirigunt
1927 5686 2106 5748 caput,

510 5780 567 5836 hi
597 5780 828 5851 primum
856 5790 910 5838 te
937 5794 1059 5837 esse
1084 5778 1307 5836 faciunt.
1349 5778 1580 5836 Perditis
1608 5778 1711 5849 his,
1737 5781 2102 5839 contemneris

2218 4659 2431 4726 exultat,
2460 4655 2819 4710 humiliabitur
2843 4655 2997 4728 (Luc.
3029 4673 3174 4726 xxiv,
3202 4658 3312 4729 11).
3343 4659 3568 4731 Propter
3588 4661 3686 4714 hoc
3706 4655 3794 4712 ΑΞ-

2220 4761 2413 4824 gyptus
2438 4750 2878 4820 competentibus
2910 4748 3081 4819 plagis
3130 4750 3434 4819 percutitur
3472 4767 3505 4806 a
3556 4750 3788 4806 Domino.

2220 4844 2347 4898 Haec
2376 4842 2495 4898 dies
2522 4841 2880 4912 profectionis
2929 4857 2994 4896 ex
3033 4841 3292 4914 Egypto,
3343 4844 3542 4914 pascha
3592 4838 3792 4898 Domini

2221 4945 2595 5007 nuncupatur;
2643 4946 2704 4991 ut
2740 4937 2863 5007 quia
2905 4935 3098 5007 pascha
3145 4947 3374 4993 nostrum
3417 4938 3703 4994 immolatus
3725 4943 3791 4990 est

2222 5030 2456 5086 Christus
2500 5030 2546 5099 (ι
2593 5028 2713 5086 Cor.
2759 5045 2811 5094 v,
2844 5030 2920 5101 7),
2953 5029 3342 5098 plenitudinem
3373 5032 3538 5087 totius
3565 5027 3792 5103 mysterii

2217 5135 2382 5196 atque
2413 5124 2764 5191 sacramenti,
2795 5124 2848 5178 in
2876 5123 3270 5196 rerumjofﬁciis
3290 5138 3669 5197 recognoscas,
3695 5134 3792 5175 nec

2219 5234 2319 5290 per
2347 5217 2712 5288 arrogantiam
2762 5232 2867 5272 non
2916 5218 3219 5286 ferendam,
3253 5218 3522 5290 despicias
3568 5230 3662 5273 eos
3706 5211 3787 5283 qui

2219 5323 2312 5367 aut
2339 5312 2639 5367 oblationes
2686 5310 2738 5365 in
2782 5311 2989 5383 templo
3017 5312 3114 5366 Dei
3146 5312 3473 5383 suscipiunt,
3503 5319 3596 5367 aut
3623 5321 3790 5364 secre-

2223 5415 2399 5459 torum
2427 5403 2675 5460 omnium
2707 5412 2897 5471 testes,
2945 5404 3236 5473 participes
3282 5404 3445 5461 etiam
3492 5401 3789 5476 passionum

2213 5507 2337 5552 sunt
2357 5506 2409 5551 et
2433 5507 2649 5551 caetera.
2695 5495 2757 5550 Hi
2789 5496 2933 5551 enim
2968 5495 3129 5565 primi
3156 5496 3426 5554 desideria
3470 5505 3652 5551 nostra
3681 5506 3788 5547 sus-

2214 5592 2440 5662 cipiunt,
2478 5590 2533 5645 hi
2563 5590 2791 5661 probant
2817 5589 2872 5643 in
2904 5590 3058 5644 nobis
3101 5590 3337 5660 optimas
3380 5590 3700 5649 voluntates,
3739 5582 3786 5637 hi

2212 5685 2501 5756 repudiarit
2522 5685 2716 5752 malas,
2745 5685 2797 5739 hi
2831 5694 2890 5740 ut
2917 5703 2946 5739 a
2964 5684 3083 5741 Deo
3105 5688 3487 5757 suscipiamur,
3516 5684 3784 5743 assistunt,

2211 5794 2439 5849 quorum
2484 5777 2577 5834 tibi
2607 5778 2750 5835 sicut
2788 5776 3077 5835 visibiliter
3113 5779 3412 5836 ministeria
3461 5776 3647 5834 adesse
3688 5783 3749 5826 eo
