3926 6290
184 273 258 329 155
849 254 1185 314 EPISTOLA
1224 254 1337 312 XII.
1396 251 1487 309 DE
1524 246 1800 309 SEPTEM
1838 250 2206 310 0RDINIBUS
2243 248 2621 309 ECCLESIIE.

3274 244 3381 305 I54

176 390 359 463 gnoscis,
382 385 443 440 ita
470 382 617 439 etiam
648 375 995 433 invisibiliter
1035 389 1224 446 pacem
1256 381 1310 428 et
1334 368 1680 428 concordiam
1708 365 1765 427 Α
1789 369 1968 424 ofﬁcio
2039 371 2251 427 diaconi
2313 371 2569 427 sacerdos
2598 412 2613 437 ,
2664 370 2808 424 sicut
2870 377 2923 424 et
2978 368 3239 424 diaconus
3290 380 3383 422 sa-

176 462 319 537 utilem
342 492 449 533 esse
475 471 764 545 perpende,
807 484 878 525 ne
922 467 1196 524 conﬁcere
1236 480 1434 536 corpus
1480 462 1687 519 Christi

173 592 218 630 ac
244 571 515 643 sanguinem
541 567 679 622 ultra
710 580 819 619 non
850 563 1052 634 possis,
1081 562 1126 617 si
1152 569 1413 617 venturus
1449 558 1518 614 ad
1548 557 1685 612 alta-

173 670 274 724 rium
298 664 396 729 Dei,
420 659 665 716 Ecclesiae
693 657 937 713 membra
963 654 1291 727 neglexeris.

220 760 268 815 V.
301 756 369 811 De
399 754 561 824 quinto
603 752 770 825 gradu
809 749 1093 813 Ecclesiw,
1123 746 1213 819 qui
1251 744 1547 801 Levitarum
1594 756 1686 796 seu

174 854 449 908 Diaconorum
471 847 592 901 ordo
617 854 712 899 est.
748 874 819 885 -—
849 842 1081 912 Quintus
1112 841 1167 894 in
1200 837 1519 893 diaconibus
1547 832 1684 889 ordo

169 942 424 1002 sacramenti
448 950 528 996 est
560 957 572 992 :
602 951 832 1007 quorum
852 949 974 990 sors
998 934 1141 989 Deus
1170 940 1276 1000 est,
1305 930 1396 1001 qui
1424 926 1685 984 recedere

169 1042 214 1095 de
234 1036 396 1107 templo
424 1033 627 1088 Domini
650 1030 737 1086 die
765 1045 831 1083 ac
860 1035 1021 1083 nocte
1058 1024 1439 1096 prohibentur,
1472 1021 1561 1091 qui
1592 1033 1685 1074 co-

169 1136 296 1188 lamna
319 1139 366 1185 et
387 1127 783 1184 fundamentum
819 1122 1067 1180 veritatis
1096 1128 1249 1188 sunt,
1281 1119 1371 1189 qui
1403 1115 1682 1173 Eeclesias

168 1227 234 1280 Dei
252 1224 505 1289 sustinent,
537 1219 629 1290 qui
658 1218 830 1273 altare
864 1214 1066 1270 Christi
1093 1220 1244 1278 sunt,
1273 1211 1327 1265 in
1358 1224 1465 1281 quo
1508 1205 1681 1263 conﬁ-

166 1320 323 1375 ciuntur
342 1322 694 1378 sacramenta,
738 1312 792 1365 in
837 1324 946 1381 quo
996 1306 1223 1363 offertur
1262 1304 1485 1361 oblatio.
1540 1299 1683 1368 Quid

171 1428 264 1480 ergo
277 1413 315 1465 in
336 1409 519 1478 templo
547 1406 669 1471 Dei,
699 1412 761 1460 ut
790 1405 907 1473 ipse
937 1399 1107 1465 nosti,
1132 1395 1500 1453 venerabilius
1521 1391 1682 1449 altari

172 1519 257 1559 esse
276 1500 450 1573 potest?
478 1500 604 1570 quis
644 1512 751 1552 non
780 1510 840 1551 se
866 1494 933 1548 ad
981 1506 1225 1547 mensam
1256 1488 1468 1543 Domini
1500 1500 1685 1540 acces-

166 1613 277 1653 surus
298 1594 557 1651 humiliet?
586 1594 653 1647 Et
680 1591 735 1645 hi
757 1597 907 1654 sunt,
930 1602 1067 1659 quos
1100 1586 1156 1639 in
1190 1580 1516 1653 Apocalypsi
1551 1578 1684 1649 legi-

164 1707 262 1757 mus,
279 1698 451 1760 septem
482 1686 666 1757 angeli
697 1682 1064 1739 Ecclesiarum
1081 1678 1272 1751 (Apoc.
1296 1692 1336 1740 ι,
1350 1672 1536 1744 20),ὴί
1557 1680 1684 1726 sunt

1788 462 2030 520 cerdotis
2063 483 2077 519 :
2111 480 2211 521 nec
2247 464 2399 519 dives
2439 466 2555 520 sine
2595 478 2849 535 paupere,
2883 477 2985 518 nec
3024 476 3227 534 pauper
3256 460 3375 518 sine

1788 559 1955 616 divite
2000 576 2120 616 csse
2157 569 2355 630 potest.
2389 560 2519 615 Post
2551 558 3014 615 consecrationem
3062 558 3205 614 enim
3255 572 3374 613 om-

1787 655 1932 710 nium
1987 664 2469 722 sacramentorum,
2522 662 2642 722 post
2680 652 2985 720 orationes,
3032 660 3151 718 post
3181 649 3373 705 recita-

1787 750 1960 804 tiones
1992 749 2293 808 nominum.
2320 756 2442 817 post
2467 745 2646 799 omnia
2686 742 2946 814 mysteria
2968 741 3207 807 deitatis,
3243 757 3372 810 per-

1786 839 1949 895 fectio
1982 854 2172 893 rursus
2210 837 2411 894 Levitis
2446 837 2499 892 in
2553 834 2707 889 altari
2744 835 2922 889 datur.
2974 834 3276 901 Diaconos,
3312 841 3371 889 ut

1782 932 2034 1002 superius
2060 930 2192 998 dixi,
2220 930 2442 985 calicem
2474 929 2658 993 tradit,
2688 927 2839 983 testis
2880 927 3168 997 passionis,
3210 927 3369 982 testis

1783 1025 2225 1096 dispensationis,
2252 1025 2405 1077 testis
2442 1020 2783 1083 humilitatis,
2809 1035 2878 1074 ne
2899 1020 3071 1074 elatus
3096 1020 3147 1072 in
3178 1033 3369 1088 snper-

1783 1118 1925 1173 biam
1956 1119 2001 1172 is
2030 1118 2119 1188 qui
2159 1116 2375 1183 obtulit,
2410 1114 2546 1169 nihil
2579 1112 2904 1184 sperandum
2931 1112 3032 1166 sibi
3080 1126 3108 1163 a
3138 1110 3368 1167 diacono

1784 1222 2155 1283 recognoscat.
2190 1211 2317 1266 Ideo
2344 1211 2527 1265 Levita
2555 1211 2609 1265 in
2654 1209 3065 1265 consecratione
3096 1208 3366 1278 perfectus

1784 1313 1887 1371 est,
1934 1318 2037 1360 nec
2082 1304 2219 1359 ttltra
2257 1304 2368 1372 jam
2420 1304 2560 1357 sicut
2607 1302 2775 1356 laicus
2828 1300 3186 1366 benedicitur,
3240 1299 3364 1368 quia

1786 1397 2077 1469 perfectam
2126 1396 2177 1450 in
2234 1410 2294 1450 se
2328 1395 2528 1450 habere
2582 1394 2801 1464 jubetur
2850 1392 3063 1447 Domini
3106 1393 3365 1446 sanctita-

1788 1501 1914 1546 tem.
1945 1489 2188 1559 Denique
2225 1503 2292 1542 ex
2315 1487 2566 1543 omnibus
2594 1485 2838 1540 tribubus
2882 1486 2934 1539 in
2971 1483 3098 1538 Jesu
3127 1481 3269 1536 Nave
3300 1480 3369 1535 li-

1785 1584 1882 1638 bro
1922 1582 2058 1651 (Jos.
2098 1580 2264 1653 XXI),
2324 1580 2529 1636 Levita:
2569 1581 2816 1635 civitates
2862 1577 3135 1647 accipiunt
3166 1592 3181 1631 :
3217 1584 3275 1629 ut
3310 1582 3366 1629 tu

1785 1674 2080 1744 intelligas,
2113 1674 2321 1727 nullum
2349 1688 2471 1727 esse
2498 1672 2774 1726 hominum
2803 1684 2996 1741 genus,
3029 1668 3229 1723 nullam
3256 1676 3369 1721 ter-

164 1794 309 1853 scptem
330 1780 646 1837 candelabra
675 1791 863 1844 aurea,
912 1775 967 1828 bi
1000 1787 1163 1827 voces
1201 1770 1596 1835 tonitruorum,
1629 1767 1683 1821 hi
1716 1750 1760 1810 Β
1792 1784 1927 1830 ram,
1961 1766 2173 1821 nullum
2222 1766 2421 1832 locum,
2454 1765 2656 1819 nullam
2684 1773 2921 1835 gentem,
2945 1778 3066 1832 qua:
3113 1777 3218 1817 non
3249 1760 3373 1815 huic

165 1878 199 1931 in
229 1874 588 1931 similitudinem
620 1871 737 1927 Noe
774 1875 1241 1926 sacramentorum
1276 1862 1506 1934 justitia:
1546 1876 1686 1932 pra:-

164 1982 291 2031 canes,
314 1982 406 2022 non
435 1967 708 2021 habentes
744 1964 798 2017 in
827 1977 886 2018 se
915 1959 1182 2016 maculam
1211 1964 1303 2011 aut
1332 1969 1521 2026 rugam
1553 1970 1567 2007 :
1599 1960 1685 2007 at-

170 2075 239 2128 que
255 2062 292 2114 in
313 2059 595 2115 candorem
641 2056 777 2111 lucis
815 2053 1018 2118 effecti,
1057 2052 1112 2106 in
1142 2050 1289 2104 omni
1320 2048 1483 2104 Israel
1516 2048 1683 2101 Deum

171 2152 289 2207 valent
305 2152 627 2223 prospicere,
656 2148 774 2220 puri
804 2146 1101 2210 mentibus,
1129 2140 1416 2197 animabus
1440 2138 1682 2205 candidi,

172 2247 344 2302 virtutum
372 2245 697 2319 operatione
753 2239 1025 2313 praeclari,
1086 2235 1392 2291 humilitate
1443 2231 1681 2302 praediti,

165 2340 292 2408 quieti,
317 2339 559 2405 humiles,
600 2334 1036 2406 evangelizantes
1058 2344 1270 2401 pacem,
1298 2325 1689 2381 annuntiantes

162 2431 274 2496 bona,
296 2431 661 2488 dissensiones
692 2435 748 2483 et
783 2426 929 2481 rixas
971 2430 1028 2478 et
1065 2418 1320 2477 scandala
1347 2424 1682 2484 resecantes,

157 2526 226 2579 soli
246 2525 339 2580 Deo
375 2524 781 2595 colloquentes,
836 2518 889 2572 in
934 2513 1137 2584 templo
1190 2510 1322 2566 nihil
1367 2509 1436 2565 de
1484 2505 1687 2563 mundo

158 2617 317 2684 penitus
338 2618 637 2688 cogitantes
664 2632 679 2669 :
705 2613 954 2668 dicentes
984 2607 1125 2678 patri
1149 2614 1205 2661 et
1232 2603 1420 2671 matri,
1452 2616 1561 2656 non
1588 2614 1689 2654 no-

158 2710 293 2765 vimus
313 2725 418 2767 vos:
447 2718 505 2767 et
532 2707 686 2763 tilias
712 2720 842 2760 suos
886 2718 993 2758 non
1034 2705 1413 2771 agnoscentes.
1449 2695 1688 2765 Denique

156 2812 201 2857 et
220 2802 333 2867 Levi,
355 2814 403 2859 ut
421 2804 697 2875 scriptum
727 2800 975 2870 legimus,
997 2791 1354 2851 sacerdotalis
1380 2790 1553 2845 tribus
1580 2796 1685 2851 est,

153 2906 193 2951 et
225 2907 351 2967 caput
381 2898 630 2953 omnium
677 2891 1021 2949 sacerdotum
1061 2906 1075 2942 :
1108 2887 1229 2942 sine
1283 2883 1386 2939 boc
1432 2879 1690 2938 sacerdos

153 3004 300 3046 nomen
324 3008 417 3046 non
443 2990 637 3054 habet,
688 2995 871 3042 ortum
921 2998 1030 3039 non
1079 2979 1268 3045 habet,
1300 2974 1545 3030 ofﬁcium
1581 2986 1689 3027 non

152 3086 310 3144 habet:
341 3087 417 3142 hic
440 3084 701 3142 minister
732 3082 828 3137 Dei
851 3079 1071 3144 dicitur,
1102 3074 1232 3146 quia
1260 3072 1524 3140 scriptum
1553 3076 1641 3123 est
1669 3082 1685 3121 :

153 3181 246 3245 Qui:
270 3185 420 3255 major
464 3189 546 3235 est
576 3220 591 3246 ,
643 3178 731 3249 qui
776 3175 1065 3240 ministrat,
1113 3187 1184 3225 an
1235 3169 1325 3224 cui
1372 3166 1693 3221 ministratur

150 3273 285 3341 (Deut.
316 3292 363 3341 ι,
391 3292 435 3329 c.
462 3275 499 3331 8
544 3269 720 3342 seqq.)
745 3270 768 3325 ?
795 3268 865 3325 Et
895 3268 1035 3322 sicut
1074 3266 1127 3320 in
1178 3260 1467 3318 sacerdote
1495 3271 1694 3314 conse-

150 3366 298 3435 cratio,
325 3368 391 3421 ita
419 3366 472 3421 in
526 3363 791 3418 ministro
830 3368 920 3415 est
964 3355 1288 3412 sacramenti
1335 3348 1691 3421 dispensatio.

152 3458 208 3512 Illi
237 3474 399 3528 orare,
444 3457 583 3513 huic
624 3454 862 3526 psallere
893 3450 1203 3507 mandatur.
1238 3447 1336 3502 Ille
1361 3445 1541 3500 oblata
1568 3456 1698 3497 san-

151 3552 320 3617 ctiﬁcat,
344 3552 430 3607 hic
450 3548 799 3606 sanctiﬁcata
824 3545 1124 3615 dispensat.
1157 3541 1296 3612 Ipsis
1323 3539 1486 3595 etiam
1514 3549 1697 3591 sacer-

151 3643 320 3701 dotibus
346 3653 565 3716 propter
596 3637 1078 3712 prmsumptionem
1110 3650 1215 3689 non
1244 3633 1375 3687 licet
1412 3629 1481 3685 de
1508 3640 1696 3683 mensa

154 3734 315 3791 Domini
351 3736 545 3793 tollere
595 3732 849 3800 calicem,
903 3729 1011 3784 nisi
1045 3729 1127 3785 eis
1180 3725 1414 3781 traditus
1463 3721 1627 3777 fuerit
1665 3735 1695 3773 a

150 3827 367 3887 diacono:
396 3839 453 3883 ut
478 3826 836 3901 praecedente
876 3822 1185 3878 ministerio
1228 3818 1551 3880 sanctitatis,
1600 3815 1701 3868 hu-

152 3920 338 3977 miliatus
365 3921 646 3993 paulisper
674 3927 801 3990 post
828 3915 1330 3975 consecrationem,
1378 3910 1505 3965 dum
1534 3906 1696 3963 mini-

154 4015 608 4072 stroreverentiam
642 4011 885 4077 exhibet,
946 4017 1199 4078 quantam
1254 4002 1557 4060 ministerio
1604 3999 1699 4056 Dei

152 4106 301 4163 debeat
331 4115 697 4180 recognoscat
735 4121 749 4159 :
789 4104 863 4159 ita
886 4102 1031 4158 enim
1061 4100 1207 4157 Deus
1235 4108 1426 4153 noster
1453 4093 1703 4163 omnipo-

151 4210 239 4256 tens
259 4204 498 4261 universa
530 4198 826 4269 disposuit,
855 4204 915 4252 ut
942 4194 1032 4266 qui
1064 4192 1321 4263 majorem
1346 4204 1405 4244 se
1433 4202 1554 4243 esse
1582 4199 1701 4241 cre-

150 4294 322 4363 diderit,
351 4297 534 4353 minor
575 4294 688 4349 sit:
732 4300 787 4347 et
828 4290 919 4361 qui
948 4288 1228 4344 videretur
1271 4286 1474 4349 minor,
1528 4280 1704 4350 major

150 4388 376 4446 existeret.
406 4387 658 4457 Denique
684 4398 846 4456 quam
892 4382 997 4437 hoc
1026 4394 1214 4435 verum
1254 4378 1349 4442 sit,
1395 4376 1516 4446 ipse
1564 4390 1691 4445 per-

150 4482 303 4547 pende.
331 4483 536 4537 Levitae
570 4477 813 4533 inferunt
847 4473 1153 4529 oblationes
1189 4470 1246 4525 in
1287 4469 1468 4524 altari.
1501 4468 1701 4524 Levita:

149 4584 437 4646 componunt
466 4588 717 4631 mensam
759 4568 992 4624 Domini.
1026 4567 1226 4622 Levita:
1253 4580 1374 4620 cum
1406 4564 1702 4620 sacerdoti-

148 4666 235 4737 bus,
259 4671 374 4726 dum
403 4675 750 4724 sacramenta
782 4663 1199 4726 benedicuntur,
1235 4660 1516 4714 assistunt.
1545 4658 1703 4714 Levi-

152 4770 198 4816 la:
216 4778 325 4820 ante
371 4764 691 4821 sacerdotes
736 4768 917 4826 orant,
966 4757 1094 4812 utsi
1126 4753 1410 4810 distinctio
1461 4752 1701 4808 locorum

149 4860 345 4915 creditur
373 4862 427 4915 in
457 4856 687 4923 mundo,
721 4858 886 4909 etiarn
916 4852 968 4904 in
997 4849 1156 4904 altari
1188 4847 1287 4902 Dei
1336 4844 1558 4900 videant
1597 4844 1701 4900 sibi

150 4952 366 5023 episcopi,
400 4955 445 5009 si
475 4951 699 5022 superbi
738 4958 885 5014 sunt,
919 4947 1179 5001 diaconos
1210 4942 1487 5013 anteponi.
1518 4942 1575 4997 Si
1605 4941 1704 4996 hn-

150 5048 385 5103 uilititem
418 5048 678 5117 diligunt,
712 5043 947 5113 majores
986 5055 1046 5095 se
1085 5024 1207 5094 esse
1238 5038 1289 5093 in
1320 5052 1386 5092 eo
1407 5036 1549 5107 quod
1580 5045 1707 5091 sunt

153 5136 363 5206 humiles,
395 5146 753 5213 cognoscant.
809 5137 962 5191 Tunc
991 5134 1189 5190 deinde
1224 5144 1283 5187 ut
1313 5146 1474 5186 aures
1509 5130 1706 5184 habea-

152 5249 241 5291 mus
256 5238 316 5293 ad
345 5239 666 5301 Dominum,
693 5234 954 5289 diaconus
980 5230 1267 5292 acclamat,
1286 5229 1403 5299 ipse
1426 5227 1705 5297 praedicat,

153 5323 239 5391 ipse
274 5330 542 5397 hortatur,
574 5330 690 5399 ipse
729 5332 1039 5381 commonet
1082 5322 1384 5376 astantibus
1411 5319 1712 5375 sacerdoti-

153 5416 244 5485 bus,
271 5439 333 5478 ne
358 5424 559 5479 leviter
587 5421 728 5476 hanc
753 5432 965 5481 vocem,
997 5431 1119 5486 qua:
1146 5414 1409 5485 loquitur,
1439 5421 1496 5468 et
1519 5427 1707 5482 pacem

155 5520 422 5583 annuntiat,
459 5524 558 5570 aut
610 5516 949 5585 negligenter
993 5510 1251 5579 aSpicias,
1303 5517 1397 5562 aut
1447 5507 1705 5563 condem-

156 5608 347 5663 nandam
373 5617 554 5679 putes.
576 5606 785 5663 Sufﬁcit
807 5606 931 5660 huic
962 5604 1136 5659 ordini
1163 5610 1369 5657 tantum
1402 5615 1495 5671 per
1528 5601 1709 5655 Domi-

160 5716 255 5753 num
324 5702 491 5758 fuisse
548 5715 896 5767 concessum,
951 5708 1011 5753 ut.
1063 5713 1169 5752 non
1237 5696 1389 5752 solus
1454 5694 1711 5751 sacerdos

160 5810 197 5845 In
226 5798 418 5869 templo
457 5807 629 5855 totum
678 5811 842 5866 agerc
888 5803 941 5851 ct
992 5794 1218 5865 implere
1259 5793 1524 5850 videatur.
1579 5791 1713 5863 Eget

1787 1872 2008 1931 propter
2037 1861 2319 1915 Dominum
2344 1860 2554 1916 servire
2587 1860 2860 1929 jubeatur.
2904 1858 2981 1913 De
3030 1856 3232 1912 Levitis
3278 1871 3372 1911 au-

1789 1963 1897 2010 tem
1938 1953 2180 2009 decimas
2209 1953 2541 2008 decimarum
2586 1951 2861 2021 accipiunt
2892 1949 3229 2012 sacerdotes,
3270 1962 3372 2004 nec

1786 2050 1918 2106 dare
1946 2050 2096 2118 ipsis,
2128 2049 2220 2104 sed
2252 2050 2501 2119 accipere
2532 2047 2879 2101 mandantur.
2911 2044 3067 2100 Nunc
3094 2055 3276 2099 autem
3302 2058 3371 2098 ex

1787 2158 1895 2213 quo
1950 2140 2002 2195 in
2052 2138 2309 2195 Ecclesiis
2357 2139 2497 2194 sicut
2543 2138 2595 2192 in
2648 2138 2894 2191 Romano
2942 2135 3178 2204 imperio
3207 2134 3379 2189 crevit

1787 2233 2032 2299 avaritia,
2062 2234 2211 2302 periit
2244 2232 2327 2286 lex
2352 2231 2416 2285 de
2459 2230 2739 2295 sacerdote,
2782 2238 2830 2285 ct
2857 2228 2984 2283 visio
3005 2228 3068 2282 de
3097 2227 3367 2300 propheta.

1788 2328 1995 2398 Singuli
2052 2325 2252 2396 quique
2298 2340 2394 2396 pro
2446 2324 2679 2394 potentia
2737 2321 3063 2394 episcopalis
3114 2319 3372 2386 nominis,

1788 2437 1947 2490 quam
1976 2418 2081 2475 sibi
2113 2420 2211 2489 ipsi
2235 2418 2427 2473 illicite
2447 2419 2649 2489 absque
2678 2417 2917 2473 Ecclesia
2942 2414 3374 2481 vindicaverunt,

1788 2524 1959 2569 totum
1992 2512 2134 2584 quod
2179 2511 2490 2567 Levitarum
2522 2521 2626 2577 est,
2662 2512 2714 2565 in
2751 2524 2881 2565 usus
2913 2523 3043 2564 suos
3077 2506 3329 2579 redigunt
3358 2524 3372 2561 :

1791 2623 1890 2662 nec
1932 2607 2033 2661 hoc
2062 2606 2163 2659 sibi
2194 2604 2334 2674 quod
2363 2605 2622 2673 scriptum
2665 2611 2748 2658 est
2776 2601 3074 2669 vindicant,
3108 2599 3205 2657 sed
3244 2615 3379 2655 cun-

1789 2701 1892 2754 ctis
1942 2699 2191 2753 auferunt
2222 2698 2494 2753 universa.
2541 2696 2811 2752 Mendicat
2841 2695 3028 2751 infelix
3064 2692 3292 2749 clericus
3321 2695 3376 2749 in

1793 2795 2007 2863 plateis,
2041 2803 2096 2849 et
2115 2793 2261 2847 civili
2286 2807 2452 2861 opere
2484 2791 2839 2861 mancipatus,
2876 2789 3145 2859 publicam
3182 2803 3211 2842 a
3241 2802 3377 2855 quo-

1792 2886 1923 2941 libet
1947 2884 2191 2954 deposcit
2229 2884 2538 2939 alimoniam
2568 2898 2581 2936 :
2615 2891 2669 2936 et
2696 2881 2913 2953 quidem
2957 2896 3022 2934 ex
3051 2894 3118 2934 co
3142 2879 3376 2947 despici-

1792 2987 1879 3033 tur
1903 2993 1932 3032 a
1954 2976 2161 3033 cunctis
2190 2975 2529 3031 sacerdotale
2560 2974 2822 3040 officium,
2855 2975 2981 3028 dum
3008 2970 3376 3027 misericordia

1796 3074 2086 3141 desolatus,
2114 3074 2258 3142 juste
2306 3080 2521 3142 putatur
2549 3070 2616 3125 ad
2663 3070 2801 3124 hanc
2836 3067 3185 3138 ignominiam
3213 3067 3379 3122 devc-

1795 3164 1960 3220 nisse.
1995 3165 2125 3235 Eget
2155 3163 2208 3218 in
2233 3163 2363 3219 sede
2400 3163 2706 3235 presbyter,
2748 3162 2800 3216 in
2824 3161 2980 3218 altari
3002 3158 3182 3228 levita,
3211 3159 3263 3213 in
3295 3173 3382 3213 sc-

1794 3258 2028 3315 cretario
2053 3258 2445 3322 subdiaconus,
2474 3256 2527 3310 in
2576 3256 2809 3312 lectione
2842 3255 3032 3320 lector,
3075 3261 3131 3307 et
3158 3252 3209 3307 in
3244 3261 3381 3306 tem-

1797 3352 1885 3421 plo
1926 3351 2197 3415 ostiarius,
2240 3351 2291 3404 in
2358 3349 2643 3418 sepultura
2694 3347 2955 3402 fossarins
3001 3363 3015 3399 :
3075 3345 3381 3400 moriuntur

1794 3443 1959 3509 fame,
2006 3442 2096 3513 qui
2126 3444 2261 3497 alios
2285 3442 2519 3510 sepelire
2548 3440 2873 3495 mandantur
2908 3457 2923 3494 :
2965 3446 3197 3508 poscunt
3217 3436 3382 3492 mise-

1797 3536 2113 3603 ricordiam,
2147 3536 2237 3605 qui
2265 3534 2512 3589 misereri
2560 3533 2683 3587 aliis
2711 3540 2835 3593 sunt
2859 3531 3136 3602 praecepti.
3168 3530 3233 3583 Et
3255 3528 3384 3583 dum

1797 3630 1897 3685 ista
1923 3631 2077 3693 ﬁunt,
2110 3629 2370 3683 sacerdos
2400 3628 2490 3697 qui
2537 3626 2637 3681 hoc
2671 3641 2779 3681 non
2814 3624 3023 3689 fecerit,
3052 3621 3385 3678 condemna-

1799 3734 1906 3778 tur.
1949 3722 2110 3776 Solus
2141 3720 2360 3776 incubat
2386 3720 2609 3783 divitiis,
2652 3718 2801 3774 solus
2844 3717 3149 3772 ministerio
3193 3714 3384 3779 utitur,

1799 3817 1947 3872 solus
2001 3818 2253 3871 universa
2292 3817 2395 3870 sibi
2446 3815 2706 3878 vindicat,
2750 3812 2901 3867 solus
2948 3819 3129 3881 partes
3182 3806 3389 3862 invadit

1800 3908 2027 3975 alienas,
2070 3908 2221 3962 solus
2252 3907 2453 3962 occidit
2479 3906 2781 3959 universos.
2826 3902 2956 3957 Nam
3004 3901 3046 3955 si
3090 3898 3386 3955 secundum

1800 4000 2015 4055 divinos
2061 4000 2228 4053 libros
2265 3998 2447 4052 omnia
2481 3996 2788 4051 faceremus
2824 4010 2838 4047 :
2883 4007 2983 4048 nec
3019 3992 3210 4047 deesse
3235 3987 3389 4060 quid-

1802 4108 1962 4163 quam
2000 4090 2289 4146 visibiliter
2336 4098 2551 4160 poterat
2578 4087 2814 4152 cunctis,
2858 4094 2916 4142 et
2959 4084 3072 4140 sola
3100 4085 3153 4138 in
3190 4081 3390 4138 Christi

1804 4186 2043 4241 Ecclesia
2079 4184 2341 4239 sanctitas
2372 4182 2688 4237 abundaret.
2721 4180 2858 4235 llinc
2887 4187 3111 4248 propter
3141 4174 3394 4231 sacerdo-

1805 4288 1916 4334 tum
1939 4278 2222 4334 avaritiam
2254 4276 2377 4331 odia
2411 4285 2762 4344 consurgunt,
2798 4273 2927 4328 hinc
2961 4269 3201 4340 episcopi
3237 4283 3397 4324 accn-

1805 4381 1994 4429 santur
2027 4389 2057 4428 a
2084 4373 2320 4438 clericis,
2346 4372 2472 4426 hinc
2499 4370 2809 4440 principum
2846 4368 2991 4431 lites,
3032 4365 3156 4419 hinc
3180 4362 3398 4417 desola-

1808 4470 2012 4523 tionum
2074 4482 2252 4522 caus:e
2287 4507 2302 4531 ,
2358 4465 2485 4519 hinc
2538 4465 2691 4533 origo
2740 4461 3006 4515 criminis.
3070 4456 3282 4513 Etenim
3349 4454 3398 4509 si

1809 4560 2193 4631 unusquisque,
2229 4560 2300 4613 ita
2334 4558 2477 4612 hunc
2519 4556 2777 4610 mundum
2800 4552 3092 4609 visibiliter
3119 4548 3398 4621 possidere

1809 4654 2123 4716 mandatur,
2165 4664 2219 4706 at
2243 4668 2339 4706 sua
2373 4660 2582 4705 tantum
2617 4649 2957 4719 possessione
2986 4655 3277 4702 contentus
3305 4644 3401 4710 sit,

1808 4764 1871 4803 ac
1902 4763 1995 4803 res
2021 4762 2130 4801 non
2161 4746 2382 4801 invadat
2408 4745 2619 4799 alienas
2645 4761 2658 4797 :
2695 4759 2801 4796 non
2832 4757 3020 4812 agrum
3053 4740 3274 4812 pauperi
3302 4737 3403 4793 tol-

1817 4841 1915 4907 lat,
1948 4857 2053 4895 non
2082 4839 2315 4903 vineam,
2352 4853 2458 4892 non
2504 4836 2872 4905 subjectorum
2901 4833 3145 4903 aliquod,
3179 4847 3287 4888 non
3328 4830 3407 4886 fa-

1811 4934 2006 4997 mulos,
2041 4948 2148 4987 non
2179 4933 2390 4987 fructus
2421 4949 2434 4985 :
2469 4939 2670 5001 quanto
2701 4929 2870 4999 magis
2900 4929 2990 4997 qui
3025 4925 3282 4981 Ecclesia:
3306 4923 3401 4979 Dei

1812 5035 2030 5097 praeest,
2063 5025 2225 5080 debet
2267 5024 2337 5079 ita
2372 5025 2427 5079 in
2467 5022 2717 5078 omnibus
2763 5035 2983 5076 servare
3027 5018 3318 5088 justitiam,
3349 5025 3409 5071 ut

1806 5120 1909 5175 sibi
1947 5119 2050 5175 hoc
2100 5125 2305 5173 tantum
2343 5118 2583 5172 vindicet
2631 5114 2777 5186 quod
2821 5114 2905 5169 sui
2946 5113 3088 5182 juris
3136 5126 3260 5168 esse
3308 5125 3403 5166 co-

1809 5216 2057 5285 guoscit!
2105 5214 2295 5269 Aliena
2332 5229 2438 5266 non
2474 5212 2791 5281 contingat,
2834 5208 3013 5263 aliena
3051 5222 3158 5263 non
3208 5206 3405 5275 rapiat,

1810 5308 2070 5379 aequalem
2104 5322 2164 5361 se
2190 5307 2405 5362 casteris
2452 5306 2613 5360 faciat
2646 5321 2659 5356 :
2689 5312 2743 5357 et
2766 5302 2908 5357 sicut
2939 5302 3059 5357 sine
3089 5302 3172 5356 his
3203 5302 3256 5356 in
3300 5298 3405 5354 Ec-

1812 5404 1980 5459 clesia
2006 5418 2111 5455 non
2144 5400 2267 5462 fuit.
2305 5400 2377 5454 ita
2410 5408 2467 5455 et
2490 5401 2610 5453 sine
2634 5397 2720 5451 his
2746 5398 2799 5451 in
2832 5396 3091 5452 Ecclesia:
3119 5392 3405 5450 ministerii

1813 5496 2215 5566 dispensatione
2263 5509 2369 5548 non
2418 5492 2583 5547 vivat.
2623 5491 2808 5557 Certe,
2844 5500 2900 5546 ut
2953 5491 3066 5558 ipse
3099 5486 3261 5546 nosti.
3313 5483 3403 5553 qui

1813 5589 2099 5645 visibiliter
2124 5589 2176 5643 in
2206 5586 2307 5641 hoc
2349 5586 2553 5642 mundo
2577 5585 2666 5654 jus
2697 5585 2905 5640 invadit
2934 5584 3195 5647 alienum,
3242 5596 3402 5635 accu-

1813 5700 1962 5747 satur
2000 5706 2028 5745 a
2078 5704 2337 5761 paupere,
2368 5689 2658 5745 damnatur
2702 5705 2730 5741 a
2770 5686 2952 5755 judice
2984 5700 2997 5737 :
3029 5684 3098 5735 ita
3127 5692 3180 5736 et
3222 5680 3277 5736 in
3312 5680 3409 5737 Ec-

1814 5788 1978 5843 clesia
2013 5785 2106 5840 Dei
2153 5800 2272 5840 cum
2318 5781 2689 5853 unusquisque
2740 5775 3010 5849 stipendia
3059 5788 3157 5830 sua
3210 5774 3403 5846 perdit,
