3926 6290
547 362 652 421 155

1564 356 1624 415 S.
1666 355 2051 415 HIERONYMI
2088 355 2374 415 OPERUM
2411 356 2776 418 MANTISSA.
3677 368 3762 426 l56

545 479 746 536 clamat
781 477 849 534 ad
880 478 1069 542 Deum.
1099 474 1386 533 exauditur
1426 489 1454 530 a
1482 473 1723 545 Christo,
1756 489 1857 531 nec
1884 474 2133 531 diﬂ'ertur
2160 475 2213 537 Α
2235 473 2443 543 firmos,
2474 490 2759 545 orare'pro
2785 474 3058 541 invalidis,
3096 482 3261 546 atque
3295 477 3466 533 omnia
3499 479 3583 537 Dei
3612 496 3759 540 sacra-

554 572 607 629 in
650 572 750 627 hac
790 582 943 643 parte
988 570 1209 626 ultionis
1252 567 1547 635 sententia,
1598 569 1644 623 si
1687 583 1791 623 nou
1835 567 2137 623 redduntur

548 666 822 722 universa.
863 664 1163 720 Moderatio
1205 664 1349 718 enim
1404 664 1540 728 Dei,
1585 679 1795 734 preces,
1850 679 1913 720 ac
1961 664 2132 719 solum

549 768 794 817 nostrum
823 759 1054 813 reditum
1076 758 1291 829 quaerit,
1331 772 1395 812 ac
1424 771 1522 811 nos
1542 758 1737 827 quaerit
1764 772 1858 811 sua
1892 758 2136 813 bonitate

546 854 778 907 salvare.
832 850 938 906 Sed
981 852 1024 905 si
1054 865 1160 905 non
1183 849 1576 915 convertimur,
1603 849 1647 903 si
1689 849 1811 903 duri
1848 850 2012 905 corde
2041 866 2133 905 su-

547 959 691 1012 mus,
722 944 766 998 si
816 943 869 999 in
906 944 1146 1014 peccatis
1175 956 1344 1012 usque
1369 942 1435 996 ad
1465 942 1694 997 mortem
1724 941 1912 998 illicite
1938 943 2139 1014 perdu-

546 1054 731 1095 ramus
753 1054 773 1094 :
804 1038 1024 1093 Assidue
1069 1038 1333 1109 peccanti,
1370 1038 1510 1091 sicut
1540 1036 1799 1107 scriptum
1841 1046 1959 1104 est,
1999 1036 2135 1092 Deus

544 1149 651 1187 non
680 1133 974 1186 miseretur.

622 1225 710 1282 VI.
755 1225 836 1281 De
890 1232 1035 1280 sexto
1095 1223 1263 1297 gradu
1320 1222 1599 1287 Ecclesite,
1648 1224 1736 1291 qui
1799 1223 2137 1279 Sacerdotum

546 1324 677 1377 ordo
712 1332 807 1377 est.
830 1320 1116 1377 -—Sextus
1144 1320 1419 1375 seniorum
1450 1318 1586 1373 ordo
1629 1327 1713 1373 est
1746 1319 1836 1389 qui
1877 1318 2136 1374 sacerdo-

544 1416 689 1471 tibus
724 1416 903 1479 datur,
954 1414 1045 1484 qui
1086 1412 1391 1483 presbyteri
1436 1410 1730 1479 dicuntur,
1763 1412 1852 1480 qui
1900 1420 2139 1479 praesunt

546 1508 808 1564 Ecclesiae
855 1507 967 1569 Dei,
1002 1516 1056 1561 et
1090 1504 1293 1560 Christi
1336 1512 1681 1560 sacramenta
1712 1502 2030 1560 conficiunt.
2074 1507 2135 1561 lli

544 1610 727 1655 autem
772 1598 824 1653 iu
865 1596 1246 1653 benedictione
1272 1612 1393 1651 cum
1420 1595 1695 1666 episcopis
1720 1603 2000 1651 consortes
2033 1598 2136 1651 mi-

544 1692 892 1747 nisteriorum
957 1699 1112 1744 sunt.
1180 1687 1337 1743 Nulla
1388 1687 1440 1741 in
1514 1684 1854 1742 coniicieitdo
1908 1701 2138 1758 corpore

544 1786 746 1841 Christi
780 1800 846 1840 ac
874 1784 1138 1855 sanguine
1169 1783 1312 1837 inter
1341 1796 1433 1837 eos
1461 1791 1516 1835 et
1551 1781 1837 1852 episcopos
1866 1779 2134 1836 credenda

2237 578 2420 624 menta
2462 572 2759 640 complere,
2810 569 3110 639 praesertim
3156 584 3278 624 cum
3324 572 3375 627 in
3419 571 3625 630 Oriente
3666 592 3766 634 eam

2236 666 2681 721 consuetudinem
2710 675 2766 721 et
2809 664 2863 720 in
2895 665 3134 736 Illyrico,
3163 674 3219 720 et
3258 665 3309 719 in
3346 665 3510 730 Italia.
3544 677 3687 741 atque
3722 676 3767 729 in

2236 758 2415 812 Africa
2462 758 2713 812 omnibus
2754 758 2807 812 in
2839 758 3010 825 locis,
3067 758 3399 827 temporibus
3444 764 3767 830 apostolorum

2237 850 2406 907 fuisse
2433 851 2773 907 uianil'estum
2805 852 2897 906 sit.
2938 852 3019 907 Ac
3046 851 3164 906 sola
3193 859 3419 921 propter
3443 855 3770 914 auctoritatem

2238 960 2451 1000 summo
2484 944 2753 1002 sacerdoti
2780 943 3105 999 clericorum
3146 944 3435 1011 ordinatio,
3464 955 3517 1000 et
3539 946 3773 1017 virginum

2237 1038 2576 1093 consecratio
2617 1046 2899 1093 reservata
2928 1038 3019 1103 sit,
3068 1050 3192 1091 cum
3221 1035 3477 1101 basilica,
3522 1037 3692 1093 altaris
3732 1050 3775 1097 et

2236 1130 2550 1184 chrismatis
2568 1129 2935 1195 dedicatione,
2952 1129 3039 1184 vel
3061 1127 3508 1194 sanctificatione,
3528 1144 3591 1185 ne
3614 1146 3641 1185 a
3662 1133 3778 1187 mul-

2238 1224 2309 1277 tis
2335 1222 2614 1293 disciplina
2655 1222 2909 1277 Ecclesia:
2943 1219 3216 1277 vindicata
3249 1221 3588 1277 concordiam
3629 1236 3783 1280 sacer-

2238 1316 2425 1372 dotum
2454 1317 2711 1384 solveret,
2755 1314 3012 1371 scandala
3043 1325 3350 1386 generaret.
3380 1314 3599 1385 Propter
3629 1315 3719 1372 hoc
3738 1327 3784 1373 et

2240 1424 2413 1480 nuper
2429 1410 2751 1479 episcopalis
2781 1407 2982 1463 electio
3003 1408 3069 1463 ad
3095 1407 3568 1477 metrOpolitanum
3592 1409 3782 1466 remissa

2240 1514 2323 1558 est
2356 1520 2369 1556 :
2402 1514 2601 1558 etcum
2644 1504 2772 1557 huic
2820 1516 3030 1557 summa
3061 1502 3221 1557 datur
3261 1511 3518 1570 potestas,
3560 1503 3671 1558 aliis
3694 1502 3786 1559 adi-

2241 1598 2405 1652 mitur
2451 1598 2567 1652 btrc
2596 1596 2847 1664 facultas,
2866 1604 2920 1653 et
2943 1595 3208 1667 incipiunt
3234 1596 3399 1651 etiam
3421 1596 3608 1652 summi
3639 1610 3787 1653 sacer-

2240 1690 2397 1746 dotes
2418 1691 2551 1761 pati,
2572 1705 2680 1745 nou
2711 1704 2782 1746 ex
2808 1690 2953 1759 jure,
2974 1688 3071 1744 sed
3100 1700 3164 1745 ex
3196 1689 3521 1745 necessitate
3546 1690 3698 1744 stium
3720 1704 3788 1746 ss-

2240 1782 2535 1838 ccrdotem.
2590 1781 2760 1837 Nemo
2793 1780 2923 1837 hinc
2969 1781 3358 1852 episcoporum
3404 1780 3601 1837 invidia
3634 1780 3792 1836 diabo-

544 1876 800 1933 distautia
820 1883 1006 1931 est:et
1027 1871 1547 1943 Eucharistiamjam
1569 1871 1771 1942 pridem
1796 1886 1891 1941 per
1913 1873 2136 1945 presby-
2166 1868 2216 1931 B
2242 1876 2362 1931 lica:
2419 1875 2729 1931 tentationis
2799 1874 3018 1930 inﬂatus
3074 1874 3334 1930 irascitur
3381 1875 3436 1930 iu
3486 1873 3714 1943 templo,
3756 1873 3791 1927 si

547 1978 694 2025 teros
721 1966 1088 2033 benedictam,
1114 1967 1163 2020 si
1190 1980 1317 2020 usus
1337 1968 1599 2035 exegerit,
1630 1964 1870 2034 episcopi
1890 1965 2139 2036 accipere

452 2072 455 2073 '
546 2061 770 2131 debent,
803 2075 865 2141 ac
889 2074 950 2116 se
976 2058 1221 2125 Christo,
1259 2074 1323 2113 ac
1353 2057 1676 2128 plenitudini
1698 2057 1817 2126 ejus
1838 2060 2140 2113 communi—

547 2167 676 2209 care
704 2165 1055 2223 cognoscere.
1094 2150 1227 2204 Natu
1269 2152 1315 2203 si
1349 2149 1469 2219 quis
1499 2148 1565 2202 ad
1600 2148 1851 2217 injuriam
1893 2160 2137 2215 revocet,

545 2255 641 2300 aut
682 2253 832 2317 putet
878 2259 939 2300 se
995 2244 1246 2313 accipere
1298 2258 1402 2297 non
1452 2242 1651 2297 debere
1706 2240 2136 2310 Eucharistiam,

545 2354 708 2409 quam
758 2339 1045 2411 presbyter
1081 2335 1357 2391 benedixit
1408 2353 1421 2387 :
1472 2335 1517 2388 is
1555 2332 1801 2403 proiecto
1853 2349 2140 2404 perversos

544 2440 654 2497 est,
687 2430 919 2485 credens
949 2428 1236 2485 Dominum
1257 2426 1365 2479 duo
1392 2439 1621 2494 corpora
1646 2425 1902 2480 habuisse
1930 2442 1943 2479 :
1974 2441 2139 2480 unum

547 2524 746 2594 majus,
775 2533 829 2579 et
876 2538 1040 2577 unum
1074 2521 1275 2576 minus.
1305 2520 1476 2587 Majas
1506 2518 1650 2590 quod
1680 2520 1970 2589 episcopus
2006 2535 2139 2573 con-

548 2620 663 2673 ficit
692 2635 705 2671 :
738 2618 881 2687 quod
912 2616 1217 2687 presbyter,
1253 2615 1449 2668 minus.
1486 2614 1583 2667 llic
1618 2612 1889 2668 Christum
1924 2613 2139 2678 dividit,

547 2712 709 2780 eique
734 2708 865 2763 facit
895 2708 1172 2777 injuriam.
1201 2707 1341 2777 Ergo
1373 2706 1514 2761 inter
1537 2705 1866 2774 baptismum
1888 2716 1942 2761 et
1967 2706 2141 2775 bapti-

548 2819 725 2859 smum
756 2814 934 2875 potest
969 2817 1093 2857 esse
1142 2800 1423 2863 distantia,
1458 2809 1515 2852 ut
1559 2800 1801 2854 sanctior
1839 2798 2139 2867 judicetur,

550 2913 710 2969 quem
740 2895 1035 2967 baptizavit
1072 2896 1381 2965 episcopus,
1433 2908 1592 2963 quam
1631 2892 1678 2948 is
1717 2908 1878 2963 quem
1906 2891 2094 2947 Levita
2126 2910 2138 2946 :

552 2994 693 3047 sicut
735 2992 790 3046 iu
841 2989 1066 3045 Actibus
1111 2987 1485 3059 apostolorum
1538 2986 1692 3056 legis,
1754 2987 2062 3042 eunuchum
2112 3006 2140 3043 a

553 3085 805 3154 Philippo
826 3083 1058 3138 diacono
1082 3082 1409 3151 baptizatum
1437 3080 1622 3147 fuisse,
1645 3090 1704 3135 ut
1725 3082 1985 3151 scriptum
2013 3094 2099 3137 est
2127 3102 2140 3137 :

554 3181 688 3236 Ecce
713 3198 870 3253 aqua,
902 3181 1015 3247 quis
1060 3178 1293 3251 prohibet
1320 3196 1399 3234 me
1445 3179 1743 3251 baptizari?
1792 3182 1857 3235 Et
1903 3182 1994 3236 ille
2023 3182 2095 3236 ait
2126 3201 2139 3236 :

2239 1968 2537 2041 presbyteri
2564 1968 2833 2024 interdum
2862 1968 3217 2025 cxhortentur
3237 1967 3480 2039 plebem,
3501 1968 3546 2023 si
3574 1968 3623 2023 in
3647 1968 3791 2023 eccle-

2240 2061 2335 2116 siis
2357 2060 2675 2130 prtedicent,
2708 2061 2750 2115 si
2784 2060 3055 2131 plebibus,
3083 2070 3142 2116 ut
3179 2062 3443 2131 scriptum
3470 2070 3571 2126 est,
3612 2060 3795 2115 benedic

2238 2163 2404 2208 eaut:
2441 2154 2641 2208 etenim
2672 2153 2929 2208 abnuenti
2963 2153 3092 2208 mihi
3136 2154 3237 2209 ista
3268 2156 3349 2210 sic
3370 2155 3567 2219 dicam,
3597 2156 3683 2224 qui
3713 2169 3796 2207 nou

2240 2247 2357 2300 vult
2391 2247 2737 2317 presbyteros
2778 2244 2960 2301 facere
2985 2263 3106 2317 quae
3129 2247 3396 2316 jubeutur
3437 2262 3468 2300 a
3501 2248 3627 2309 Deo,
3663 2247 3796 2309 dicat,

2240 2340 2361 2409 quis
2390 2337 2560 2407 major
2597 2347 2683 2393 est
2722 2336 2985 2393 Christo?
3022 2349 3114 2394 aut
3151 2339 3280 2409 quid
3314 2339 3537 2409 corpori
3566 2339 3696 2407 ejus,
3730 2350 3804 2391 aut

2241 2432 2487 2501 sanguini
2535 2431 2731 2501 poterit
2776 2434 3077 2502 anteponi?
3125 2433 3179 2489 Si
3227 2433 3517 2505 presbyter
3559 2432 3800 2487 Christum

2242 2535 2545 2589 consecrat,
2570 2541 2692 2580 cum
2723 2526 2774 2580 in
2802 2526 2993 2581 altario
3020 2527 3113 2582 Dei
3147 2539 3500 2584 sacramenta
3528 2528 3803 2584 benedicit:

2245 2618 2567 2673 benedicere
2608 2620 2811 2689 populo
2844 2635 2951 2674 non
2995 2619 3187 2687 debet,
3234 2621 3327 2689 qui
3357 2620 3631 2677 Christum
3673 2618 3804 2674 etiam

2244 2710 2440 2765 meruit
2460 2711 2820 2766 consecrare?
2856 2711 3100 2782 Virgines
3122 2713 3286 2767 etiam
3310 2714 3431 2780 Dei,
3460 2713 3590 2769 licet
3614 2713 3810 2782 Aposto-

2245 2802 2330 2856 lus
2354 2802 2498 2857 dieat
2530 2821 2543 2855 :
2573 2800 2654 2856 De
2679 2804 2963 2875 virginibus
2995 2817 3309 2874 praeceptum
3352 2806 3569 2860 Domini
3599 2823 3697 2859 non
3736 2805 3811 2857 ha-

2245 2895 2337 2949 beo
2365 2893 2409 2965 (ι
2435 2893 2553 2949 Cor.
2600 2911 2697 2957 vu,
2728 2898 2822 2967 25)
2858 2913 2869 2924 ·
2905 2905 3084 2952 tamen
3118 2898 3220 2954 hoc
3246 2898 3469 2954 ratione
3516 2898 3752 2963 faciente,
3778 2895 3814 2948 si

2247 3004 2377 3043 usus
2406 2989 2669 3059 exegerit,
2697 3004 2792 3058 per
2813 3005 2939 3046 eum
2970 2992 3241 3062 benedici,
3272 2994 3320 3049 si
3344 3007 3578 3050 necesse
3600 3002 3696 3057 est,
3724 3005 3815 3046 ma-

2247 3080 2501 3137 nifestum
2531 3093 2620 3136 est
2654 3100 2666 3135 :
2692 3083 2812 3153 quia
2844 3083 3004 3138 Maria
3034 3096 3207 3141 mater
3236 3086 3459 3142 Domini
3495 3084 3720 3150 Christi,
3747 3097 3817 3138 so-

2249 3190 2339 3229 ror
2387 3182 2469 3229 est
2502 3174 2791 3245 virginum,
2847 3187 2902 3231 et
2949 3176 3291 3234 Eucharistia
3337 3176 3551 3235 Christi
3598 3187 3678 3233 est
3713 3190 3816 3233 cor-

553 3275 711 3343 nihil,
742 3252 787 3330 si
812 3278 979 3330 credis
1002 3278 1140 3346 (Act.
1174 3290 1291 3341 vni,
1324 3278 1379 3340 5,
1411 3278 1491 3344 ti).
1535 3274 1696 3330 Fides
1727 3280 1873 3329 enim
1910 3285 1996 3330 est
2023 3292 2142 3346 qua:
2168 3252 2215 3315 (ἶ
2250 3284 2369 3338 pus,
2408 3278 2462 3324 et
2501 3272 2677 3325 minor
2710 3271 2879 3327 Maria
2924 3288 3084 3342 quam
3134 3274 3406 3330 Dominus
3452 3292 3466 3329 :
3510 3283 3688 3330 tamen
3719 3286 3818 3327 cre-

553 3367 685 3424 facit
715 3368 973 3423 mundum
1007 3384 1021 3423 :
1054 3379 1110 3423 et
1137 3367 1256 3438 qui:
1283 3382 1388 3423 non
1421 3378 1504 3423 est
1526 3369 1719 3434 dantis,
1754 3370 1849 3423 sed
1873 3370 2143 3439 accipien-

557 3460 627 3514 tis
661 3476 674 3513 :
708 3462 781 3515 ita
812 3461 1146 3515 credendum
1183 3469 1268 3515 est
1307 3461 1357 3515 iu
1394 3461 1541 3514 omni
1588 3461 1767 3515 anima
1816 3461 2143 3531 baptismum

556 3568 680 3609 esse
710 3555 1023 3622 perfectura,
1057 3563 1113 3608 et
1140 3555 1191 3607 iu
1222 3552 1373 3606 omni
1400 3556 1683 3608 sacerdote
1718 3569 1916 3623 corpus
1939 3554 2143 3609 Christi

554 3662 677 3701 esse
708 3648 1027 3717 perlectum.
1080 3648 1184 3715 Qui
1226 3663 1334 3702 nou
1378 3649 1741 3702 communicat
1792 3648 2145 3703 Eucharistite

556 3742 1025 3811 presbyterorum,
1057 3756 1163 3794 non
1191 3742 1556 3793 communicat
1588 3738 1808 3795 Christo
1838 3758 1852 3794 :
1898 3756 2002 3796 uec
2033 3741 2144 3795 Eu-

556 3832 873 3888 charistiam
904 3832 1020 3904 ipse
1046 3833 1339 3895 benedicit,
1371 3831 1497 3902 quia
1528 3834 1579 3885 in
1606 3847 1673 3887 eo
1697 3836 1746 3886 iu
1782 3848 1891 3903 quo
1912 3833 2143 3903 judicat,

555 3926 975 3995 condemnatur,
1008 3933 1171 3996 atque
1200 3929 1252 3981 in
1285 3926 1697 3981 similitudinem
1733 3925 1884 3981 Judzn
1916 3926 2145 3981 tradito-

555 4022 634 4076 ris
678 4021 895 4075 tradens
929 4020 1237 4085 Dominum,
1282 4020 1436 4074 nullo
1467 4027 1717 4090 cogente,
1756 4020 1878 4088 ipse
1908 4019 2013 4073 sibi
2058 4020 2141 4074 iu-

556 4116 661 4170 fert
693 4128 882 4168 manus
914 4128 977 4167 ac
1015 4114 1313 4183 suspendio
1336 4114 1497 4184 perit,
1524 4115 1648 4184 quia
1673 4114 1929 4184 superbia
1958 4124 2143 4184 peccat

556 4208 611 4261 iu
644 4206 834 4261 Deum.
867 4204 976 4260 Nec
1002 4220 1103 4276 ego
1132 4206 1254 4260 dico
1294 4206 1655 4276 pratscutibus
1688 4207 1958 4275 episcopis
1981 4216 2146 4277 atque

556 4302 858 4356 astantibus
876 4302 1056 4368 altari,
1091 4301 1442 4371 presbyteros
1468 4316 1627 4371 posse
1655 4310 1991 4355 sacramenta
2015 4314 2147 4355 cou-

559 4396 744 4451 ficere.
788 4395 893 4451 Sed
936 4395 982 4449 si
1011 4396 1151 4449 forte
1182 4410 1311 4449 usus
1342 4398 1611 4464 exegerit,
1661 4404 1720 4449 ut
1766 4393 2050 4449 venientes
2076 4394 2145 4448 ad

555 4491 845 4548 ecclesiam
878 4490 1191 4546 sacerdotes
1216 4490 1422 4544 eisdem
1453 4488 1626 4552 horis.
1657 4487 1851 4559 quibus
1878 4496 1974 4542 aut
1992 4488 2147 4543 obla-

555 4587 632 4641 tio
665 4595 850 4656 parata
876 4603 979 4640 non
1002 4586 1095 4649 sit,
1127 4594 1218 4639 aut
1241 4600 1344 4639 non
1374 4587 1545 4656 possit
1569 4587 1776 4652 oll'erri,
1806 4602 1910 4641 nou
1942 4588 2141 4643 debere

555 4682 867 4750 episc0pum
909 4678 1199 4748 repudiare
1241 4679 1640 4733 Eucharistiam
1680 4680 2136 4751 presbyterorum,

552 4774 598 4831 si
646 4784 877 4844 ponatur
926 4774 980 4828 in
1015 4774 1212 4837 altari,
1256 4788 1420 4843 quam
1459 4774 1631 4844 accipi
1656 4782 1872 4844 oportet
1919 4784 2141 4843 propter

554 4868 853 4935 Christum,
873 4868 1125 4939 quoniam
1146 4881 1345 4937 corpus
1362 4866 1563 4923 Christi
1585 4876 1690 4932 est,
1714 4869 1857 4924 sicut
1879 4868 2137 4934 scriptum

554 4972 688 5017 est:
734 4960 837 5016 Vos
882 4962 1023 5016 enim
1066 4962 1187 5016 estis
1234 4976 1422 5028 corpus
1474 4960 1667 5015 Christi
1714 4969 1763 5015 et
1809 4960 2034 5014 membra
2076 4975 2140 5013 ea:

556 5063 719 5124 parte.
762 5053 1002 5108 Charitas
1037 5054 1176 5107 enim
1220 5053 1448 5123 cooperit
1478 5052 1865 5107 multitudinem
1901 5062 2139 5124 peccato-

553 5161 669 5200 rum
694 5162 713 5200 :
743 5142 932 5213 Fides,
974 5161 1121 5217 spes,
1152 5146 1408 5210 charitas,
1443 5146 1542 5199 tria
1570 5144 1699 5210 hac,
1741 5148 1910 5216 major
1947 5145 2029 5200 his
2068 5154 2142 5200 est

554 5240 800 5296 charitas.
833 5239 1075 5294 Charitas
1108 5241 1303 5306 patiens
1334 5248 1430 5305 est,
1462 5240 1681 5313 benigna
1720 5248 1814 5305 est,
1840 5258 1940 5293 non
1977 5257 2139 5296 azmu-

555 5334 715 5399 latur,
748 5349 853 5385 non
886 5333 1117 5402 inﬂatur,
1146 5349 1245 5385 non
1277 5348 1543 5403 perperam
1572 5334 1682 5405 agit
1711 5349 1730 5386 .'
1754 5333 1927 5386 omnia
1955 5334 2138 5400 credit,

556 5425 729 5479 omnia
774 5426 1031 5479 sustinet:
1079 5425 1307 5478 charitas
1356 5440 1637 5493 numquam
1680 5426 1868 5479 excidit
1918 5425 1965 5497 (Ι
2017 5425 2138 5482 Cor.

555 5516 698 5582 Xlll,
732 5519 834 5582 15;
866 5517 995 5572 ibid.
1020 5528 1165 5573 Vers.
1192 5519 1225 5572 4
1248 5523 1449 5589 seqq.).
1483 5519 1546 5572 Et
1567 5519 1689 5589 quia
1718 5519 1977 5588 scriptum
2010 5531 2093 5575 est
2122 5538 2135 5573 :

553 5608 852 5681 Presbyteri
866 5610 1066 5677 duplici
1082 5608 1277 5664 honore
1294 5611 1631 5676 hortarentur,
1655 5612 1878 5665 maxime
1896 5613 1987 5680 qui
2004 5613 2144 5666 labo-

553 5712 671 5755 rant
692 5702 745 5754 in
765 5701 914 5756 verbo
935 5699 1197 5771 Domini(l
1218 5699 1356 5755 Tim.
1381 5717 1434 5764 ν.
1460 5702 1548 5765 l7)
1574 5720 1586 5755 :
1612 5703 1911 5770 prmdicare
1937 5719 2032 5759 eos
2050 5704 2147 5759 de-

553 5804 658 5854 cet,
686 5794 820 5846 utile
841 5805 923 5846 est
948 5792 1294 5859 benedicere,
1319 5807 1615 5864 congruum
1638 5797 1987 5861 confirmare,
2009 5813 2143 5853 con-

556 5882 703 5941 venit
722 5883 949 5943 reddere
971 5887 1432 5958 communionem,
1453 5904 1681 5949 necesse
1706 5900 1793 5949 est
1815 5892 2035 5950 visitare
2062 5891 2143 5949 iu-

2247 3365 2485 3419 dendum
2546 3375 2629 3421 est
2693 3367 2889 3421 summi
2954 3368 3257 3424 sacerdotis
3309 3368 3568 3439 judicio,
3629 3376 3682 3424 et
3739 3366 3822 3421 hoc

2246 3459 2555 3515 faciendum
2595 3462 2738 3530 quod
2788 3460 3015 3531 jusserit
3056 3463 3196 3518 circa
3242 3464 3423 3520 laicos
3474 3473 3530 3519 et
3576 3462 3822 3518 mulieres.

2245 3554 2569 3610 lubentibus
2591 3555 2745 3609 vobis
2770 3556 3122 3622 iujustissime
3145 3557 3558 3622 sacerdotibus,
3584 3571 3686 3611 non
3701 3562 3825 3609 recte

2248 3647 2532 3718 presbyter
2562 3646 2659 3701 Dei
2705 3646 3107 3703 benedictionis
3137 3650 3322 3718 perdit
3357 3650 3629 3716 officium,
3658 3646 3828 3703 amittit

2249 3741 2444 3809 linguae
2472 3754 2630 3809 opus,
2687 3756 2790 3795 ttou
2827 3740 2989 3795 habet
3029 3742 3429 3797 confidentiam
3468 3739 3783 3814 prmdicaudi
3816 3754 3827 3791 :

2248 3848 2529 3890 truncatus
2570 3844 2656 3890 est
2698 3837 2845 3889 oumi
2880 3846 3032 3905 parte
3072 3836 3374 3907 virtutum,
3409 3838 3593 3893 solum
3634 3832 3829 3907 presby-

2250 3930 2347 3983 teri
2395 3944 2592 3983 nomen
2640 3929 2822 3995 habet,
2870 3931 3264 3998 plenitudincm
3315 3947 3385 3987 ac
3441 3931 3828 4001 perfectionem,

2246 4037 2367 4091 quae
2394 4024 2787 4077 consecrationi
2812 4024 2930 4091 ejus
2960 4026 3246 4093 competit,
3280 4040 3396 4081 non
3424 4036 3685 4082 retentat.
3725 4022 3833 4089 Quis

2247 4116 2353 4179 hic,
2389 4130 2544 4187 rogo,
2575 4132 2607 4169 ο
2635 4116 2974 4186 sacerdotes,
3012 4118 3190 4173 honor
3215 4130 3407 4175 vester
3436 4130 3547 4183 est,
3578 4128 3636 4174 ut
3664 4120 3833 4173 damna

2246 4212 2496 4282 gregibus
2524 4212 2807 4269 inferatis?
2837 4213 3096 4281 quoniam
3125 4228 3249 4269 cum
3286 4215 3608 4283 pastoribus
3639 4228 3731 4284 per
3753 4224 3833 4281 p0-

2249 4305 2469 4359 tentiam
2499 4316 2737 4360 vestram
2779 4305 3022 4360 aufertur
3055 4307 3167 4362 Deo
3189 4307 3357 4377 digna
3387 4307 3701 4377 diligentia,-
3728 4319 3838 4358 con-

2247 4396 2448 4466 tagium
2472 4396 2740 4465 quoddam
2772 4406 2828 4451 et
2848 4398 3129 4451 calamitas
3153 4401 3356 4453 crescit
3389 4402 3444 4454 in
3476 4398 3728 4471 gregibus
3750 4413 3763 4449 ε
3786 4410 3836 4447 ac

2251 4489 2361 4542 υιοο
2393 4498 2597 4551 uestro,
2644 4504 2747 4543 non
2793 4488 3097 4558 patrimonii
3149 4492 3230 4543 sui
3259 4490 3471 4545 damna
3518 4488 3835 4560 conquiritis,

2256 4580 2379 4634 dum
2416 4580 2519 4634 soli
2555 4580 2723 4634 vultis
2776 4581 2828 4633 in
2879 4580 3136 4635 Ecclesiis
3173 4583 3489 4651 potentari?
3534 4583 3769 4651 Denique
3796 4587 3841 4631 cl

2247 4672 2555 4727 chrismatis
2605 4688 2667 4727 ea
2709 4673 2846 4727 ratio
2896 4683 3001 4738 est,
3050 4682 3211 4742 atque
3251 4672 3346 4728 hic
3401 4675 3545 4729 ordo
3596 4674 3841 4743 legitimus

2244 4763 2621 4830 consecrandi,
2650 4764 2976 4833 baptizatum
3011 4764 3295 4819 Dominum
3322 4776 3379 4820 et
3414 4767 3473 4820 in
3512 4762 3843 4820 similitudine

2244 4860 2508 4914 columine
2540 4858 2589 4913 in
2618 4858 2799 4927 specie
2826 4856 3136 4912 chrismatis
3177 4874 3206 4912 a
3237 4868 3405 4928 patre
3438 4871 3663 4916 unctum
3692 4857 3845 4913 fuisse

2245 4952 2585 5008 manifestum
2642 4959 2754 5019 est,
2808 4968 2870 5006 ae
2929 4950 3205 5021 plenitudo
3246 4955 3623 5018 sacramenti,
3667 4964 3843 5021 corpus

2244 5046 2362 5116 ejus
2400 5053 2457 5101 et
2499 5044 2713 5115 sanguis
2752 5054 3027 5098 ostensus.
3073 5044 3203 5111 Quze
3258 5060 3393 5100 cum
3458 5047 3663 5103 offerre
3712 5044 3845 5107 licet,

2247 5140 2408 5195 etiam
2462 5139 2688 5215 reliqua,
2729 5153 2851 5207 quae
2894 5140 2947 5190 in
2977 5151 3044 5191 eo
3072 5148 3197 5191 sunt
3235 5152 3605 5203 consecrare,
3655 5139 3772 5209 quia
3799 5136 3844 5186 iu

2248 5233 2453 5289 Christo
2498 5233 2661 5286 omnis
2712 5232 2981 5302 plenitudo
3029 5232 3315 5286 divinitatis
3363 5234 3717 5305 corporaliter
3763 5232 3847 5285 ha-

2249 5328 2392 5381 bitat.
2415 5325 2718 5396 Presbyteri
2736 5338 2886 5393 ergo,
2920 5325 2961 5377 si
2988 5339 3208 5378 necesse
3228 5332 3339 5388 est,
3368 5338 3606 5393 possunt
3626 5326 3848 5381 chrisma

2248 5419 2539 5481 coniicere,
2569 5417 2692 5486 quia
2724 5417 2779 5471 in
2810 5430 3040 5485 corpore
3069 5415 3189 5485 ejus
3234 5418 3494 5475 chrisma
3536 5428 3644 5475 est.
3690 5415 3850 5485 Siqui-

2248 5516 2370 5572 dem
2422 5514 2535 5568 bmc
2586 5513 2767 5583 regula
2811 5516 2972 5568 etiam
3012 5528 3153 5568 nunc
3196 5526 3465 5569 servatur
3510 5532 3541 5569 a
3593 5514 3845 5585 plurimis,

2248 5616 2405 5678 atque
2439 5610 2488 5661 in
2513 5607 2758 5662 ecclesiis
2783 5606 2966 5660 multis
2992 5606 3072 5661 sic
3098 5606 3197 5660 ista
3225 5606 3445 5663 faciunt
3472 5628 3488 5664 :
3521 5619 3701 5666 tamen
3728 5620 3848 5663 mete

2249 5702 2353 5757 hoc
2381 5701 2518 5755 scito
2548 5715 2669 5756 esse
2714 5700 3019 5759 sementim,
3052 5699 3185 5753 nulli
3230 5692 3506 5769 episcopo
3544 5719 3709 5772 super
3756 5700 3850 5753 hoc

2246 5793 2498 5863 iujuriam
2524 5806 2647 5847 esse
2674 5792 2995 5857 faciendam,
3036 5807 3135 5847 nec
3164 5792 3345 5861 legem
3378 5810 3410 5849 a
3445 5812 3539 5851 me
3585 5810 3851 5866 Opponcn—

2249 5888 2372 5944 dam
2403 5900 2523 5943 esse
2554 5886 2625 5951 ei,
2655 5883 2747 5954 qui
2773 5883 2857 5939 lex
2887 5893 2968 5941 est
2996 5883 3325 5957 presbyteri.
3366 5885 3452 5941 Ab
3485 5887 3667 5957 initio,
3703 5897 3756 5942 ut
3784 5886 3851 5938 le-
