3926 6290
214 354 297 412 157
920 339 1261 401 EPISTOLA
1298 336 1417 399 XII.
1462 338 1549 396 DE
1588 336 1858 397 SEPTEM
1897 336 2262 397 0RDlNlBUS
2301 338 2678 397 ECCLESIAS.

3351 345 3451 401 158

211 469 379 544 gimus,
402 466 730 537 negoriorum
754 461 966 534 iudices
986 475 1110 516 esse
1133 455 1367 514 mandati
1392 456 1751 528 suntpresby-
1785 458 1839 517 Α
1936 452 2044 509 Vll.
2080 452 2158 509 De
2184 457 2399 527 septimo
2432 463 2480 511 et
2531 457 2789 527 prwcipuo
2838 457 3008 528 gradu
3056 456 3317 526 Ecclesiae,
3365 460 3455 529 qui

211 565 312 630 teri,
337 563 590 616 interesse
628 556 969 614 sacerdotum
997 554 1243 611 consilio.
1276 551 1542 621 Quoniam
1573 561 1625 604 et
1656 549 1758 619 ipsi

210 657 497 727 presbyteri,
545 660 605 705 ut
653 650 897 720 legimus,
930 645 1169 717 episcopi
1219 652 1620 715 nuncupantur,
1671 658 1758 697 se-

208 750 406 804 cundum
451 744 595 816 quod
644 743 902 813 scriptum
934 750 1018 797 est
1055 739 1120 794 ad
1166 737 1347 793 Titum
1390 753 1408 791 :
1458 736 1637 807 Hujus
1682 736 1758 789 rei

207 843 341 912 gratia
380 840 561 909 reliqui
604 847 650 891 te
678 835 842 891 Cretae
872 852 891 891 :
931 844 987 889 ut
1024 851 1085 889 ea
1121 848 1238 905 qua:
1276 831 1460 885 desunt
1505 830 1757 902 corrigas,

207 947 242 989 et
264 934 521 987 constituas
564 946 657 1002 per
685 930 912 984 civitates
940 928 1282 1001 presbyteros,
1322 924 1756 996 quemadmodum

208 1027 390 1099 egotibi
425 1025 661 1096 disposui
682 1022 812 1096 (Tit.
851 1040 891 1089 ι,
934 1023 1013 1090 5),
1046 1032 1102 1077 ει
1154 1030 1370 1076 caetera.
1421 1018 1582 1073 Vides
1630 1032 1756 1089 ergo

209 1118 533 1190 presbyterum
575 1117 893 1188 episcopum
928 1113 1057 1180 dici,
1104 1122 1156 1169 et
1194 1110 1427 1182 apostoli
1454 1109 1611 1165 Pauli
1636 1124 1757 1165 esse

205 1208 528 1265 sententiam?
579 1209 647 1265 Et
692 1207 815 1263 alibi
867 1206 933 1261 ad
982 1204 1324 1261 Timotheum
1381 1201 1449 1258 de
1498 1200 1755 1256 Ecclesia:

211 1305 409 1359 ordine:
459 1301 680 1372 Oportet
741 1301 1039 1372 episcopum
1088 1298 1587 1371 irreprehensibilem
1648 1314 1756 1352 esse

217 1395 366 1463 (lTiin.
400 1409 477 1457 tu,
509 1392 593 1463 2),
626 1402 682 1449 et
720 1404 939 1448 caetera.
972 1391 1135 1447 Vides
1173 1408 1302 1463 ergo
1333 1389 1421 1445 hic
1453 1390 1753 1462 presbyteri

216 1506 294 1544 non
318 1488 409 1544 ﬁeri
452 1487 820 1551 mentionem,
851 1487 946 1542 sed
993 1488 1135 1541 hunc
1174 1501 1297 1541 esse
1340 1483 1539 1550 locum,
1595 1500 1750 1555 quem

209 1584 523 1651 episcopatum
552 1582 751 1637 vocat?
796 1582 863 1637 Et
900 1577 1025 1635 alibi
1058 1580 1125 1637 ad
1171 1579 1514 1635 Timotheum
1547 1581 1754 1650 episco-

206 1692 338 1745 pum:
374 1673 604 1745 Prcecipe
657 1675 769 1729 haec
817 1684 864 1728 et
924 1674 1049 1729 doce
1093 1688 1114 1728 :
1155 1689 1305 1727 nemo
1355 1672 1752 1727 adolescentiam

205 1780 309 1821 tuam
329 1777 637 1835 contemnat,
669 1768 759 1823 sed
785 1768 959 1841 forma
986 1776 1094 1822 esto
1122 1765 1359 1837 ﬁdelium
1410 1765 1465 1818 in
1490 1780 1745 1831 sermone,

1862 549 1989 604 ordo
2031 549 2380 624 Episcopalis,
2422 568 2511 605 seu
2558 548 2928 624 Episc0porum
2954 562 3050 606 est.
3082 582 3154 593 —-
3181 552 3454 623 Septimus

1861 656 2039 702 autem
2072 646 2124 699 in
2154 646 2237 700 his
2275 645 2720 717 dispositionibus
2746 645 3071 717 episcopalis
3095 645 3228 702 ordo
3256 658 3359 717 est,
3401 658 3457 703 et

1861 739 1951 809 qui
1991 740 2191 809 primus
2229 749 2285 794 et
2326 738 2595 809 perlectus
2627 739 2678 793 in
2708 739 2917 794 cunctis
2945 750 3051 806 est,
3083 741 3176 809 qui
3206 741 3459 811 omnipo-

1863 831 2043 885 tentiae
2069 831 2189 901 Dei,
2221 842 2275 887 et
2306 832 2359 886 in
2391 830 2608 888 Christo
2641 829 2894 896 donatur,
2926 848 2992 887 ex
3019 848 3127 903 quo
3166 847 3454 903 processus

1860 924 2097 978 omnium
2129 925 2421 996 gloriarum
2452 933 2509 981 et
2532 924 2807 995 plenitudo
2835 933 2918 981 est
2944 926 3230 994 virtutum,
3256 942 3324 984 ex
3347 944 3457 998 quo

1859 1016 2059 1081 omnia,
2095 1017 2147 1071 in
2179 1034 2286 1088 quo
2308 1019 2510 1073 omnia.
2542 1017 2661 1088 Ipse
2687 1017 2830 1074 enim
2860 1018 3075 1075 ordinat
3111 1018 3449 1089 sacerdotes,

1858 1107 1976 1180 ipse
2004 1110 2215 1175 levitas,
2266 1112 2381 1183 ipse
2426 1112 2811 1182 subdiaconos,
2866 1113 2981 1182 ipse
3028 1113 3282 1182 lectores,
3337 1115 3453 1186 ipse

1857 1202 2128 1272 ostiarios,
2163 1203 2279 1274 ipse
2310 1203 2589 1273 lossarios,
2621 1206 2738 1277 ipse
2765 1206 3084 1263 arundinem
3114 1216 3302 1265 tenens
3341 1224 3457 1264 me—

1858 1296 1985 1350 titur
2010 1296 2331 1365 Jerusalem,
2362 1297 2478 1368 ipse
2507 1297 2728 1354 fabrica:
2759 1298 2855 1354 Dei
2888 1309 3117 1369 praeest,
3152 1300 3271 1371 ipse
3313 1301 3455 1373 quod

1856 1388 2226 1460 unusquisque
2253 1387 2435 1446 facere
2453 1388 2617 1445 debet
2640 1390 2901 1455 ostendit,
2934 1390 3049 1462 ipse
3067 1390 3308 1461 damnat,
3334 1392 3450 1463 ipse

1856 1480 2068 1549 recipit,
2103 1480 2219 1550 ipse
2249 1481 2400 1551 ligat,
2425 1482 2538 1552 ipse
2559 1482 2720 1552 ligata
2747 1482 2924 1548 solvit,
2954 1482 3070 1552 ipse
3092 1484 3274 1541 claves
3293 1487 3445 1558 regni

1855 1574 2113 1627 caelorum
2138 1572 2318 1637 habet,
2344 1572 2461 1641 ipse
2491 1573 2747 1628 thronum
2777 1574 2872 1629 Dei
2904 1584 3114 1630 reserat
3142 1587 3197 1632 et
3226 1578 3449 1645 claudit,

1854 1680 2013 1735 supra
2060 1680 2119 1721 se
2168 1664 2300 1720 nihil
2349 1666 2575 1722 habens.
2628 1665 2684 1723 Si
2737 1664 2956 1723 humilis
2994 1678 3048 1724 et
3075 1668 3251 1726 bonus
3279 1672 3371 1740 sit,
3405 1673 3451 1727 si

1858 1758 2123 1827 perlectus
2147 1767 2205 1813 ut
2232 1760 2490 1829 scriptum
2521 1768 2641 1815 est:
2672 1757 2850 1815 Estote
2873 1762 3089 1833 perfecti
3115 1764 3245 1817 sicut
3271 1773 3319 1818 et
3346 1764 3453 1819 Pa-

204 1866 241 1918 itt
274 1864 669 1931 conuersatione,
727 1838 795 1919 in
828 1861 1098 1933 charitate,
1134 1862 1191 1917 in
1230 1860 1364 1931 ﬁde,
1413 1860 1469 1915 in
1516 1859 1749 1915 castitate
1777 1838 1826 1911 Β
1855 1860 1930 1905 τεν
1978 1850 2137 1905 υεδίεν
2182 1855 2435 1921 Perfeci“
2477 1861 2551 1907 εει
2596 1851 2810 1926 (Ματιηο
2862 1870 2914 1922 νο
2944 1853 3077 1929 40ὶί
3119 1853 3165 1911 εί
3196 1854 3449 1914 οῧεθτνθι

205 1954 321 2023 (ibid.
361 1954 436 2027 4),
480 1964 532 2009 ει
572 1961 803 2011 caetera.
850 1951 1112 2023 Intelligis
1158 1967 1288 2021 ergo
1330 1950 1382 2004 in
1426 1948 1747 2021 presbytero

210 2065 406 2105 suntnam
460 2049 761 2105 sacerdotii
792 2046 1094 2104 collocari?
1133 2046 1200 2100 Et
1239 2044 1363 2099 alibi
1406 2043 1473 2099 ad
1514 2043 1746 2113 majores

210 2152 342 2197 tutu:
386 2143 486 2208 Qui
535 2159 636 2198 vos
686 2143 857 2212 posuit
907 2140 1176 2215 episcopos
1222 2153 1397 2212 regere
1453 2130 1745 2190 Ecclesiam

207 2255 307 2291 suam
331 2236 587 2312 Philippis
635 2237 770 2309 (Act.
803 2235 928 2302 XX,
952 2234 1067 2306 9.8).
1092 2238 1249 2291 Certe
1280 2248 1384 2287 una
1417 2231 1744 2288 Macedonia:

200 2333 343 2387 ciritas
368 2343 445 2389 est
472 2350 487 2391 :
520 2344 579 2388 et
614 2347 739 2388 cum
781 2332 853 2387 ibi
881 2331 1081 2387 Paulus
1112 2330 1379 2401 episcopis
1423 2335 1479 2383 et
1500 2324 1743 2381 diaconi.

195 2429 267 2484 bus
288 2430 497 2500 scripsit,
545 2428 687 2499 quid
712 2428 812 2484 nisi
855 2442 947 2483 eos
978 2426 1071 2497 qui
1119 2433 1361 2497 praesunt
1408 2422 1736 2494 presbyteri,

194 2524 423 2594 episcopos
461 2523 666 2579 vocat?
697 2522 933 2592 Denique
962 2530 1016 2576 et
1042 2519 1319 2590 apostolus
1358 2517 1602 2572 Joannes
1626 2515 1741 2584 epi-

197 2629 349 2686 scopus
373 2619 551 2673 scribit
587 2634 603 2670 :
639 2616 825 2672 Senior
854 2616 1030 2671 electa:
1052 2614 1277 2668 domina:
1300 2628 1453 2684 quam
1483 2608 1644 2681 diligo
1686 2609 1741 2663 in

199 2709 363 2763 raritate
386 2709 441 2779 (ll
472 2708 651 2765 Joan.
687 2706 759 2779 ι).
794 2707 927 2763 Nam
972 2705 1257 2778 presbyter
1294 2702 1471 2759 aetatis
1506 2714 1592 2757 est
1636 2717 1736 2756 no-

197 2814 309 2863 men,
339 2802 628 2871 episcopus
678 2799 994 2871 dignitatis;
1041 2799 1324 2854 Salomon
1358 2808 1573 2865 quoque
1621 2793 1737 2848 ait:

189 2889 445 2961 Presbytero
474 2892 709 2950 humilia
739 2894 973 2948 animum
1014 2903 1177 2946 tuam.
1209 2889 1314 2945 Sed
1356 2889 1591 2945 oderunt
1635 2887 1736 2943 hoc

186 2985 445 3043 sacerdotes
477 2986 712 3059 superbi
746 2990 797 3042 in
833 2985 1167 3057 presbyteris
1189 2998 1408 3047 nomen,
1432 2982 1523 3050 qui
1546 2980 1735 3035 nolunt

187 3092 280 3131 eve
300 3078 387 3133 hoc
414 3079 560 3150 quod
602 3078 869 3143 Christus,
906 3077 998 3148 qui
1031 3076 1420 3145 discipulorum
1456 3074 1618 3143 pedes
1651 3073 1729 3128 la-

187 3168 259 3233 vit,
282 3171 357 3239 qui
400 3172 710 3239 baptizatus
740 3178 825 3226 est
855 3187 881 3222 a
927 3169 1157 3237 Joanne,
1189 3168 1316 3222 licet
1345 3165 1728 3235 baptizandum

1850 1943 2051 2012 omnia,
2084 1944 2131 1999 si
2162 1942 2463 2014 hospitalis,
2495 1946 2540 1999 si
2569 1945 2691 2002 sine
2717 1946 2966 2016 crimine,
2991 1950 3037 2004 si
3061 1948 3267 2006 habens
3290 1952 3443 2007 testi-

1847 2035 2086 2090 monium
2117 2035 2342 2102 bonum,
2376 2038 2419 2091 si
2448 2037 2603 2092 unius
2635 2038 2876 2095 mulieris
2906 2040 2988 2096 vir
3010 2050 3113 2107 est,
3145 2041 3195 2098 id
3218 2053 3322 2114 est,
3344 2060 3443 2101 sua

1849 2138 2053 2183 tantum
2099 2142 2265 2184 carne
2305 2138 2612 2193 contentus,
2663 2132 2825 2186 alieni
2870 2135 3117 2204 corporis
3155 2134 3442 2193 illecebras

1846 2236 1953 2275 non
2000 2218 2277 2291 requirat:
2320 2220 2464 2277 ﬁlios
2496 2221 2700 2278 habens
2736 2223 2981 2281 subditos
3021 2226 3074 2282 in
3104 2230 3358 2286 castitate
3388 2240 3445 2287 et

1844 2314 2176 2370 Sobrietate:
2207 2316 2331 2387 quia
2358 2331 2586 2387 peccare
2613 2315 2666 2372 in
2697 2319 2961 2390 operibus
2999 2338 3104 2376 non
3134 2321 3319 2391 debet,
3349 2328 3441 2397 qui

1844 2410 1897 2464 in
1927 2410 2190 2466 elecﬁone
2223 2410 2491 2482 perlectus
2513 2422 2614 2467 est.
2644 2412 2814 2482 Hujus
2854 2414 3204 2472 sacerdotalis
3247 2420 3435 2488 vestis,

1842 2512 1927 2557 est
1956 2502 2190 2573 perlecta
2229 2503 2326 2557 Dei
2367 2503 2561 2575 gloria.
2598 2504 2681 2559 Ad
2717 2506 2857 2561 hunc
2895 2510 3128 2578 pertinet
3163 2510 3437 2569 chrisma:

1840 2601 1965 2671 quia
1995 2599 2111 2671 ipse
2132 2598 2379 2657 Christus
2404 2601 2837 2659 Christianorum
2865 2618 2970 2674 est,
2999 2607 3051 2663 id
3082 2619 3187 2676 est,
3216 2624 3436 2669 sanctus

1839 2704 2168 2759 sanctorum,
2198 2702 2253 2751 et
2276 2695 2573 2767 Episcopus
2601 2698 2924 2769 animarum,
2958 2702 3255 2759 secundum
3285 2707 3430 2776 quod

1839 2787 2097 2858 scriptum
2128 2798 2247 2846 est:
2284 2787 2464 2842 Nolite
2488 2799 2693 2859 tangere
2721 2790 2940 2846 christos
2969 2810 3127 2861 meas,
3157 2806 3205 2849 et
3236 2797 3290 2850 in
3311 2816 3436 2870 pro-

1838 2880 2003 2950 phetis
2028 2880 2153 2933 meis
2179 2880 2336 2934 nolite
2356 2881 2630 2951 malignari
2649 2880 2822 2951 (Psal.
2847 2898 2954 2949 etv,
2983 2883 3097 2956 15).
3130 2884 3265 2943 Huic
3286 2905 3436 2943 sum-

1839 2989 1925 3028 ma
1953 2989 1983 3027 a
2014 2973 2221 3028 cunctis
2246 2974 2459 3030 clericis
2478 2986 2641 3045 atque
2658 2976 2727 3030 ab
2747 2978 2894 3033 omni
2919 2980 3114 3049 populo
3136 2979 3428 3037 deferenda

1837 3066 2137 3121 reverentia
2175 3076 2260 3123 est
2297 3083 2311 3120 :
2351 3068 2473 3138 quia
2520 3083 2629 3122 non
2661 3069 2792 3123 dicit
2821 3070 3133 3140 ﬁgmentum
3166 3073 3214 3127 ei
3244 3075 3332 3146 qui
3365 3090 3426 3130 se

1839 3160 2008 3226 linxit,
2042 3160 2225 3230 utquid
2274 3176 2360 3215 me
2393 3160 2592 3215 tinxisti
2623 3162 2738 3215 sic?
2762 3162 2862 3216 Aut
2892 3180 2994 3217 non
3023 3162 3173 3218 habet
3202 3176 3429 3236 potesta-

181 3274 225 3311 se
247 3232 479 3317 Joannes
506 3278 535 3318 a
589 3260 819 3317 Domino
867 3232 1244 3330 proclamaret.
1293 3232 1586 3329 Propterea
1620 3257 1735 3312 hmc
1758 3232 1806 3298 Ο
1838 3265 1936 3311 tem
1962 3256 2152 3327 ﬁgulus
2184 3258 2300 3324 luti,
2328 3274 2393 3312 ea:
2418 3260 2595 3312 eadem
2626 3276 2796 3313 massa
2827 3264 3019 3331 facere,
3050 3262 3199 3317 aliud
3223 3264 3429 3334 quidem

180 3352 339 3418 scribo.
366 3365 417 3410 ut
437 3357 479 3410 si
512 3356 778 3426 praeteriti
809 3355 1069 3425 temporis
1098 3368 1254 3407 error
1280 3368 1387 3408 non
1422 3359 1599 3422 potest
1622 3351 1731 3418 jam

180 3448 401 3511 resecari,
432 3447 520 3500 vel
565 3447 629 3501 ad
664 3462 900 3516 praesens
931 3447 982 3499 in
1015 3444 1259 3501 ecclesiis
1285 3456 1533 3499 servetur
1561 3443 1736 3498 humi-

179 3537 286 3599 litas,
316 3550 365 3594 ut
395 3541 701 3612 presbyteri
732 3540 835 3595 hoc
862 3541 912 3594 in
942 3538 1190 3594 ccclesiis
1221 3538 1333 3590 suis
1365 3537 1560 3591 iaciant
1587 3534 1730 3607 quod

178 3626 346 3698 Romae,
373 3635 480 3689 sive
501 3636 655 3705 quod
692 3635 743 3687 in
774 3632 1014 3699 Oriente,
1048 3631 1189 3701 quod
1221 3632 1271 3684 in
1300 3631 1472 3697 Italia,
1504 3631 1644 3701 quod
1676 3630 1729 3684 in

177 3721 320 3787 Creta,
347 3729 482 3796 quod
515 3728 575 3781 iu
606 3726 809 3797 Cypro,
840 3726 980 3797 quod
1011 3727 1063 3780 in
1111 3727 1311 3787 Africa,
1348 3724 1492 3796 quod
1527 3727 1577 3779 in
1610 3725 1732 3797 Illy-

177 3812 281 3878 rico,
318 3816 449 3886 quod
495 3818 558 3871 in
607 3817 881 3885 llispania,
928 3815 1071 3887 quod
1126 3817 1177 3870 in
1231 3815 1531 3881 Britannia,
1585 3817 1729 3886 quod

180 3903 303 3957 etiam
327 3923 385 3961 ει
416 3920 571 3976 parte
616 3924 712 3977 per
754 3909 978 3973 Gallias,
1018 3907 1158 3979 quod
1202 3906 1259 3962 in
1301 3908 1549 3963 omnibus
1591 3907 1729 3964 locis

182 3996 252 4050 ubi
284 3997 542 4057 humilitas
593 4012 931 4072 perseverat,
977 4002 1120 4072 quod
1164 4005 1215 4055 in
1258 4001 1412 4057 caelis
1460 4002 1538 4067 lit,
1586 4001 1726 4072 quod

177 4089 311 4153 majus
335 4104 430 4158 est,
459 4095 548 4147 tibi
583 4095 741 4150 sedes
769 4111 958 4150 eorum
992 4094 1127 4164 legis
1166 4108 1286 4149 esse
1329 4095 1641 4164 dispositas,
1673 4104 1729 4148 ut

177 4188 345 4237 terrena
376 4199 720 4252 contemnas,
753 4200 806 4243 ut
829 4189 962 4242 nihil
991 4188 1084 4244 tibi
1114 4189 1181 4244 de
1210 4189 1393 4244 mundi
1425 4190 1578 4245 istius
1599 4205 1727 4245 cou-

172 4277 434 4335 rcrsatione
483 4294 805 4350 prmsumas.
865 4280 1094 4349 Resiiice
1140 4280 1443 4337 Jerusalem
1500 4292 1724 4338 matrem

171 4372 369 4426 omnium
406 4387 725 4429 sanctorum
758 4384 1003 4430 ornatam
1032 4376 1371 4445 patriarchis,
1419 4377 1720 4447 prophetis,

170 4464 383 4528 apostolis
413 4480 466 4521 et
509 4468 717 4538 angelis
759 4468 895 4523 Dei:
937 4468 1101 4538 ipsius
1144 4469 1592 4525 consuetudinem
1637 4484 1724 4524 sc-

168 4572 317 4628 quere,
341 4564 507 4635 ipsius
536 4576 877 4620 sacramenta
913 4566 1144 4621 custodi.
1179 4565 1322 4619 Nihil
1350 4566 1443 4621 tibi
1476 4567 1548 4621 sit
1575 4580 1725 4621 com-

169 4665 293 4707 ιιιιιιιε
319 4670 436 4710 cum
478 4657 714 4722 ceteris,
748 4659 836 4727 qui
871 4673 1112 4712 errorem
1155 4672 1311 4713 suum
1355 4657 1537 4712 illicita
1585 4673 1719 4727 prae-

163 4748 429 4817 sumtione
471 4750 788 4814 defendunt,
824 4762 876 4805 et
920 4750 1331 4805 consuetudinis
1369 4750 1561 4805 dicunt
1599 4764 1719 4805 esse

168 4840 279 4904 quod
302 4842 404 4896 voti
432 4855 535 4898 est.
566 4842 698 4897 Nam
729 4843 773 4897 si
797 4844 991 4914 aliquis
1023 4853 1267 4898 nostrum
1296 4843 1555 4913 przeteriti
1586 4854 1721 4897 tem-

1832 3366 1917 3402 uas
1945 3350 1997 3403 in
2025 3348 2293 3415 honorem,
2323 3350 2472 3403 aliud
2501 3351 2555 3403 in
2576 3352 2945 3405 contumeliam
2975 3354 3162 3426 (Rom.
3198 3370 3274 3421 lx,
3302 3357 3434 3427 21)?

1833 3440 1966 3496 lluic
1996 3458 2100 3496 non
2128 3441 2369 3511 cogitare
2401 3442 2469 3499 de
2500 3445 2760 3508 crastino,
2793 3460 2891 3514 pro
2916 3445 3249 3518 perfectione
3279 3464 3430 3503 man-

1833 3532 2009 3588 datur.
2041 3532 2137 3588 ilic
2162 3535 2229 3589 de
2257 3536 2573 3591 vestimento
2603 3548 2656 3591 et
2682 3537 2829 3592 victu
2860 3539 3124 3594 sollicitus
3150 3555 3273 3596 esse
3303 3557 3430 3611 pro-

1833 3626 2067 3681 hibetur.
2102 3627 2197 3681 llic
2228 3643 2322 3698 per
2346 3630 2527 3685 omnia
2556 3630 2750 3685 similis
2781 3632 2890 3686 Deo
2922 3646 3024 3698 eSt,
3056 3633 3102 3689 si
3131 3650 3237 3690 non
3270 3651 3421 3692 rece-

1832 3717 1925 3773 dat
1967 3733 1998 3773 a
2033 3718 2273 3789 Christo,
2311 3723 2606 3777 secundum
2647 3722 2790 3793 quod
2820 3726 3080 3795 scriptum
3112 3735 3232 3782 est:
3265 3726 3345 3781 Tu
3374 3745 3427 3783 es

1830 3812 2069 3866 sacrdos
2096 3814 2149 3865 in
2174 3824 2425 3867 aeternum
2462 3814 2740 3869 secundum
2779 3817 3014 3869 ordinem
3050 3815 3426 3872 Melchisedech

1830 3903 2014 3978 (Psal.
2038 3920 2147 3971 etx,
2174 3908 2250 3977 4).
2286 3906 2383 3961 llic
2408 3908 2459 3961 in
2482 3923 2645 3962 carne
2666 3907 2971 3976 ambulans,
2994 3924 3100 3963 non
3123 3909 3420 3965 secundum

1829 4013 2047 4053 carnem
2077 3999 2288 4052 militat.
2325 4000 2419 4055 llic
2445 4017 2549 4054 non
2576 4000 2689 4054 vult
2718 4016 2839 4056 esse
2869 4000 2971 4056 nisi
2998 4017 3119 4057 cum
3145 4002 3294 4058 Jesu.
3326 4004 3423 4059 llic

1829 4092 2098 4147 neminem
2130 4092 2389 4150 damnat:
2423 4095 2509 4149 hic
2536 4095 2650 4167 ipse
2677 4096 2839 4151 etiam
2863 4096 3037 4164 διιὼν,
3077 4098 3257 4155 sciens
3296 4116 3420 4155 eum

1829 4183 1990 4239 talem
2021 4200 2145 4240 esse
2172 4187 2223 4239 in
2254 4186 2524 4257 passione,
2556 4189 2812 4260 pacilicus
2844 4200 2950 4245 est.
2980 4191 3076 4246 llic
3100 4194 3346 4248 osculum
3371 4194 3419 4249 ci

1828 4276 1971 4330 data
2004 4292 2111 4348 quo
2137 4279 2367 4334 traditus
2397 4292 2498 4335 est.
2534 4281 2632 4336 llic
2665 4298 2760 4351 pro
2789 4284 2999 4338 cunctis
3040 4282 3278 4354 patitur:
3322 4285 3420 4342 llic

1827 4377 1993 4426 salvat
2046 4373 2348 4430 universos.
2399 4375 2474 4430 De
2515 4376 2617 4431 hoc
2654 4377 2835 4431 ol'ticio
2878 4378 3109 4447 amplius
3144 4379 3420 4451 disputare

1827 4464 1959 4519 nihil
1997 4481 2239 4536 possum,
2273 4471 2524 4539 quoniam
2551 4470 2695 4539 quod
2728 4472 2781 4525 in
2801 4471 3017 4528 clericis
3042 4486 3415 4529 consecratum

1828 4574 1946 4615 csse
1976 4561 2352 4631 praedidicisti,
2377 4562 2692 4633 episcopum
2732 4566 2906 4619 solum
2950 4564 3153 4621 habere
3194 4567 3423 4622 manife-

1825 4665 1969 4710 stum
1997 4668 2098 4710 est.
2128 4657 2184 4710 In
2217 4658 2320 4712 illis
2351 4673 2469 4713 esse
2496 4667 2677 4728 partes
2705 4667 2763 4715 et
2788 4660 3028 4716 membra
3061 4662 3339 4730 virtutum,
3365 4663 3415 4718 in

1824 4750 2081 4818 episcopo
2120 4750 2507 4819 plenitudinem
2540 4751 2835 4809 divinitatis
2874 4754 3118 4811 habitare
3160 4770 3420 4826 corpora-

1824 4843 1966 4897 liter.
1998 4848 2173 4912 Atque
2200 4843 2270 4897 ita
2301 4854 2403 4911 est,
2430 4855 2488 4898 ut
2520 4846 2571 4901 in
2597 4848 2834 4917 episcOpi
2856 4848 3162 4914 Dominum,
3187 4851 3240 4905 in
3266 4864 3416 4919 pres-

164 4942 276 5004 Poris
318 4946 773 5001 consuetudinem
824 4945 993 5017 possit
1050 4960 1369 5016 agnoscere,
1430 4945 1716 5015 probarem

1836 4936 2025 5005 )yteris
2045 4936 2339 5004 apostolos,
2364 4936 2454 5007 qui
2482 4945 2537 4992 et
2560 4938 2661 5009 ipsi
2690 4946 2838 5009 sunt,
2870 4956 3231 5011 recognoscas
3256 4958 3273 5000 .'
3305 4942 3413 4999 Sed

165 5040 234 5095 tibi
259 5043 353 5100 hoc
376 5047 522 5115 quod
554 5047 767 5119 loquor,
792 5048 861 5103 ab
886 5048 1043 5102 initio
1065 5062 1303 5117 semper,
1323 5061 1446 5102 cum
1478 5049 1712 5118 apostoli

164 5146 514 5214 praedicarent,
535 5150 586 5205 in
614 5151 860 5207 ecclesiis
890 5150 1058 5207 fuisse
1080 5161 1375 5217 servatum,
1397 5161 1451 5206 et
1470 5160 1714 5222 postmo-

162 5244 261 5302 dum
296 5252 420 5307 odio
468 5254 803 5324 singulorum
855 5255 1038 5308 vitiata
1083 5254 1294 5325 aliqua,
1345 5254 1520 5325 aliqua
1574 5270 1711 5323 prte-

163 5357 354 5417 sntnpta.
382 5352 491 5407 Sed
518 5366 676 5409 nemo
699 5355 1036 5411 damnandus
1058 5366 1162 5421 est,
1189 5372 1345 5411 nemo
1364 5356 1706 5425 jndicandus,

166 5446 296 5503 immo
319 5466 513 5510 omnes
547 5455 600 5511 in
642 5460 1054 5514 mansuetudine
1097 5470 1152 5515 et
1194 5461 1456 5516 charitate
1487 5463 1708 5533 Spiritus

166 5544 317 5615 [Nam
346 5566 477 5610 tacet
503 5558 740 5631 spiritus]
764 5552 1145 5633 ampleCIcndi,
1184 5573 1240 5616 ut
1270 5562 1397 5619 dum
1427 5565 1703 5621 nobiscum

164 5647 380 5711 bonitatis
421 5658 617 5715 Christi
666 5660 1009 5719 fundamenta
1047 5676 1396 5736 cognoscunt,
1428 5666 1495 5722 ad
1536 5666 1706 5723 mdili-

164 5749 273 5808 cium
295 5755 379 5813 Dei
410 5770 698 5832 spontaneo
732 5764 1004 5825 voluntate
1044 5771 1390 5839 conveniant,
1425 5783 1475 5828 ut
1506 5774 1558 5833 in
1586 5777 1701 5831 cul-

166 5853 277 5912 mine
299 5859 480 5933 templi
505 5864 780 5925 nobiscum
814 5884 1031 5931 manere
1058 5882 1390 5933 mereantur.

1819 5031 1941 5099 quia
1972 5031 2230 5100 scriptum
2260 5040 2343 5086 est
2366 5047 2379 5085 :
2413 5031 2535 5086 Non
2566 5049 2651 5089 vos
2678 5051 2757 5088 me
2785 5033 3032 5105 elegistis,
3056 5034 3145 5088 sed
3166 5051 3260 5107 ego
3282 5033 3419 5108 elegi

1816 5137 1903 5175 vos
1935 5121 2125 5197 (Joan.
2154 5139 2247 5190 xv,
2300 5124 2443 5193 16):
2490 5140 2737 5180 summus
2781 5126 3040 5181 sacerdos
3088 5125 3178 5197 qui
3225 5127 3410 5198 elegit,

1816 5213 2050 5281 dicitur;
2103 5217 2190 5286 qui
2241 5232 2370 5271 vero
2401 5219 2553 5272 electi
2602 5228 2748 5283 sunt,
2803 5218 3134 5275 sacerdotes.
3182 5219 3407 5276 Omnem

1815 5310 1956 5364 enim
1989 5324 2139 5363 suam
2168 5317 2484 5379 potestatem
2516 5310 2660 5365 Deus
2690 5309 2976 5380 discipulis
2999 5313 3115 5368 suis
3147 5312 3324 5369 dedit:
3358 5320 3413 5366 et

1814 5401 2034 5471 Moysen
2059 5400 2229 5457 Deum
2251 5401 2355 5458 dici
2381 5401 2549 5457 voluit
2568 5399 2887 5458 Pharaonis.
2911 5401 3086 5475 Atque
3109 5404 3122 5458 i
3133 5419 3227 5473 pse
3250 5404 3410 5455 homo

1811 5491 1972 5549 Jcsns
2000 5491 2246 5549 Christus
2279 5495 2450 5564 major
2484 5495 2537 5549 in
2563 5512 2628 5551 eo
2657 5496 2801 5567 quod
2844 5496 2897 5551 iu
2937 5512 3097 5551 carne
3137 5493 3406 5563 apparuit,

1809 5586 1929 5641 fuit.
1953 5586 2018 5642 Et
2051 5588 2153 5643 huc
2177 5598 2259 5643 est
2287 5589 2600 5661 mysterium
2627 5588 2903 5655 Ecclesia},
2928 5590 3069 5660 quod
3097 5588 3293 5642 Esdras
3312 5586 3408 5641 dc-

1807 5682 2042 5752 scripsit,
2075 5681 2295 5753 quodin
2326 5682 2562 5754 quinque
2601 5684 2856 5753 gradibus
2893 5681 3233 5745 collocatum,
3269 5694 3400 5735 sen-

1806 5790 1899 5830 sus
1943 5776 2112 5828 nostri
2153 5776 2348 5845 capitis
2388 5785 2551 5832 tenet.
2597 5777 2838 5848 Namque
2876 5773 3009 5827 visni
3048 5774 3396 5844 episc0patus

1803 5866 2138 5939 presbyteria
2184 5867 2403 5941 dantur,
2451 5869 2745 5925 secundum
2778 5864 2918 5939 quod
2966 5866 3225 5941 scriptum
3270 5879 3377 5935 est,
