3926 6290
513 322 618 381 ίῦξ)

1533 323 1594 379 8.
1637 315 2019 376 ΙΙΙΕΒΟΝΥΜΙ
2059 312 2350 374 OPERUM
2391 317 2760 377 MANTISSA.

3656 324 3743 383 160

513 437 900 511 Speculatoreut
939 447 985 491 te
1022 436 1170 508 posui
1208 435 1382 490 domui
1425 432 1592 489 Israel
1624 432 1842 505 (Ezech.
1872 446 1951 498 Ill,
1983 428 2095 498 17).
2124 426 2180 489 Α
2204 445 2306 499 que
2351 429 2584 486 debitrix
2632 432 2723 497 sit,
2767 431 2907 501 quod
2946 430 3011 487 ad
3042 431 3143 487 hoc
3172 431 3404 488 ofﬁcium
3435 433 3629 502 volasti,
3654 454 3743 510 qua

511 528 712 586 Levita:
739 529 1004 594 odoratui,
1035 528 1156 599 quia
1186 528 1283 598 ipsi
1309 528 1679 584 sacerdotibus
1693 522 2108 596 juncti,colum-

514 638 599 678 nte
628 632 682 677 et
710 622 1111 676 fundamentum
1140 620 1383 675 veritatis
1428 626 1574 687 sunt,
1626 616 1728 689 ipsi
1756 616 1973 684 Spiritus
2000 613 2109 668 for-

512 732 622 783 ma,
654 715 807 787 puris
834 712 1105 769 mentibus
1129 712 1265 768 odor
1292 712 1416 768 vita:
1444 714 1497 768 in
1533 713 1695 767 vitam
1726 720 1873 778 sunt,
1915 718 1970 765 et
2014 724 2111 778 per

510 822 699 863 omnes
727 821 913 862 eorum
953 806 1088 861 odor
1137 805 1388 861 sacriﬁcii
1426 804 1669 862 ascendit
1715 805 1767 859 in
1815 811 2111 872 conspectu

512 900 626 954 Dei.
676 897 966 954 Nathinnci
1014 896 1241 965 auditui,
1287 908 1345 953 ut
1388 896 1607 953 audiant
1648 896 1884 952 universi
1916 894 2110 950 divinis

507 989 693 1048 verbis
718 1007 782 1047 ac
810 990 1094 1061 praeceptis
1122 990 1465 1046 sacerdotum
1496 1000 1549 1045 et
1574 989 1766 1045 ofﬁciis
1802 989 2107 1043 levitarum.

508 1084 659 1140 Sacri
677 1094 928 1139 cantores
951 1084 1210 1151 sermoni,
1233 1082 1376 1154 quod
1400 1090 1483 1139 est
1502 1082 1715 1153 linguaa.
1747 1082 1964 1136 Ostiarii
1995 1081 2110 1136 sive

507 1176 724 1233 fossarii
756 1176 859 1243 ori,
891 1177 1035 1231 sicut
1063 1176 1319 1244 scriptum
1349 1184 1463 1231 est:
1489 1174 1653 1241 Pone,
1679 1174 1919 1240 Domine,
1942 1183 2112 1226 custo-

507 1273 650 1325 diant
670 1271 746 1324 ori
768 1286 900 1336 meo,
923 1277 969 1324 et
993 1270 1181 1324 ostium
1203 1269 1599 1322 circumstantia:
1619 1267 1765 1322 labiis
1788 1268 1911 1320 meis
1935 1265 2107 1337 (Psal.

512 1383 645 1433 csa,
680 1366 776 1434 5).
817 1363 895 1418 Ex
935 1364 1115 1418 verbis
1155 1364 1297 1419 enim
1341 1362 1540 1417 nostris
1574 1361 2011 1432 justiﬁcabimur.
2057 1368 2111 1417 et

511 1475 578 1515 ex
611 1458 792 1512 verbis
816 1455 1015 1512 nostris
1042 1455 1557 1511 condemnabimur:
1600 1456 1653 1509 in
1695 1471 1791 1509 ore
1826 1455 1968 1510 enim
2017 1456 2111 1508 bo-

516 1549 677 1606 minis
696 1551 805 1603 vita
831 1559 887 1605 et
913 1564 1058 1605 mors
1083 1568 1096 1602 :
1128 1549 1250 1603 ideo
1278 1549 1332 1603 in
1360 1547 1603 1604 fossariis
1631 1548 1851 1617 Spiritus
1879 1548 2112 1619 prephe-

513 1654 687 1698 tarum
737 1642 1014 1715 prophetis
1044 1643 1319 1714 subjectus
1345 1653 1427 1697 est
1451 1659 1467 1703 :
1498 1642 1553 1696 in
1574 1641 1809 1696 ostiariis
1836 1641 2107 1711 doctores,

512 1740 566 1794 in
598 1738 890 1794 lectoribus
919 1736 1216 1806 prephetac,
1249 1735 1307 1791 in
1330 1733 1677 1789 subdiaconis
1697 1734 1895 1803 angeli,
1923 1736 1973 1787 in
1998 1735 2112 1787 dia-

2208 526 2585 581 consentiente
2616 526 2820 582 electus
2850 542 2910 581 es
2935 544 2963 580 a
2996 527 3244 596 Domino,
3270 528 3405 598 quod
3429 530 3562 599 prius
3577 530 3635 587 de
3652 548 3749 587 om-

2211 618 2366 673 nibus
2394 634 2514 673 cum
2549 620 2680 685 tuis,
2712 628 2772 673 ut
2798 620 2997 687 decuit,
3029 621 3357 692 trausegisti,
3385 638 3532 692 quam
3569 626 3747 694 episeo-

2209 721 2392 780 patum
2424 721 2645 781 rogatus
2673 713 2968 782 acciperes,
2996 722 3047 768 et
3086 722 3363 783 separatus
3403 729 3429 765 a
3473 717 3676 789 conjuge
3707 720 3749 775 in

2210 803 2452 859 Ecclesia
2502 820 2866 875 permaneres.
2915 807 3114 862 Certus
3159 815 3335 861 autem
3383 823 3495 863 sum
3537 815 3751 882 exemplo

2211 896 2365 951 bona:
2396 897 2517 951 vitae
2549 908 2651 950 tuac
2679 913 2868 953 omnes
2899 900 3012 953 luce
3040 914 3163 954 esse
3195 899 3446 959 facturos.
3480 910 3533 955 ut
3560 902 3607 956 in
3643 905 3753 959 ado-

2212 986 2467 1042 lescentia
2500 988 2784 1045 credentes
2814 990 2946 1052 Deo,
2988 990 3115 1044 dum
3163 1000 3510 1047 contemnunt
3552 1005 3753 1064 terrena,

2211 1078 2389 1133 divina
2441 1081 2758 1152 percipiant,
2804 1092 2855 1135 et
2884 1082 3175 1148 emendati,
3210 1082 3260 1136 in
3292 1084 3536 1140 omnibus
3562 1086 3754 1141 Domino

2211 1186 2621 1241 consecrentur,
2653 1186 2709 1231 ut
2738 1175 2986 1232 doctores
3017 1176 3254 1247 plebium
3289 1175 3436 1243 facti,
3468 1188 3580 1246 post
3606 1196 3757 1237 ειιιειι-

2213 1267 2486 1323 dationem
2510 1269 2589 1324 sui
2623 1268 2915 1339 prtcdicent
2951 1270 3245 1337 universis,
3286 1281 3340 1325 et
3382 1273 3524 1327 salus
3559 1279 3757 1331 omnium

2214 1369 2613 1427 nuncupentur.
2664 1361 2963 1417 Satculares
3019 1371 3196 1418 autem
3246 1364 3390 1419 viros
3437 1364 3500 1419 ad
3553 1366 3757 1422 ministe-

2216 1450 2353 1506 rium
2398 1467 2502 1507 nou
2549 1468 2791 1507 assumas
2821 1452 3099 1513 Ecclesiae.
3130 1454 3207 1510 sic
3238 1455 3378 1510 enim
3410 1456 3575 1526 legis:
3608 1458 3760 1514 Manus

2212 1553 2395 1597 temere
2444 1545 2631 1599 nemini
2679 1546 2999 1618 imposueris.
3052 1546 3122 1601 Et
3183 1548 3415 1604 iterum:
3467 1549 3536 1602 Hi
3577 1552 3760 1618 primum

2214 1636 2626 1707 comprobantur,
2674 1649 2720 1692 et
2776 1639 2852 1692 sic
2898 1639 3182 1692 ministrent
3222 1640 3332 1695 sine
3374 1640 3578 1695 crimine
3610 1645 3762 1697 consti-

2216 1729 2312 1781 tuti
2356 1728 2407 1799 (l
2440 1728 2574 1783 Tim.
2621 1744 2674 1793 v,
2727 1728 2828 1793 22;
2871 1745 2950 1793 ιιι,
3004 1731 3113 1801 10).
3158 1732 3295 1786 Sunt
3339 1733 3477 1788 enim
3525 1734 3662 1788 multi
3695 1737 3763 1805 qui

514 1830 739 1887 conibus
787 1828 1117 1898 archangeli,
1159 1826 1210 1881 in
1250 1825 1581 1899 presbyteris
1626 1825 1878 1894 apostoli,
1909 1825 1962 1879 in
1994 1826 2107 1895 cpi—
2135 1814 2497 1892 Bsequentes
2545 1832 2669 1877 vota
2730 1824 3084 1893 pepulerum,
3151 1826 3487 1895 disciplinam
3549 1827 3764 1883 Ecclesia:

516 1923 697 1993 scopis
729 1923 886 1976 Deus.
918 1921 1161 1991 Denique
1191 1920 1448 1989 scriptum
1490 1926 1595 1985 est,
1630 1919 1794 1987 primo
1830 1919 2113 1989 apostolos,

473 1998 476 2002 ’
516 2012 742 2068 secundo
769 2012 1071 2086 praphetas,
1096 2012 1244 2066 tertio
1274 2012 1507 2065 doctores
1538 2009 1595 2081 (Ι
1622 2007 1744 2065 Cor.
1778 2026 1872 2074 xtl,
1903 2007 2017 2082 9.8).
2049 2010 2117 2065 Et

518 2106 641 2163 ideo
669 2105 737 2162 de
771 2105 1036 2176 Episcopo
1068 2120 1237 2175 usque
1261 2103 1326 2158 ad
1359 2104 1653 2159 Diaconum
1682 2102 1906 2172 spiritus
1935 2103 2119 2173 dispo-

514 2203 643 2258 sitio
663 2214 769 2257 est.
794 2201 870 2256 De
896 2199 1320 2256 subdiaconibus
1340 2215 1511 2268 usque
1530 2198 1597 2253 ad
1621 2196 1876 2253 ostiarios
1898 2198 2113 2252 animat:

518 2297 571 2351 itt
598 2295 841 2352 fossariis
870 2295 1137 2361 corporis.
1167 2293 1364 2364 Sicque
1396 2292 1492 2347 has
1516 2306 1706 2346 omnes
1735 2290 2117 2361 dispositiones

518 2390 569 2444 in
600 2388 841 2444 Ecclesia
871 2386 1096 2454 Christi,
1130 2387 1281 2457 quasi
1326 2400 1488 2438 unum
1534 2383 1806 2438 hominem
1852 2382 1965 2437 Deo
2005 2399 2121 2437 ser-

518 2485 754 2538 vientem
800 2497 921 2536 esse
962 2495 1274 2551 cognosce,
1323 2478 1618 2533 secundum
1665 2477 1807 2545 quod
1854 2477 2117 2545 scriptum

520 2584 644 2631 cst:
681 2572 783 2627 Vos
808 2573 929 2627 estis
954 2572 1199 2643 templum
1224 2569 1340 2640 Dei,
1372 2579 1418 2623 et
1448 2570 1678 2639 Spiritus
1707 2566 1804 2623 Dei
1835 2567 2025 2622 habitat
2064 2570 2120 2624 in

520 2666 681 2718 vobis.
711 2665 773 2722 Si
800 2666 914 2735 quis
944 2665 1189 2736 templum
1220 2661 1312 2716 Dei
1349 2662 1629 2729 violaverit,
1674 2661 1929 2727 disperdet
1970 2661 2121 2716 illum

526 2753 686 2810 Deus.
716 2756 987 2823 Templum
1016 2756 1151 2809 enim
1192 2753 1286 2809 Dei
1306 2764 1536 2808 sanctum
1570 2764 1665 2821 est,
1706 2753 1848 2826 quod
1885 2755 2005 2808 estis
2033 2770 2119 2809 vos

525 2848 692 2921 (Ibid.
727 2866 785 2906 tu
808 2892 823 2917 ,
852 2848 950 2916 16;
984 2865 1087 2917 vn,
1116 2846 1225 2917 l8).
1262 2847 1496 2902 Prmdica
1543 2855 1719 2902 autem
1760 2846 1978 2901 verbum
2024 2845 2119 2903 Dei

523 2942 754 3007 cunctis,
797 2950 855 2997 ut
894 2942 1149 3011 scriptum
1174 2951 1294 2995 est:
1332 2938 1623 2993 Exhortare
1651 2956 1848 3004 omnes,
1879 2939 2121 2993 divitibus

526 3032 681 3104 hujus
711 3032 889 3087 sa'culi
909 3034 1150 3105 prwcipe,
1178 3049 1279 3085 non
1306 3031 1521 3100 superbe
1560 3048 1761 3101 sapere,
1806 3048 1965 3103 neque
2001 3050 2121 3098 spe-

524 3142 640 3181 rare
668 3126 721 3180 in
746 3126 941 3179 incerto
971 3122 1347 3197 divitiarum(l
1377 3123 1510 3178 Tim.
1553 3139 1624 3189 v1,
1661 3124 1773 3196 ΓΙ),
1813 3127 1903 3179 sed
1942 3125 2121 3181 divites

527 3233 635 3271 esse
662 3217 717 3271 in
745 3216 977 3291 Operibus
1013 3216 1175 3272 bonis.
1208 3215 1375 3271 Nemo
1398 3215 1793 3271 adolescentiam
1829 3226 1977 3272 tuam
2001 3236 2123 3275 con-
2149 3193 2198 3259 C

529 3320 722 3366 temnat
744 3328 882 3367 :non
908 3310 1111 3366 recedat
1140 3310 1267 3365 liber
1295 3311 1422 3381 legis
1454 3311 1516 3365 de
1546 3327 1702 3364 manu
1726 3321 1836 3377 tua,
1855 3313 1942 3365 sed
1966 3314 2125 3367 medi-

528 3404 711 3459 taberis
737 3405 819 3459 die
844 3421 905 3458 ac
941 3415 1087 3458 nocte
1124 3406 1177 3459 in
1211 3421 1269 3460 eo
1311 3403 1499 3475 (Iona.
1546 3420 1594 3470 ι,
1636 3403 1716 3475 7).
1758 3404 1899 3461 Ante
1941 3407 2124 3463 omnia

526 3511 713 3551 curam
751 3496 889 3552 habe
936 3512 1254 3567 pauperum,
1297 3497 1421 3567 quia
1473 3506 1694 3568 propter
1742 3512 1842 3551 nos
1877 3496 2125 3554 Christus

527 3604 732 3660 pauper
761 3588 932 3644 factus
955 3598 1037 3645 est
1065 3604 1186 3644 cum
1213 3600 1361 3645 esset
1381 3590 1551 3655 dives,
1586 3598 1643 3644 ut
1673 3590 1848 3659 inopia
1872 3591 2013 3646 illius
2038 3591 2123 3646 di-

527 3689 783 3737 taremur.
817 3682 1095 3738 Professas
1116 3691 1173 3738 et
1200 3698 1294 3737 cas
1321 3698 1442 3753 qua:
1474 3698 1600 3738 vere
1627 3681 1804 3738 viduae
1844 3695 1991 3752 sunt,
2032 3701 2121 3741 re-

528 3773 683 3843 quire
707 3790 721 3830 :
754 3775 1033 3844 egentibus
1056 3774 1358 3831 necessaria
1381 3775 1761 3833 subministra:
1794 3792 1896 3833 nec
1916 3778 1969 3833 in
1993 3794 2123 3849 quo-

530 3883 689 3937 quam
743 3870 1193 3940 peregrinationis
1241 3885 1435 3924 nomen
1496 3870 1800 3925 horrescas.
1859 3870 2123 3940 Quoniam

530 3960 786 4029 quamdiu
816 3979 1001 4017 sumus
1034 3963 1085 4017 in
1120 3979 1307 4031 carne,
1353 3964 1761 4035 peregrinamur
1806 3980 1835 4019 a
1873 3965 2121 4022 Domino.

530 4053 775 4112 Iuniores
820 4065 990 4110 autem
1034 4057 1213 4111 viduas
1260 4059 1464 4124 devita;
1510 4074 1626 4111 cum
1673 4059 1809 4112 enim
1852 4057 2127 4116 luxuriata:

533 4148 742 4216 fuerint,
768 4149 818 4201 in
842 4146 1048 4202 Christo
1069 4149 1256 4204 nubere
1277 4148 1453 4203 volunt
1484 4149 1501 4213 (
1525 4148 1542 4202 l
1576 4148 1708 4203 Tim.
1735 4166 1787 4216 v,
1817 4149 1930 4220 11).
1957 4150 2125 4208 Uxori

534 4249 640 4293 tua:
686 4250 907 4310 propter
946 4242 1218 4312 antiquam
1260 4242 1703 4297 consuetudinem
1733 4258 1795 4297 ac
1830 4244 2123 4313 periculum

531 4331 844 4397 sacerdotii,
876 4349 982 4388 non
1015 4334 1109 4389 des
1137 4334 1372 4388 animam
1402 4342 1545 4388 tuam
1572 4334 1624 4388 in
1658 4344 1977 4404 potestatem
2009 4353 2023 4389 :
2060 4353 2127 4394 ne

532 4425 671 4481 forte
701 4426 753 4481 in
785 4426 1189 4484 similitudinem
1222 4427 1353 4483 Ada:
1385 4428 1435 4481 in
1466 4426 1719 4498 paradiso
1757 4430 1964 4499 positus
1996 4445 2127 4486 con-

534 4516 798 4585 fundaris,
830 4530 988 4591 atque
1016 4532 1292 4590 acceptam
1325 4522 1520 4590 legem,
1556 4522 1601 4575 si
1634 4521 1963 4591 peccaveris,
1995 4538 2121 4593 per-
2159 4560 2205 4620 ο

534 4609 668 4667 das:
696 4625 759 4666 ac
785 4611 1043 4667 nuditatis
1072 4622 1176 4669 tua:
1211 4614 1481 4683 conscius,
1527 4614 1894 4669 confusionem
1933 4615 2128 4670 mentis

536 4706 794 4776 excipias,
836 4716 888 4761 et
924 4706 1101 4762 locum
1144 4708 1569 4763 consecrationis
1612 4708 1845 4764 amittas.
1887 4708 2128 4764 Amanda

534 4798 752 4869 quidem
781 4814 914 4855 uxor
943 4810 1046 4865 est,
1091 4803 1183 4855 sed
1228 4801 1371 4856 sicut
1421 4800 1661 4856 Ecclesia
1710 4813 1802 4856 aut
1847 4801 2130 4873 Templum

538 4892 672 4948 Dei:
722 4892 987 4948 orandum
1031 4909 1153 4948 cum
1202 4910 1286 4959 ea,
1340 4896 1624 4966 legendum
1654 4937 1669 4960 ,
1720 4895 2129 4966 abstinendum,

537 4985 1045 5039 communicandum
1092 4987 1144 5040 in
1192 4987 1401 5057 altario,
1452 5004 1555 5042 non
1598 4989 1649 5041 in
1682 5004 1884 5059 opere:
1914 4989 2130 5060 spiritu,

540 5094 645 5133 non
671 5094 831 5134 carne
847 5080 1151 5135 vivendum.
1171 5080 1377 5136 Venera
1388 5080 1429 5135 ri
1442 5091 1619 5137 autem
1633 5092 1683 5137 et
1702 5090 1749 5137 te
1764 5092 1986 5153 propter
2005 5099 2137 5140 con-

537 5172 874 5243 junCtionem
906 5175 1038 5246 legis
1068 5175 1248 5241 debet,
1286 5192 1391 5231 non
1419 5176 1729 5233 desiderare
1756 5189 1974 5249 prepter
2002 5197 2133 5236 con-

539 5267 881 5323 suetudinem
909 5268 1293 5340 delinquendi:
1327 5269 1448 5341 quia
1482 5281 1666 5341 aperte
1694 5273 1786 5327 tibi
1812 5290 1967 5328 usum
2000 5292 2134 5331 con-

534 5358 669 5431 jugii
716 5360 1058 5417 interdictum
1087 5379 1207 5419 esse
1240 5363 1549 5434 perpendis,
1584 5380 1706 5420 cum
1740 5375 1792 5421 te
1822 5367 2131 5438 episcopum

536 5470 660 5511 esse
703 5454 1009 5525 cognoscis.
1060 5455 1268 5511 llabere
1316 5472 1374 5511 se
1400 5464 1455 5511 et
1487 5456 1575 5512 illa
1614 5473 1677 5511 ex
1721 5458 1822 5513 hoc
1858 5459 2130 5516 Christum

540 5552 790 5618 gaudeat,
824 5563 930 5603 non
959 5549 1210 5603 maritum
1236 5566 1250 5603 :
1280 5564 1399 5604 esse
1429 5567 1548 5604 eum
1586 5551 1716 5614 Deo.
1752 5568 1858 5607 non
1884 5553 2131 5611 habitare

542 5658 662 5696 cum
695 5642 967 5713 conjuge:
1010 5640 1288 5710 possidere
1337 5643 1474 5697 intra
1523 5643 1850 5699 domesticos
1901 5647 2133 5716 parietes

546 5737 889 5790 vernaculam
918 5736 1281 5790 sanctitatem.
1307 5735 1549 5791 Essullet
1578 5737 1630 5791 in
1658 5737 1907 5804 Domino,
1927 5740 2133 5809 gratias

553 5838 672 5899 agat
701 5828 832 5897 Deo,
867 5831 1005 5901 quod
1030 5830 1098 5888 de
1124 5831 1475 5903 corruptione
1508 5831 1727 5888 liberata
1753 5843 1855 5901 est,
1886 5832 1982 5889 tibi
2006 5850 2132 5906 quo-

2218 1930 2323 1969 non
2353 1916 2662 1976 observant.
2694 1931 2757 1971 ac
2782 1917 2901 1973 sine
2929 1918 3304 1988 experimento
3328 1918 3484 1975 bona:
3519 1920 3651 1989 vitae,
3689 1921 3767 1976 eli-

2216 2019 2346 2079 gunt
2376 2024 2480 2063 non
2509 2024 2824 2064 conversos.
2855 2012 3033 2081 Atque
3062 2021 3117 2065 ut
3146 2013 3589 2069 consuetudinem
3616 2030 3767 2084 reprc-

2219 2100 2448 2156 hendam
2474 2118 2487 2157 :
2518 2112 2803 2172 peccantes
2834 2103 3169 2159 nobilitatem
3203 2106 3405 2175 potius.
3432 2121 3584 2177 quam
3625 2123 3769 2162 more.

2216 2196 2452 2263 optimos
2479 2194 2833 2251 benedicunt:
2863 2204 2917 2251 et
2944 2204 3071 2252 ante
3098 2197 3249 2265 regni
3282 2198 3516 2253 cmlestis
3545 2199 3769 2269 guberna-

2217 2287 2336 2343 cula
2368 2286 2604 2349 tradunt,
2639 2303 2797 2356 quam
2825 2287 2892 2342 de
2920 2298 3133 2343 terrena
3182 2290 3587 2347 conversatione
3625 2292 3766 2345 securi

2218 2382 2325 2435 sint
2350 2398 2363 2437 :
2396 2381 2549 2451 quasi
2580 2396 2709 2435 vero
2729 2381 2843 2436 Deo
2870 2381 3121 2436 deﬁciant
3150 2383 3481 2452 sacerdotes,
3517 2394 3604 2439 aut
3641 2384 3767 2439 cleri-

2218 2484 2370 2527 catus
2399 2472 2635 2528 ofﬁcium
2662 2474 2835 2543 possit
2862 2474 3107 2544 implere,
3137 2477 3226 2546 qui
3259 2477 3485 2532 necdum
3516 2490 3678 2533 castus
3710 2479 3772 2531 di-

2220 2563 2349 2620 dicit
2395 2580 2516 2621 esse
2560 2566 2897 2621 abstinendo.
2942 2567 3119 2623 Taceo
3154 2568 3223 2622 de
3252 2570 3475 2641 reliquis
3502 2571 3613 2625 vita:
3640 2572 3773 2624 doru-

2222 2656 2439 2724 mentis,
2488 2656 2631 2729 quod
2683 2658 2893 2728 ignorat
2938 2657 3139 2725 libros,
3180 2661 3325 2729 quod
3376 2660 3772 2718 consuetudinem

2222 2750 2424 2806 nescit:
2455 2759 2511 2806 et
2536 2750 2685 2821 prius
2711 2751 2899 2805 doctor
2928 2753 3166 2822 gentium
3202 2752 3403 2809 dicitur
3430 2753 3513 2809 vel
3551 2754 3771 2818 minister,

2222 2858 2381 2915 quam
2412 2843 2586 2900 discat
2612 2843 2811 2916 aliquid
2855 2845 3160 2915 imperitus,
3202 2846 3382 2903 alieno
3413 2848 3605 2917 judicio
3636 2851 3774 2918 impo-

2223 2947 2426 2992 sterum
2470 2937 2683 3003 vivens,
2732 2954 2836 2991 non
2882 2939 2999 3007 Dei,
3049 2940 3143 2995 sed
3191 2941 3575 3014 cujuscumque
3608 2943 3715 2999 facit
3736 2942 3773 2997 in

2223 3029 2472 3084 omnibus
2495 3028 2843 3085 voluntatem.
2876 3030 3045 3085 Deum
3069 3034 3211 3088 enim
3258 3034 3542 3091 instruenti
3584 3051 3637 3091 se
3677 3035 3776 3091 obc-

2224 3120 2478 3177 dientiam
2506 3120 2686 3191 debet,
2719 3121 2863 3177 cedit
2881 3124 2946 3177 ad
2972 3132 3206 3195 tempus,
3234 3135 3290 3181 et
3331 3128 3526 3184 invitus
3567 3129 3773 3195 discipuli

2228 3231 2422 3271 nomen
2469 3216 2663 3287 accipit
2709 3216 2759 3272 in
2802 3217 3089 3287 magistro,
3138 3220 3425 3294 minorque
3466 3223 3525 3278 fit
3574 3223 3774 3277 minimo.

2226 3306 2566 3364 Concurrunt
2616 3309 2683 3364 ad
2726 3309 3022 3365 Ecclesiam
3070 3314 3272 3384 populi,
3306 3331 3337 3370 a
3374 3316 3643 3372 sacerdote
3670 3332 3777 3370 novo

2225 3406 2427 3477 aliquid
2460 3408 2691 3465 audituri
2719 3411 2859 3481 quod
2897 3411 3128 3467 aediﬁcet
3171 3424 3418 3479 cunctos,
3467 3414 3601 3485 quod
3643 3414 3779 3468 salvet

2226 3497 2528 3565 universos,
2562 3501 2700 3557 ultra
2728 3502 2943 3557 solitum
2993 3520 3197 3558 morem
3247 3504 3388 3563 forte
3434 3508 3563 3563 nihil
3600 3506 3777 3567 dicitur.

2226 3606 2380 3647 ceras
2398 3596 2580 3657 nectit,
2600 3596 2822 3666 paginas
2843 3597 3053 3667 ignotas
3074 3599 3282 3654 cunctis
3306 3611 3482 3656 versat
3508 3602 3556 3655 in
3578 3609 3777 3670 pectore,

2225 3695 2279 3742 et
2305 3686 2500 3742 delicta
2528 3690 2707 3743 omnia
2734 3706 3147 3761 recognoscens,
3187 3693 3301 3746 sola
3349 3692 3664 3763 impudentia
3698 3690 3778 3744 uti-

2229 3790 2314 3834 tur
2337 3781 2669 3847 excusantis,
2702 3790 2756 3838 et
2786 3784 2890 3838 hoc
2918 3783 3091 3853 ipsum
3114 3783 3256 3854 quod
3283 3796 3524 3856 rogatur,
3550 3784 3779 3840 irascitur.

2228 3874 2397 3941 Quale
2424 3886 2549 3930 tunc
2569 3877 2690 3942 erit,
2707 3892 2912 3949 quaeso,
2936 3876 3223 3949 Episcopo,
3241 3878 3503 3948 judicium
3531 3888 3665 3933 tuum
3686 3891 3781 3931 cum

2229 3971 2591 4039 interrogatus
2618 3969 2746 4023 nihil
2777 3969 3010 4027 dixeris:
3043 3986 3105 4026 ac
3132 3972 3384 4026 mulieres
3419 3973 3674 4041 laicosque
3708 3981 3782 4039 pro

2228 4061 2450 4118 scientia
2481 4062 2767 4131 agnitionis
2802 4062 2945 4132 vitae,
2979 4062 3183 4120 intrare
3223 4065 3520 4122 Ecclesiam
3559 4078 3780 4133 recogno-

2230 4155 2411 4210 veris?
2438 4154 2913 4211 Sacramentorum
2942 4173 3072 4213 vero
3097 4158 3211 4213 haec
3237 4160 3376 4216 ratio
3403 4170 3505 4226 est,
3539 4169 3681 4230 atque
3715 4156 3784 4209 hic

2229 4246 2364 4299 ordo
2387 4248 2625 4301 omnium
2651 4248 3007 4314 nascentium,
3032 4249 3118 4318 qui
3144 4250 3195 4303 in
3222 4266 3387 4307 carne
3416 4250 3782 4307 descendimus:

2231 4347 2290 4393 ut
2323 4338 2412 4408 qui
2453 4340 2727 4395 venientes
2764 4341 2814 4394 in
2861 4341 3115 4395 mundum
3154 4343 3526 4398 venundamur
3565 4342 3655 4396 sub
3686 4352 3784 4410 pec-

2230 4439 2373 4496 cato,
2417 4430 2574 4484 idolis
2621 4432 2925 4487 servientes
2964 4432 3213 4503 primitus
3263 4451 3641 4506 nuneupemur.
3680 4431 3784 4501 Quis

2230 4522 2373 4577 enim
2404 4536 2433 4575 a
2457 4538 2563 4593 quo
2590 4536 2873 4594 superatur
2903 4525 3019 4595 ejus
3048 4541 3237 4582 servus
3272 4528 3572 4585 addicitur:
3612 4536 3660 4582 et
3694 4526 3785 4593 ejus

2235 4615 2388 4684 operi
2436 4617 2792 4686 mancipatur,
2834 4626 3052 4686 praestat
3095 4619 3369 4688 ofﬁcium,
3411 4622 3563 4692 cujus
3606 4616 3785 4675 deside-

2236 4706 2373 4759 rium
2406 4714 2581 4775 gestat
2613 4708 2664 4761 in
2708 4722 2905 4762 sensu:
2940 4709 3271 4778 praevalente
3299 4711 3445 4766 enim
3488 4706 3780 4782 ignorantia,

2235 4806 2427 4866 regnat
2457 4798 2710 4864 avaritia,
2737 4815 2855 4868 qua:
2890 4800 3037 4854 radix
3067 4803 3308 4857 omnium
3340 4804 3596 4858 malorum
3626 4810 3717 4863 est,
3741 4806 3785 4852 et

2236 4888 2515 4959 inquisitio
2546 4891 2815 4946 idolorum
2845 4903 2934 4947 :et
2965 4893 3067 4948 hoc
3092 4905 3175 4949 est
3204 4898 3404 4951 malum
3431 4896 3569 4967 quod
3597 4892 3783 4949 difﬁcile

2234 4992 2545 5053 superatur,
2580 4985 2670 5055 qui
2708 5001 2813 5040 non
2850 4996 2947 5040 aut
2978 4986 3206 5043 habendi
3240 4989 3538 5054 voluntate,
3563 4998 3647 5044 aut
3676 5000 3783 5056 pnu-

2233 5078 2462 5145 pertatis
2494 5080 2687 5134 timore
2716 5089 2986 5136 teneatur.
3032 5081 3142 5138 Sed
3184 5082 3310 5154 quia
3344 5085 3594 5155 primitus
3628 5083 3675 5137 in
3700 5095 3784 5134 et-

2238 5170 2543 5227 hortatione
2591 5172 2888 5242 prOphetite
2935 5189 3117 5230 sermo
3159 5176 3534 5246 przedicandus
3571 5187 3673 5241 εει,
3709 5189 3785 5229 ne-

2234 5278 2388 5318 cesse
2415 5274 2519 5331 est,
2554 5273 2610 5319 ut
2637 5264 2688 5319 in
2723 5265 2828 5320 illis
2850 5282 2993 5321 unus
3018 5266 3163 5323 Deus
3192 5268 3385 5324 avidus
3408 5278 3465 5326 et
3492 5269 3720 5336 loquatur
3738 5271 3783 5318 et

2237 5358 2567 5425 nominetur,
2599 5363 2895 5415 secundum
2925 5361 3068 5431 quod
3098 5363 3359 5433 scriptum
3390 5374 3472 5420 est
3508 5379 3521 5415 :
3559 5361 3781 5417 Dominus

2237 5451 2376 5505 Deus
2398 5458 2513 5507 tuus
2540 5468 2669 5507 unus
2696 5462 2768 5509 est
2799 5454 2978 5523 (Deut.
3002 5471 3055 5510 γι
3079 5500 3091 5519 ,
3128 5456 3207 5527 4).
3257 5457 3317 5512 lli
3346 5468 3473 5514 sunt
3497 5472 3625 5528 quos
3661 5462 3782 5508 cate-

2235 5544 2532 5600 chumenos
2556 5547 2922 5612 nominamus,
2951 5556 3007 5602 et
3027 5550 3364 5619 subjacentes
3386 5546 3720 5629 castigationi,
3738 5552 3782 5595 et

2236 5639 2463 5697 liberum
2499 5641 2563 5693 ad
2595 5640 2865 5697 Christum
2896 5642 3153 5699 habentes
3182 5644 3486 5700 arbitrium:
3518 5643 3629 5712 quia
3658 5638 3781 5711 prin-

2234 5738 2429 5807 cipium
2458 5735 2762 5791 sanctitatis
2792 5747 2874 5791 est
2905 5739 3189 5793 Dominum
3213 5740 3393 5795 Jesum
3421 5738 3671 5793 Christum
3701 5729 3776 5786 Dei

2234 5828 2429 5885 Filium
2459 5829 3038 5897 conﬁtcri,sccundum
3073 5832 3213 5902 quod
3234 5832 3490 5901 scriptum
3512 5838 3587 5885 est
3606 5846 3617 5880 :
3635 5817 3777 5881 Corde
