  <div class='ocr_page' id='page_1' title='image "/cluster/home/n/w/nwhite01/storage/ocr_20150623/30/hvd.32044096580535/090.png"; bbox 0 0 4030 6294; ppageno 0'>
   <div class='ocr_carea' id='block_1_1' title="bbox 208 273 301 335">
    <p class='ocr_par' dir='ltr' id='par_1_1' title="bbox 208 273 301 335">
     <span class='ocr_line' id='line_1_1' title="bbox 208 273 301 335; baseline 0.011 -1"><span class='ocrx_word' id='word_1_1' title='bbox 208 273 301 335; x_wconf 73' lang='grc'><strong>161</strong></span> 
     </span>
    </p>
   </div>
   <div class='ocr_carea' id='block_1_2' title="bbox 942 261 2740 333">
    <p class='ocr_par' dir='ltr' id='par_1_2' title="bbox 942 261 2740 333">
     <span class='ocr_line' id='line_1_2' title="bbox 942 261 2740 333; baseline -0.003 0"><span class='ocrx_word' id='word_1_2' title='bbox 942 261 1296 333; x_wconf 71' lang='grc' dir='ltr'><strong>ἘΡιετοιΑ</strong></span> <span class='ocrx_word' id='word_1_3' title='bbox 1335 270 1449 331; x_wconf 79' lang='lat' dir='ltr'><strong>xu.</strong></span> <span class='ocrx_word' id='word_1_4' title='bbox 1504 267 1594 333; x_wconf 80' lang='lat' dir='ltr'><strong>DE</strong></span> <span class='ocrx_word' id='word_1_5' title='bbox 1631 270 1903 332; x_wconf 81' lang='lat' dir='ltr'><strong>SEPTEM</strong></span> <span class='ocrx_word' id='word_1_6' title='bbox 1943 268 2315 332; x_wconf 82' lang='lat' dir='ltr'><strong>ORDINIBUS</strong></span> <span class='ocrx_word' id='word_1_7' title='bbox 2352 269 2740 332; x_wconf 67' lang='lat' dir='ltr'><strong>ECCLESIIE.</strong></span> 
     </span>
    </p>
   </div>
   <div class='ocr_carea' id='block_1_3' title="bbox 3390 268 3494 331">
    <p class='ocr_par' dir='ltr' id='par_1_3' title="bbox 3390 268 3494 331">
     <span class='ocr_line' id='line_1_3' title="bbox 3390 268 3494 331; baseline -0.01 0"><span class='ocrx_word' id='word_1_8' title='bbox 3390 268 3494 331; x_wconf 71' lang='grc'><strong>162</strong></span> 
     </span>
    </p>
   </div>
   <div class='ocr_carea' id='block_1_4' title="bbox 201 388 3490 467">
    <p class='ocr_par' dir='ltr' id='par_1_4' title="bbox 201 388 3490 467">
     <span class='ocr_line' id='line_1_4' title="bbox 201 388 3490 467; baseline 0 -19"><span class='ocrx_word' id='word_1_9' title='bbox 201 392 429 448; x_wconf 76' lang='lat' dir='ltr'><strong>creditur</strong></span> <span class='ocrx_word' id='word_1_10' title='bbox 457 390 529 448; x_wconf 89' lang='lat' dir='ltr'><strong>ad</strong></span> <span class='ocrx_word' id='word_1_11' title='bbox 545 392 831 467; x_wconf 72' lang='lat' dir='ltr'><strong>justitiam,</strong></span> <span class='ocrx_word' id='word_1_12' title='bbox 864 410 953 449; x_wconf 85' lang='lat' dir='ltr'><strong>ore</strong></span> <span class='ocrx_word' id='word_1_13' title='bbox 980 404 1151 449; x_wconf 88' lang='lat' dir='ltr'><strong>autem</strong></span> <span class='ocrx_word' id='word_1_14' title='bbox 1180 393 1436 465; x_wconf 77' lang='lat' dir='ltr'><strong>confessio</strong></span> <span class='ocrx_word' id='word_1_15' title='bbox 1469 392 1527 464; x_wconf 82' lang='lat' dir='ltr'><strong>ﬁt</strong></span> <span class='ocrx_word' id='word_1_16' title='bbox 1558 392 1624 448; x_wconf 86' lang='lat' dir='ltr'><strong>ad</strong></span> <span class='ocrx_word' id='word_1_17' title='bbox 1648 390 1793 447; x_wconf 87' lang='lat' dir='ltr'><strong>salu-</strong></span> <span class='ocrx_word' id='word_1_18' title='bbox 1821 398 1871 458; x_wconf 80' lang='grc' dir='ltr'>Α</span> <span class='ocrx_word' id='word_1_19' title='bbox 1899 389 2078 446; x_wconf 80' lang='lat' dir='ltr'><strong><em>sibilia</em></strong></span> <span class='ocrx_word' id='word_1_20' title='bbox 2106 398 2261 460; x_wconf 89' lang='lat' dir='ltr'><strong>sunt,</strong></span> <span class='ocrx_word' id='word_1_21' title='bbox 2294 391 2633 447; x_wconf 84' lang='lat' dir='ltr'><strong>sanctificata</strong></span> <span class='ocrx_word' id='word_1_22' title='bbox 2684 406 2783 463; x_wconf 88' lang='lat' dir='ltr'><strong>per</strong></span> <span class='ocrx_word' id='word_1_23' title='bbox 2811 388 3035 447; x_wconf 84' lang='lat' dir='ltr'><strong>verbum</strong></span> <span class='ocrx_word' id='word_1_24' title='bbox 3066 399 3121 449; x_wconf 91' lang='lat' dir='ltr'><strong>et</strong></span> <span class='ocrx_word' id='word_1_25' title='bbox 3150 392 3453 449; x_wconf 88' lang='lat' dir='ltr'><strong>orationem</strong></span> <span class='ocrx_word' id='word_1_26' title='bbox 3473 435 3490 461; x_wconf 97' lang='lat'><strong>,</strong></span> 
     </span>
    </p>
   </div>
   <div class='ocr_carea' id='block_1_5' title="bbox 201 483 1791 558">
    <p class='ocr_par' dir='ltr' id='par_1_5' title="bbox 201 483 1791 558">
     <span class='ocr_line' id='line_1_5' title="bbox 201 483 1791 558; baseline 0 -19"><span class='ocrx_word' id='word_1_27' title='bbox 201 495 296 540; x_wconf 77' lang='lat' dir='ltr'><strong>terit</strong></span> <span class='ocrx_word' id='word_1_28' title='bbox 335 483 522 557; x_wconf 86' lang='lat' dir='ltr'><strong>(Rom.</strong></span> <span class='ocrx_word' id='word_1_29' title='bbox 563 502 633 553; x_wconf 74' lang='grc' dir='ltr'>ι,</span> <span class='ocrx_word' id='word_1_30' title='bbox 681 486 795 558; x_wconf 85' lang='grc'><strong>10).</strong></span> <span class='ocrx_word' id='word_1_31' title='bbox 834 485 1116 543; x_wconf 88' lang='lat' dir='ltr'><strong>Secundus</strong></span> <span class='ocrx_word' id='word_1_32' title='bbox 1145 485 1585 557; x_wconf 87' lang='lat' dir='ltr'><strong>Competentium</strong></span> <span class='ocrx_word' id='word_1_33' title='bbox 1640 486 1791 541; x_wconf 91' lang='lat' dir='ltr'><strong>locus</strong></span> 
     </span>
    </p>
   </div>
   <div class='ocr_carea' id='block_1_6' title="bbox 201 575 1794 649">
    <p class='ocr_par' dir='ltr' id='par_1_6' title="bbox 201 575 1794 649">
     <span class='ocr_line' id='line_1_6' title="bbox 201 575 1794 649; baseline 0 -18"><span class='ocrx_word' id='word_1_34' title='bbox 201 586 311 641; x_wconf 86' lang='lat' dir='ltr'><strong>est,</strong></span> <span class='ocrx_word' id='word_1_35' title='bbox 341 576 437 647; x_wconf 86' lang='lat' dir='ltr'><strong>qui</strong></span> <span class='ocrx_word' id='word_1_36' title='bbox 464 575 532 631; x_wconf 87' lang='lat' dir='ltr'><strong>ad</strong></span> <span class='ocrx_word' id='word_1_37' title='bbox 564 577 659 633; x_wconf 85' lang='lat' dir='ltr'><strong>Dei</strong></span> <span class='ocrx_word' id='word_1_38' title='bbox 696 577 925 648; x_wconf 90' lang='lat' dir='ltr'><strong>gratiam</strong></span> <span class='ocrx_word' id='word_1_39' title='bbox 954 575 1299 643; x_wconf 90' lang='lat' dir='ltr'><strong>festinantes,</strong></span> <span class='ocrx_word' id='word_1_40' title='bbox 1330 577 1532 648; x_wconf 85' lang='lat' dir='ltr'><strong>aliquid</strong></span> <span class='ocrx_word' id='word_1_41' title='bbox 1561 577 1794 649; x_wconf 83' lang='lat' dir='ltr'><strong>amplius</strong></span> 
     </span>
    </p>
   </div>
   <div class='ocr_carea' id='block_1_7' title="bbox 201 668 1794 742">
    <p class='ocr_par' dir='ltr' id='par_1_7' title="bbox 201 668 1794 742">
     <span class='ocr_line' id='line_1_7' title="bbox 201 668 1794 742; baseline 0.003 -21"><span class='ocrx_word' id='word_1_42' title='bbox 201 683 361 739; x_wconf 81' lang='lat' dir='ltr'><strong>quam</strong></span> <span class='ocrx_word' id='word_1_43' title='bbox 394 668 598 723; x_wconf 87' lang='lat' dir='ltr'><strong>fuerint</strong></span> <span class='ocrx_word' id='word_1_44' title='bbox 624 683 743 724; x_wconf 87' lang='lat' dir='ltr'><strong>esse</strong></span> <span class='ocrx_word' id='word_1_45' title='bbox 771 668 1105 725; x_wconf 88' lang='lat' dir='ltr'><strong>desiderant.</strong></span> <span class='ocrx_word' id='word_1_46' title='bbox 1128 670 1232 739; x_wconf 84' lang='lat' dir='ltr'><strong>Qui</strong></span> <span class='ocrx_word' id='word_1_47' title='bbox 1259 670 1380 726; x_wconf 91' lang='lat' dir='ltr'><strong>ideo</strong></span> <span class='ocrx_word' id='word_1_48' title='bbox 1410 669 1794 742; x_wconf 87' lang='lat' dir='ltr'><strong>Competentes</strong></span> 
     </span>
    </p>
   </div>
   <div class='ocr_carea' id='block_1_8' title="bbox 201 758 1795 834">
    <p class='ocr_par' dir='ltr' id='par_1_8' title="bbox 201 758 1795 834">
     <span class='ocr_line' id='line_1_8' title="bbox 201 758 1795 834; baseline 0.003 -21"><span class='ocrx_word' id='word_1_49' title='bbox 201 760 476 826; x_wconf 84' lang='lat' dir='ltr'><strong>dicuntur,</strong></span> <span class='ocrx_word' id='word_1_50' title='bbox 502 758 555 816; x_wconf 97' lang='lat' dir='ltr'><strong>id</strong></span> <span class='ocrx_word' id='word_1_51' title='bbox 577 771 679 827; x_wconf 89' lang='lat' dir='ltr'><strong>est,</strong></span> <span class='ocrx_word' id='word_1_52' title='bbox 703 769 993 832; x_wconf 88' lang='lat' dir='ltr'><strong>poscentes</strong></span> <span class='ocrx_word' id='word_1_53' title='bbox 1015 762 1111 817; x_wconf 90' lang='lat' dir='ltr'><strong>Dei</strong></span> <span class='ocrx_word' id='word_1_54' title='bbox 1140 764 1391 834; x_wconf 90' lang='lat' dir='ltr'><strong>gratiam,</strong></span> <span class='ocrx_word' id='word_1_55' title='bbox 1423 762 1534 818; x_wconf 89' lang='lat' dir='ltr'><strong>Deo</strong></span> <span class='ocrx_word' id='word_1_56' title='bbox 1551 762 1662 833; x_wconf 91' lang='lat' dir='ltr'><strong>jam</strong></span> <span class='ocrx_word' id='word_1_57' title='bbox 1692 764 1795 818; x_wconf 89' lang='lat' dir='ltr'><strong>uti-</strong></span> 
     </span>
    </p>
   </div>
   <div class='ocr_carea' id='block_1_9' title="bbox 201 854 1797 929">
    <p class='ocr_par' dir='ltr' id='par_1_9' title="bbox 201 854 1797 929">
     <span class='ocr_line' id='line_1_9' title="bbox 201 854 1797 929; baseline 0.001 -18"><span class='ocrx_word' id='word_1_58' title='bbox 201 854 275 911; x_wconf 83' lang='lat' dir='ltr'><strong>les</strong></span> <span class='ocrx_word' id='word_1_59' title='bbox 306 865 365 911; x_wconf 88' lang='lat' dir='ltr'><strong>et</strong></span> <span class='ocrx_word' id='word_1_60' title='bbox 394 870 494 926; x_wconf 91' lang='lat' dir='ltr'><strong>per</strong></span> <span class='ocrx_word' id='word_1_61' title='bbox 523 854 856 911; x_wconf 90' lang='lat' dir='ltr'><strong>desiderium</strong></span> <span class='ocrx_word' id='word_1_62' title='bbox 894 856 1234 912; x_wconf 75' lang='lat' dir='ltr'><strong>voluntatum</strong></span> <span class='ocrx_word' id='word_1_63' title='bbox 1272 866 1648 929; x_wconf 87' lang='lat' dir='ltr'><strong>competentes</strong></span> <span class='ocrx_word' id='word_1_64' title='bbox 1687 870 1797 913; x_wconf 77' lang='lat' dir='ltr'><strong>cte-</strong></span> 
     </span>
    </p>
   </div>
   <div class='ocr_carea' id='block_1_10' title="bbox 202 948 1796 1022">
    <p class='ocr_par' dir='ltr' id='par_1_10' title="bbox 202 948 1796 1022">
     <span class='ocr_line' id='line_1_10' title="bbox 202 948 1796 1022; baseline 0.003 -19"><span class='ocrx_word' id='word_1_65' title='bbox 202 948 372 1003; x_wconf 91' lang='lat' dir='ltr'><strong>lorum</strong></span> <span class='ocrx_word' id='word_1_66' title='bbox 400 964 596 1021; x_wconf 84' lang='lat' dir='ltr'><strong>regna,</strong></span> <span class='ocrx_word' id='word_1_67' title='bbox 624 965 688 1004; x_wconf 91' lang='lat' dir='ltr'><strong>ac</strong></span> <span class='ocrx_word' id='word_1_68' title='bbox 718 950 963 1005; x_wconf 91' lang='lat' dir='ltr'><strong>volentes</strong></span> <span class='ocrx_word' id='word_1_69' title='bbox 985 950 1098 1020; x_wconf 89' lang='lat' dir='ltr'><strong>juri</strong></span> <span class='ocrx_word' id='word_1_70' title='bbox 1125 966 1224 1007; x_wconf 88' lang='lat' dir='ltr'><strong>suo</strong></span> <span class='ocrx_word' id='word_1_71' title='bbox 1247 966 1344 1022; x_wconf 91' lang='lat' dir='ltr'><strong>per</strong></span> <span class='ocrx_word' id='word_1_72' title='bbox 1364 950 1796 1008; x_wconf 89' lang='lat' dir='ltr'><strong>misericordiam</strong></span> 
     </span>
    </p>
   </div>
   <div class='ocr_carea' id='block_1_11' title="bbox 202 1040 1794 1113">
    <p class='ocr_par' dir='ltr' id='par_1_11' title="bbox 202 1040 1794 1113">
     <span class='ocr_line' id='line_1_11' title="bbox 202 1040 1794 1113; baseline 0.003 -16"><span class='ocrx_word' id='word_1_73' title='bbox 202 1040 555 1113; x_wconf 82' lang='lat' dir='ltr'><strong>principalem</strong></span> <span class='ocrx_word' id='word_1_74' title='bbox 594 1044 967 1100; x_wconf 78' lang='lat' dir='ltr'><strong>luereditatem</strong></span> <span class='ocrx_word' id='word_1_75' title='bbox 1008 1043 1178 1101; x_wconf 92' lang='lat' dir='ltr'><strong>Deum</strong></span> <span class='ocrx_word' id='word_1_76' title='bbox 1217 1045 1498 1103; x_wconf 85' lang='lat' dir='ltr'><strong>vindicare</strong></span> <span class='ocrx_word' id='word_1_77' title='bbox 1530 1063 1544 1101; x_wconf 89' lang='lat'><strong>:</strong></span> <span class='ocrx_word' id='word_1_78' title='bbox 1578 1048 1645 1103; x_wconf 89' lang='lat' dir='ltr'><strong>ab</strong></span> <span class='ocrx_word' id='word_1_79' title='bbox 1674 1063 1794 1102; x_wconf 89' lang='lat' dir='ltr'><strong>om-</strong></span> 
     </span>
    </p>
   </div>
   <div class='ocr_carea' id='block_1_12' title="bbox 204 1134 1798 1211">
    <p class='ocr_par' dir='ltr' id='par_1_12' title="bbox 204 1134 1798 1211">
     <span class='ocr_line' id='line_1_12' title="bbox 204 1134 1798 1211; baseline 0.004 -23"><span class='ocrx_word' id='word_1_80' title='bbox 204 1134 358 1191; x_wconf 88' lang='lat' dir='ltr'><strong>nibus</strong></span> <span class='ocrx_word' id='word_1_81' title='bbox 396 1135 762 1208; x_wconf 87' lang='lat' dir='ltr'><strong>abstinentes,</strong></span> <span class='ocrx_word' id='word_1_82' title='bbox 797 1146 1084 1209; x_wconf 81' lang='lat' dir='ltr'><strong>sperantes</strong></span> <span class='ocrx_word' id='word_1_83' title='bbox 1114 1139 1389 1195; x_wconf 79' lang='lat' dir='ltr'><strong>lavacrum</strong></span> <span class='ocrx_word' id='word_1_84' title='bbox 1410 1181 1426 1206; x_wconf 95' lang='lat'><strong>,</strong></span> <span class='ocrx_word' id='word_1_85' title='bbox 1457 1140 1591 1195; x_wconf 89' lang='lat' dir='ltr'><strong>casti</strong></span> <span class='ocrx_word' id='word_1_86' title='bbox 1616 1150 1798 1211; x_wconf 85' lang='lat' dir='ltr'><strong>atque</strong></span> 
     </span>
    </p>
   </div>
   <div class='ocr_carea' id='block_1_13' title="bbox 202 1228 1799 1303">
    <p class='ocr_par' dir='ltr' id='par_1_13' title="bbox 202 1228 1799 1303">
     <span class='ocr_line' id='line_1_13' title="bbox 202 1228 1799 1303; baseline 0.004 -20"><span class='ocrx_word' id='word_1_87' title='bbox 202 1228 422 1296; x_wconf 85' lang='lat' dir='ltr'><strong>sinceri,</strong></span> <span class='ocrx_word' id='word_1_88' title='bbox 445 1241 501 1286; x_wconf 90' lang='lat' dir='ltr'><strong>et</strong></span> <span class='ocrx_word' id='word_1_89' title='bbox 524 1232 814 1302; x_wconf 68' lang='lat' dir='ltr'><strong>praesentis</strong></span> <span class='ocrx_word' id='word_1_90' title='bbox 845 1235 973 1287; x_wconf 68' lang='lat' dir='ltr'><strong>vitae</strong></span> <span class='ocrx_word' id='word_1_91' title='bbox 1003 1233 1238 1303; x_wconf 89' lang='lat' dir='ltr'><strong>positum</strong></span> <span class='ocrx_word' id='word_1_92' title='bbox 1264 1232 1366 1289; x_wconf 84' lang='lat' dir='ltr'><strong>sibi</strong></span> <span class='ocrx_word' id='word_1_93' title='bbox 1398 1233 1689 1289; x_wconf 86' lang='lat' dir='ltr'><strong>terminum</strong></span> <span class='ocrx_word' id='word_1_94' title='bbox 1712 1250 1799 1289; x_wconf 90' lang='lat' dir='ltr'><strong>re-</strong></span> 
     </span>
    </p>
   </div>
   <div class='ocr_carea' id='block_1_14' title="bbox 204 1321 1797 1396">
    <p class='ocr_par' dir='ltr' id='par_1_14' title="bbox 204 1321 1797 1396">
     <span class='ocr_line' id='line_1_14' title="bbox 204 1321 1797 1396; baseline 0.001 -19"><span class='ocrx_word' id='word_1_95' title='bbox 204 1331 570 1392; x_wconf 87' lang='lat' dir='ltr'><strong>cognoscunt,</strong></span> <span class='ocrx_word' id='word_1_96' title='bbox 600 1333 657 1379; x_wconf 88' lang='lat' dir='ltr'><strong>et</strong></span> <span class='ocrx_word' id='word_1_97' title='bbox 686 1322 936 1378; x_wconf 89' lang='lat' dir='ltr'><strong>ordinem</strong></span> <span class='ocrx_word' id='word_1_98' title='bbox 966 1321 1163 1379; x_wconf 72' lang='lat' dir='ltr'><strong>futura:</strong></span> <span class='ocrx_word' id='word_1_99' title='bbox 1189 1325 1621 1381; x_wconf 86' lang='lat' dir='ltr'><strong>conversationis</strong></span> <span class='ocrx_word' id='word_1_100' title='bbox 1650 1325 1797 1396; x_wconf 90' lang='lat' dir='ltr'><strong>aspi-</strong></span> 
     </span>
    </p>
   </div>
   <div class='ocr_carea' id='block_1_15' title="bbox 210 1412 1797 1487">
    <p class='ocr_par' dir='ltr' id='par_1_15' title="bbox 210 1412 1797 1487">
     <span class='ocr_line' id='line_1_15' title="bbox 210 1412 1797 1487; baseline 0.003 -18"><span class='ocrx_word' id='word_1_101' title='bbox 210 1412 360 1469; x_wconf 84' lang='lat' dir='ltr'><strong>ciunt</strong></span> <span class='ocrx_word' id='word_1_102' title='bbox 387 1432 403 1467; x_wconf 88' lang='lat'><strong>:</strong></span> <span class='ocrx_word' id='word_1_103' title='bbox 431 1414 602 1486; x_wconf 91' lang='lat' dir='ltr'><strong>utqui</strong></span> <span class='ocrx_word' id='word_1_104' title='bbox 631 1425 921 1485; x_wconf 85' lang='lat' dir='ltr'><strong>antequam</strong></span> <span class='ocrx_word' id='word_1_105' title='bbox 953 1417 1246 1487; x_wconf 87' lang='lat' dir='ltr'><strong>accipiant,</strong></span> <span class='ocrx_word' id='word_1_106' title='bbox 1280 1418 1527 1473; x_wconf 88' lang='lat' dir='ltr'><strong>serviunt</strong></span> <span class='ocrx_word' id='word_1_107' title='bbox 1555 1417 1797 1485; x_wconf 83' lang='lat' dir='ltr'><strong>Christo,</strong></span> 
     </span>
    </p>
   </div>
   <div class='ocr_carea' id='block_1_16' title="bbox 214 1507 1801 1582">
    <p class='ocr_par' dir='ltr' id='par_1_16' title="bbox 214 1507 1801 1582">
     <span class='ocr_line' id='line_1_16' title="bbox 214 1507 1801 1582; baseline 0.003 -22"><span class='ocrx_word' id='word_1_108' title='bbox 214 1516 334 1576; x_wconf 86' lang='lat' dir='ltr'><strong>post</strong></span> <span class='ocrx_word' id='word_1_109' title='bbox 362 1517 634 1576; x_wconf 84' lang='lat' dir='ltr'><strong>acceptam</strong></span> <span class='ocrx_word' id='word_1_110' title='bbox 663 1508 822 1563; x_wconf 80' lang='lat' dir='ltr'><strong>fidem</strong></span> <span class='ocrx_word' id='word_1_111' title='bbox 846 1507 963 1577; x_wconf 85' lang='lat' dir='ltr'><strong>Dei,</strong></span> <span class='ocrx_word' id='word_1_112' title='bbox 988 1508 1127 1565; x_wconf 88' lang='lat' dir='ltr'><strong>dona</strong></span> <span class='ocrx_word' id='word_1_113' title='bbox 1153 1526 1259 1565; x_wconf 91' lang='lat' dir='ltr'><strong>non</strong></span> <span class='ocrx_word' id='word_1_114' title='bbox 1287 1510 1537 1582; x_wconf 86' lang='lat' dir='ltr'><strong>perdant,</strong></span> <span class='ocrx_word' id='word_1_115' title='bbox 1567 1522 1658 1565; x_wconf 89' lang='lat' dir='ltr'><strong>aut</strong></span> <span class='ocrx_word' id='word_1_116' title='bbox 1680 1510 1801 1566; x_wconf 88' lang='lat' dir='ltr'><strong>irri-</strong></span> 
     </span>
    </p>
   </div>
   <div class='ocr_carea' id='block_1_17' title="bbox 214 1599 1801 1671">
    <p class='ocr_par' dir='ltr' id='par_1_17' title="bbox 214 1599 1801 1671">
     <span class='ocr_line' id='line_1_17' title="bbox 214 1599 1801 1671; baseline 0.004 -18"><span class='ocrx_word' id='word_1_117' title='bbox 214 1610 315 1653; x_wconf 87' lang='lat' dir='ltr'><strong>tam</strong></span> <span class='ocrx_word' id='word_1_118' title='bbox 336 1599 536 1655; x_wconf 87' lang='lat' dir='ltr'><strong>faciant</strong></span> <span class='ocrx_word' id='word_1_119' title='bbox 562 1601 828 1671; x_wconf 89' lang='lat' dir='ltr'><strong>gratiam,</strong></span> <span class='ocrx_word' id='word_1_120' title='bbox 871 1602 956 1658; x_wconf 91' lang='lat' dir='ltr'><strong>cui</strong></span> <span class='ocrx_word' id='word_1_121' title='bbox 995 1603 1200 1659; x_wconf 81' lang='lat' dir='ltr'><strong>servire</strong></span> <span class='ocrx_word' id='word_1_122' title='bbox 1240 1604 1549 1659; x_wconf 89' lang='lat' dir='ltr'><strong>voluerunt.</strong></span> <span class='ocrx_word' id='word_1_123' title='bbox 1580 1603 1801 1659; x_wconf 87' lang='lat' dir='ltr'><strong>Tertius</strong></span> 
     </span>
    </p>
   </div>
   <div class='ocr_carea' id='block_1_18' title="bbox 206 1690 1799 1767">
    <p class='ocr_par' dir='ltr' id='par_1_18' title="bbox 206 1690 1799 1767">
     <span class='ocr_line' id='line_1_18' title="bbox 206 1690 1799 1767; baseline 0.004 -22"><span class='ocrx_word' id='word_1_124' title='bbox 206 1690 600 1761; x_wconf 82' lang='lat' dir='ltr'><strong>baptizatorum</strong></span> <span class='ocrx_word' id='word_1_125' title='bbox 631 1694 766 1748; x_wconf 89' lang='lat' dir='ltr'><strong>ordo</strong></span> <span class='ocrx_word' id='word_1_126' title='bbox 798 1704 910 1761; x_wconf 88' lang='lat' dir='ltr'><strong>est,</strong></span> <span class='ocrx_word' id='word_1_127' title='bbox 944 1695 997 1750; x_wconf 92' lang='lat' dir='ltr'><strong>in</strong></span> <span class='ocrx_word' id='word_1_128' title='bbox 1031 1696 1226 1767; x_wconf 85' lang='lat' dir='ltr'><strong>quibus</strong></span> <span class='ocrx_word' id='word_1_129' title='bbox 1250 1697 1359 1766; x_wconf 90' lang='lat' dir='ltr'><strong>jam</strong></span> <span class='ocrx_word' id='word_1_130' title='bbox 1406 1695 1658 1751; x_wconf 84' lang='lat' dir='ltr'><strong>Christus</strong></span> <span class='ocrx_word' id='word_1_131' title='bbox 1685 1707 1799 1760; x_wconf 87' lang='lat' dir='ltr'><strong>est,</strong></span> 
     </span>
    </p>
   </div>
   <div class='ocr_carea' id='block_1_19' title="bbox 1895 483 3495 555">
    <p class='ocr_par' dir='ltr' id='par_1_19' title="bbox 1895 483 3495 555">
     <span class='ocr_line' id='line_1_19' title="bbox 1895 483 3495 555; baseline 0.001 -15"><span class='ocrx_word' id='word_1_132' title='bbox 1895 484 2096 540; x_wconf 83' lang='lat' dir='ltr'><strong>Christi</strong></span> <span class='ocrx_word' id='word_1_133' title='bbox 2120 501 2319 555; x_wconf 88' lang='lat' dir='ltr'><strong>corpus</strong></span> <span class='ocrx_word' id='word_1_134' title='bbox 2342 485 2532 541; x_wconf 78' lang='lat' dir='ltr'><strong>effecta</strong></span> <span class='ocrx_word' id='word_1_135' title='bbox 2558 495 2703 540; x_wconf 90' lang='lat' dir='ltr'><strong>sunt.</strong></span> <span class='ocrx_word' id='word_1_136' title='bbox 2723 483 2854 554; x_wconf 61' lang='lat' dir='ltr'><strong>Quae</strong></span> <span class='ocrx_word' id='word_1_137' title='bbox 2881 484 3081 553; x_wconf 88' lang='lat' dir='ltr'><strong>omnia,</strong></span> <span class='ocrx_word' id='word_1_138' title='bbox 3108 483 3155 540; x_wconf 87' lang='lat' dir='ltr'><strong>si</strong></span> <span class='ocrx_word' id='word_1_139' title='bbox 3185 483 3240 541; x_wconf 92' lang='lat' dir='ltr'><strong>in</strong></span> <span class='ocrx_word' id='word_1_140' title='bbox 3267 484 3495 541; x_wconf 87' lang='lat' dir='ltr'><strong>veritate</strong></span> 
     </span>
    </p>
   </div>
   <div class='ocr_carea' id='block_1_20' title="bbox 1899 576 3498 649">
    <p class='ocr_par' dir='ltr' id='par_1_20' title="bbox 1899 576 3498 649">
     <span class='ocr_line' id='line_1_20' title="bbox 1899 576 3498 649; baseline -0.001 -17"><span class='ocrx_word' id='word_1_141' title='bbox 1899 577 2305 646; x_wconf 81' lang='lat' dir='ltr'><strong>complecteris,</strong></span> <span class='ocrx_word' id='word_1_142' title='bbox 2349 578 2653 648; x_wconf 82' lang='lat' dir='ltr'><strong>intelligens</strong></span> <span class='ocrx_word' id='word_1_143' title='bbox 2695 576 2896 644; x_wconf 89' lang='lat' dir='ltr'><strong>Deum,</strong></span> <span class='ocrx_word' id='word_1_144' title='bbox 2936 592 3072 649; x_wconf 92' lang='lat' dir='ltr'><strong>opus</strong></span> <span class='ocrx_word' id='word_1_145' title='bbox 3102 578 3226 633; x_wconf 78' lang='lat' dir='ltr'><strong>vita:</strong></span> <span class='ocrx_word' id='word_1_146' title='bbox 3265 578 3404 648; x_wconf 88' lang='lat' dir='ltr'><strong>agis,</strong></span> <span class='ocrx_word' id='word_1_147' title='bbox 3440 584 3498 633; x_wconf 86' lang='lat' dir='ltr'><strong>et</strong></span> 
     </span>
    </p>
   </div>
   <div class='ocr_carea' id='block_1_21' title="bbox 1895 667 3497 726">
    <p class='ocr_par' dir='ltr' id='par_1_21' title="bbox 1895 667 3497 726">
     <span class='ocr_line' id='line_1_21' title="bbox 1895 667 3497 726; baseline 0.001 -1"><span class='ocrx_word' id='word_1_148' title='bbox 1895 670 2250 725; x_wconf 86' lang='lat' dir='ltr'><strong>commoraris</strong></span> <span class='ocrx_word' id='word_1_149' title='bbox 2277 669 2328 724; x_wconf 92' lang='lat' dir='ltr'><strong>in</strong></span> <span class='ocrx_word' id='word_1_150' title='bbox 2352 667 2590 724; x_wconf 83' lang='lat' dir='ltr'><strong>Christo.</strong></span> <span class='ocrx_word' id='word_1_151' title='bbox 2611 667 2691 723; x_wconf 89' lang='lat' dir='ltr'><strong>Tu</strong></span> <span class='ocrx_word' id='word_1_152' title='bbox 2720 687 2771 724; x_wconf 87' lang='lat' dir='ltr'><strong>es</strong></span> <span class='ocrx_word' id='word_1_153' title='bbox 2800 670 3042 724; x_wconf 75' lang='lat' dir='ltr'><strong>sacerdos</strong></span> <span class='ocrx_word' id='word_1_154' title='bbox 3073 672 3128 724; x_wconf 86' lang='lat' dir='ltr'><strong>in</strong></span> <span class='ocrx_word' id='word_1_155' title='bbox 3150 679 3397 725; x_wconf 78' lang='lat' dir='ltr'><strong>wternum</strong></span> <span class='ocrx_word' id='word_1_156' title='bbox 3419 686 3497 726; x_wconf 82' lang='lat' dir='ltr'><strong>se-</strong></span> 
     </span>
    </p>
   </div>
   <div class='ocr_carea' id='block_1_22' title="bbox 1896 760 3497 835">
    <p class='ocr_par' dir='ltr' id='par_1_22' title="bbox 1896 760 3497 835">
     <span class='ocr_line' id='line_1_22' title="bbox 1896 760 3497 835; baseline 0.003 -22"><span class='ocrx_word' id='word_1_157' title='bbox 1896 762 2124 814; x_wconf 85' lang='lat' dir='ltr'><strong>cundum</strong></span> <span class='ocrx_word' id='word_1_158' title='bbox 2146 761 2380 816; x_wconf 80' lang='lat' dir='ltr'><strong>ordinent</strong></span> <span class='ocrx_word' id='word_1_159' title='bbox 2405 760 2784 817; x_wconf 79' lang='lat' dir='ltr'><strong>Melchisedech</strong></span> <span class='ocrx_word' id='word_1_160' title='bbox 2804 760 2977 835; x_wconf 84' lang='lat' dir='ltr'><strong>(Psal.</strong></span> <span class='ocrx_word' id='word_1_161' title='bbox 3006 778 3095 819; x_wconf 77' lang='lat' dir='ltr'><strong>CIX</strong></span> <span class='ocrx_word' id='word_1_162' title='bbox 3112 804 3128 831; x_wconf 88' lang='lat'><strong>,</strong></span> <span class='ocrx_word' id='word_1_163' title='bbox 3150 761 3231 835; x_wconf 75' lang='grc'><strong>4).</strong></span> <span class='ocrx_word' id='word_1_164' title='bbox 3248 762 3321 817; x_wconf 89' lang='lat' dir='ltr'><strong>Te</strong></span> <span class='ocrx_word' id='word_1_165' title='bbox 3341 761 3497 818; x_wconf 86' lang='lat' dir='ltr'><strong>Decet</strong></span> 
     </span>
    </p>
   </div>
   <div class='ocr_carea' id='block_1_23' title="bbox 1899 852 3496 924">
    <p class='ocr_par' dir='ltr' id='par_1_23' title="bbox 1899 852 3496 924">
     <span class='ocr_line' id='line_1_23' title="bbox 1899 852 3496 924; baseline 0.004 -20"><span class='ocrx_word' id='word_1_166' title='bbox 1899 852 2121 924; x_wconf 76' lang='lat' dir='ltr'><strong>hymnus</strong></span> <span class='ocrx_word' id='word_1_167' title='bbox 2169 854 2310 910; x_wconf 87' lang='lat' dir='ltr'><strong>Deus</strong></span> <span class='ocrx_word' id='word_1_168' title='bbox 2357 855 2411 909; x_wconf 85' lang='lat' dir='ltr'><strong>in</strong></span> <span class='ocrx_word' id='word_1_169' title='bbox 2440 854 2603 923; x_wconf 84' lang='lat' dir='ltr'><strong>Sion,</strong></span> <span class='ocrx_word' id='word_1_170' title='bbox 2648 864 2704 909; x_wconf 87' lang='lat' dir='ltr'><strong>ut</strong></span> <span class='ocrx_word' id='word_1_171' title='bbox 2742 855 2931 910; x_wconf 82' lang='lat' dir='ltr'><strong>reddas</strong></span> <span class='ocrx_word' id='word_1_172' title='bbox 2957 866 3073 912; x_wconf 80' lang='lat' dir='ltr'><strong>vota</strong></span> <span class='ocrx_word' id='word_1_173' title='bbox 3112 857 3167 911; x_wconf 85' lang='lat' dir='ltr'><strong>in</strong></span> <span class='ocrx_word' id='word_1_174' title='bbox 3203 854 3496 911; x_wconf 82' lang='lat' dir='ltr'><strong>Jerusalem</strong></span> 
     </span>
    </p>
   </div>
   <div class='ocr_carea' id='block_1_24' title="bbox 1897 942 3494 1020">
    <p class='ocr_par' dir='ltr' id='par_1_24' title="bbox 1897 942 3494 1020">
     <span class='ocr_line' id='line_1_24' title="bbox 1897 942 3494 1020; baseline 0.004 -23"><span class='ocrx_word' id='word_1_175' title='bbox 1897 942 2075 1014; x_wconf 83' lang='lat' dir='ltr'><strong>(Psat.</strong></span> <span class='ocrx_word' id='word_1_176' title='bbox 2119 961 2265 1014; x_wconf 75' lang='lat' dir='ltr'><strong>utv,</strong></span> <span class='ocrx_word' id='word_1_177' title='bbox 2297 943 2377 1017; x_wconf 71' lang='lat'><strong>2).</strong></span> <span class='ocrx_word' id='word_1_178' title='bbox 2421 946 2539 1002; x_wconf 87' lang='lat' dir='ltr'><strong>Tibi</strong></span> <span class='ocrx_word' id='word_1_179' title='bbox 2584 946 2894 1001; x_wconf 83' lang='lat' dir='ltr'><strong>convivium</strong></span> <span class='ocrx_word' id='word_1_180' title='bbox 2926 945 3176 1003; x_wconf 87' lang='lat' dir='ltr'><strong>Christus</strong></span> <span class='ocrx_word' id='word_1_181' title='bbox 3207 957 3328 1020; x_wconf 88' lang='lat' dir='ltr'><strong>est,</strong></span> <span class='ocrx_word' id='word_1_182' title='bbox 3359 963 3494 1020; x_wconf 89' lang='lat' dir='ltr'><strong>gau-</strong></span> 
     </span>
    </p>
   </div>
   <div class='ocr_carea' id='block_1_25' title="bbox 1898 1037 3501 1113">
    <p class='ocr_par' dir='ltr' id='par_1_25' title="bbox 1898 1037 3501 1113">
     <span class='ocr_line' id='line_1_25' title="bbox 1898 1037 3501 1113; baseline 0.003 -20"><span class='ocrx_word' id='word_1_183' title='bbox 1898 1038 2052 1094; x_wconf 88' lang='lat' dir='ltr'><strong>dium</strong></span> <span class='ocrx_word' id='word_1_184' title='bbox 2084 1037 2336 1095; x_wconf 87' lang='lat' dir='ltr'><strong>Christus</strong></span> <span class='ocrx_word' id='word_1_185' title='bbox 2364 1050 2450 1096; x_wconf 88' lang='lat' dir='ltr'><strong>est</strong></span> <span class='ocrx_word' id='word_1_186' title='bbox 2477 1086 2491 1111; x_wconf 98' lang='lat'><strong>,</strong></span> <span class='ocrx_word' id='word_1_187' title='bbox 2528 1041 2785 1112; x_wconf 83' lang='lat' dir='ltr'><strong>cogitatio</strong></span> <span class='ocrx_word' id='word_1_188' title='bbox 2822 1039 3073 1099; x_wconf 88' lang='lat' dir='ltr'><strong>Christus</strong></span> <span class='ocrx_word' id='word_1_189' title='bbox 3110 1053 3227 1113; x_wconf 85' lang='lat' dir='ltr'><strong>est,</strong></span> <span class='ocrx_word' id='word_1_190' title='bbox 3277 1042 3501 1099; x_wconf 85' lang='lat' dir='ltr'><strong>deside-</strong></span> 
     </span>
    </p>
   </div>
   <div class='ocr_carea' id='block_1_26' title="bbox 1897 1130 3500 1206">
    <p class='ocr_par' dir='ltr' id='par_1_26' title="bbox 1897 1130 3500 1206">
     <span class='ocr_line' id='line_1_26' title="bbox 1897 1130 3500 1206; baseline 0.002 -20"><span class='ocrx_word' id='word_1_191' title='bbox 1897 1130 2038 1186; x_wconf 86' lang='lat' dir='ltr'><strong>rium</strong></span> <span class='ocrx_word' id='word_1_192' title='bbox 2073 1131 2320 1187; x_wconf 88' lang='lat' dir='ltr'><strong>Christus</strong></span> <span class='ocrx_word' id='word_1_193' title='bbox 2349 1142 2463 1198; x_wconf 91' lang='lat' dir='ltr'><strong>est,</strong></span> <span class='ocrx_word' id='word_1_194' title='bbox 2514 1132 2678 1189; x_wconf 89' lang='lat' dir='ltr'><strong>lectio</strong></span> <span class='ocrx_word' id='word_1_195' title='bbox 2708 1134 2959 1190; x_wconf 87' lang='lat' dir='ltr'><strong>Christus</strong></span> <span class='ocrx_word' id='word_1_196' title='bbox 2985 1143 3102 1203; x_wconf 91' lang='lat' dir='ltr'><strong>est,</strong></span> <span class='ocrx_word' id='word_1_197' title='bbox 3137 1136 3291 1206; x_wconf 87' lang='lat' dir='ltr'><strong>quies</strong></span> <span class='ocrx_word' id='word_1_198' title='bbox 3336 1135 3500 1190; x_wconf 89' lang='lat' dir='ltr'><strong>Chri-</strong></span> 
     </span>
    </p>
   </div>
   <div class='ocr_carea' id='block_1_27' title="bbox 1899 1224 3488 1297">
    <p class='ocr_par' dir='ltr' id='par_1_27' title="bbox 1899 1224 3488 1297">
     <span class='ocr_line' id='line_1_27' title="bbox 1899 1224 3488 1297; baseline 0.003 -18"><span class='ocrx_word' id='word_1_199' title='bbox 1899 1233 2014 1280; x_wconf 89' lang='lat' dir='ltr'><strong>stus</strong></span> <span class='ocrx_word' id='word_1_200' title='bbox 2036 1233 2148 1294; x_wconf 91' lang='lat' dir='ltr'><strong>est,</strong></span> <span class='ocrx_word' id='word_1_201' title='bbox 2180 1234 2342 1295; x_wconf 91' lang='lat' dir='ltr'><strong>atque</strong></span> <span class='ocrx_word' id='word_1_202' title='bbox 2371 1224 2644 1297; x_wconf 86' lang='lat' dir='ltr'><strong>imperans</strong></span> <span class='ocrx_word' id='word_1_203' title='bbox 2669 1226 2871 1283; x_wconf 86' lang='lat' dir='ltr'><strong>mundo</strong></span> <span class='ocrx_word' id='word_1_204' title='bbox 2901 1228 3200 1284; x_wconf 86' lang='lat' dir='ltr'><strong>Pharaonis</strong></span> <span class='ocrx_word' id='word_1_205' title='bbox 3222 1228 3365 1284; x_wconf 89' lang='lat' dir='ltr'><strong>Deus</strong></span> <span class='ocrx_word' id='word_1_206' title='bbox 3392 1244 3452 1284; x_wconf 91' lang='lat' dir='ltr'><strong>es</strong></span> <span class='ocrx_word' id='word_1_207' title='bbox 3472 1271 3488 1297; x_wconf 95' lang='lat'><strong>,</strong></span> 
     </span>
    </p>
   </div>
   <div class='ocr_carea' id='block_1_28' title="bbox 1899 1317 3494 1392">
    <p class='ocr_par' dir='ltr' id='par_1_28' title="bbox 1899 1317 3494 1392">
     <span class='ocr_line' id='line_1_28' title="bbox 1899 1317 3494 1392; baseline 0.004 -22"><span class='ocrx_word' id='word_1_208' title='bbox 1899 1325 2184 1387; x_wconf 88' lang='lat' dir='ltr'><strong>postquam</strong></span> <span class='ocrx_word' id='word_1_209' title='bbox 2200 1318 2456 1373; x_wconf 82' lang='lat' dir='ltr'><strong>universa</strong></span> <span class='ocrx_word' id='word_1_210' title='bbox 2481 1317 2681 1375; x_wconf 83' lang='lat' dir='ltr'><strong>vicisti.</strong></span> <span class='ocrx_word' id='word_1_211' title='bbox 2705 1318 2832 1375; x_wconf 72' lang='lat' dir='ltr'><strong>llzec</strong></span> <span class='ocrx_word' id='word_1_212' title='bbox 2852 1321 3060 1376; x_wconf 90' lang='lat' dir='ltr'><strong>cunctis</strong></span> <span class='ocrx_word' id='word_1_213' title='bbox 3089 1319 3339 1392; x_wconf 83' lang='lat' dir='ltr'><strong>plebibus</strong></span> <span class='ocrx_word' id='word_1_214' title='bbox 3366 1320 3494 1388; x_wconf 92' lang='lat' dir='ltr'><strong>tuis,</strong></span> 
     </span>
    </p>
   </div>
   <div class='ocr_carea' id='block_1_29' title="bbox 1902 1406 3495 1485">
    <p class='ocr_par' dir='ltr' id='par_1_29' title="bbox 1902 1406 3495 1485">
     <span class='ocr_line' id='line_1_29' title="bbox 1902 1406 3495 1485; baseline 0.004 -22"><span class='ocrx_word' id='word_1_215' title='bbox 1902 1406 1947 1463; x_wconf 90' lang='lat' dir='ltr'><strong>si</strong></span> <span class='ocrx_word' id='word_1_216' title='bbox 1971 1409 2210 1479; x_wconf 82' lang='lat' dir='ltr'><strong>dignaris</strong></span> <span class='ocrx_word' id='word_1_217' title='bbox 2238 1420 2296 1465; x_wconf 91' lang='lat' dir='ltr'><strong>ut</strong></span> <span class='ocrx_word' id='word_1_218' title='bbox 2327 1425 2605 1477; x_wconf 87' lang='lat' dir='ltr'><strong>moneam,</strong></span> <span class='ocrx_word' id='word_1_219' title='bbox 2635 1424 2799 1484; x_wconf 88' lang='lat' dir='ltr'><strong>prout</strong></span> <span class='ocrx_word' id='word_1_220' title='bbox 2826 1423 2981 1485; x_wconf 88' lang='lat' dir='ltr'><strong>potes</strong></span> <span class='ocrx_word' id='word_1_221' title='bbox 3013 1428 3229 1485; x_wconf 91' lang='lat' dir='ltr'><strong>semper</strong></span> <span class='ocrx_word' id='word_1_222' title='bbox 3259 1412 3495 1481; x_wconf 88' lang='lat' dir='ltr'><strong>insinua,</strong></span> 
     </span>
    </p>
   </div>
   <div class='ocr_carea' id='block_1_30' title="bbox 1902 1502 3505 1573">
    <p class='ocr_par' dir='ltr' id='par_1_30' title="bbox 1902 1502 3505 1573">
     <span class='ocr_line' id='line_1_30' title="bbox 1902 1502 3505 1573; baseline 0.004 -17"><span class='ocrx_word' id='word_1_223' title='bbox 1902 1502 2223 1557; x_wconf 87' lang='lat' dir='ltr'><strong>memoriam</strong></span> <span class='ocrx_word' id='word_1_224' title='bbox 2253 1504 2358 1558; x_wconf 90' lang='lat' dir='ltr'><strong>mei</strong></span> <span class='ocrx_word' id='word_1_225' title='bbox 2386 1502 2589 1559; x_wconf 89' lang='lat' dir='ltr'><strong>habens</strong></span> <span class='ocrx_word' id='word_1_226' title='bbox 2617 1504 2671 1559; x_wconf 93' lang='lat' dir='ltr'><strong>in</strong></span> <span class='ocrx_word' id='word_1_227' title='bbox 2701 1505 3039 1561; x_wconf 86' lang='lat' dir='ltr'><strong>orationibus</strong></span> <span class='ocrx_word' id='word_1_228' title='bbox 3064 1509 3172 1562; x_wconf 91' lang='lat' dir='ltr'><strong>tuis</strong></span> <span class='ocrx_word' id='word_1_229' title='bbox 3197 1507 3420 1573; x_wconf 90' lang='lat' dir='ltr'><strong>sanctis,</strong></span> <span class='ocrx_word' id='word_1_230' title='bbox 3444 1517 3505 1562; x_wconf 89' lang='lat' dir='ltr'><strong>ut</strong></span> 
     </span>
    </p>
   </div>
   <div class='ocr_carea' id='block_1_31' title="bbox 1904 1594 3509 1668">
    <p class='ocr_par' dir='ltr' id='par_1_31' title="bbox 1904 1594 3509 1668">
     <span class='ocr_line' id='line_1_31' title="bbox 1904 1594 3509 1668; baseline 0.005 -20"><span class='ocrx_word' id='word_1_231' title='bbox 1904 1594 2103 1649; x_wconf 86' lang='lat' dir='ltr'><strong>liberer</strong></span> <span class='ocrx_word' id='word_1_232' title='bbox 2130 1596 2199 1650; x_wconf 91' lang='lat' dir='ltr'><strong>ab</strong></span> <span class='ocrx_word' id='word_1_233' title='bbox 2250 1595 2564 1652; x_wconf 86' lang='lat' dir='ltr'><strong>intldelibus</strong></span> <span class='ocrx_word' id='word_1_234' title='bbox 2591 1598 2682 1668; x_wconf 92' lang='lat' dir='ltr'><strong>qui</strong></span> <span class='ocrx_word' id='word_1_235' title='bbox 2712 1607 2837 1653; x_wconf 89' lang='lat' dir='ltr'><strong>sunt</strong></span> <span class='ocrx_word' id='word_1_236' title='bbox 2886 1600 2938 1655; x_wconf 93' lang='lat' dir='ltr'><strong>in</strong></span> <span class='ocrx_word' id='word_1_237' title='bbox 2964 1598 3153 1655; x_wconf 69' lang='lat' dir='ltr'><strong>Judaza</strong></span> <span class='ocrx_word' id='word_1_238' title='bbox 3180 1640 3196 1667; x_wconf 96' lang='lat'><strong>,</strong></span> <span class='ocrx_word' id='word_1_239' title='bbox 3229 1608 3288 1656; x_wconf 89' lang='lat' dir='ltr'><strong>ut</strong></span> <span class='ocrx_word' id='word_1_240' title='bbox 3315 1601 3509 1656; x_wconf 76' lang='lat' dir='ltr'><strong>remis-</strong></span> 
     </span>
    </p>
   </div>
   <div class='ocr_carea' id='block_1_32' title="bbox 1904 1688 3504 1761">
    <p class='ocr_par' dir='ltr' id='par_1_32' title="bbox 1904 1688 3504 1761">
     <span class='ocr_line' id='line_1_32' title="bbox 1904 1688 3504 1761; baseline 0.005 -20"><span class='ocrx_word' id='word_1_241' title='bbox 1904 1688 2113 1744; x_wconf 91' lang='lat' dir='ltr'><strong>sionem</strong></span> <span class='ocrx_word' id='word_1_242' title='bbox 2160 1704 2465 1760; x_wconf 89' lang='lat' dir='ltr'><strong>consequar</strong></span> <span class='ocrx_word' id='word_1_243' title='bbox 2514 1701 2887 1761; x_wconf 87' lang='lat' dir='ltr'><strong>peccatorum.</strong></span> <span class='ocrx_word' id='word_1_244' title='bbox 2943 1692 3139 1749; x_wconf 84' lang='lat' dir='ltr'><strong>Certus</strong></span> <span class='ocrx_word' id='word_1_245' title='bbox 3187 1709 3308 1749; x_wconf 89' lang='lat' dir='ltr'><strong>sum</strong></span> <span class='ocrx_word' id='word_1_246' title='bbox 3356 1695 3504 1750; x_wconf 90' lang='lat' dir='ltr'><strong>enim</strong></span> 
     </span>
    </p>
   </div>
   <div class='ocr_carea' id='block_1_33' title="bbox 206 1781 1809 1861">
    <p class='ocr_par' dir='ltr' id='par_1_33' title="bbox 206 1785 1803 1861">
     <span class='ocr_line' id='line_1_33' title="bbox 206 1785 1803 1861; baseline 0.004 -24"><span class='ocrx_word' id='word_1_247' title='bbox 206 1785 419 1841; x_wconf 83' lang='lat' dir='ltr'><strong>dicente</strong></span> <span class='ocrx_word' id='word_1_248' title='bbox 470 1787 732 1856; x_wconf 82' lang='lat' dir='ltr'><strong>Apostolo</strong></span> <span class='ocrx_word' id='word_1_249' title='bbox 766 1805 779 1843; x_wconf 87' lang='lat'><strong>:</strong></span> <span class='ocrx_word' id='word_1_250' title='bbox 815 1786 1043 1842; x_wconf 84' lang='lat' dir='ltr'><strong>Nescitis</strong></span> <span class='ocrx_word' id='word_1_251' title='bbox 1074 1791 1323 1858; x_wconf 87' lang='lat' dir='ltr'><strong>quoniam</strong></span> <span class='ocrx_word' id='word_1_252' title='bbox 1353 1791 1665 1861; x_wconf 82' lang='lat' dir='ltr'><strong>quicumque</strong></span> <span class='ocrx_word' id='word_1_253' title='bbox 1714 1790 1803 1843; x_wconf 86' lang='lat' dir='ltr'><strong>ba-</strong></span> 
     </span>
    </p>
   </div>
   <div class='ocr_carea' id='block_1_34' title="bbox 1914 1781 3500 1861">
    <p class='ocr_par' dir='ltr' id='par_1_34' title="bbox 1914 1781 3500 1853">
     <span class='ocr_line' id='line_1_34' title="bbox 1914 1781 3500 1853; baseline 0.006 -20"><span class='ocrx_word' id='word_1_254' title='bbox 1914 1794 2037 1849; x_wconf 83' lang='lat' dir='ltr'><strong>ego,</strong></span> <span class='ocrx_word' id='word_1_255' title='bbox 2066 1781 2190 1851; x_wconf 88' lang='lat' dir='ltr'><strong>quia</strong></span> <span class='ocrx_word' id='word_1_256' title='bbox 2232 1796 2396 1851; x_wconf 89' lang='lat' dir='ltr'><strong>supra</strong></span> <span class='ocrx_word' id='word_1_257' title='bbox 2426 1797 2586 1853; x_wconf 89' lang='lat' dir='ltr'><strong>quam</strong></span> <span class='ocrx_word' id='word_1_258' title='bbox 2616 1783 2741 1839; x_wconf 91' lang='lat' dir='ltr'><strong>dico</strong></span> <span class='ocrx_word' id='word_1_259' title='bbox 2776 1784 2940 1840; x_wconf 87' lang='lat' dir='ltr'><strong>facies</strong></span> <span class='ocrx_word' id='word_1_260' title='bbox 2968 1803 2981 1841; x_wconf 95' lang='lat'><strong>:</strong></span> <span class='ocrx_word' id='word_1_261' title='bbox 3008 1785 3311 1843; x_wconf 88' lang='lat' dir='ltr'><strong>debitorem</strong></span> <span class='ocrx_word' id='word_1_262' title='bbox 3354 1788 3500 1843; x_wconf 91' lang='lat' dir='ltr'><strong>enim</strong></span> 
     </span>
    </p>
   </div>
   <div class='ocr_carea' id='block_1_35' title="bbox 207 1877 1803 1955">
    <p class='ocr_par' dir='ltr' id='par_1_35' title="bbox 207 1877 1803 1955">
     <span class='ocr_line' id='line_1_35' title="bbox 207 1877 1803 1955; baseline 0.006 -25"><span class='ocrx_word' id='word_1_263' title='bbox 207 1879 375 1948; x_wconf 76' lang='lat' dir='ltr'><strong>ptisati</strong></span> <span class='ocrx_word' id='word_1_264' title='bbox 393 1881 519 1934; x_wconf 79' lang='lat' dir='ltr'><strong>estis</strong></span> <span class='ocrx_word' id='word_1_265' title='bbox 539 1880 593 1932; x_wconf 84' lang='lat' dir='ltr'><strong>in</strong></span> <span class='ocrx_word' id='word_1_266' title='bbox 615 1877 840 1947; x_wconf 85' lang='lat' dir='ltr'><strong>Christo,</strong></span> <span class='ocrx_word' id='word_1_267' title='bbox 861 1880 1127 1936; x_wconf 82' lang='lat' dir='ltr'><strong>Christum</strong></span> <span class='ocrx_word' id='word_1_268' title='bbox 1142 1881 1387 1939; x_wconf 86' lang='lat' dir='ltr'><strong>induistis</strong></span> <span class='ocrx_word' id='word_1_269' title='bbox 1410 1882 1553 1955; x_wconf 85' lang='lat' dir='ltr'><strong>(Gal.</strong></span> <span class='ocrx_word' id='word_1_270' title='bbox 1581 1884 1803 1955; x_wconf 72' lang='lat'><strong>111,27)?</strong></span> 
     </span>
    </p>
   </div>
   <div class='ocr_carea' id='block_1_36' title="bbox 211 1969 1800 2048">
    <p class='ocr_par' dir='ltr' id='par_1_36' title="bbox 211 1969 1800 2048">
     <span class='ocr_line' id='line_1_36' title="bbox 211 1969 1800 2048; baseline 0.004 -25"><span class='ocrx_word' id='word_1_271' title='bbox 211 1970 270 2023; x_wconf 85' lang='lat' dir='ltr'><strong>l-‘.t</strong></span> <span class='ocrx_word' id='word_1_272' title='bbox 300 1969 428 2026; x_wconf 89' lang='lat' dir='ltr'><strong>ideo</strong></span> <span class='ocrx_word' id='word_1_273' title='bbox 465 1987 592 2027; x_wconf 89' lang='lat' dir='ltr'><strong>cum</strong></span> <span class='ocrx_word' id='word_1_274' title='bbox 620 1973 918 2043; x_wconf 90' lang='lat' dir='ltr'><strong>cogitamus</strong></span> <span class='ocrx_word' id='word_1_275' title='bbox 945 1974 1151 2045; x_wconf 89' lang='lat' dir='ltr'><strong>aliquid</strong></span> <span class='ocrx_word' id='word_1_276' title='bbox 1181 1974 1313 2031; x_wconf 91' lang='lat' dir='ltr'><strong>boni</strong></span> <span class='ocrx_word' id='word_1_277' title='bbox 1363 1976 1575 2032; x_wconf 88' lang='lat' dir='ltr'><strong>liberati</strong></span> <span class='ocrx_word' id='word_1_278' title='bbox 1608 1993 1636 2030; x_wconf 88' lang='lat' dir='ltr'><strong>a</strong></span> <span class='ocrx_word' id='word_1_279' title='bbox 1665 1992 1800 2048; x_wconf 88' lang='lat' dir='ltr'><strong>gen-</strong></span> 
     </span>
    </p>
   </div>
   <div class='ocr_carea' id='block_1_37' title="bbox 214 2063 1801 2139">
    <p class='ocr_par' dir='ltr' id='par_1_37' title="bbox 214 2063 1801 2139">
     <span class='ocr_line' id='line_1_37' title="bbox 214 2063 1801 2139; baseline 0.005 -22"><span class='ocrx_word' id='word_1_280' title='bbox 214 2063 440 2125; x_wconf 84' lang='lat' dir='ltr'><strong>tilitate,</strong></span> <span class='ocrx_word' id='word_1_281' title='bbox 488 2063 867 2121; x_wconf 86' lang='lat' dir='ltr'><strong>cathecumeni</strong></span> <span class='ocrx_word' id='word_1_282' title='bbox 921 2082 1144 2122; x_wconf 91' lang='lat' dir='ltr'><strong>sumus:</strong></span> <span class='ocrx_word' id='word_1_283' title='bbox 1180 2084 1303 2123; x_wconf 91' lang='lat' dir='ltr'><strong>cum</strong></span> <span class='ocrx_word' id='word_1_284' title='bbox 1359 2069 1607 2124; x_wconf 88' lang='lat' dir='ltr'><strong>volumus</strong></span> <span class='ocrx_word' id='word_1_285' title='bbox 1659 2067 1801 2139; x_wconf 84' lang='lat' dir='ltr'><strong>quod</strong></span> 
     </span>
    </p>
   </div>
   <div class='ocr_carea' id='block_1_38' title="bbox 221 2162 1805 2231">
    <p class='ocr_par' dir='ltr' id='par_1_38' title="bbox 221 2162 1805 2231">
     <span class='ocr_line' id='line_1_38' title="bbox 221 2162 1805 2231; baseline 0.004 -23"><span class='ocrx_word' id='word_1_286' title='bbox 221 2167 459 2210; x_wconf 88' lang='lat' dir='ltr'><strong>sanctum</strong></span> <span class='ocrx_word' id='word_1_287' title='bbox 480 2168 606 2223; x_wconf 89' lang='lat' dir='ltr'><strong>est,</strong></span> <span class='ocrx_word' id='word_1_288' title='bbox 635 2170 1005 2227; x_wconf 87' lang='lat' dir='ltr'><strong>competentes</strong></span> <span class='ocrx_word' id='word_1_289' title='bbox 1026 2176 1178 2215; x_wconf 87' lang='lat' dir='ltr'><strong>:cum</strong></span> <span class='ocrx_word' id='word_1_290' title='bbox 1203 2176 1493 2231; x_wconf 83' lang='lat' dir='ltr'><strong>operantur</strong></span> <span class='ocrx_word' id='word_1_291' title='bbox 1516 2162 1681 2228; x_wconf 89' lang='lat' dir='ltr'><strong>bona,</strong></span> <span class='ocrx_word' id='word_1_292' title='bbox 1712 2162 1805 2215; x_wconf 80' lang='lat' dir='ltr'><strong>ba-</strong></span> 
     </span>
    </p>
   </div>
   <div class='ocr_carea' id='block_1_39' title="bbox 216 2248 1804 2323">
    <p class='ocr_par' dir='ltr' id='par_1_39' title="bbox 216 2248 1804 2323">
     <span class='ocr_line' id='line_1_39' title="bbox 216 2248 1804 2323; baseline 0.007 -22"><span class='ocrx_word' id='word_1_293' title='bbox 216 2248 476 2317; x_wconf 80' lang='lat' dir='ltr'><strong>ptizamur</strong></span> <span class='ocrx_word' id='word_1_294' title='bbox 507 2259 565 2305; x_wconf 89' lang='lat' dir='ltr'><strong>et</strong></span> <span class='ocrx_word' id='word_1_295' title='bbox 603 2255 994 2307; x_wconf 89' lang='lat' dir='ltr'><strong>commorimur</strong></span> <span class='ocrx_word' id='word_1_296' title='bbox 1019 2252 1255 2309; x_wconf 87' lang='lat' dir='ltr'><strong>Christo.</strong></span> <span class='ocrx_word' id='word_1_297' title='bbox 1285 2253 1391 2310; x_wconf 88' lang='lat' dir='ltr'><strong>Sed</strong></span> <span class='ocrx_word' id='word_1_298' title='bbox 1423 2257 1470 2312; x_wconf 91' lang='lat' dir='ltr'><strong>si</strong></span> <span class='ocrx_word' id='word_1_299' title='bbox 1509 2254 1671 2323; x_wconf 83' lang='lat' dir='ltr'><strong>forte,</strong></span> <span class='ocrx_word' id='word_1_300' title='bbox 1701 2256 1804 2312; x_wconf 92' lang='lat' dir='ltr'><strong>hoc</strong></span> 
     </span>
    </p>
   </div>
   <div class='ocr_carea' id='block_1_40' title="bbox 214 2343 1805 2420">
    <p class='ocr_par' dir='ltr' id='par_1_40' title="bbox 214 2343 1805 2420">
     <span class='ocr_line' id='line_1_40' title="bbox 214 2343 1805 2420; baseline 0.008 -25"><span class='ocrx_word' id='word_1_301' title='bbox 214 2344 564 2414; x_wconf 85' lang='lat' dir='ltr'><strong>impugnante</strong></span> <span class='ocrx_word' id='word_1_302' title='bbox 584 2343 824 2410; x_wconf 91' lang='lat' dir='ltr'><strong>diabolo,</strong></span> <span class='ocrx_word' id='word_1_303' title='bbox 841 2362 1187 2419; x_wconf 89' lang='lat' dir='ltr'><strong>quacumque</strong></span> <span class='ocrx_word' id='word_1_304' title='bbox 1209 2352 1421 2420; x_wconf 87' lang='lat' dir='ltr'><strong>peccati</strong></span> <span class='ocrx_word' id='word_1_305' title='bbox 1443 2352 1805 2407; x_wconf 88' lang='lat' dir='ltr'><strong>maculatione</strong></span> 
     </span>
    </p>
   </div>
   <div class='ocr_carea' id='block_1_41' title="bbox 211 2434 1804 2513">
    <p class='ocr_par' dir='ltr' id='par_1_41' title="bbox 211 2434 1804 2513">
     <span class='ocr_line' id='line_1_41' title="bbox 211 2434 1804 2513; baseline 0.008 -25"><span class='ocrx_word' id='word_1_306' title='bbox 211 2434 505 2504; x_wconf 86' lang='lat' dir='ltr'><strong>violamur,</strong></span> <span class='ocrx_word' id='word_1_307' title='bbox 539 2438 854 2506; x_wconf 67' lang='lat' dir='ltr'><strong>paenitentia</strong></span> <span class='ocrx_word' id='word_1_308' title='bbox 894 2442 1191 2511; x_wconf 90' lang='lat' dir='ltr'><strong>competit:</strong></span> <span class='ocrx_word' id='word_1_309' title='bbox 1223 2458 1346 2513; x_wconf 73' lang='lat' dir='ltr'><strong>quae</strong></span> <span class='ocrx_word' id='word_1_310' title='bbox 1392 2443 1446 2497; x_wconf 92' lang='lat' dir='ltr'><strong>in</strong></span> <span class='ocrx_word' id='word_1_311' title='bbox 1492 2442 1804 2499; x_wconf 89' lang='lat' dir='ltr'><strong>similitudi-</strong></span> 
     </span>
    </p>
   </div>
   <div class='ocr_carea' id='block_1_42' title="bbox 212 2526 1805 2604">
    <p class='ocr_par' dir='ltr' id='par_1_42' title="bbox 212 2526 1805 2604">
     <span class='ocr_line' id='line_1_42' title="bbox 212 2526 1805 2604; baseline 0.008 -23"><span class='ocrx_word' id='word_1_312' title='bbox 212 2543 329 2582; x_wconf 89' lang='lat' dir='ltr'><strong>nem</strong></span> <span class='ocrx_word' id='word_1_313' title='bbox 352 2526 529 2583; x_wconf 88' lang='lat' dir='ltr'><strong>divini</strong></span> <span class='ocrx_word' id='word_1_314' title='bbox 559 2528 721 2587; x_wconf 77' lang='lat' dir='ltr'><strong>foatis</strong></span> <span class='ocrx_word' id='word_1_315' title='bbox 742 2574 758 2599; x_wconf 95' lang='lat'><strong>,</strong></span> <span class='ocrx_word' id='word_1_316' title='bbox 790 2531 906 2602; x_wconf 90' lang='lat' dir='ltr'><strong>ipsa</strong></span> <span class='ocrx_word' id='word_1_317' title='bbox 966 2544 1188 2603; x_wconf 89' lang='lat' dir='ltr'><strong>peccata</strong></span> <span class='ocrx_word' id='word_1_318' title='bbox 1212 2536 1535 2604; x_wconf 81' lang='lat' dir='ltr'><strong>mortificet,</strong></span> <span class='ocrx_word' id='word_1_319' title='bbox 1593 2552 1656 2593; x_wconf 90' lang='lat' dir='ltr'><strong>ac</strong></span> <span class='ocrx_word' id='word_1_320' title='bbox 1705 2553 1805 2593; x_wconf 90' lang='lat' dir='ltr'><strong>nos</strong></span> 
     </span>
    </p>
   </div>
   <div class='ocr_carea' id='block_1_43' title="bbox 214 2621 1805 2700">
    <p class='ocr_par' dir='ltr' id='par_1_43' title="bbox 214 2621 1805 2700">
     <span class='ocr_line' id='line_1_43' title="bbox 214 2621 1805 2700; baseline 0.008 -26"><span class='ocrx_word' id='word_1_321' title='bbox 214 2621 394 2676; x_wconf 80' lang='lat' dir='ltr'><strong>salvet</strong></span> <span class='ocrx_word' id='word_1_322' title='bbox 421 2624 474 2676; x_wconf 91' lang='lat' dir='ltr'><strong>in</strong></span> <span class='ocrx_word' id='word_1_323' title='bbox 504 2637 753 2693; x_wconf 89' lang='lat' dir='ltr'><strong>corpore.</strong></span> <span class='ocrx_word' id='word_1_324' title='bbox 783 2624 899 2693; x_wconf 83' lang='lat' dir='ltr'><strong>Qua</strong></span> <span class='ocrx_word' id='word_1_325' title='bbox 928 2627 1199 2697; x_wconf 89' lang='lat' dir='ltr'><strong>completa</strong></span> <span class='ocrx_word' id='word_1_326' title='bbox 1228 2639 1451 2700; x_wconf 88' lang='lat' dir='ltr'><strong>quartus</strong></span> <span class='ocrx_word' id='word_1_327' title='bbox 1482 2632 1805 2686; x_wconf 89' lang='lat' dir='ltr'><strong>reconcilia-</strong></span> 
     </span>
    </p>
   </div>
   <div class='ocr_carea' id='block_1_44' title="bbox 215 2713 1805 2792">
    <p class='ocr_par' dir='ltr' id='par_1_44' title="bbox 215 2713 1805 2792">
     <span class='ocr_line' id='line_1_44' title="bbox 215 2713 1805 2792; baseline 0.009 -25"><span class='ocrx_word' id='word_1_328' title='bbox 215 2713 386 2768; x_wconf 87' lang='lat' dir='ltr'><strong>tionis</strong></span> <span class='ocrx_word' id='word_1_329' title='bbox 414 2714 559 2769; x_wconf 87' lang='lat' dir='ltr'><strong>locus</strong></span> <span class='ocrx_word' id='word_1_330' title='bbox 599 2730 716 2784; x_wconf 91' lang='lat' dir='ltr'><strong>cst,</strong></span> <span class='ocrx_word' id='word_1_331' title='bbox 752 2726 810 2773; x_wconf 91' lang='lat' dir='ltr'><strong>ut</strong></span> <span class='ocrx_word' id='word_1_332' title='bbox 834 2728 997 2790; x_wconf 88' lang='lat' dir='ltr'><strong>caput</strong></span> <span class='ocrx_word' id='word_1_333' title='bbox 1020 2722 1264 2792; x_wconf 88' lang='lat' dir='ltr'><strong>corporis</strong></span> <span class='ocrx_word' id='word_1_334' title='bbox 1307 2725 1478 2779; x_wconf 86' lang='lat' dir='ltr'><strong>nostri</strong></span> <span class='ocrx_word' id='word_1_335' title='bbox 1525 2724 1805 2781; x_wconf 88' lang='lat' dir='ltr'><strong>Christum</strong></span> 
     </span>
    </p>
   </div>
   <div class='ocr_carea' id='block_1_45' title="bbox 217 2806 1806 2886">
    <p class='ocr_par' dir='ltr' id='par_1_45' title="bbox 217 2806 1806 2886">
     <span class='ocr_line' id='line_1_45' title="bbox 217 2806 1806 2886; baseline 0.011 -29"><span class='ocrx_word' id='word_1_336' title='bbox 217 2819 343 2860; x_wconf 85' lang='lat' dir='ltr'><strong>esse</strong></span> <span class='ocrx_word' id='word_1_337' title='bbox 369 2806 671 2876; x_wconf 87' lang='lat' dir='ltr'><strong>credamus,</strong></span> <span class='ocrx_word' id='word_1_338' title='bbox 705 2809 829 2879; x_wconf 91' lang='lat' dir='ltr'><strong>quia</strong></span> <span class='ocrx_word' id='word_1_339' title='bbox 853 2809 1114 2867; x_wconf 77' lang='lat' dir='ltr'><strong>Ecclesia:</strong></span> <span class='ocrx_word' id='word_1_340' title='bbox 1136 2828 1249 2869; x_wconf 75' lang='lat' dir='ltr'><strong>sua:</strong></span> <span class='ocrx_word' id='word_1_341' title='bbox 1273 2815 1354 2870; x_wconf 92' lang='lat' dir='ltr'><strong>vir</strong></span> <span class='ocrx_word' id='word_1_342' title='bbox 1373 2857 1390 2881; x_wconf 93' lang='lat'><strong>,</strong></span> <span class='ocrx_word' id='word_1_343' title='bbox 1421 2827 1584 2886; x_wconf 87' lang='lat' dir='ltr'><strong>caput</strong></span> <span class='ocrx_word' id='word_1_344' title='bbox 1612 2816 1806 2873; x_wconf 87' lang='lat' dir='ltr'><strong>mulie-</strong></span> 
     </span>
    </p>
   </div>
   <div class='ocr_carea' id='block_1_46' title="bbox 216 2897 1808 2979">
    <p class='ocr_par' dir='ltr' id='par_1_46' title="bbox 216 2897 1808 2979">
     <span class='ocr_line' id='line_1_46' title="bbox 216 2897 1808 2979; baseline 0.01 -27"><span class='ocrx_word' id='word_1_345' title='bbox 216 2897 291 2953; x_wconf 91' lang='lat' dir='ltr'><strong>ris</strong></span> <span class='ocrx_word' id='word_1_346' title='bbox 321 2918 337 2954; x_wconf 87' lang='lat'><strong><em>:</em></strong></span> <span class='ocrx_word' id='word_1_347' title='bbox 374 2901 426 2953; x_wconf 90' lang='lat' dir='ltr'><strong>id</strong></span> <span class='ocrx_word' id='word_1_348' title='bbox 452 2910 559 2967; x_wconf 89' lang='lat' dir='ltr'><strong>est,</strong></span> <span class='ocrx_word' id='word_1_349' title='bbox 581 2904 822 2958; x_wconf 90' lang='lat' dir='ltr'><strong>omnium</strong></span> <span class='ocrx_word' id='word_1_350' title='bbox 849 2906 1150 2961; x_wconf 90' lang='lat' dir='ltr'><strong>animarum</strong></span> <span class='ocrx_word' id='word_1_351' title='bbox 1174 2925 1295 2979; x_wconf 86' lang='lat' dir='ltr'><strong>quae</strong></span> <span class='ocrx_word' id='word_1_352' title='bbox 1323 2909 1487 2965; x_wconf 92' lang='lat' dir='ltr'><strong>Deum</strong></span> <span class='ocrx_word' id='word_1_353' title='bbox 1520 2921 1631 2967; x_wconf 91' lang='lat' dir='ltr'><strong>tota</strong></span> <span class='ocrx_word' id='word_1_354' title='bbox 1655 2928 1808 2967; x_wconf 82' lang='lat' dir='ltr'><strong>men-</strong></span> 
     </span>
    </p>
   </div>
   <div class='ocr_carea' id='block_1_47' title="bbox 216 2993 1807 3073">
    <p class='ocr_par' dir='ltr' id='par_1_47' title="bbox 216 2993 1807 3073">
     <span class='ocr_line' id='line_1_47' title="bbox 216 2993 1807 3073; baseline 0.009 -26"><span class='ocrx_word' id='word_1_355' title='bbox 216 3003 267 3048; x_wconf 87' lang='lat' dir='ltr'><strong>te</strong></span> <span class='ocrx_word' id='word_1_356' title='bbox 295 2993 651 3064; x_wconf 87' lang='lat' dir='ltr'><strong>perquirunt.</strong></span> <span class='ocrx_word' id='word_1_357' title='bbox 689 2996 779 3051; x_wconf 86' lang='lat' dir='ltr'><strong>Sal</strong></span> <span class='ocrx_word' id='word_1_358' title='bbox 820 3007 1001 3054; x_wconf 90' lang='lat' dir='ltr'><strong>autem</strong></span> <span class='ocrx_word' id='word_1_359' title='bbox 1057 3013 1339 3073; x_wconf 86' lang='lat' dir='ltr'><strong>propterea</strong></span> <span class='ocrx_word' id='word_1_360' title='bbox 1397 3007 1807 3062; x_wconf 86' lang='lat' dir='ltr'><strong>catechumenis</strong></span> 
     </span>
    </p>
   </div>
   <div class='ocr_carea' id='block_1_48' title="bbox 211 3087 1805 3167">
    <p class='ocr_par' dir='ltr' id='par_1_48' title="bbox 211 3087 1805 3167">
     <span class='ocr_line' id='line_1_48' title="bbox 211 3087 1805 3167; baseline 0.009 -26"><span class='ocrx_word' id='word_1_361' title='bbox 211 3087 376 3143; x_wconf 83' lang='lat' dir='ltr'><strong>datur</strong></span> <span class='ocrx_word' id='word_1_362' title='bbox 400 3089 453 3143; x_wconf 92' lang='lat' dir='ltr'><strong>in</strong></span> <span class='ocrx_word' id='word_1_363' title='bbox 482 3091 744 3161; x_wconf 83' lang='lat' dir='ltr'><strong>mysterio</strong></span> <span class='ocrx_word' id='word_1_364' title='bbox 778 3110 790 3145; x_wconf 90' lang='lat'>:</span> <span class='ocrx_word' id='word_1_365' title='bbox 821 3104 878 3148; x_wconf 92' lang='lat' dir='ltr'><strong>ut</strong></span> <span class='ocrx_word' id='word_1_366' title='bbox 900 3110 999 3150; x_wconf 91' lang='lat' dir='ltr'><strong>nos</strong></span> <span class='ocrx_word' id='word_1_367' title='bbox 1029 3110 1155 3151; x_wconf 90' lang='lat' dir='ltr'><strong>esse</strong></span> <span class='ocrx_word' id='word_1_368' title='bbox 1179 3098 1257 3151; x_wconf 91' lang='lat' dir='ltr'><strong>sal</strong></span> <span class='ocrx_word' id='word_1_369' title='bbox 1282 3110 1461 3167; x_wconf 72' lang='lat' dir='ltr'><strong>terrm,</strong></span> <span class='ocrx_word' id='word_1_370' title='bbox 1495 3100 1546 3155; x_wconf 93' lang='lat' dir='ltr'><strong>id</strong></span> <span class='ocrx_word' id='word_1_371' title='bbox 1575 3111 1682 3165; x_wconf 92' lang='lat' dir='ltr'><strong>est,</strong></span> <span class='ocrx_word' id='word_1_372' title='bbox 1715 3116 1805 3155; x_wconf 86' lang='lat' dir='ltr'><strong>sa-</strong></span> 
     </span>
    </p>
   </div>
   <div class='ocr_carea' id='block_1_49' title="bbox 1908 1870 3500 1948">
    <p class='ocr_par' dir='ltr' id='par_1_49' title="bbox 1908 1870 3500 1948">
     <span class='ocr_line' id='line_1_49' title="bbox 1908 1870 3500 1948; baseline 0.004 -23"><span class='ocrx_word' id='word_1_373' title='bbox 1908 1881 1962 1926; x_wconf 89' lang='lat' dir='ltr'><strong>te</strong></span> <span class='ocrx_word' id='word_1_374' title='bbox 1992 1870 2124 1926; x_wconf 89' lang='lat' dir='ltr'><strong>mihi</strong></span> <span class='ocrx_word' id='word_1_375' title='bbox 2166 1886 2290 1927; x_wconf 90' lang='lat' dir='ltr'><strong>esse</strong></span> <span class='ocrx_word' id='word_1_376' title='bbox 2312 1875 2615 1944; x_wconf 83' lang='lat' dir='ltr'><strong>cognoscis,</strong></span> <span class='ocrx_word' id='word_1_377' title='bbox 2649 1883 2706 1929; x_wconf 89' lang='lat' dir='ltr'><strong>ut</strong></span> <span class='ocrx_word' id='word_1_378' title='bbox 2728 1891 2828 1947; x_wconf 91' lang='lat' dir='ltr'><strong>pro</strong></span> <span class='ocrx_word' id='word_1_379' title='bbox 2858 1891 2946 1931; x_wconf 88' lang='lat' dir='ltr'><strong>me</strong></span> <span class='ocrx_word' id='word_1_380' title='bbox 2972 1877 3137 1932; x_wconf 89' lang='lat' dir='ltr'><strong>Deum</strong></span> <span class='ocrx_word' id='word_1_381' title='bbox 3170 1893 3362 1948; x_wconf 88' lang='lat' dir='ltr'><strong>rogare</strong></span> <span class='ocrx_word' id='word_1_382' title='bbox 3391 1893 3500 1933; x_wconf 90' lang='lat' dir='ltr'><strong>non</strong></span> 
     </span>
    </p>
   </div>
   <div class='ocr_carea' id='block_1_50' title="bbox 1906 1964 3501 2044">
    <p class='ocr_par' dir='ltr' id='par_1_50' title="bbox 1906 1964 3501 2044">
     <span class='ocr_line' id='line_1_50' title="bbox 1906 1964 3501 2044; baseline 0.006 -25"><span class='ocrx_word' id='word_1_383' title='bbox 1906 1964 2148 2035; x_wconf 88' lang='lat' dir='ltr'><strong>desinas,</strong></span> <span class='ocrx_word' id='word_1_384' title='bbox 2177 1968 2433 2038; x_wconf 91' lang='lat' dir='ltr'><strong>quoniam</strong></span> <span class='ocrx_word' id='word_1_385' title='bbox 2466 1971 2607 2025; x_wconf 86' lang='lat' dir='ltr'><strong>sicut</strong></span> <span class='ocrx_word' id='word_1_386' title='bbox 2631 1971 2826 2041; x_wconf 87' lang='lat' dir='ltr'><strong>jubere</strong></span> <span class='ocrx_word' id='word_1_387' title='bbox 2868 1971 3120 2044; x_wconf 88' lang='lat' dir='ltr'><strong>dignatus</strong></span> <span class='ocrx_word' id='word_1_388' title='bbox 3146 1988 3227 2043; x_wconf 90' lang='lat' dir='ltr'><strong>es,</strong></span> <span class='ocrx_word' id='word_1_389' title='bbox 3260 1974 3501 2031; x_wconf 75' lang='lat' dir='ltr'><strong>ofﬁcium</strong></span> 
     </span>
    </p>
   </div>
   <div class='ocr_carea' id='block_1_51' title="bbox 1913 2058 3504 2140">
    <p class='ocr_par' dir='ltr' id='par_1_51' title="bbox 1913 2058 3504 2140">
     <span class='ocr_line' id='line_1_51' title="bbox 1913 2058 3504 2140; baseline 0.009 -29"><span class='ocrx_word' id='word_1_390' title='bbox 1913 2058 2295 2129; x_wconf 83' lang='lat' dir='ltr'><strong>disputationis</strong></span> <span class='ocrx_word' id='word_1_391' title='bbox 2318 2063 2577 2133; x_wconf 91' lang='lat' dir='ltr'><strong>impendi.</strong></span> <span class='ocrx_word' id='word_1_392' title='bbox 2607 2064 2717 2120; x_wconf 87' lang='lat' dir='ltr'><strong>Nec</strong></span> <span class='ocrx_word' id='word_1_393' title='bbox 2739 2064 2834 2121; x_wconf 90' lang='lat' dir='ltr'><strong>tibi</strong></span> <span class='ocrx_word' id='word_1_394' title='bbox 2857 2067 3031 2137; x_wconf 82' lang='lat' dir='ltr'><strong>legem</strong></span> <span class='ocrx_word' id='word_1_395' title='bbox 3054 2084 3215 2136; x_wconf 90' lang='lat' dir='ltr'><strong>quam</strong></span> <span class='ocrx_word' id='word_1_396' title='bbox 3236 2069 3389 2140; x_wconf 91' lang='lat' dir='ltr'><strong>sequi</strong></span> <span class='ocrx_word' id='word_1_397' title='bbox 3406 2069 3504 2125; x_wconf 85' lang='lat' dir='ltr'><strong>de-</strong></span> 
     </span>
    </p>
   </div>
   <div class='ocr_carea' id='block_1_52' title="bbox 1907 2148 3506 2232">
    <p class='ocr_par' dir='ltr' id='par_1_52' title="bbox 1907 2148 3506 2232">
     <span class='ocr_line' id='line_1_52' title="bbox 1907 2148 3506 2232; baseline 0.008 -28"><span class='ocrx_word' id='word_1_398' title='bbox 1907 2148 2037 2205; x_wconf 86' lang='lat' dir='ltr'><strong>beas</strong></span> <span class='ocrx_word' id='word_1_399' title='bbox 2059 2153 2233 2222; x_wconf 90' lang='lat' dir='ltr'><strong>posui,</strong></span> <span class='ocrx_word' id='word_1_400' title='bbox 2264 2154 2360 2209; x_wconf 92' lang='lat' dir='ltr'><strong>sed</strong></span> <span class='ocrx_word' id='word_1_401' title='bbox 2387 2154 2564 2225; x_wconf 89' lang='lat' dir='ltr'><strong>qualis</strong></span> <span class='ocrx_word' id='word_1_402' title='bbox 2584 2170 2706 2211; x_wconf 87' lang='lat' dir='ltr'><strong>esse</strong></span> <span class='ocrx_word' id='word_1_403' title='bbox 2732 2157 2841 2227; x_wconf 86' lang='lat' dir='ltr'><strong>jam</strong></span> <span class='ocrx_word' id='word_1_404' title='bbox 2874 2158 3093 2225; x_wconf 86' lang='lat' dir='ltr'><strong>debeas,</strong></span> <span class='ocrx_word' id='word_1_405' title='bbox 3122 2161 3262 2232; x_wconf 84' lang='lat' dir='ltr'><strong>stylo</strong></span> <span class='ocrx_word' id='word_1_406' title='bbox 3290 2161 3506 2218; x_wconf 90' lang='lat' dir='ltr'><strong>favente</strong></span> 
     </span>
    </p>
   </div>
   <div class='ocr_carea' id='block_1_53' title="bbox 1908 2241 3505 2325">
    <p class='ocr_par' dir='ltr' id='par_1_53' title="bbox 1908 2241 3505 2325">
     <span class='ocr_line' id='line_1_53' title="bbox 1908 2241 3505 2325; baseline 0.008 -28"><span class='ocrx_word' id='word_1_407' title='bbox 1908 2241 2195 2314; x_wconf 90' lang='lat' dir='ltr'><strong>descripsi.</strong></span> <span class='ocrx_word' id='word_1_408' title='bbox 2229 2244 2406 2302; x_wconf 87' lang='lat' dir='ltr'><strong>Unum</strong></span> <span class='ocrx_word' id='word_1_409' title='bbox 2446 2256 2629 2304; x_wconf 86' lang='lat' dir='ltr'><strong>tamen</strong></span> <span class='ocrx_word' id='word_1_410' title='bbox 2671 2248 2806 2305; x_wconf 91' lang='lat' dir='ltr'><strong>illud</strong></span> <span class='ocrx_word' id='word_1_411' title='bbox 2838 2266 2950 2321; x_wconf 71' lang='lat' dir='ltr'><strong>pra:</strong></span> <span class='ocrx_word' id='word_1_412' title='bbox 2981 2252 3195 2308; x_wconf 59' lang='lat' dir='ltr'><strong>caeteris</strong></span> <span class='ocrx_word' id='word_1_413' title='bbox 3245 2269 3412 2325; x_wconf 90' lang='lat' dir='ltr'><strong>rogo,</strong></span> <span class='ocrx_word' id='word_1_414' title='bbox 3448 2264 3505 2309; x_wconf 92' lang='lat' dir='ltr'><strong>ut</strong></span> 
     </span>
    </p>
   </div>
   <div class='ocr_carea' id='block_1_54' title="bbox 1911 2337 3490 2415">
    <p class='ocr_par' dir='ltr' id='par_1_54' title="bbox 1911 2337 3490 2415">
     <span class='ocr_line' id='line_1_54' title="bbox 1911 2337 3490 2415; baseline 0.009 -24"><span class='ocrx_word' id='word_1_415' title='bbox 1911 2337 2036 2407; x_wconf 91' lang='lat' dir='ltr'><strong>quia</strong></span> <span class='ocrx_word' id='word_1_416' title='bbox 2094 2340 2258 2395; x_wconf 90' lang='lat' dir='ltr'><strong>multa</strong></span> <span class='ocrx_word' id='word_1_417' title='bbox 2304 2343 2599 2398; x_wconf 89' lang='lat' dir='ltr'><strong>secundum</strong></span> <span class='ocrx_word' id='word_1_418' title='bbox 2636 2344 3088 2402; x_wconf 90' lang='lat' dir='ltr'><strong>consuetudinem</strong></span> <span class='ocrx_word' id='word_1_419' title='bbox 3133 2355 3309 2415; x_wconf 90' lang='lat' dir='ltr'><strong>tuam,</strong></span> <span class='ocrx_word' id='word_1_420' title='bbox 3351 2364 3490 2406; x_wconf 91' lang='lat' dir='ltr'><strong>nova</strong></span> 
     </span>
    </p>
   </div>
   <div class='ocr_carea' id='block_1_55' title="bbox 1904 2433 3492 2512">
    <p class='ocr_par' dir='ltr' id='par_1_55' title="bbox 1904 2433 3492 2512">
     <span class='ocr_line' id='line_1_55' title="bbox 1904 2433 3492 2512; baseline 0.009 -26"><span class='ocrx_word' id='word_1_421' title='bbox 1904 2433 2001 2488; x_wconf 87' lang='lat' dir='ltr'><strong>tibi</strong></span> <span class='ocrx_word' id='word_1_422' title='bbox 2025 2434 2275 2490; x_wconf 84' lang='lat' dir='ltr'><strong>videntur</strong></span> <span class='ocrx_word' id='word_1_423' title='bbox 2297 2451 2417 2492; x_wconf 86' lang='lat' dir='ltr'><strong>esse</strong></span> <span class='ocrx_word' id='word_1_424' title='bbox 2440 2437 2769 2509; x_wconf 89' lang='lat' dir='ltr'><strong>conscripta,</strong></span> <span class='ocrx_word' id='word_1_425' title='bbox 2804 2441 3211 2512; x_wconf 68' lang='lat' dir='ltr'><strong>praesumptioni</strong></span> <span class='ocrx_word' id='word_1_426' title='bbox 3239 2457 3374 2499; x_wconf 70' lang='lat' dir='ltr'><strong>mea:</strong></span> <span class='ocrx_word' id='word_1_427' title='bbox 3395 2444 3492 2499; x_wconf 85' lang='lat' dir='ltr'><strong>da-</strong></span> 
     </span>
    </p>
   </div>
   <div class='ocr_carea' id='block_1_56' title="bbox 1907 2525 3503 2603">
    <p class='ocr_par' dir='ltr' id='par_1_56' title="bbox 1907 2525 3503 2603">
     <span class='ocr_line' id='line_1_56' title="bbox 1907 2525 3503 2603; baseline 0.008 -25"><span class='ocrx_word' id='word_1_428' title='bbox 1907 2540 1965 2580; x_wconf 92' lang='lat' dir='ltr'><strong>re</strong></span> <span class='ocrx_word' id='word_1_429' title='bbox 2014 2527 2224 2581; x_wconf 90' lang='lat' dir='ltr'><strong>veniam</strong></span> <span class='ocrx_word' id='word_1_430' title='bbox 2267 2525 2526 2598; x_wconf 82' lang='lat' dir='ltr'><strong>digneris.</strong></span> <span class='ocrx_word' id='word_1_431' title='bbox 2574 2528 2685 2586; x_wconf 86' lang='lat' dir='ltr'><strong>Nec</strong></span> <span class='ocrx_word' id='word_1_432' title='bbox 2738 2540 2895 2602; x_wconf 88' lang='lat' dir='ltr'><strong>putes</strong></span> <span class='ocrx_word' id='word_1_433' title='bbox 2939 2548 3039 2586; x_wconf 85' lang='lat' dir='ltr'><strong>nos</strong></span> <span class='ocrx_word' id='word_1_434' title='bbox 3089 2534 3503 2603; x_wconf 86' lang='lat' dir='ltr'><strong>perversitatem</strong></span> 
     </span>
    </p>
   </div>
   <div class='ocr_carea' id='block_1_57' title="bbox 1905 2619 3507 2699">
    <p class='ocr_par' dir='ltr' id='par_1_57' title="bbox 1905 2619 3507 2699">
     <span class='ocr_line' id='line_1_57' title="bbox 1905 2619 3507 2699; baseline 0.007 -28"><span class='ocrx_word' id='word_1_435' title='bbox 1905 2627 1998 2673; x_wconf 92' lang='lat' dir='ltr'><strong>aut</strong></span> <span class='ocrx_word' id='word_1_436' title='bbox 2046 2619 2344 2676; x_wconf 86' lang='lat' dir='ltr'><strong>novitatem</strong></span> <span class='ocrx_word' id='word_1_437' title='bbox 2399 2623 2687 2692; x_wconf 89' lang='lat' dir='ltr'><strong>aliquam,</strong></span> <span class='ocrx_word' id='word_1_438' title='bbox 2745 2624 2843 2680; x_wconf 89' lang='lat' dir='ltr'><strong>sed</strong></span> <span class='ocrx_word' id='word_1_439' title='bbox 2896 2625 3066 2681; x_wconf 90' lang='lat' dir='ltr'><strong>solam</strong></span> <span class='ocrx_word' id='word_1_440' title='bbox 3099 2667 3115 2693; x_wconf 90' lang='lat'><strong>,</strong></span> <span class='ocrx_word' id='word_1_441' title='bbox 3166 2626 3213 2682; x_wconf 90' lang='lat' dir='ltr'><strong>si</strong></span> <span class='ocrx_word' id='word_1_442' title='bbox 3263 2626 3371 2699; x_wconf 80' lang='grc' dir='ltr'><strong>[ΑΙ.</strong></span> <span class='ocrx_word' id='word_1_443' title='bbox 3405 2625 3507 2698; x_wconf 86' lang='lat' dir='ltr'><strong>sic]</strong></span> 
     </span>
    </p>
   </div>
   <div class='ocr_carea' id='block_1_58' title="bbox 1906 2708 3503 2786">
    <p class='ocr_par' dir='ltr' id='par_1_58' title="bbox 1906 2708 3503 2786">
     <span class='ocr_line' id='line_1_58' title="bbox 1906 2708 3503 2786; baseline 0.009 -23"><span class='ocrx_word' id='word_1_444' title='bbox 1906 2708 2012 2764; x_wconf 90' lang='lat' dir='ltr'><strong>dici</strong></span> <span class='ocrx_word' id='word_1_445' title='bbox 2070 2710 2149 2766; x_wconf 83' lang='lat' dir='ltr'><strong>fas</strong></span> <span class='ocrx_word' id='word_1_446' title='bbox 2196 2723 2300 2777; x_wconf 90' lang='lat' dir='ltr'><strong>est,</strong></span> <span class='ocrx_word' id='word_1_447' title='bbox 2361 2713 2697 2770; x_wconf 87' lang='lat' dir='ltr'><strong>diversarum</strong></span> <span class='ocrx_word' id='word_1_448' title='bbox 2751 2718 3154 2786; x_wconf 89' lang='lat' dir='ltr'><strong>provinciarum</strong></span> <span class='ocrx_word' id='word_1_449' title='bbox 3208 2731 3503 2776; x_wconf 90' lang='lat' dir='ltr'><strong>consuetu-</strong></span> 
     </span>
    </p>
   </div>
   <div class='ocr_carea' id='block_1_59' title="bbox 1905 2800 3502 2882">
    <p class='ocr_par' dir='ltr' id='par_1_59' title="bbox 1905 2800 3502 2882">
     <span class='ocr_line' id='line_1_59' title="bbox 1905 2800 3502 2882; baseline 0.006 -24"><span class='ocrx_word' id='word_1_450' title='bbox 1905 2800 2088 2858; x_wconf 90' lang='lat' dir='ltr'><strong>dinem</strong></span> <span class='ocrx_word' id='word_1_451' title='bbox 2122 2804 2401 2873; x_wconf 86' lang='lat' dir='ltr'><strong>publicare</strong></span> <span class='ocrx_word' id='word_1_452' title='bbox 2435 2823 2448 2859; x_wconf 90' lang='lat'><strong>:</strong></span> <span class='ocrx_word' id='word_1_453' title='bbox 2479 2806 2573 2862; x_wconf 92' lang='lat' dir='ltr'><strong>sed</strong></span> <span class='ocrx_word' id='word_1_454' title='bbox 2624 2806 2769 2863; x_wconf 90' lang='lat' dir='ltr'><strong>sicut</strong></span> <span class='ocrx_word' id='word_1_455' title='bbox 2820 2810 3147 2880; x_wconf 89' lang='lat' dir='ltr'><strong>reprehendi</strong></span> <span class='ocrx_word' id='word_1_456' title='bbox 3198 2814 3502 2882; x_wconf 88' lang='lat' dir='ltr'><strong>neminem,</strong></span> 
     </span>
    </p>
   </div>
   <div class='ocr_carea' id='block_1_60' title="bbox 1905 2895 3506 2976">
    <p class='ocr_par' dir='ltr' id='par_1_60' title="bbox 1905 2895 3506 2976">
     <span class='ocr_line' id='line_1_60' title="bbox 1905 2895 3506 2976; baseline 0.009 -27"><span class='ocrx_word' id='word_1_457' title='bbox 1905 2895 1981 2950; x_wconf 87' lang='lat' dir='ltr'><strong>ita</strong></span> <span class='ocrx_word' id='word_1_458' title='bbox 2011 2905 2066 2951; x_wconf 91' lang='lat' dir='ltr'><strong>et</strong></span> <span class='ocrx_word' id='word_1_459' title='bbox 2089 2897 2455 2954; x_wconf 88' lang='lat' dir='ltr'><strong>damnandum</strong></span> <span class='ocrx_word' id='word_1_460' title='bbox 2484 2900 2692 2956; x_wconf 91' lang='lat' dir='ltr'><strong>nullum</strong></span> <span class='ocrx_word' id='word_1_461' title='bbox 2724 2903 2987 2973; x_wconf 87' lang='lat' dir='ltr'><strong>descripsi</strong></span> <span class='ocrx_word' id='word_1_462' title='bbox 3017 2923 3027 2957; x_wconf 94' lang='lat'><strong>:</strong></span> <span class='ocrx_word' id='word_1_463' title='bbox 3053 2908 3353 2976; x_wconf 66' lang='lat' dir='ltr'><strong>praesertim</strong></span> <span class='ocrx_word' id='word_1_464' title='bbox 3385 2924 3506 2964; x_wconf 90' lang='lat' dir='ltr'><strong>cum</strong></span> 
     </span>
    </p>
   </div>
   <div class='ocr_carea' id='block_1_61' title="bbox 1906 2990 3506 3073">
    <p class='ocr_par' dir='ltr' id='par_1_61' title="bbox 1906 2990 3506 3073">
     <span class='ocr_line' id='line_1_61' title="bbox 1906 2990 3506 3073; baseline 0.011 -32"><span class='ocrx_word' id='word_1_465' title='bbox 1906 3002 2096 3044; x_wconf 88' lang='lat' dir='ltr'><strong>omnes</strong></span> <span class='ocrx_word' id='word_1_466' title='bbox 2151 2990 2422 3046; x_wconf 85' lang='lat' dir='ltr'><strong>Ecclesias</strong></span> <span class='ocrx_word' id='word_1_467' title='bbox 2456 2992 2598 3048; x_wconf 87' lang='lat' dir='ltr'><strong>Deus</strong></span> <span class='ocrx_word' id='word_1_468' title='bbox 2629 2993 2818 3051; x_wconf 82' lang='lat' dir='ltr'><strong>fecerit</strong></span> <span class='ocrx_word' id='word_1_469' title='bbox 2848 3016 2860 3049; x_wconf 88' lang='lat'><strong>:</strong></span> <span class='ocrx_word' id='word_1_470' title='bbox 2906 3009 2964 3052; x_wconf 91' lang='lat' dir='ltr'><strong>et</strong></span> <span class='ocrx_word' id='word_1_471' title='bbox 2995 2998 3049 3053; x_wconf 92' lang='lat' dir='ltr'><strong>in</strong></span> <span class='ocrx_word' id='word_1_472' title='bbox 3096 3000 3349 3056; x_wconf 90' lang='lat' dir='ltr'><strong>omnibus</strong></span> <span class='ocrx_word' id='word_1_473' title='bbox 3372 3016 3506 3073; x_wconf 80' lang='lat' dir='ltr'><strong>apo-</strong></span> 
     </span>
    </p>
   </div>
   <div class='ocr_carea' id='block_1_62' title="bbox 1905 3080 3506 3162">
    <p class='ocr_par' dir='ltr' id='par_1_62' title="bbox 1905 3080 3506 3162">
     <span class='ocr_line' id='line_1_62' title="bbox 1905 3080 3506 3162; baseline 0.011 -29"><span class='ocrx_word' id='word_1_474' title='bbox 1905 3080 2030 3135; x_wconf 85' lang='lat' dir='ltr'><strong>stoli</strong></span> <span class='ocrx_word' id='word_1_475' title='bbox 2064 3081 2518 3152; x_wconf 60' lang='lat' dir='ltr'><strong>prae-dicaverint;</strong></span> <span class='ocrx_word' id='word_1_476' title='bbox 2550 3102 2650 3143; x_wconf 91' lang='lat' dir='ltr'><strong>nec</strong></span> <span class='ocrx_word' id='word_1_477' title='bbox 2698 3087 2888 3144; x_wconf 88' lang='lat' dir='ltr'><strong>deceat</strong></span> <span class='ocrx_word' id='word_1_478' title='bbox 2920 3105 3246 3162; x_wconf 90' lang='lat' dir='ltr'><strong>quemquam</strong></span> <span class='ocrx_word' id='word_1_479' title='bbox 3288 3094 3506 3151; x_wconf 90' lang='lat' dir='ltr'><strong>studere</strong></span> 
     </span>
    </p>
   </div>
   <div class='ocr_carea' id='block_1_63' title="bbox 209 3172 3509 3264">
    <p class='ocr_par' dir='ltr' id='par_1_63' title="bbox 209 3172 3509 3264">
     <span class='ocr_line' id='line_1_63' title="bbox 209 3172 3509 3264; baseline 0.007 -30"><span class='ocrx_word' id='word_1_480' title='bbox 209 3180 475 3250; x_wconf 84' lang='lat' dir='ltr'><strong>pientiam</strong></span> <span class='ocrx_word' id='word_1_481' title='bbox 518 3183 614 3238; x_wconf 89' lang='lat' dir='ltr'><strong>Dei</strong></span> <span class='ocrx_word' id='word_1_482' title='bbox 645 3200 929 3241; x_wconf 76' lang='lat' dir='ltr'><strong>noscamus</strong></span> <span class='ocrx_word' id='word_1_483' title='bbox 962 3205 973 3239; x_wconf 85' lang='grc'>;</span> <span class='ocrx_word' id='word_1_484' title='bbox 1009 3186 1299 3243; x_wconf 80' lang='lat' dir='ltr'><strong>lnvisibilia</strong></span> <span class='ocrx_word' id='word_1_485' title='bbox 1321 3192 1453 3245; x_wconf 87' lang='lat' dir='ltr'><strong>enim</strong></span> <span class='ocrx_word' id='word_1_486' title='bbox 1478 3196 1610 3264; x_wconf 86' lang='lat' dir='ltr'><strong>ejus,</strong></span> <span class='ocrx_word' id='word_1_487' title='bbox 1652 3204 1708 3248; x_wconf 90' lang='lat' dir='ltr'><strong>ut</strong></span> <span class='ocrx_word' id='word_1_488' title='bbox 1736 3196 1811 3249; x_wconf 90' lang='lat' dir='ltr'><strong>ait</strong></span> <span class='ocrx_word' id='word_1_489' title='bbox 1839 3175 1884 3238; x_wconf 90' lang='lat' dir='ltr'><strong>C</strong></span> <span class='ocrx_word' id='word_1_490' title='bbox 1914 3172 2221 3241; x_wconf 69' lang='grc' dir='ltr'><strong>ἀίεεοτάίων</strong></span> <span class='ocrx_word' id='word_1_491' title='bbox 2258 3176 2345 3231; x_wconf 76' lang='lat' dir='ltr'><strong>ubi</strong></span> <span class='ocrx_word' id='word_1_492' title='bbox 2371 3192 2467 3247; x_wconf 76' lang='lat' dir='ltr'><strong>Pro</strong></span> <span class='ocrx_word' id='word_1_493' title='bbox 2494 3180 2733 3235; x_wconf 77' lang='lat' dir='ltr'><strong>omnium</strong></span> <span class='ocrx_word' id='word_1_494' title='bbox 2766 3196 2898 3252; x_wconf 75' lang='lat' dir='ltr'><strong>pace</strong></span> <span class='ocrx_word' id='word_1_495' title='bbox 2940 3184 3224 3251; x_wconf 73' lang='lat' dir='ltr'><strong>servanda.</strong></span> <span class='ocrx_word' id='word_1_496' title='bbox 3252 3184 3305 3241; x_wconf 82' lang='lat' dir='ltr'><strong>in</strong></span> <span class='ocrx_word' id='word_1_497' title='bbox 3333 3186 3509 3244; x_wconf 80' lang='lat' dir='ltr'><strong>disce-</strong></span> 
     </span>
    </p>
   </div>
   <div class='ocr_carea' id='block_1_64' title="bbox 208 3272 1810 3355">
    <p class='ocr_par' dir='ltr' id='par_1_64' title="bbox 208 3272 1810 3355">
     <span class='ocr_line' id='line_1_64' title="bbox 208 3272 1810 3355; baseline 0.009 -28"><span class='ocrx_word' id='word_1_498' title='bbox 208 3272 531 3343; x_wconf 78' lang='lat' dir='ltr'><strong>ApOstolus,</strong></span> <span class='ocrx_word' id='word_1_499' title='bbox 555 3293 587 3329; x_wconf 92' lang='lat' dir='ltr'><strong>a</strong></span> <span class='ocrx_word' id='word_1_500' title='bbox 610 3286 843 3333; x_wconf 83' lang='lat' dir='ltr'><strong>creatura</strong></span> <span class='ocrx_word' id='word_1_501' title='bbox 868 3279 1051 3333; x_wconf 87' lang='lat' dir='ltr'><strong>mundi</strong></span> <span class='ocrx_word' id='word_1_502' title='bbox 1080 3298 1172 3351; x_wconf 84' lang='lat' dir='ltr'><strong>per</strong></span> <span class='ocrx_word' id='word_1_503' title='bbox 1199 3299 1257 3336; x_wconf 90' lang='lat' dir='ltr'><strong>ea</strong></span> <span class='ocrx_word' id='word_1_504' title='bbox 1285 3300 1401 3353; x_wconf 78' lang='lat' dir='ltr'><strong>qua:</strong></span> <span class='ocrx_word' id='word_1_505' title='bbox 1425 3288 1562 3355; x_wconf 79' lang='lat' dir='ltr'><strong>facta</strong></span> <span class='ocrx_word' id='word_1_506' title='bbox 1585 3295 1707 3340; x_wconf 89' lang='lat' dir='ltr'><strong>sunt</strong></span> <span class='ocrx_word' id='word_1_507' title='bbox 1730 3287 1810 3342; x_wconf 85' lang='lat' dir='ltr'><strong>in-</strong></span> 
     </span>
    </p>
   </div>
   <div class='ocr_carea' id='block_1_65' title="bbox 210 3367 1813 3451">
    <p class='ocr_par' dir='ltr' id='par_1_65' title="bbox 210 3367 1813 3451">
     <span class='ocr_line' id='line_1_65' title="bbox 210 3367 1813 3451; baseline 0.009 -30"><span class='ocrx_word' id='word_1_508' title='bbox 210 3367 423 3422; x_wconf 76' lang='lat' dir='ltr'><strong>tellecta</strong></span> <span class='ocrx_word' id='word_1_509' title='bbox 452 3371 862 3442; x_wconf 82' lang='lat' dir='ltr'><strong>conspiciuntur,</strong></span> <span class='ocrx_word' id='word_1_510' title='bbox 888 3374 1197 3445; x_wconf 86' lang='lat' dir='ltr'><strong>sempiterna</strong></span> <span class='ocrx_word' id='word_1_511' title='bbox 1219 3393 1419 3447; x_wconf 84' lang='lat' dir='ltr'><strong>quoque</strong></span> <span class='ocrx_word' id='word_1_512' title='bbox 1446 3383 1558 3451; x_wconf 85' lang='lat' dir='ltr'><strong>ejus</strong></span> <span class='ocrx_word' id='word_1_513' title='bbox 1584 3382 1743 3434; x_wconf 82' lang='lat' dir='ltr'><strong>rirtus</strong></span> <span class='ocrx_word' id='word_1_514' title='bbox 1765 3390 1813 3435; x_wconf 86' lang='lat' dir='ltr'><strong>et</strong></span> 
     </span>
    </p>
   </div>
   <div class='ocr_carea' id='block_1_66' title="bbox 213 3461 1813 3543">
    <p class='ocr_par' dir='ltr' id='par_1_66' title="bbox 213 3461 1813 3543">
     <span class='ocr_line' id='line_1_66' title="bbox 213 3461 1813 3543; baseline 0.011 -31"><span class='ocrx_word' id='word_1_515' title='bbox 213 3461 467 3515; x_wconf 81' lang='lat' dir='ltr'><strong>dit-initas</strong></span> <span class='ocrx_word' id='word_1_516' title='bbox 500 3478 519 3516; x_wconf 88' lang='lat'><strong><em>:</em></strong></span> <span class='ocrx_word' id='word_1_517' title='bbox 542 3464 619 3516; x_wconf 85' lang='lat' dir='ltr'><strong>ita</strong></span> <span class='ocrx_word' id='word_1_518' title='bbox 665 3473 717 3517; x_wconf 90' lang='lat' dir='ltr'><strong>ut</strong></span> <span class='ocrx_word' id='word_1_519' title='bbox 766 3466 867 3519; x_wconf 85' lang='lat' dir='ltr'><strong>sint</strong></span> <span class='ocrx_word' id='word_1_520' title='bbox 897 3466 1268 3522; x_wconf 76' lang='lat' dir='ltr'><strong>inexcusabiles</strong></span> <span class='ocrx_word' id='word_1_521' title='bbox 1302 3469 1483 3541; x_wconf 83' lang='lat' dir='ltr'><strong>(Rom.</strong></span> <span class='ocrx_word' id='word_1_522' title='bbox 1517 3487 1572 3539; x_wconf 92' lang='lat'><strong>1,</strong></span> <span class='ocrx_word' id='word_1_523' title='bbox 1605 3472 1725 3543; x_wconf 76' lang='lat'><strong>20),</strong></span> <span class='ocrx_word' id='word_1_524' title='bbox 1758 3484 1813 3529; x_wconf 90' lang='lat' dir='ltr'><strong>et</strong></span> 
     </span>
    </p>
   </div>
   <div class='ocr_carea' id='block_1_67' title="bbox 212 3553 1812 3638">
    <p class='ocr_par' dir='ltr' id='par_1_67' title="bbox 212 3553 1812 3638">
     <span class='ocr_line' id='line_1_67' title="bbox 212 3553 1812 3638; baseline 0.01 -31"><span class='ocrx_word' id='word_1_525' title='bbox 212 3566 442 3609; x_wconf 60' lang='lat' dir='ltr'><strong>caetera.</strong></span> <span class='ocrx_word' id='word_1_526' title='bbox 468 3553 776 3624; x_wconf 85' lang='lat' dir='ltr'><strong>Baptismus</strong></span> <span class='ocrx_word' id='word_1_527' title='bbox 806 3573 935 3613; x_wconf 89' lang='lat' dir='ltr'><strong>vero</strong></span> <span class='ocrx_word' id='word_1_528' title='bbox 964 3576 1103 3631; x_wconf 87' lang='lat' dir='ltr'><strong>aqua</strong></span> <span class='ocrx_word' id='word_1_529' title='bbox 1131 3572 1237 3628; x_wconf 90' lang='lat' dir='ltr'><strong>est,</strong></span> <span class='ocrx_word' id='word_1_530' title='bbox 1268 3578 1386 3634; x_wconf 68' lang='lat' dir='ltr'><strong>qure</strong></span> <span class='ocrx_word' id='word_1_531' title='bbox 1418 3574 1659 3636; x_wconf 86' lang='lat' dir='ltr'><strong>tempore</strong></span> <span class='ocrx_word' id='word_1_532' title='bbox 1686 3582 1812 3638; x_wconf 87' lang='lat' dir='ltr'><strong>pas-</strong></span> 
     </span>
    </p>
   </div>
   <div class='ocr_carea' id='block_1_68' title="bbox 211 3644 1810 3716">
    <p class='ocr_par' dir='ltr' id='par_1_68' title="bbox 211 3644 1810 3716">
     <span class='ocr_line' id='line_1_68' title="bbox 211 3644 1810 3716; baseline 0.011 -17"><span class='ocrx_word' id='word_1_533' title='bbox 211 3647 391 3700; x_wconf 86' lang='lat' dir='ltr'><strong>sionis</strong></span> <span class='ocrx_word' id='word_1_534' title='bbox 429 3644 499 3701; x_wconf 88' lang='lat' dir='ltr'><strong>de</strong></span> <span class='ocrx_word' id='word_1_535' title='bbox 526 3646 697 3704; x_wconf 88' lang='lat' dir='ltr'><strong>latere</strong></span> <span class='ocrx_word' id='word_1_536' title='bbox 724 3648 925 3705; x_wconf 88' lang='lat' dir='ltr'><strong>Christi</strong></span> <span class='ocrx_word' id='word_1_537' title='bbox 957 3653 1123 3708; x_wconf 82' lang='lat' dir='ltr'><strong>exivit</strong></span> <span class='ocrx_word' id='word_1_538' title='bbox 1154 3672 1165 3707; x_wconf 90' lang='lat'>:</span> <span class='ocrx_word' id='word_1_539' title='bbox 1199 3664 1254 3711; x_wconf 93' lang='lat' dir='ltr'><strong>et</strong></span> <span class='ocrx_word' id='word_1_540' title='bbox 1285 3657 1489 3712; x_wconf 91' lang='lat' dir='ltr'><strong>nullum</strong></span> <span class='ocrx_word' id='word_1_541' title='bbox 1520 3659 1668 3714; x_wconf 89' lang='lat' dir='ltr'><strong>aliud</strong></span> <span class='ocrx_word' id='word_1_542' title='bbox 1698 3663 1810 3716; x_wconf 85' lang='lat' dir='ltr'><strong>ele-</strong></span> 
     </span>
    </p>
   </div>
   <div class='ocr_carea' id='block_1_69' title="bbox 215 3742 1809 3824">
    <p class='ocr_par' dir='ltr' id='par_1_69' title="bbox 215 3742 1809 3824">
     <span class='ocr_line' id='line_1_69' title="bbox 215 3742 1809 3824; baseline 0.011 -33"><span class='ocrx_word' id='word_1_543' title='bbox 215 3749 467 3794; x_wconf 88' lang='lat' dir='ltr'><strong>mentum</strong></span> <span class='ocrx_word' id='word_1_544' title='bbox 498 3750 603 3808; x_wconf 88' lang='lat' dir='ltr'><strong>est,</strong></span> <span class='ocrx_word' id='word_1_545' title='bbox 654 3742 797 3813; x_wconf 84' lang='lat' dir='ltr'><strong>quod</strong></span> <span class='ocrx_word' id='word_1_546' title='bbox 822 3745 875 3798; x_wconf 89' lang='lat' dir='ltr'><strong>in</strong></span> <span class='ocrx_word' id='word_1_547' title='bbox 897 3743 999 3800; x_wconf 89' lang='lat' dir='ltr'><strong>hoc</strong></span> <span class='ocrx_word' id='word_1_548' title='bbox 1029 3747 1231 3803; x_wconf 88' lang='lat' dir='ltr'><strong>mundo</strong></span> <span class='ocrx_word' id='word_1_549' title='bbox 1256 3750 1509 3820; x_wconf 82' lang='lat' dir='ltr'><strong>puriﬁcet</strong></span> <span class='ocrx_word' id='word_1_550' title='bbox 1537 3754 1809 3824; x_wconf 86' lang='lat' dir='ltr'><strong>universa,</strong></span> 
     </span>
    </p>
   </div>
   <div class='ocr_carea' id='block_1_70' title="bbox 215 3832 1816 3913">
    <p class='ocr_par' dir='ltr' id='par_1_70' title="bbox 215 3832 1816 3913">
     <span class='ocr_line' id='line_1_70' title="bbox 215 3832 1816 3913; baseline 0.011 -28"><span class='ocrx_word' id='word_1_551' title='bbox 215 3832 365 3902; x_wconf 86' lang='lat' dir='ltr'><strong>quod</strong></span> <span class='ocrx_word' id='word_1_552' title='bbox 398 3834 645 3890; x_wconf 90' lang='lat' dir='ltr'><strong>omnium</strong></span> <span class='ocrx_word' id='word_1_553' title='bbox 678 3838 931 3908; x_wconf 88' lang='lat' dir='ltr'><strong>poculum</strong></span> <span class='ocrx_word' id='word_1_554' title='bbox 954 3840 1047 3909; x_wconf 91' lang='lat' dir='ltr'><strong>sit,</strong></span> <span class='ocrx_word' id='word_1_555' title='bbox 1070 3841 1214 3913; x_wconf 89' lang='lat' dir='ltr'><strong>quod</strong></span> <span class='ocrx_word' id='word_1_556' title='bbox 1238 3843 1475 3900; x_wconf 83' lang='lat' dir='ltr'><strong>viviﬁcet</strong></span> <span class='ocrx_word' id='word_1_557' title='bbox 1502 3840 1725 3902; x_wconf 63' lang='lat' dir='ltr'><strong>cuncta.“</strong></span> <span class='ocrx_word' id='word_1_558' title='bbox 1748 3848 1816 3902; x_wconf 86' lang='lat' dir='ltr'><strong>Et</strong></span> 
     </span>
    </p>
   </div>
   <div class='ocr_carea' id='block_1_71' title="bbox 220 3924 1815 4013">
    <p class='ocr_par' dir='ltr' id='par_1_71' title="bbox 220 3924 1815 4013">
     <span class='ocr_line' id='line_1_71' title="bbox 220 3924 1815 4013; baseline 0.01 -33"><span class='ocrx_word' id='word_1_559' title='bbox 220 3927 348 3982; x_wconf 79' lang='lat' dir='ltr'><strong>ideo</strong></span> <span class='ocrx_word' id='word_1_560' title='bbox 398 3928 625 3999; x_wconf 90' lang='lat' dir='ltr'><strong>spiritus</strong></span> <span class='ocrx_word' id='word_1_561' title='bbox 653 3931 774 3987; x_wconf 67' lang='lat' dir='ltr'><strong>vita:</strong></span> <span class='ocrx_word' id='word_1_562' title='bbox 802 3930 857 3987; x_wconf 91' lang='lat' dir='ltr'><strong>in</strong></span> <span class='ocrx_word' id='word_1_563' title='bbox 880 3949 1017 4003; x_wconf 88' lang='lat' dir='ltr'><strong>aqua</strong></span> <span class='ocrx_word' id='word_1_564' title='bbox 1067 3944 1172 4004; x_wconf 90' lang='lat' dir='ltr'><strong>est,</strong></span> <span class='ocrx_word' id='word_1_565' title='bbox 1206 3947 1259 3991; x_wconf 91' lang='lat' dir='ltr'><strong>et</strong></span> <span class='ocrx_word' id='word_1_566' title='bbox 1282 3924 1815 4013; x_wconf 78' lang='lat' dir='ltr'><strong>congregatioaqua-</strong></span> 
     </span>
    </p>
   </div>
   <div class='ocr_carea' id='block_1_72' title="bbox 222 4025 1810 4103">
    <p class='ocr_par' dir='ltr' id='par_1_72' title="bbox 222 4025 1810 4103">
     <span class='ocr_line' id='line_1_72' title="bbox 222 4025 1810 4103; baseline 0.01 -28"><span class='ocrx_word' id='word_1_567' title='bbox 222 4037 373 4088; x_wconf 89' lang='lat' dir='ltr'><strong>rum,</strong></span> <span class='ocrx_word' id='word_1_568' title='bbox 398 4025 565 4079; x_wconf 90' lang='lat' dir='ltr'><strong>maria</strong></span> <span class='ocrx_word' id='word_1_569' title='bbox 598 4040 793 4081; x_wconf 90' lang='lat' dir='ltr'><strong>nomen</strong></span> <span class='ocrx_word' id='word_1_570' title='bbox 818 4030 1049 4100; x_wconf 90' lang='lat' dir='ltr'><strong>accepit.</strong></span> <span class='ocrx_word' id='word_1_571' title='bbox 1079 4027 1298 4087; x_wconf 90' lang='lat' dir='ltr'><strong>Christo</strong></span> <span class='ocrx_word' id='word_1_572' title='bbox 1324 4034 1467 4088; x_wconf 90' lang='lat' dir='ltr'><strong>enim</strong></span> <span class='ocrx_word' id='word_1_573' title='bbox 1487 4037 1810 4103; x_wconf 89' lang='lat' dir='ltr'><strong>renascitur,</strong></span> 
     </span>
    </p>
   </div>
   <div class='ocr_carea' id='block_1_73' title="bbox 220 4118 1816 4202">
    <p class='ocr_par' dir='ltr' id='par_1_73' title="bbox 220 4118 1816 4202">
     <span class='ocr_line' id='line_1_73' title="bbox 220 4118 1816 4202; baseline 0.011 -33"><span class='ocrx_word' id='word_1_574' title='bbox 220 4120 315 4187; x_wconf 90' lang='lat' dir='ltr'><strong>qui</strong></span> <span class='ocrx_word' id='word_1_575' title='bbox 350 4118 649 4189; x_wconf 82' lang='lat' dir='ltr'><strong>baptizatur</strong></span> <span class='ocrx_word' id='word_1_576' title='bbox 670 4123 720 4177; x_wconf 91' lang='lat' dir='ltr'><strong>in</strong></span> <span class='ocrx_word' id='word_1_577' title='bbox 741 4122 890 4179; x_wconf 90' lang='lat' dir='ltr'><strong>fonte</strong></span> <span class='ocrx_word' id='word_1_578' title='bbox 914 4143 927 4179; x_wconf 88' lang='lat'><strong>:</strong></span> <span class='ocrx_word' id='word_1_579' title='bbox 950 4125 1068 4181; x_wconf 84' lang='lat' dir='ltr'><strong>fons</strong></span> <span class='ocrx_word' id='word_1_580' title='bbox 1086 4127 1228 4181; x_wconf 91' lang='lat' dir='ltr'><strong>enim</strong></span> <span class='ocrx_word' id='word_1_581' title='bbox 1250 4130 1402 4199; x_wconf 88' lang='lat' dir='ltr'><strong>origo</strong></span> <span class='ocrx_word' id='word_1_582' title='bbox 1427 4130 1667 4186; x_wconf 89' lang='lat' dir='ltr'><strong>omnium</strong></span> <span class='ocrx_word' id='word_1_583' title='bbox 1694 4148 1816 4202; x_wconf 89' lang='lat' dir='ltr'><strong>gra-</strong></span> 
     </span>
    </p>
   </div>
   <div class='ocr_carea' id='block_1_74' title="bbox 220 4214 1813 4290">
    <p class='ocr_par' dir='ltr' id='par_1_74' title="bbox 220 4214 1813 4290">
     <span class='ocr_line' id='line_1_74' title="bbox 220 4214 1813 4290; baseline 0.009 -25"><span class='ocrx_word' id='word_1_584' title='bbox 220 4214 421 4267; x_wconf 89' lang='lat' dir='ltr'><strong>tiarum</strong></span> <span class='ocrx_word' id='word_1_585' title='bbox 462 4222 569 4269; x_wconf 86' lang='lat' dir='ltr'><strong>est.</strong></span> <span class='ocrx_word' id='word_1_586' title='bbox 597 4214 654 4269; x_wconf 86' lang='lat' dir='ltr'><strong>In</strong></span> <span class='ocrx_word' id='word_1_587' title='bbox 680 4231 790 4286; x_wconf 92' lang='lat' dir='ltr'><strong>quo</strong></span> <span class='ocrx_word' id='word_1_588' title='bbox 815 4228 1022 4288; x_wconf 90' lang='lat' dir='ltr'><strong>septem</strong></span> <span class='ocrx_word' id='word_1_589' title='bbox 1054 4218 1252 4290; x_wconf 84' lang='lat' dir='ltr'><strong>gradus</strong></span> <span class='ocrx_word' id='word_1_590' title='bbox 1302 4233 1449 4289; x_wconf 90' lang='lat' dir='ltr'><strong>sunt,</strong></span> <span class='ocrx_word' id='word_1_591' title='bbox 1485 4233 1594 4277; x_wconf 90' lang='lat' dir='ltr'><strong>tres</strong></span> <span class='ocrx_word' id='word_1_592' title='bbox 1643 4222 1697 4277; x_wconf 91' lang='lat' dir='ltr'><strong>in</strong></span> <span class='ocrx_word' id='word_1_593' title='bbox 1718 4224 1813 4279; x_wconf 88' lang='lat' dir='ltr'><strong>de-</strong></span> 
     </span>
    </p>
   </div>
   <div class='ocr_carea' id='block_1_75' title="bbox 217 4308 1817 4388">
    <p class='ocr_par' dir='ltr' id='par_1_75' title="bbox 217 4308 1817 4388">
     <span class='ocr_line' id='line_1_75' title="bbox 217 4308 1817 4388; baseline 0.008 -28"><span class='ocrx_word' id='word_1_594' title='bbox 217 4320 445 4377; x_wconf 72' lang='lat' dir='ltr'><strong>rcensu,</strong></span> <span class='ocrx_word' id='word_1_595' title='bbox 477 4316 533 4363; x_wconf 92' lang='lat' dir='ltr'><strong>et</strong></span> <span class='ocrx_word' id='word_1_596' title='bbox 560 4316 672 4364; x_wconf 88' lang='lat' dir='ltr'><strong>tres</strong></span> <span class='ocrx_word' id='word_1_597' title='bbox 696 4308 750 4364; x_wconf 92' lang='lat' dir='ltr'><strong>in</strong></span> <span class='ocrx_word' id='word_1_598' title='bbox 779 4325 1011 4367; x_wconf 89' lang='lat' dir='ltr'><strong>ascensu</strong></span> <span class='ocrx_word' id='word_1_599' title='bbox 1036 4329 1049 4365; x_wconf 93' lang='lat'>:</span> <span class='ocrx_word' id='word_1_600' title='bbox 1073 4313 1336 4384; x_wconf 90' lang='lat' dir='ltr'><strong>septimus</strong></span> <span class='ocrx_word' id='word_1_601' title='bbox 1358 4330 1491 4371; x_wconf 91' lang='lat' dir='ltr'><strong>vero</strong></span> <span class='ocrx_word' id='word_1_602' title='bbox 1513 4325 1619 4385; x_wconf 91' lang='lat' dir='ltr'><strong>est,</strong></span> <span class='ocrx_word' id='word_1_603' title='bbox 1651 4320 1739 4388; x_wconf 89' lang='lat' dir='ltr'><strong>qui</strong></span> <span class='ocrx_word' id='word_1_604' title='bbox 1762 4328 1817 4373; x_wconf 89' lang='lat' dir='ltr'><strong>et</strong></span> 
     </span>
    </p>
   </div>
   <div class='ocr_carea' id='block_1_76' title="bbox 216 4402 1817 4483">
    <p class='ocr_par' dir='ltr' id='par_1_76' title="bbox 216 4402 1817 4483">
     <span class='ocr_line' id='line_1_76' title="bbox 216 4402 1817 4483; baseline 0.007 -29"><span class='ocrx_word' id='word_1_605' title='bbox 216 4418 475 4473; x_wconf 86' lang='lat' dir='ltr'><strong>quartus,</strong></span> <span class='ocrx_word' id='word_1_606' title='bbox 508 4402 563 4459; x_wconf 90' lang='lat' dir='ltr'><strong>id</strong></span> <span class='ocrx_word' id='word_1_607' title='bbox 608 4415 693 4460; x_wconf 89' lang='lat' dir='ltr'><strong>est</strong></span> <span class='ocrx_word' id='word_1_608' title='bbox 714 4444 731 4472; x_wconf 93' lang='lat'><strong>,</strong></span> <span class='ocrx_word' id='word_1_609' title='bbox 764 4404 959 4461; x_wconf 87' lang='lat' dir='ltr'><strong>similis</strong></span> <span class='ocrx_word' id='word_1_610' title='bbox 1008 4408 1115 4462; x_wconf 87' lang='lat' dir='ltr'><strong>lilio</strong></span> <span class='ocrx_word' id='word_1_611' title='bbox 1146 4406 1381 4464; x_wconf 91' lang='lat' dir='ltr'><strong>hominis</strong></span> <span class='ocrx_word' id='word_1_612' title='bbox 1405 4451 1421 4477; x_wconf 95' lang='lat'><strong>,</strong></span> <span class='ocrx_word' id='word_1_613' title='bbox 1468 4411 1817 4483; x_wconf 77' lang='lat' dir='ltr'><strong>exstinguens</strong></span> 
     </span>
    </p>
   </div>
   <div class='ocr_carea' id='block_1_77' title="bbox 220 4498 1819 4573">
    <p class='ocr_par' dir='ltr' id='par_1_77' title="bbox 220 4498 1819 4573">
     <span class='ocr_line' id='line_1_77' title="bbox 220 4498 1819 4573; baseline 0.004 -20"><span class='ocrx_word' id='word_1_614' title='bbox 220 4502 506 4554; x_wconf 87' lang='lat' dir='ltr'><strong>fornacem</strong></span> <span class='ocrx_word' id='word_1_615' title='bbox 531 4499 671 4569; x_wconf 86' lang='lat' dir='ltr'><strong>ignis</strong></span> <span class='ocrx_word' id='word_1_616' title='bbox 700 4498 965 4571; x_wconf 89' lang='lat' dir='ltr'><strong>ardentis,</strong></span> <span class='ocrx_word' id='word_1_617' title='bbox 996 4501 1420 4559; x_wconf 88' lang='lat' dir='ltr'><strong>stabilimentum</strong></span> <span class='ocrx_word' id='word_1_618' title='bbox 1446 4503 1663 4573; x_wconf 87' lang='lat' dir='ltr'><strong>pedum,</strong></span> <span class='ocrx_word' id='word_1_619' title='bbox 1697 4506 1819 4559; x_wconf 87' lang='lat' dir='ltr'><strong>fun-</strong></span> 
     </span>
    </p>
   </div>
   <div class='ocr_carea' id='block_1_78' title="bbox 219 4590 1811 4662">
    <p class='ocr_par' dir='ltr' id='par_1_78' title="bbox 219 4590 1811 4662">
     <span class='ocr_line' id='line_1_78' title="bbox 219 4590 1811 4662; baseline 0.005 -18"><span class='ocrx_word' id='word_1_620' title='bbox 219 4590 541 4644; x_wconf 88' lang='lat' dir='ltr'><strong>damentum</strong></span> <span class='ocrx_word' id='word_1_621' title='bbox 576 4606 729 4661; x_wconf 71' lang='lat' dir='ltr'><strong>aqum</strong></span> <span class='ocrx_word' id='word_1_622' title='bbox 756 4607 771 4648; x_wconf 83' lang='lat'>:</span> <span class='ocrx_word' id='word_1_623' title='bbox 801 4591 854 4647; x_wconf 91' lang='lat' dir='ltr'><strong>in</strong></span> <span class='ocrx_word' id='word_1_624' title='bbox 888 4607 994 4661; x_wconf 91' lang='lat' dir='ltr'><strong>quo</strong></span> <span class='ocrx_word' id='word_1_625' title='bbox 1025 4593 1300 4662; x_wconf 89' lang='lat' dir='ltr'><strong>plenitudo</strong></span> <span class='ocrx_word' id='word_1_626' title='bbox 1331 4595 1624 4651; x_wconf 87' lang='lat' dir='ltr'><strong>divinitatis</strong></span> <span class='ocrx_word' id='word_1_627' title='bbox 1654 4597 1811 4652; x_wconf 87' lang='lat' dir='ltr'><strong>habi-</strong></span> 
     </span>
    </p>
   </div>
   <div class='ocr_carea' id='block_1_79' title="bbox 221 4681 1814 4752">
    <p class='ocr_par' dir='ltr' id='par_1_79' title="bbox 221 4681 1814 4752">
     <span class='ocr_line' id='line_1_79' title="bbox 221 4681 1814 4752; baseline 0.006 -17"><span class='ocrx_word' id='word_1_628' title='bbox 221 4694 301 4737; x_wconf 89' lang='lat' dir='ltr'><strong>tat</strong></span> <span class='ocrx_word' id='word_1_629' title='bbox 324 4681 711 4752; x_wconf 87' lang='lat' dir='ltr'><strong>corporaliter.</strong></span> <span class='ocrx_word' id='word_1_630' title='bbox 740 4683 933 4738; x_wconf 86' lang='lat' dir='ltr'><strong>Oleum</strong></span> <span class='ocrx_word' id='word_1_631' title='bbox 958 4701 1087 4739; x_wconf 90' lang='lat' dir='ltr'><strong>vero</strong></span> <span class='ocrx_word' id='word_1_632' title='bbox 1112 4695 1168 4740; x_wconf 86' lang='lat' dir='ltr'><strong>et</strong></span> <span class='ocrx_word' id='word_1_633' title='bbox 1195 4686 1426 4742; x_wconf 88' lang='lat' dir='ltr'><strong>chrisma</strong></span> <span class='ocrx_word' id='word_1_634' title='bbox 1454 4703 1575 4743; x_wconf 88' lang='lat' dir='ltr'><strong>esse</strong></span> <span class='ocrx_word' id='word_1_635' title='bbox 1600 4702 1814 4745; x_wconf 84' lang='lat' dir='ltr'><strong>sancto-</strong></span> 
     </span>
    </p>
   </div>
   <div class='ocr_carea' id='block_1_80' title="bbox 224 4775 1818 4849">
    <p class='ocr_par' dir='ltr' id='par_1_80' title="bbox 224 4775 1818 4849">
     <span class='ocr_line' id='line_1_80' title="bbox 224 4775 1818 4849; baseline 0.004 -19"><span class='ocrx_word' id='word_1_636' title='bbox 224 4792 372 4838; x_wconf 86' lang='lat' dir='ltr'><strong>rum,</strong></span> <span class='ocrx_word' id='word_1_637' title='bbox 401 4775 684 4830; x_wconf 90' lang='lat' dir='ltr'><strong>silentium</strong></span> <span class='ocrx_word' id='word_1_638' title='bbox 715 4775 890 4846; x_wconf 90' lang='lat' dir='ltr'><strong>ipsius</strong></span> <span class='ocrx_word' id='word_1_639' title='bbox 918 4788 975 4833; x_wconf 85' lang='lat' dir='ltr'><strong>et</strong></span> <span class='ocrx_word' id='word_1_640' title='bbox 1004 4778 1343 4849; x_wconf 88' lang='lat' dir='ltr'><strong>pinguedinis</strong></span> <span class='ocrx_word' id='word_1_641' title='bbox 1373 4790 1561 4834; x_wconf 88' lang='lat' dir='ltr'><strong>natura</strong></span> <span class='ocrx_word' id='word_1_642' title='bbox 1592 4782 1818 4837; x_wconf 82' lang='lat' dir='ltr'><strong>demon-</strong></span> 
     </span>
    </p>
   </div>
   <div class='ocr_carea' id='block_1_81' title="bbox 223 4865 1819 4940">
    <p class='ocr_par' dir='ltr' id='par_1_81' title="bbox 223 4865 1819 4940">
     <span class='ocr_line' id='line_1_81' title="bbox 223 4865 1819 4940; baseline 0.006 -19"><span class='ocrx_word' id='word_1_643' title='bbox 223 4876 385 4923; x_wconf 79' lang='lat' dir='ltr'><strong>strat.</strong></span> <span class='ocrx_word' id='word_1_644' title='bbox 419 4865 632 4939; x_wconf 90' lang='lat' dir='ltr'><strong>Corpus</strong></span> <span class='ocrx_word' id='word_1_645' title='bbox 662 4867 872 4924; x_wconf 88' lang='lat' dir='ltr'><strong>Domini</strong></span> <span class='ocrx_word' id='word_1_646' title='bbox 899 4870 1049 4940; x_wconf 91' lang='lat' dir='ltr'><strong>panis</strong></span> <span class='ocrx_word' id='word_1_647' title='bbox 1071 4886 1233 4927; x_wconf 88' lang='lat' dir='ltr'><strong>verus</strong></span> <span class='ocrx_word' id='word_1_648' title='bbox 1256 4882 1308 4926; x_wconf 92' lang='lat' dir='ltr'><strong>et</strong></span> <span class='ocrx_word' id='word_1_649' title='bbox 1334 4872 1573 4929; x_wconf 71' lang='lat' dir='ltr'><strong>cmlestis</strong></span> <span class='ocrx_word' id='word_1_650' title='bbox 1604 4891 1634 4929; x_wconf 88' lang='lat' dir='ltr'><strong>e</strong></span> <span class='ocrx_word' id='word_1_651' title='bbox 1680 4876 1819 4930; x_wconf 78' lang='lat' dir='ltr'><strong>cmlo</strong></span> 
     </span>
    </p>
   </div>
   <div class='ocr_carea' id='block_1_82' title="bbox 224 4960 1821 5040">
    <p class='ocr_par' dir='ltr' id='par_1_82' title="bbox 224 4960 1821 5040">
     <span class='ocr_line' id='line_1_82' title="bbox 224 4960 1821 5040; baseline 0.004 -24"><span class='ocrx_word' id='word_1_652' title='bbox 224 4971 333 5016; x_wconf 83' lang='lat' dir='ltr'><strong>est.</strong></span> <span class='ocrx_word' id='word_1_653' title='bbox 376 4960 612 5031; x_wconf 86' lang='lat' dir='ltr'><strong>Sanguis</strong></span> <span class='ocrx_word' id='word_1_654' title='bbox 645 4962 795 5032; x_wconf 85' lang='lat' dir='ltr'><strong>ejus,</strong></span> <span class='ocrx_word' id='word_1_655' title='bbox 833 4961 935 5017; x_wconf 90' lang='lat' dir='ltr'><strong>hoc</strong></span> <span class='ocrx_word' id='word_1_656' title='bbox 961 4971 1045 5018; x_wconf 80' lang='lat' dir='ltr'><strong>est</strong></span> <span class='ocrx_word' id='word_1_657' title='bbox 1082 4965 1222 5034; x_wconf 83' lang='lat' dir='ltr'><strong>quod</strong></span> <span class='ocrx_word' id='word_1_658' title='bbox 1256 4965 1513 5035; x_wconf 90' lang='lat' dir='ltr'><strong>scriptum</strong></span> <span class='ocrx_word' id='word_1_659' title='bbox 1545 4977 1628 5022; x_wconf 91' lang='lat' dir='ltr'><strong>est</strong></span> <span class='ocrx_word' id='word_1_660' title='bbox 1659 4982 1675 5023; x_wconf 85' lang='lat'><strong>:</strong></span> <span class='ocrx_word' id='word_1_661' title='bbox 1708 4966 1821 5040; x_wconf 87' lang='lat' dir='ltr'><strong>Ego</strong></span> 
     </span>
    </p>
   </div>
   <div class='ocr_carea' id='block_1_83' title="bbox 226 5052 1817 5129">
    <p class='ocr_par' dir='ltr' id='par_1_83' title="bbox 226 5052 1817 5129">
     <span class='ocr_line' id='line_1_83' title="bbox 226 5052 1817 5129; baseline 0.006 -25"><span class='ocrx_word' id='word_1_662' title='bbox 226 5068 344 5105; x_wconf 72' lang='lat' dir='ltr'><strong>sum</strong></span> <span class='ocrx_word' id='word_1_663' title='bbox 368 5052 488 5105; x_wconf 74' lang='lat' dir='ltr'><strong>vitis</strong></span> <span class='ocrx_word' id='word_1_664' title='bbox 523 5069 660 5119; x_wconf 80' lang='lat' dir='ltr'><strong>vera,</strong></span> <span class='ocrx_word' id='word_1_665' title='bbox 698 5068 785 5107; x_wconf 78' lang='lat' dir='ltr'><strong>vos</strong></span> <span class='ocrx_word' id='word_1_666' title='bbox 810 5063 977 5108; x_wconf 88' lang='lat' dir='ltr'><strong>autem</strong></span> <span class='ocrx_word' id='word_1_667' title='bbox 1020 5067 1279 5110; x_wconf 86' lang='lat' dir='ltr'><strong>sarmenta</strong></span> <span class='ocrx_word' id='word_1_668' title='bbox 1310 5054 1486 5129; x_wconf 82' lang='lat' dir='ltr'><strong>(Joau.</strong></span> <span class='ocrx_word' id='word_1_669' title='bbox 1522 5075 1614 5123; x_wconf 81' lang='lat' dir='ltr'><strong>xv,</strong></span> <span class='ocrx_word' id='word_1_670' title='bbox 1649 5061 1707 5129; x_wconf 85' lang='lat' dir='ltr'><strong>l,</strong></span> <span class='ocrx_word' id='word_1_671' title='bbox 1738 5061 1817 5129; x_wconf 80' lang='lat'><strong>5).</strong></span> 
     </span>
    </p>
   </div>
   <div class='ocr_carea' id='block_1_84' title="bbox 230 5144 1821 5220">
    <p class='ocr_par' dir='ltr' id='par_1_84' title="bbox 230 5144 1821 5220">
     <span class='ocr_line' id='line_1_84' title="bbox 230 5144 1821 5220; baseline 0.005 -21"><span class='ocrx_word' id='word_1_672' title='bbox 230 5144 295 5199; x_wconf 79' lang='lat' dir='ltr'><strong>Et</strong></span> <span class='ocrx_word' id='word_1_673' title='bbox 326 5145 457 5215; x_wconf 86' lang='lat' dir='ltr'><strong>quia</strong></span> <span class='ocrx_word' id='word_1_674' title='bbox 486 5145 658 5199; x_wconf 90' lang='lat' dir='ltr'><strong>multa</strong></span> <span class='ocrx_word' id='word_1_675' title='bbox 688 5148 953 5216; x_wconf 87' lang='lat' dir='ltr'><strong>membra,</strong></span> <span class='ocrx_word' id='word_1_676' title='bbox 992 5164 1154 5203; x_wconf 91' lang='lat' dir='ltr'><strong>unum</strong></span> <span class='ocrx_word' id='word_1_677' title='bbox 1186 5159 1364 5204; x_wconf 90' lang='lat' dir='ltr'><strong>autem</strong></span> <span class='ocrx_word' id='word_1_678' title='bbox 1395 5166 1621 5220; x_wconf 89' lang='lat' dir='ltr'><strong>corpus,</strong></span> <span class='ocrx_word' id='word_1_679' title='bbox 1655 5151 1821 5207; x_wconf 81' lang='lat' dir='ltr'><strong>totius</strong></span> 
     </span>
    </p>
   </div>
   <div class='ocr_carea' id='block_1_85' title="bbox 230 5236 1821 5313">
    <p class='ocr_par' dir='ltr' id='par_1_85' title="bbox 230 5236 1821 5313">
     <span class='ocr_line' id='line_1_85' title="bbox 230 5236 1821 5313; baseline 0.008 -25"><span class='ocrx_word' id='word_1_680' title='bbox 230 5236 423 5292; x_wconf 88' lang='lat' dir='ltr'><strong>mundi</strong></span> <span class='ocrx_word' id='word_1_681' title='bbox 460 5245 653 5293; x_wconf 88' lang='lat' dir='ltr'><strong>natura</strong></span> <span class='ocrx_word' id='word_1_682' title='bbox 677 5240 907 5293; x_wconf 90' lang='lat' dir='ltr'><strong>contrita</strong></span> <span class='ocrx_word' id='word_1_683' title='bbox 928 5249 1011 5295; x_wconf 88' lang='lat' dir='ltr'><strong>est</strong></span> <span class='ocrx_word' id='word_1_684' title='bbox 1045 5240 1407 5297; x_wconf 88' lang='lat' dir='ltr'><strong>invisibilibus</strong></span> <span class='ocrx_word' id='word_1_685' title='bbox 1440 5244 1727 5313; x_wconf 80' lang='lat' dir='ltr'><strong>Speciebus</strong></span> <span class='ocrx_word' id='word_1_686' title='bbox 1766 5245 1821 5301; x_wconf 91' lang='lat' dir='ltr'><strong>in</strong></span> 
     </span>
    </p>
   </div>
   <div class='ocr_carea' id='block_1_86' title="bbox 233 5331 1823 5410">
    <p class='ocr_par' dir='ltr' id='par_1_86' title="bbox 233 5331 1823 5410">
     <span class='ocr_line' id='line_1_86' title="bbox 233 5331 1823 5410; baseline 0.006 -26"><span class='ocrx_word' id='word_1_687' title='bbox 233 5331 530 5387; x_wconf 84' lang='lat' dir='ltr'><strong>candorem</strong></span> <span class='ocrx_word' id='word_1_688' title='bbox 552 5332 689 5389; x_wconf 88' lang='lat' dir='ltr'><strong>lucis</strong></span> <span class='ocrx_word' id='word_1_689' title='bbox 707 5333 983 5403; x_wconf 69' lang='lat' dir='ltr'><strong>effectum,</strong></span> <span class='ocrx_word' id='word_1_690' title='bbox 1010 5344 1169 5406; x_wconf 91' lang='lat' dir='ltr'><strong>atque</strong></span> <span class='ocrx_word' id='word_1_691' title='bbox 1195 5351 1291 5406; x_wconf 90' lang='lat' dir='ltr'><strong>per</strong></span> <span class='ocrx_word' id='word_1_692' title='bbox 1318 5336 1640 5407; x_wconf 89' lang='lat' dir='ltr'><strong>baptismum</strong></span> <span class='ocrx_word' id='word_1_693' title='bbox 1670 5354 1823 5410; x_wconf 80' lang='lat' dir='ltr'><strong>aquae</strong></span> 
     </span>
    </p>
   </div>
   <div class='ocr_carea' id='block_1_87' title="bbox 236 5422 1822 5502">
    <p class='ocr_par' dir='ltr' id='par_1_87' title="bbox 236 5422 1822 5502">
     <span class='ocr_line' id='line_1_87' title="bbox 236 5422 1822 5502; baseline 0.008 -26"><span class='ocrx_word' id='word_1_694' title='bbox 236 5422 292 5476; x_wconf 83' lang='lat' dir='ltr'><strong>in</strong></span> <span class='ocrx_word' id='word_1_695' title='bbox 308 5424 538 5479; x_wconf 84' lang='lat' dir='ltr'><strong>veritate</strong></span> <span class='ocrx_word' id='word_1_696' title='bbox 562 5442 577 5481; x_wconf 87' lang='lat'><strong>:</strong></span> <span class='ocrx_word' id='word_1_697' title='bbox 600 5439 723 5480; x_wconf 92' lang='lat' dir='ltr'><strong>cum</strong></span> <span class='ocrx_word' id='word_1_698' title='bbox 741 5440 955 5497; x_wconf 91' lang='lat' dir='ltr'><strong>semper</strong></span> <span class='ocrx_word' id='word_1_699' title='bbox 977 5427 1273 5483; x_wconf 87' lang='lat' dir='ltr'><strong>secundum</strong></span> <span class='ocrx_word' id='word_1_700' title='bbox 1298 5428 1533 5499; x_wconf 88' lang='lat' dir='ltr'><strong>speciem</strong></span> <span class='ocrx_word' id='word_1_701' title='bbox 1557 5432 1822 5502; x_wconf 91' lang='lat' dir='ltr'><strong>corporis,</strong></span> 
     </span>
    </p>
   </div>
   <div class='ocr_carea' id='block_1_88' title="bbox 236 5517 1828 5598">
    <p class='ocr_par' dir='ltr' id='par_1_88' title="bbox 236 5517 1828 5598">
     <span class='ocr_line' id='line_1_88' title="bbox 236 5517 1828 5598; baseline 0.008 -29"><span class='ocrx_word' id='word_1_702' title='bbox 236 5524 296 5570; x_wconf 86' lang='lat' dir='ltr'><strong>et</strong></span> <span class='ocrx_word' id='word_1_703' title='bbox 323 5517 529 5587; x_wconf 80' lang='lat' dir='ltr'><strong>paritas</strong></span> <span class='ocrx_word' id='word_1_704' title='bbox 556 5526 610 5571; x_wconf 90' lang='lat' dir='ltr'><strong>et</strong></span> <span class='ocrx_word' id='word_1_705' title='bbox 645 5517 844 5573; x_wconf 85' lang='lat' dir='ltr'><strong>veritas</strong></span> <span class='ocrx_word' id='word_1_706' title='bbox 875 5520 1169 5575; x_wconf 88' lang='lat' dir='ltr'><strong>voluntatis</strong></span> <span class='ocrx_word' id='word_1_707' title='bbox 1196 5528 1427 5592; x_wconf 91' lang='lat' dir='ltr'><strong>apparet</strong></span> <span class='ocrx_word' id='word_1_708' title='bbox 1465 5524 1687 5594; x_wconf 87' lang='lat' dir='ltr'><strong>probata</strong></span> <span class='ocrx_word' id='word_1_709' title='bbox 1731 5542 1828 5598; x_wconf 91' lang='lat' dir='ltr'><strong>per</strong></span> 
     </span>
    </p>
   </div>
   <div class='ocr_carea' id='block_1_89' title="bbox 242 5607 1831 5684">
    <p class='ocr_par' dir='ltr' id='par_1_89' title="bbox 242 5607 1831 5684">
     <span class='ocr_line' id='line_1_89' title="bbox 242 5607 1831 5684; baseline 0.008 -23"><span class='ocrx_word' id='word_1_710' title='bbox 242 5609 446 5677; x_wconf 86' lang='lat' dir='ltr'><strong>ignem,</strong></span> <span class='ocrx_word' id='word_1_711' title='bbox 468 5619 530 5663; x_wconf 91' lang='lat' dir='ltr'><strong>ut</strong></span> <span class='ocrx_word' id='word_1_712' title='bbox 550 5607 637 5664; x_wconf 87' lang='lat' dir='ltr'><strong>his</strong></span> <span class='ocrx_word' id='word_1_713' title='bbox 660 5610 913 5666; x_wconf 91' lang='lat' dir='ltr'><strong>omnibus</strong></span> <span class='ocrx_word' id='word_1_714' title='bbox 936 5612 1174 5682; x_wconf 90' lang='lat' dir='ltr'><strong>impletis</strong></span> <span class='ocrx_word' id='word_1_715' title='bbox 1203 5614 1493 5684; x_wconf 89' lang='lat' dir='ltr'><strong>alimentis,</strong></span> <span class='ocrx_word' id='word_1_716' title='bbox 1526 5616 1658 5672; x_wconf 88' lang='lat' dir='ltr'><strong>nihil</strong></span> <span class='ocrx_word' id='word_1_717' title='bbox 1689 5618 1831 5674; x_wconf 87' lang='lat' dir='ltr'><strong>desit</strong></span> 
     </span>
    </p>
   </div>
   <div class='ocr_carea' id='block_1_90' title="bbox 246 5702 1830 5780">
    <p class='ocr_par' dir='ltr' id='par_1_90' title="bbox 246 5702 1830 5780">
     <span class='ocr_line' id='line_1_90' title="bbox 246 5702 1830 5780; baseline 0.007 -23"><span class='ocrx_word' id='word_1_718' title='bbox 246 5702 542 5759; x_wconf 80' lang='lat' dir='ltr'><strong>visibilitati</strong></span> <span class='ocrx_word' id='word_1_719' title='bbox 562 5746 579 5772; x_wconf 95' lang='lat'><strong>,</strong></span> <span class='ocrx_word' id='word_1_720' title='bbox 623 5703 755 5759; x_wconf 89' lang='lat' dir='ltr'><strong>nihil</strong></span> <span class='ocrx_word' id='word_1_721' title='bbox 787 5704 928 5761; x_wconf 85' lang='lat' dir='ltr'><strong>desit</strong></span> <span class='ocrx_word' id='word_1_722' title='bbox 955 5706 1215 5777; x_wconf 81' lang='lat' dir='ltr'><strong>mysterio</strong></span> <span class='ocrx_word' id='word_1_723' title='bbox 1246 5707 1371 5780; x_wconf 92' lang='lat' dir='ltr'><strong>Dei,</strong></span> <span class='ocrx_word' id='word_1_724' title='bbox 1403 5724 1466 5765; x_wconf 92' lang='lat' dir='ltr'><strong>ac</strong></span> <span class='ocrx_word' id='word_1_725' title='bbox 1505 5711 1830 5768; x_wconf 86' lang='lat' dir='ltr'><strong>resurrectio</strong></span> 
     </span>
    </p>
   </div>
   <div class='ocr_carea' id='block_1_91' title="bbox 250 5798 1831 5880">
    <p class='ocr_par' dir='ltr' id='par_1_91' title="bbox 250 5798 1831 5880">
     <span class='ocr_line' id='line_1_91' title="bbox 250 5798 1831 5880; baseline 0.006 -27"><span class='ocrx_word' id='word_1_726' title='bbox 250 5798 430 5855; x_wconf 86' lang='lat' dir='ltr'><strong>carnis</strong></span> <span class='ocrx_word' id='word_1_727' title='bbox 458 5798 799 5872; x_wconf 84' lang='lat' dir='ltr'><strong>apertissime</strong></span> <span class='ocrx_word' id='word_1_728' title='bbox 839 5801 1221 5875; x_wconf 87' lang='lat' dir='ltr'><strong>comprobetur</strong></span> <span class='ocrx_word' id='word_1_729' title='bbox 1250 5820 1262 5857; x_wconf 92' lang='lat'><strong>:</strong></span> <span class='ocrx_word' id='word_1_730' title='bbox 1293 5818 1416 5862; x_wconf 89' lang='lat' dir='ltr'><strong>cum</strong></span> <span class='ocrx_word' id='word_1_731' title='bbox 1443 5803 1557 5864; x_wconf 64' lang='lat' dir='ltr'><strong>haec</strong></span> <span class='ocrx_word' id='word_1_732' title='bbox 1587 5822 1705 5880; x_wconf 66' lang='lat' dir='ltr'><strong>quae</strong></span> <span class='ocrx_word' id='word_1_733' title='bbox 1745 5808 1831 5863; x_wconf 82' lang='lat' dir='ltr'><strong>vi-</strong></span> 
     </span>
    </p>
   </div>
   <div class='ocr_carea' id='block_1_92' title="bbox 1913 3269 3513 3355">
    <p class='ocr_par' dir='ltr' id='par_1_92' title="bbox 1913 3269 3513 3355">
     <span class='ocr_line' id='line_1_92' title="bbox 1913 3269 3513 3355; baseline 0.013 -35"><span class='ocrx_word' id='word_1_734' title='bbox 1913 3269 2158 3339; x_wconf 91' lang='lat' dir='ltr'><strong>ptatione</strong></span> <span class='ocrx_word' id='word_1_735' title='bbox 2184 3272 2574 3329; x_wconf 65' lang='lat' dir='ltr'><strong>ecclesiasticae</strong></span> <span class='ocrx_word' id='word_1_736' title='bbox 2605 3275 2908 3348; x_wconf 65' lang='lat' dir='ltr'><strong>disciplinas</strong></span> <span class='ocrx_word' id='word_1_737' title='bbox 2954 3281 3118 3336; x_wconf 83' lang='lat' dir='ltr'><strong>vincit</strong></span> <span class='ocrx_word' id='word_1_738' title='bbox 3158 3282 3250 3338; x_wconf 91' lang='lat' dir='ltr'><strong>ille</strong></span> <span class='ocrx_word' id='word_1_739' title='bbox 3275 3285 3365 3355; x_wconf 92' lang='lat' dir='ltr'><strong>qui</strong></span> <span class='ocrx_word' id='word_1_740' title='bbox 3391 3285 3513 3340; x_wconf 88' lang='lat' dir='ltr'><strong>vin-</strong></span> 
     </span>
    </p>
   </div>
   <div class='ocr_carea' id='block_1_93' title="bbox 1911 3363 3510 3445">
    <p class='ocr_par' dir='ltr' id='par_1_93' title="bbox 1911 3363 3510 3445">
     <span class='ocr_line' id='line_1_93' title="bbox 1911 3363 3510 3445; baseline 0.013 -29"><span class='ocrx_word' id='word_1_741' title='bbox 1911 3363 2073 3430; x_wconf 91' lang='lat' dir='ltr'><strong>citur,</strong></span> <span class='ocrx_word' id='word_1_742' title='bbox 2105 3381 2168 3419; x_wconf 91' lang='lat' dir='ltr'><strong>ac</strong></span> <span class='ocrx_word' id='word_1_743' title='bbox 2198 3382 2257 3421; x_wconf 90' lang='lat' dir='ltr'><strong>se</strong></span> <span class='ocrx_word' id='word_1_744' title='bbox 2287 3367 2487 3423; x_wconf 87' lang='lat' dir='ltr'><strong>victum</strong></span> <span class='ocrx_word' id='word_1_745' title='bbox 2519 3371 2844 3440; x_wconf 87' lang='lat' dir='ltr'><strong>gratulatur.</strong></span> <span class='ocrx_word' id='word_1_746' title='bbox 2878 3374 2990 3445; x_wconf 84' lang='lat' dir='ltr'><strong>Ego</strong></span> <span class='ocrx_word' id='word_1_747' title='bbox 3026 3386 3205 3432; x_wconf 88' lang='lat' dir='ltr'><strong>tamen</strong></span> <span class='ocrx_word' id='word_1_748' title='bbox 3237 3377 3293 3432; x_wconf 91' lang='lat' dir='ltr'><strong>in</strong></span> <span class='ocrx_word' id='word_1_749' title='bbox 3333 3379 3510 3435; x_wconf 88' lang='lat' dir='ltr'><strong>omni-</strong></span> 
     </span>
    </p>
   </div>
   <div class='ocr_carea' id='block_1_94' title="bbox 1911 3453 3507 3539">
    <p class='ocr_par' dir='ltr' id='par_1_94' title="bbox 1911 3453 3507 3539">
     <span class='ocr_line' id='line_1_94' title="bbox 1911 3453 3507 3539; baseline 0.011 -29"><span class='ocrx_word' id='word_1_750' title='bbox 1911 3453 2014 3510; x_wconf 89' lang='lat' dir='ltr'><strong>bus</strong></span> <span class='ocrx_word' id='word_1_751' title='bbox 2046 3458 2199 3513; x_wconf 92' lang='lat' dir='ltr'><strong>vobis</strong></span> <span class='ocrx_word' id='word_1_752' title='bbox 2244 3459 2378 3515; x_wconf 92' lang='lat' dir='ltr'><strong>cedo</strong></span> <span class='ocrx_word' id='word_1_753' title='bbox 2400 3503 2416 3526; x_wconf 93' lang='lat'><strong>,</strong></span> <span class='ocrx_word' id='word_1_754' title='bbox 2449 3463 2539 3531; x_wconf 88' lang='lat' dir='ltr'><strong>qui</strong></span> <span class='ocrx_word' id='word_1_755' title='bbox 2568 3478 2727 3520; x_wconf 92' lang='lat' dir='ltr'><strong>omne</strong></span> <span class='ocrx_word' id='word_1_756' title='bbox 2755 3466 2897 3536; x_wconf 88' lang='lat' dir='ltr'><strong>quod</strong></span> <span class='ocrx_word' id='word_1_757' title='bbox 2927 3466 3103 3525; x_wconf 88' lang='lat' dir='ltr'><strong>facitis</strong></span> <span class='ocrx_word' id='word_1_758' title='bbox 3131 3470 3297 3525; x_wconf 89' lang='lat' dir='ltr'><strong>laudo</strong></span> <span class='ocrx_word' id='word_1_759' title='bbox 3322 3513 3338 3539; x_wconf 98' lang='lat'><strong>,</strong></span> <span class='ocrx_word' id='word_1_760' title='bbox 3371 3484 3426 3527; x_wconf 90' lang='lat' dir='ltr'><strong>et</strong></span> <span class='ocrx_word' id='word_1_761' title='bbox 3451 3472 3507 3527; x_wconf 89' lang='lat' dir='ltr'><strong>in</strong></span> 
     </span>
    </p>
   </div>
   <div class='ocr_carea' id='block_1_95' title="bbox 1913 3549 3509 3621">
    <p class='ocr_par' dir='ltr' id='par_1_95' title="bbox 1913 3549 3509 3621">
     <span class='ocr_line' id='line_1_95' title="bbox 1913 3549 3509 3621; baseline 0.012 -19"><span class='ocrx_word' id='word_1_762' title='bbox 1913 3549 2315 3607; x_wconf 75' lang='lat' dir='ltr'><strong>mmulationem</strong></span> <span class='ocrx_word' id='word_1_763' title='bbox 2364 3552 2522 3608; x_wconf 71' lang='lat' dir='ltr'><strong>bona:</strong></span> <span class='ocrx_word' id='word_1_764' title='bbox 2547 3557 2623 3610; x_wconf 89' lang='lat' dir='ltr'><strong>rei</strong></span> <span class='ocrx_word' id='word_1_765' title='bbox 2652 3556 2797 3613; x_wconf 90' lang='lat' dir='ltr'><strong>istud</strong></span> <span class='ocrx_word' id='word_1_766' title='bbox 2839 3562 3041 3617; x_wconf 90' lang='lat' dir='ltr'><strong>vestris</strong></span> <span class='ocrx_word' id='word_1_767' title='bbox 3070 3562 3320 3617; x_wconf 89' lang='lat' dir='ltr'><strong>sensibus</strong></span> <span class='ocrx_word' id='word_1_768' title='bbox 3349 3563 3509 3621; x_wconf 88' lang='lat' dir='ltr'><strong>dere-</strong></span> 
     </span>
    </p>
   </div>
   <div class='ocr_carea' id='block_1_96' title="bbox 1912 3640 3509 3719">
    <p class='ocr_par' dir='ltr' id='par_1_96' title="bbox 1912 3640 3509 3719">
     <span class='ocr_line' id='line_1_96' title="bbox 1912 3640 3509 3719; baseline 0.011 -25"><span class='ocrx_word' id='word_1_769' title='bbox 1912 3640 2121 3713; x_wconf 85' lang='lat' dir='ltr'><strong>linquo;</strong></span> <span class='ocrx_word' id='word_1_770' title='bbox 2154 3653 2211 3697; x_wconf 89' lang='lat' dir='ltr'><strong>ut</strong></span> <span class='ocrx_word' id='word_1_771' title='bbox 2243 3660 2378 3700; x_wconf 91' lang='lat' dir='ltr'><strong>unus</strong></span> <span class='ocrx_word' id='word_1_772' title='bbox 2407 3645 2638 3702; x_wconf 90' lang='lat' dir='ltr'><strong>alterum</strong></span> <span class='ocrx_word' id='word_1_773' title='bbox 2671 3649 2968 3707; x_wconf 82' lang='lat' dir='ltr'><strong>exhortans</strong></span> <span class='ocrx_word' id='word_1_774' title='bbox 2994 3694 3009 3719; x_wconf 97' lang='lat'><strong>,</strong></span> <span class='ocrx_word' id='word_1_775' title='bbox 3051 3652 3283 3709; x_wconf 91' lang='lat' dir='ltr'><strong>invicem</strong></span> <span class='ocrx_word' id='word_1_776' title='bbox 3312 3670 3411 3710; x_wconf 88' lang='lat' dir='ltr'><strong>vos</strong></span> <span class='ocrx_word' id='word_1_777' title='bbox 3439 3656 3509 3712; x_wconf 90' lang='lat' dir='ltr'><strong>de</strong></span> 
     </span>
    </p>
   </div>
   <div class='ocr_carea' id='block_1_97' title="bbox 1914 3735 3504 3817">
    <p class='ocr_par' dir='ltr' id='par_1_97' title="bbox 1914 3735 3504 3817">
     <span class='ocr_line' id='line_1_97' title="bbox 1914 3735 3504 3817; baseline 0.009 -30"><span class='ocrx_word' id='word_1_778' title='bbox 1914 3735 2309 3792; x_wconf 87' lang='lat' dir='ltr'><strong>consuetudine</strong></span> <span class='ocrx_word' id='word_1_779' title='bbox 2356 3749 2543 3793; x_wconf 90' lang='lat' dir='ltr'><strong>nostra</strong></span> <span class='ocrx_word' id='word_1_780' title='bbox 2582 3750 2635 3795; x_wconf 91' lang='lat' dir='ltr'><strong>et</strong></span> <span class='ocrx_word' id='word_1_781' title='bbox 2684 3741 2751 3797; x_wconf 88' lang='lat' dir='ltr'><strong>de</strong></span> <span class='ocrx_word' id='word_1_782' title='bbox 2783 3746 3243 3817; x_wconf 90' lang='lat' dir='ltr'><strong>contemplatione</strong></span> <span class='ocrx_word' id='word_1_783' title='bbox 3271 3749 3504 3805; x_wconf 89' lang='lat' dir='ltr'><strong>doceat:</strong></span> 
     </span>
    </p>
   </div>
   <div class='ocr_carea' id='block_1_98' title="bbox 1915 3827 3509 3910">
    <p class='ocr_par' dir='ltr' id='par_1_98' title="bbox 1915 3827 3509 3910">
     <span class='ocr_line' id='line_1_98' title="bbox 1915 3827 3509 3910; baseline 0.009 -28"><span class='ocrx_word' id='word_1_784' title='bbox 1915 3827 2048 3883; x_wconf 89' lang='lat' dir='ltr'><strong>mihi</strong></span> <span class='ocrx_word' id='word_1_785' title='bbox 2078 3829 2178 3884; x_wconf 91' lang='lat' dir='ltr'><strong>hoc</strong></span> <span class='ocrx_word' id='word_1_786' title='bbox 2201 3831 2378 3886; x_wconf 90' lang='lat' dir='ltr'><strong>solum</strong></span> <span class='ocrx_word' id='word_1_787' title='bbox 2405 3834 2730 3902; x_wconf 88' lang='lat' dir='ltr'><strong>peculiarius</strong></span> <span class='ocrx_word' id='word_1_788' title='bbox 2757 3835 3036 3904; x_wconf 77' lang='lat' dir='ltr'><strong>relaxetis,</strong></span> <span class='ocrx_word' id='word_1_789' title='bbox 3072 3845 3128 3893; x_wconf 91' lang='lat' dir='ltr'><strong>ut</strong></span> <span class='ocrx_word' id='word_1_790' title='bbox 3152 3854 3249 3910; x_wconf 90' lang='lat' dir='ltr'><strong>pro</strong></span> <span class='ocrx_word' id='word_1_791' title='bbox 3271 3854 3356 3894; x_wconf 92' lang='lat' dir='ltr'><strong>me</strong></span> <span class='ocrx_word' id='word_1_792' title='bbox 3382 3856 3509 3896; x_wconf 86' lang='lat' dir='ltr'><strong>ora-</strong></span> 
     </span>
    </p>
   </div>
   <div class='ocr_carea' id='block_1_99' title="bbox 1914 3922 3509 4003">
    <p class='ocr_par' dir='ltr' id='par_1_99' title="bbox 1914 3922 3509 4003">
     <span class='ocr_line' id='line_1_99' title="bbox 1914 3922 3509 4003; baseline 0.006 -26"><span class='ocrx_word' id='word_1_793' title='bbox 1914 3937 1975 3977; x_wconf 89' lang='lat' dir='ltr'><strong>re</strong></span> <span class='ocrx_word' id='word_1_794' title='bbox 2017 3922 2313 3994; x_wconf 81' lang='lat' dir='ltr'><strong>dignemini</strong></span> <span class='ocrx_word' id='word_1_795' title='bbox 2342 3943 2354 3977; x_wconf 87' lang='lat'><strong>:</strong></span> <span class='ocrx_word' id='word_1_796' title='bbox 2384 3925 2476 3996; x_wconf 91' lang='lat' dir='ltr'><strong>qui</strong></span> <span class='ocrx_word' id='word_1_797' title='bbox 2509 3926 2576 3980; x_wconf 92' lang='lat' dir='ltr'><strong>ad</strong></span> <span class='ocrx_word' id='word_1_798' title='bbox 2621 3926 3055 3985; x_wconf 89' lang='lat' dir='ltr'><strong>emendationem</strong></span> <span class='ocrx_word' id='word_1_799' title='bbox 3106 3933 3353 3986; x_wconf 88' lang='lat' dir='ltr'><strong>omnium</strong></span> <span class='ocrx_word' id='word_1_800' title='bbox 3386 3948 3509 4003; x_wconf 64' lang='lat' dir='ltr'><strong>quae</strong></span> 
     </span>
    </p>
   </div>
   <div class='ocr_carea' id='block_1_100' title="bbox 1914 4018 3513 4091">
    <p class='ocr_par' dir='ltr' id='par_1_100' title="bbox 1914 4018 3513 4091">
     <span class='ocr_line' id='line_1_100' title="bbox 1914 4018 3513 4091; baseline 0.007 -21"><span class='ocrx_word' id='word_1_801' title='bbox 1914 4018 2220 4087; x_wconf 91' lang='lat' dir='ltr'><strong>conscripta</strong></span> <span class='ocrx_word' id='word_1_802' title='bbox 2244 4028 2389 4083; x_wconf 88' lang='lat' dir='ltr'><strong>sunt,</strong></span> <span class='ocrx_word' id='word_1_803' title='bbox 2421 4018 2784 4075; x_wconf 88' lang='lat' dir='ltr'><strong>obedientiam</strong></span> <span class='ocrx_word' id='word_1_804' title='bbox 2807 4036 3022 4091; x_wconf 88' lang='lat' dir='ltr'><strong>gerens,</strong></span> <span class='ocrx_word' id='word_1_805' title='bbox 3056 4023 3127 4077; x_wconf 90' lang='lat' dir='ltr'><strong>ita</strong></span> <span class='ocrx_word' id='word_1_806' title='bbox 3158 4022 3392 4080; x_wconf 89' lang='lat' dir='ltr'><strong>libenter</strong></span> <span class='ocrx_word' id='word_1_807' title='bbox 3415 4024 3513 4081; x_wconf 88' lang='lat' dir='ltr'><strong>ba-</strong></span> 
     </span>
    </p>
   </div>
   <div class='ocr_carea' id='block_1_101' title="bbox 1916 4106 3513 4185">
    <p class='ocr_par' dir='ltr' id='par_1_101' title="bbox 1916 4106 3513 4185">
     <span class='ocr_line' id='line_1_101' title="bbox 1916 4106 3513 4185; baseline 0.008 -25"><span class='ocrx_word' id='word_1_808' title='bbox 1916 4106 2018 4161; x_wconf 90' lang='lat' dir='ltr'><strong>beo</strong></span> <span class='ocrx_word' id='word_1_809' title='bbox 2050 4107 2181 4162; x_wconf 90' lang='lat' dir='ltr'><strong>mihi</strong></span> <span class='ocrx_word' id='word_1_810' title='bbox 2208 4108 2410 4180; x_wconf 89' lang='lat' dir='ltr'><strong>aliquid</strong></span> <span class='ocrx_word' id='word_1_811' title='bbox 2458 4110 2725 4181; x_wconf 87' lang='lat' dir='ltr'><strong>imputare</strong></span> <span class='ocrx_word' id='word_1_812' title='bbox 2752 4153 2768 4177; x_wconf 93' lang='lat'><strong>,</strong></span> <span class='ocrx_word' id='word_1_813' title='bbox 2817 4121 2880 4168; x_wconf 90' lang='lat' dir='ltr'><strong>ut</strong></span> <span class='ocrx_word' id='word_1_814' title='bbox 2906 4114 3012 4168; x_wconf 91' lang='lat' dir='ltr'><strong>mei</strong></span> <span class='ocrx_word' id='word_1_815' title='bbox 3046 4114 3296 4185; x_wconf 88' lang='lat' dir='ltr'><strong>primitus</strong></span> <span class='ocrx_word' id='word_1_816' title='bbox 3322 4117 3513 4174; x_wconf 87' lang='lat' dir='ltr'><strong>sciatis</strong></span> 
     </span>
    </p>
   </div>
   <div class='ocr_carea' id='block_1_102' title="bbox 1916 4200 3510 4274">
    <p class='ocr_par' dir='ltr' id='par_1_102' title="bbox 1916 4200 3510 4274">
     <span class='ocr_line' id='line_1_102' title="bbox 1916 4200 3510 4274; baseline 0.008 -20"><span class='ocrx_word' id='word_1_817' title='bbox 1916 4214 2036 4254; x_wconf 87' lang='lat' dir='ltr'><strong>esse</strong></span> <span class='ocrx_word' id='word_1_818' title='bbox 2056 4200 2247 4270; x_wconf 87' lang='lat' dir='ltr'><strong>judicii</strong></span> <span class='ocrx_word' id='word_1_819' title='bbox 2278 4220 2291 4254; x_wconf 86' lang='lat'>:</span> <span class='ocrx_word' id='word_1_820' title='bbox 2323 4202 2427 4257; x_wconf 90' lang='lat' dir='ltr'><strong>hoc</strong></span> <span class='ocrx_word' id='word_1_821' title='bbox 2458 4212 2666 4258; x_wconf 88' lang='lat' dir='ltr'><strong>tantum</strong></span> <span class='ocrx_word' id='word_1_822' title='bbox 2696 4206 2836 4274; x_wconf 89' lang='lat' dir='ltr'><strong>jussi</strong></span> <span class='ocrx_word' id='word_1_823' title='bbox 2867 4206 2936 4260; x_wconf 89' lang='lat' dir='ltr'><strong>ab</strong></span> <span class='ocrx_word' id='word_1_824' title='bbox 2956 4208 3215 4264; x_wconf 91' lang='lat' dir='ltr'><strong>omnibus</strong></span> <span class='ocrx_word' id='word_1_825' title='bbox 3253 4210 3510 4266; x_wconf 78' lang='lat' dir='ltr'><strong>condem-</strong></span> 
     </span>
    </p>
   </div>
   <div class='ocr_carea' id='block_1_103' title="bbox 1917 4294 3506 4372">
    <p class='ocr_par' dir='ltr' id='par_1_103' title="bbox 1917 4294 3506 4372">
     <span class='ocr_line' id='line_1_103' title="bbox 1917 4294 3506 4372; baseline 0.009 -26"><span class='ocrx_word' id='word_1_826' title='bbox 1917 4294 2176 4362; x_wconf 88' lang='lat' dir='ltr'><strong>nandum,</strong></span> <span class='ocrx_word' id='word_1_827' title='bbox 2207 4295 2353 4365; x_wconf 89' lang='lat' dir='ltr'><strong>quod</strong></span> <span class='ocrx_word' id='word_1_828' title='bbox 2375 4308 2469 4352; x_wconf 89' lang='lat' dir='ltr'><strong>aut</strong></span> <span class='ocrx_word' id='word_1_829' title='bbox 2497 4298 2833 4353; x_wconf 89' lang='lat' dir='ltr'><strong>consuetudo</strong></span> <span class='ocrx_word' id='word_1_830' title='bbox 2864 4300 3255 4372; x_wconf 87' lang='lat' dir='ltr'><strong>Ecclesiarum,</strong></span> <span class='ocrx_word' id='word_1_831' title='bbox 3303 4312 3395 4359; x_wconf 87' lang='lat' dir='ltr'><strong>aut</strong></span> <span class='ocrx_word' id='word_1_832' title='bbox 3420 4304 3506 4359; x_wconf 85' lang='lat' dir='ltr'><strong>di-</strong></span> 
     </span>
    </p>
   </div>
   <div class='ocr_carea' id='block_1_104' title="bbox 1922 4386 3122 4462">
    <p class='ocr_par' dir='ltr' id='par_1_104' title="bbox 1922 4386 3122 4462">
     <span class='ocr_line' id='line_1_104' title="bbox 1922 4386 3122 4462; baseline 0.008 -21"><span class='ocrx_word' id='word_1_833' title='bbox 1922 4386 2169 4442; x_wconf 91' lang='lat' dir='ltr'><strong>vinorum</strong></span> <span class='ocrx_word' id='word_1_834' title='bbox 2202 4388 2465 4446; x_wconf 88' lang='lat' dir='ltr'><strong>librorum</strong></span> <span class='ocrx_word' id='word_1_835' title='bbox 2497 4394 2702 4462; x_wconf 88' lang='lat' dir='ltr'><strong>scripta</strong></span> <span class='ocrx_word' id='word_1_836' title='bbox 2731 4410 2837 4448; x_wconf 90' lang='lat' dir='ltr'><strong>non</strong></span> <span class='ocrx_word' id='word_1_837' title='bbox 2864 4394 3122 4451; x_wconf 89' lang='lat' dir='ltr'><strong>retinent.</strong></span> 
     </span>
    </p>
   </div>
   <div class='ocr_carea' id='block_1_105' title="bbox 2043 4508 3362 4585">
    <p class='ocr_par' dir='ltr' id='par_1_105' title="bbox 2043 4508 3362 4585">
     <span class='ocr_line' id='line_1_105' title="bbox 2043 4508 3362 4585; baseline 0.01 -23"><span class='ocrx_word' id='word_1_838' title='bbox 2043 4508 2353 4566; x_wconf 71' lang='lat' dir='ltr'><strong>MONI‘IUM</strong></span> <span class='ocrx_word' id='word_1_839' title='bbox 2394 4511 2457 4565; x_wconf 86' lang='lat' dir='ltr'><strong>IN</strong></span> <span class='ocrx_word' id='word_1_840' title='bbox 2500 4513 2886 4569; x_wconf 76' lang='lat' dir='ltr'><strong>El’ISTOLAM</strong></span> <span class='ocrx_word' id='word_1_841' title='bbox 2925 4516 3362 4585; x_wconf 81' lang='lat' dir='ltr'><strong>SEQUENTEM.</strong></span> 
     </span>
    </p>
   </div>
   <div class='ocr_carea' id='block_1_106' title="bbox 1994 4597 3510 4683">
    <p class='ocr_par' dir='ltr' id='par_1_106' title="bbox 1994 4597 3510 4683">
     <span class='ocr_line' id='line_1_106' title="bbox 1994 4597 3510 4683; baseline 0.011 -29"><span class='ocrx_word' id='word_1_842' title='bbox 1994 4597 2270 4667; x_wconf 74' lang='lat' dir='ltr'><strong>Existimo,</strong></span> <span class='ocrx_word' id='word_1_843' title='bbox 2305 4613 2417 4683; x_wconf 77' lang='lat' dir='ltr'><strong>post</strong></span> <span class='ocrx_word' id='word_1_844' title='bbox 2451 4606 3225 4683; x_wconf 39' lang='lat' dir='ltr'><strong>annum.quadringentesimum</strong></span> <span class='ocrx_word' id='word_1_845' title='bbox 3251 4625 3510 4683; x_wconf 85' lang='lat' dir='ltr'><strong>quartum,</strong></span> 
     </span>
    </p>
   </div>
   <div class='ocr_carea' id='block_1_107' title="bbox 1923 4675 3512 4754">
    <p class='ocr_par' dir='ltr' id='par_1_107' title="bbox 1923 4675 3512 4754">
     <span class='ocr_line' id='line_1_107' title="bbox 1923 4675 3512 4754; baseline 0.013 -31"><span class='ocrx_word' id='word_1_846' title='bbox 1923 4688 2014 4753; x_wconf 70' lang='lat' dir='ltr'><strong>nec</strong></span> <span class='ocrx_word' id='word_1_847' title='bbox 2039 4686 2206 4754; x_wconf 75' lang='lat' dir='ltr'><strong>tamen</strong></span> <span class='ocrx_word' id='word_1_848' title='bbox 2231 4684 2343 4754; x_wconf 68' lang='lat' dir='ltr'><strong>post</strong></span> <span class='ocrx_word' id='word_1_849' title='bbox 2370 4676 2579 4745; x_wconf 84' lang='lat' dir='ltr'><strong>longum</strong></span> <span class='ocrx_word' id='word_1_850' title='bbox 2605 4675 2669 4754; x_wconf 77' lang='lat' dir='ltr'><strong>ab</strong></span> <span class='ocrx_word' id='word_1_851' title='bbox 2686 4675 2755 4731; x_wconf 9' lang='lat' dir='ltr'><strong>reo</strong></span> <span class='ocrx_word' id='word_1_852' title='bbox 2773 4675 3027 4754; x_wconf 69' lang='lat' dir='ltr'><strong>temporis</strong></span> <span class='ocrx_word' id='word_1_853' title='bbox 3050 4675 3401 4754; x_wconf 75' lang='lat' dir='ltr'><strong>intervailum,</strong></span> <span class='ocrx_word' id='word_1_854' title='bbox 3422 4675 3512 4742; x_wconf 78' lang='lat' dir='ltr'><strong>sed</strong></span> 
     </span>
    </p>
   </div>
   <div class='ocr_carea' id='block_1_108' title="bbox 1922 4742 3511 4823">
    <p class='ocr_par' dir='ltr' id='par_1_108' title="bbox 1922 4742 3511 4823">
     <span class='ocr_line' id='line_1_108' title="bbox 1922 4742 3511 4823; baseline 0.012 -29"><span class='ocrx_word' id='word_1_855' title='bbox 1922 4743 2066 4823; x_wconf 39' lang='lat' dir='ltr'><strong>intra.</strong></span> <span class='ocrx_word' id='word_1_856' title='bbox 2086 4742 2204 4815; x_wconf 82' lang='lat' dir='ltr'><strong>plus</strong></span> <span class='ocrx_word' id='word_1_857' title='bbox 2220 4742 2391 4823; x_wconf 59' lang='lat' dir='ltr'><strong>minus</strong></span> <span class='ocrx_word' id='word_1_858' title='bbox 2415 4742 2896 4823; x_wconf 70' lang='lat' dir='ltr'><strong>decennium,_hanc</strong></span> <span class='ocrx_word' id='word_1_859' title='bbox 2921 4751 3082 4821; x_wconf 78' lang='lat' dir='ltr'><strong>fuisse</strong></span> <span class='ocrx_word' id='word_1_860' title='bbox 3107 4742 3401 4823; x_wconf 63' lang='lat' dir='ltr'><strong>epistolam;</strong></span> <span class='ocrx_word' id='word_1_861' title='bbox 3421 4776 3511 4814; x_wconf 84' lang='lat' dir='ltr'><strong>seu</strong></span> 
     </span>
    </p>
   </div>
   <div class='ocr_carea' id='block_1_109' title="bbox 1924 4812 3513 4899">
    <p class='ocr_par' dir='ltr' id='par_1_109' title="bbox 1924 4812 3513 4899">
     <span class='ocr_line' id='line_1_109' title="bbox 1924 4812 3513 4899; baseline 0.012 -34"><span class='ocrx_word' id='word_1_862' title='bbox 1924 4812 2567 4899; x_wconf 64' lang='lat' dir='ltr'><strong>libellum_elucrtbratum.</strong></span> <span class='ocrx_word' id='word_1_863' title='bbox 2598 4812 3163 4899; x_wconf 37' lang='lat' dir='ltr'><strong>_1_Vimirummpostrema</strong></span> <span class='ocrx_word' id='word_1_864' title='bbox 3198 4826 3374 4882; x_wconf 68' lang='lat' dir='ltr'><strong>istam:</strong></span> <span class='ocrx_word' id='word_1_865' title='bbox 3388 4812 3513 4899; x_wconf 69' lang='lat' dir='ltr'><strong>ejus</strong></span> 
     </span>
    </p>
   </div>
   <div class='ocr_carea' id='block_1_110' title="bbox 1924 4884 3509 4967">
    <p class='ocr_par' dir='ltr' id='par_1_110' title="bbox 1924 4884 3509 4967">
     <span class='ocr_line' id='line_1_110' title="bbox 1924 4884 3509 4967; baseline 0.012 -31"><span class='ocrx_word' id='word_1_866' title='bbox 1924 4888 2074 4966; x_wconf 74' lang='lat' dir='ltr'><strong>verba</strong></span> <span class='ocrx_word' id='word_1_867' title='bbox 2098 4901 2125 4967; x_wconf 84' lang='lat'><strong>_:</strong></span> <span class='ocrx_word' id='word_1_868' title='bbox 2154 4884 2306 4967; x_wconf 63' lang='lat' dir='ltr'><strong>Dnde</strong></span> <span class='ocrx_word' id='word_1_869' title='bbox 2344 4888 2567 4967; x_wconf 78' lang='lat' dir='ltr'><strong>pulchre</strong></span> <span class='ocrx_word' id='word_1_870' title='bbox 2583 4889 2838 4967; x_wconf 67' lang='lat' dir='ltr'><strong>ltomana</strong></span> <span class='ocrx_word' id='word_1_871' title='bbox 2863 4884 3106 4949; x_wconf 75' lang='lat' dir='ltr'><strong>Ecclesia</strong></span> <span class='ocrx_word' id='word_1_872' title='bbox 3128 4939 3143 4963; x_wconf 91' lang='lat'><strong>,</strong></span> <span class='ocrx_word' id='word_1_873' title='bbox 3189 4884 3509 4967; x_wconf 67' lang='lat' dir='ltr'><strong>apostolico,</strong></span> 
     </span>
    </p>
   </div>
   <div class='ocr_carea' id='block_1_111' title="bbox 1926 4955 3508 5037">
    <p class='ocr_par' dir='ltr' id='par_1_111' title="bbox 1926 4955 3508 5037">
     <span class='ocr_line' id='line_1_111' title="bbox 1926 4955 3508 5037; baseline 0.011 -30"><span class='ocrx_word' id='word_1_874' title='bbox 1926 4955 2049 5009; x_wconf 89' lang='lat' dir='ltr'><strong>sine</strong></span> <span class='ocrx_word' id='word_1_875' title='bbox 2078 4955 2263 5019; x_wconf 86' lang='lat' dir='ltr'><strong>dubio,</strong></span> <span class='ocrx_word' id='word_1_876' title='bbox 2309 4957 2466 5027; x_wconf 88' lang='lat' dir='ltr'><strong>cujus</strong></span> <span class='ocrx_word' id='word_1_877' title='bbox 2504 4958 2686 5014; x_wconf 89' lang='lat' dir='ltr'><strong>sedem</strong></span> <span class='ocrx_word' id='word_1_878' title='bbox 2731 4964 2973 5037; x_wconf 87' lang='lat' dir='ltr'><strong>obtinet,</strong></span> <span class='ocrx_word' id='word_1_879' title='bbox 3015 4955 3508 5037; x_wconf 55' lang='lat' dir='ltr'><strong>spiritu&#39;animata;</strong></span> 
     </span>
    </p>
   </div>
   <div class='ocr_carea' id='block_1_112' title="bbox 1928 5035 3515 5101">
    <p class='ocr_par' dir='ltr' id='par_1_112' title="bbox 1928 5035 3515 5101">
     <span class='ocr_line' id='line_1_112' title="bbox 1928 5035 3515 5101; baseline 0.011 -20"><span class='ocrx_word' id='word_1_880' title='bbox 1928 5035 2035 5081; x_wconf 88' lang='lat' dir='ltr'><strong>tam</strong></span> <span class='ocrx_word' id='word_1_881' title='bbox 2060 5041 2323 5101; x_wconf 80' lang='lat' dir='ltr'><strong>severam</strong></span> <span class='ocrx_word' id='word_1_882' title='bbox 2363 5045 2537 5084; x_wconf 65' lang='lat' dir='ltr'><strong>aurea</strong></span> <span class='ocrx_word' id='word_1_883' title='bbox 2580 5036 2901 5088; x_wconf 90' lang='lat' dir='ltr'><strong>sententiam</strong></span> <span class='ocrx_word' id='word_1_884' title='bbox 2945 5039 3165 5101; x_wconf 90' lang='lat' dir='ltr'><strong>statuit,</strong></span> <span class='ocrx_word' id='word_1_885' title='bbox 3213 5049 3272 5094; x_wconf 88' lang='lat' dir='ltr'><strong>ut</strong></span> <span class='ocrx_word' id='word_1_886' title='bbox 3311 5040 3395 5095; x_wconf 79' lang='lat' dir='ltr'><strong>vix</strong></span> <span class='ocrx_word' id='word_1_887' title='bbox 3427 5035 3515 5099; x_wconf 86' lang='lat' dir='ltr'><strong>vel</strong></span> 
     </span>
    </p>
   </div>
   <div class='ocr_carea' id='block_1_113' title="bbox 1927 5099 3508 5175">
    <p class='ocr_par' dir='ltr' id='par_1_113' title="bbox 1927 5099 3508 5175">
     <span class='ocr_line' id='line_1_113' title="bbox 1927 5099 3508 5175; baseline 0.012 -25"><span class='ocrx_word' id='word_1_888' title='bbox 1927 5099 2488 5175; x_wconf 63' lang='lat' dir='ltr'><strong>ptenitentiadignant</strong></span> <span class='ocrx_word' id='word_1_889' title='bbox 2512 5103 2801 5175; x_wconf 9' lang='lat' dir='ltr'><strong>jrutlicaret,</strong></span> <span class='ocrx_word' id='word_1_890' title='bbox 2827 5121 2949 5175; x_wconf 67' lang='lat' dir='ltr'><strong>quae</strong></span> <span class='ocrx_word' id='word_1_891' title='bbox 2979 5099 3368 5166; x_wconf 84' lang='lat' dir='ltr'><strong>sanctificatum</strong></span> <span class='ocrx_word' id='word_1_892' title='bbox 3398 5114 3508 5169; x_wconf 84' lang='lat' dir='ltr'><strong>Deo</strong></span> 
     </span>
    </p>
   </div>
   <div class='ocr_carea' id='block_1_114' title="bbox 1927 5169 3510 5255">
    <p class='ocr_par' dir='ltr' id='par_1_114' title="bbox 1927 5169 3510 5255">
     <span class='ocr_line' id='line_1_114' title="bbox 1927 5169 3510 5255; baseline 0.009 -33"><span class='ocrx_word' id='word_1_893' title='bbox 1927 5183 2124 5251; x_wconf 77' lang='lat' dir='ltr'><strong>corpus</strong></span> <span class='ocrx_word' id='word_1_894' title='bbox 2145 5169 2432 5255; x_wconf 66' lang='lat' dir='ltr'><strong>libidinosa</strong></span> <span class='ocrx_word' id='word_1_895' title='bbox 2457 5169 2899 5255; x_wconf 24' lang='lat' dir='ltr'><strong>co’inqn-inatione</strong></span> <span class='ocrx_word' id='word_1_896' title='bbox 2918 5178 3207 5255; x_wconf 76' lang='lat' dir='ltr'><strong>violasset:</strong></span> <span class='ocrx_word' id='word_1_897' title='bbox 3231 5185 3510 5255; x_wconf 80' lang='lat' dir='ltr'><strong>respiciunt</strong></span> 
     </span>
    </p>
   </div>
   <div class='ocr_carea' id='block_1_115' title="bbox 1928 5241 3510 5321">
    <p class='ocr_par' dir='ltr' id='par_1_115' title="bbox 1928 5241 3510 5321">
     <span class='ocr_line' id='line_1_115' title="bbox 1928 5241 3510 5321; baseline 0.01 -28"><span class='ocrx_word' id='word_1_898' title='bbox 1928 5242 2135 5321; x_wconf 64' lang='lat' dir='ltr'><strong>nurnine</strong></span> <span class='ocrx_word' id='word_1_899' title='bbox 2162 5241 2865 5321; x_wconf 45' lang='lat' dir='ltr'><strong>illud!unocentiijiomaui</strong></span> <span class='ocrx_word' id='word_1_900' title='bbox 2904 5250 3165 5319; x_wconf 76' lang='lat' dir='ltr'><strong>pontiﬁcis</strong></span> <span class='ocrx_word' id='word_1_901' title='bbox 3216 5241 3471 5310; x_wconf 54' lang='lat' dir='ltr'><strong>decietum</strong></span> <span class='ocrx_word' id='word_1_902' title='bbox 3495 5296 3510 5321; x_wconf 94' lang='lat'><strong>,</strong></span> 
     </span>
    </p>
   </div>
   <div class='ocr_carea' id='block_1_116' title="bbox 1931 5311 3511 5391">
    <p class='ocr_par' dir='ltr' id='par_1_116' title="bbox 1931 5311 3511 5391">
     <span class='ocr_line' id='line_1_116' title="bbox 1931 5311 3511 5391; baseline 0.012 -29"><span class='ocrx_word' id='word_1_903' title='bbox 1931 5311 2145 5391; x_wconf 70' lang='lat' dir='ltr'><strong>epistola</strong></span> <span class='ocrx_word' id='word_1_904' title='bbox 2166 5314 2248 5391; x_wconf 76' lang='lat' dir='ltr'><strong>ad</strong></span> <span class='ocrx_word' id='word_1_905' title='bbox 2282 5311 3192 5391; x_wconf 54' lang='lat' dir='ltr'><strong>Victriciumliotomageusem&#39;cap.</strong></span> <span class='ocrx_word' id='word_1_906' title='bbox 3236 5326 3305 5379; x_wconf 71' lang='grc'><strong>12</strong></span> <span class='ocrx_word' id='word_1_907' title='bbox 3337 5345 3347 5379; x_wconf 86' lang='grc'>;</span> <span class='ocrx_word' id='word_1_908' title='bbox 3381 5311 3511 5381; x_wconf 75' lang='grc' dir='ltr'>Ιιθιιί</span> 
     </span>
    </p>
   </div>
   <div class='ocr_carea' id='block_1_117' title="bbox 1930 5382 3509 5457">
    <p class='ocr_par' dir='ltr' id='par_1_117' title="bbox 1930 5382 3509 5457">
     <span class='ocr_line' id='line_1_117' title="bbox 1930 5382 3509 5457; baseline 0.01 -23"><span class='ocrx_word' id='word_1_909' title='bbox 1930 5398 2053 5457; x_wconf 74' lang='lat' dir='ltr'><strong>quae</strong></span> <span class='ocrx_word' id='word_1_910' title='bbox 2080 5382 2298 5438; x_wconf 83' lang='lat' dir='ltr'><strong>Christo</strong></span> <span class='ocrx_word' id='word_1_911' title='bbox 2336 5387 2693 5452; x_wconf 82' lang='lat' dir='ltr'><strong>Spiritualiter</strong></span> <span class='ocrx_word' id='word_1_912' title='bbox 2722 5382 3045 5457; x_wconf 61' lang='lat' dir='ltr'><strong>inmiserunt,</strong></span> <span class='ocrx_word' id='word_1_913' title='bbox 3078 5382 3150 5447; x_wconf 54' lang='lat' dir='ltr'><strong>et&#39;</strong></span> <span class='ocrx_word' id='word_1_914' title='bbox 3168 5396 3334 5451; x_wconf 90' lang='lat' dir='ltr'><strong>velari</strong></span> <span class='ocrx_word' id='word_1_915' title='bbox 3369 5414 3396 5449; x_wconf 90' lang='lat' dir='ltr'><strong>a</strong></span> <span class='ocrx_word' id='word_1_916' title='bbox 3420 5411 3509 5450; x_wconf 85' lang='lat' dir='ltr'><strong>sa-</strong></span> 
     </span>
    </p>
   </div>
   <div class='ocr_carea' id='block_1_118' title="bbox 1930 5453 3509 5535">
    <p class='ocr_par' dir='ltr' id='par_1_118' title="bbox 1930 5453 3509 5535">
     <span class='ocr_line' id='line_1_118' title="bbox 1930 5453 3509 5535; baseline 0.009 -29"><span class='ocrx_word' id='word_1_917' title='bbox 1930 5453 2149 5535; x_wconf 75' lang='lat' dir='ltr'><strong>cerdote</strong></span> <span class='ocrx_word' id='word_1_918' title='bbox 2177 5467 2522 5535; x_wconf 65' lang='lat' dir='ltr'><strong>meruerunt,</strong></span> <span class='ocrx_word' id='word_1_919' title='bbox 2556 5458 2599 5512; x_wconf 88' lang='lat' dir='ltr'><strong>si</strong></span> <span class='ocrx_word' id='word_1_920' title='bbox 2633 5453 2817 5535; x_wconf 80' lang='lat' dir='ltr'><strong>postea</strong></span> <span class='ocrx_word' id='word_1_921' title='bbox 2846 5463 2928 5517; x_wconf 89' lang='lat' dir='ltr'><strong>vel</strong></span> <span class='ocrx_word' id='word_1_922' title='bbox 2958 5453 3171 5532; x_wconf 87' lang='lat' dir='ltr'><strong>publice</strong></span> <span class='ocrx_word' id='word_1_923' title='bbox 3199 5470 3509 5535; x_wconf 87' lang='lat' dir='ltr'><strong>nnpserint,</strong></span> 
     </span>
    </p>
   </div>
   <div class='ocr_carea' id='block_1_119' title="bbox 1930 5524 3513 5600">
    <p class='ocr_par' dir='ltr' id='par_1_119' title="bbox 1930 5524 3513 5600">
     <span class='ocr_line' id='line_1_119' title="bbox 1930 5524 3513 5600; baseline 0.009 -23"><span class='ocrx_word' id='word_1_924' title='bbox 1930 5524 2016 5578; x_wconf 92' lang='lat' dir='ltr'><strong>vel</strong></span> <span class='ocrx_word' id='word_1_925' title='bbox 2054 5525 2405 5600; x_wconf 28' lang='lat' dir='ltr'><strong>se‘clanculo</strong></span> <span class='ocrx_word' id='word_1_926' title='bbox 2443 5524 2820 5600; x_wconf 82' lang='lat' dir='ltr'><strong>corruperint,</strong></span> <span class='ocrx_word' id='word_1_927' title='bbox 2871 5524 2977 5589; x_wconf 77' lang='lat' dir='ltr'><strong>non</strong></span> <span class='ocrx_word' id='word_1_928' title='bbox 3017 5551 3112 5591; x_wconf 88' lang='lat' dir='ltr'><strong>eas</strong></span> <span class='ocrx_word' id='word_1_929' title='bbox 3154 5524 3513 5592; x_wconf 73' lang='lat' dir='ltr'><strong>admittendas</strong></span> 
     </span>
    </p>
   </div>
   <div class='ocr_carea' id='block_1_120' title="bbox 1930 5596 3513 5677">
    <p class='ocr_par' dir='ltr' id='par_1_120' title="bbox 1930 5596 3513 5677">
     <span class='ocr_line' id='line_1_120' title="bbox 1930 5596 3513 5677; baseline 0.009 -27"><span class='ocrx_word' id='word_1_930' title='bbox 1930 5610 2052 5650; x_wconf 90' lang='lat' dir='ltr'><strong>esse</strong></span> <span class='ocrx_word' id='word_1_931' title='bbox 2081 5596 2147 5677; x_wconf 79' lang='lat' dir='ltr'><strong>ad</strong></span> <span class='ocrx_word' id='word_1_932' title='bbox 2178 5598 2438 5677; x_wconf 76' lang='lat' dir='ltr'><strong>agendam</strong></span> <span class='ocrx_word' id='word_1_933' title='bbox 2471 5596 2861 5677; x_wconf 72' lang='lat' dir='ltr'><strong>paenitentiam,</strong></span> <span class='ocrx_word' id='word_1_934' title='bbox 2889 5605 2992 5660; x_wconf 91' lang='lat' dir='ltr'><strong>nisi</strong></span> <span class='ocrx_word' id='word_1_935' title='bbox 3026 5606 3091 5672; x_wconf 93' lang='lat' dir='ltr'><strong>is,</strong></span> <span class='ocrx_word' id='word_1_936' title='bbox 3122 5607 3208 5661; x_wconf 93' lang='lat' dir='ltr'><strong>cui</strong></span> <span class='ocrx_word' id='word_1_937' title='bbox 3234 5624 3295 5661; x_wconf 90' lang='lat' dir='ltr'><strong>se</strong></span> <span class='ocrx_word' id='word_1_938' title='bbox 3319 5609 3513 5677; x_wconf 81' lang='lat' dir='ltr'><strong>junxe-</strong></span> 
     </span>
    </p>
   </div>
   <div class='ocr_carea' id='block_1_121' title="bbox 1932 5667 3515 5751">
    <p class='ocr_par' dir='ltr' id='par_1_121' title="bbox 1932 5667 3515 5751">
     <span class='ocr_line' id='line_1_121' title="bbox 1932 5667 3515 5751; baseline 0.009 -31"><span class='ocrx_word' id='word_1_939' title='bbox 1932 5676 2078 5733; x_wconf 88' lang='lat' dir='ltr'><strong>runt,</strong></span> <span class='ocrx_word' id='word_1_940' title='bbox 2107 5667 2177 5722; x_wconf 92' lang='lat' dir='ltr'><strong>de</strong></span> <span class='ocrx_word' id='word_1_941' title='bbox 2203 5669 2404 5751; x_wconf 73' lang='lat' dir='ltr'><strong>saeculo</strong></span> <span class='ocrx_word' id='word_1_942' title='bbox 2429 5667 2732 5751; x_wconf 82' lang='lat' dir='ltr'><strong>recesserit.</strong></span> <span class='ocrx_word' id='word_1_943' title='bbox 2759 5673 2885 5751; x_wconf 64' lang='lat' dir='ltr'><strong>Haec</strong></span> <span class='ocrx_word' id='word_1_944' title='bbox 2912 5667 3156 5751; x_wconf 47' lang='grc' dir='ltr'><strong>«κηπαίας</strong></span> <span class='ocrx_word' id='word_1_945' title='bbox 3177 5667 3515 5751; x_wconf 55' lang='grc' dir='ltr'><strong>ἀίωὲἠμιατιο</strong></span> 
     </span>
    </p>
   </div>
   <div class='ocr_carea' id='block_1_122' title="bbox 1932 5738 3515 5818">
    <p class='ocr_par' dir='ltr' id='par_1_122' title="bbox 1932 5738 3515 5818">
     <span class='ocr_line' id='line_1_122' title="bbox 1932 5738 3515 5818; baseline 0.009 -25"><span class='ocrx_word' id='word_1_946' title='bbox 1932 5754 2094 5808; x_wconf 85' lang='lat' dir='ltr'><strong>supra</strong></span> <span class='ocrx_word' id='word_1_947' title='bbox 2125 5738 2683 5818; x_wconf 80' lang='lat' dir='ltr'><strong>quadringentesimum</strong></span> <span class='ocrx_word' id='word_1_948' title='bbox 2710 5747 3007 5816; x_wconf 81' lang='lat' dir='ltr'><strong>assignatur</strong></span> <span class='ocrx_word' id='word_1_949' title='bbox 3026 5738 3209 5818; x_wconf 56' lang='lat' dir='ltr'><strong>{adeo</strong></span> <span class='ocrx_word' id='word_1_950' title='bbox 3236 5738 3375 5818; x_wconf 70' lang='lat' dir='ltr'><strong>quod</strong></span> <span class='ocrx_word' id='word_1_951' title='bbox 3399 5767 3515 5806; x_wconf 83' lang='lat' dir='ltr'><strong>eam</strong></span> 
     </span>
    </p>
   </div>
   <div class='ocr_carea' id='block_1_123' title="bbox 1934 5815 3519 5888">
    <p class='ocr_par' dir='ltr' id='par_1_123' title="bbox 1934 5815 3519 5888">
     <span class='ocr_line' id='line_1_123' title="bbox 1934 5815 3519 5888; baseline 0.009 -22"><span class='ocrx_word' id='word_1_952' title='bbox 1934 5820 2105 5868; x_wconf 83' lang='lat' dir='ltr'><strong>noster</strong></span> <span class='ocrx_word' id='word_1_953' title='bbox 2140 5825 2395 5884; x_wconf 74' lang='lat' dir='ltr'><strong>nuperum</strong></span> <span class='ocrx_word' id='word_1_954' title='bbox 2436 5815 2762 5875; x_wconf 84' lang='lat' dir='ltr'><strong>sententiam</strong></span> <span class='ocrx_word' id='word_1_955' title='bbox 2804 5815 2983 5888; x_wconf 68' lang='lat' dir='ltr'><strong>vocat,</strong></span> <span class='ocrx_word' id='word_1_956' title='bbox 3023 5815 3168 5875; x_wconf 78' lang='lat' dir='ltr'><strong>haud</strong></span> <span class='ocrx_word' id='word_1_957' title='bbox 3200 5815 3421 5880; x_wconf 77' lang='lat' dir='ltr'><strong>multum</strong></span> <span class='ocrx_word' id='word_1_958' title='bbox 3464 5840 3519 5880; x_wconf 85' lang='lat' dir='ltr'><strong>se</strong></span> 
     </span>
    </p>
   </div>
  </div>
