3926 6290
734 247 838 310 165

1765 244 1822 302 S.
1867 239 2256 310 lllERONYMl
2293 237 2581 298 OPERUM
2615 236 2978 301 MANTISSA.

725 375 866 443 infra
888 369 1022 427 illud
1053 377 1250 443 tempus
1276 366 1432 443 fuisse
1459 371 1621 443 notat,
1654 381 1770 443 eum
1797 363 2058 419 scriberet.
2090 363 2230 418 Hinc
2256 371 2305 418 et
2334 363 2385 424 A
2411 368 2524 430 ριετ
2542 375 2756 431 regnum
2780 360 3024 414 caelorum
3045 355 3262 430 (Matth.
3283 354 3702 431 113,12).Magnt151

727 434 795 499 de
814 454 1022 498 auclore
1045 434 1164 497 licet
1199 434 1630 510 (quandoquith
1657 434 2035 510 Hieronymum
2066 451 2170 488 non
2200 450 2309 510 esse

726 517 1096 585 deprehensum
1123 505 1377 567 est'etiam
1405 505 1984 585 anle_Erasmum‘)iuon
2016 508 2184 570 inepte
2211 505 2305 558 de-

729 579 867 644 mum
898 587 1178 656 disquirere
1206 599 1224 638 :
1248 579 1559 656 eumqueab
1587 579 1723 656 aliis,
1756 579 1845 650 qui
1875 596 1966 646 per
1991 595 2050 632 ea
2074 588 2308 656 {corpora

721 659 776 712 in
807 657 964 713 simili
987 648 1283 728 argumento
1309 648 1654 728 versat-istim,
1680 648 2040 728 internoscere.
2065 648 2308 728 Fortasse

721 731 812 784 ille
842 731 1023 801 fuerit,
1047 721 1296 801 "Paulus,
1331 728 1453 801 sive
1476 725 1698 783 Petrus,
1734 721 2306 801 presbyterpnatione

721 789 1052 865 Pannonius,
1077 796 1189 864 qui,
1211 794 1488 850 Gennadio
1510 803 1634 848 teste
1651 789 1762 864 cap.
1788 794 1858 848 75
1879 789 2309 865 εένὶρεὶινάᾳνὲν-

716 874 929 942 ginitate
955 864 1274 926 seruanda...
1297 866 1367 942 ad
1401 881 1686 942 personam
1708 866 1995 942 cujusdam
2029 864 2224 942 nobilis
2248 872 2305 918 et

717 935 933 998 Christo
962 944 1150 995 dicata:
1177 935 1417 1009 virginis,
1446 937 1762 992 Constantia!
1791 936 2027 1009 nomine.
2058 935 2307 1009 Erasmus

712 1025 927 1068 testatur
945 1014 996 1066 in
1015 1005 1318 1082 quibusdam
1341 1009 1723 1082 exemplaribus
1743 1006 2053 1082 fuisse__ltunc
2070 1005 2304 1082 titulum,

716 1089 781 1141 ad
808 1077 1084 1139 Mantitu'm
1113 1083 1300 1145 ﬁliam,
1327 1082 1380 1134 iu
1403 1081 1520 1132 aliis
1543 1082 1610 1133 ad
1632 1079 1870 1134 Mauricii
1896 1079 2083 1145 tiliam,
2108 1080 2162 1132 in
2182 1077 2303 1130 aliis

713 1157 909 1213 nullius
937 1171 1119 1212 nomen
1147 1155 1304 1224 fuisse
1327 1153 1630 1222 ascriptum.

1252 1285 1586 1344 EPISTULA
1618 1284 1757 1340 Xlll.

1254 1399 1580 1472 Virginitalis
1618 1397 1753 1454 laus.
1821 1413 1824 1416 '

779 1519 818 1574 1.
860 1518 1125 1588 Quantam
1156 1517 1209 1572 in
1240 1515 1551 1572 etelestibus
1601 1511 1986 1570 beatitudinem
2016 1509 2299 1582 virginitas

701 1622 884 1668 sancta
909 1609 1208 1680 possideat,
1241 1622 1362 1679 post
1397 1605 1798 1676 Scripturarum
1824 1603 2160 1669 testimonia,
2195 1603 2297 1660 Ec-

699 1704 883 1760 clesiae
906 1704 1067 1756 etiam
1090 1700 1482 1756 consuetudine
1511 1698 1809 1756 edocemur
1833 1740 1848 1766 ,
1897 1712 2003 1766 qua
2033 1694 2291 1750 discimus

701 1795 975 1866 peculiare
1009 1795 1083 1860 illi
1115 1793 1414 1848 subsistere
1444 1790 1721 1855 meritum,
1747 1788 1900 1858 cujus
1927 1787 2177 1856 specialis

699 1886 1060 1944 consecratio.
1108 1884 1244 1940 Nam
1284 1899 1406 1937 cum
1451 1881 1698 1938 universa
1749 1880 1903 1936 turba
1948 1878 2292 1936 credentium

699 1983 848 2053 paria
883 1983 1020 2036 dona
1048 1981 1235 2050 gratitc
1267 1976 1553 2047 percipiat,
1585 1984 1642 2030 et
1670 1973 1861 2029 iisdem
1893 1987 2088 2032 omnes
2111 1985 2295 2028 sacra-

701 2085 1006 2132 mentorum
1039 2069 1510 2130 benedictionibus
1555 2067 1878 2140 glorientur,
1934 2067 2048 2120 istw
2087 2062 2290 2134 aliquid

697 2172 975 2240 proprium
1021 2183 1132 2239 pra:
1153 2162 1364 2220 caeteris
1400 2162 1624 2229 habent,
1655 2177 1776 2216 cum
1809 2159 1876 2214 de
1908 2160 2000 2214 illo
2027 2167 2215 2213 sancto
2236 2168 2291 2214 et

691 2263 1042 2319 in'tmaculato
1075 2260 1334 2320 Ecclesia;
1361 2272 1530 2328 grege
1549 2297 1565 2322 ,
1593 2257 1745 2324 quasi
1771 2254 2074 2310 sanctiores
2105 2251 2290 2319 purio-

691 2371 886 2426 resquc
919 2354 1112 2408 hostiae
1137 2393 1153 2416 ,
1201 2368 1302 2421 pro
1335 2348 1631 2404 voluntatis
1656 2362 1771 2402 sua:
1797 2346 2010 2402 meritis
2038 2361 2068 2399 ιι
2097 2357 2289 2400 sancto

691 2446 896 2516 Spiritu
953 2445 1249 2514 eliguntur,
1299 2451 1354 2496 et
1380 2455 1474 2510 per
1502 2453 1771 2494 summum
1815 2436 2156 2491 saccrdmem
2193 2433 2289 2488 Dei

691 2539 993 2594 oll'eruulur
1020 2535 1232 2590 altario.
1269 2533 1436 2602 Digna
1477 2546 1665 2586 revera
1710 2529 1939 2583 Domino
1972 2529 2146 2581 hostia
2177 2536 2286 2579 tam

690 2629 918 2703 pretiosi
944 2627 1198 2684 animalis
1215 2625 1445 2692 oblatio,
1467 2633 1521 2680 et
1548 2622 1750 2676 nullius
1774 2621 1964 2690 magis,
1990 2634 2150 2688 quam
2174 2631 2287 2672 suae

689 2724 957 2797 imaginis,
985 2721 1160 2778 hostia
1200 2718 1482 2791 placitura.
1513 2716 1590 2771 De
1617 2714 1926 2792 huiusmodi
1951 2712 2110 2768 etiam
2139 2710 2286 2780 Apo-

688 2817 884 2873 stolum
918 2815 1124 2870 dixisse
1153 2828 1276 2869 reor
1303 2830 1314 2866 :
1351 2809 1574 2864 Obsecro
1605 2817 1776 2862 autem
1804 2823 1909 2872 vos,
1944 2805 2159 2874 fratres,
2193 2819 2286 2872 per

687 2910 1094 2968 misericordiam
1119 2908 1234 2974 Dei,
1253 2917 1304 2961 ut
1336 2905 1619 2962 exltibeatis
1645 2919 1865 2974 corpora
1880 2911 2043 2956 vestra
2062 2899 2284 2954 hostiam

684 3005 952 3066 viventem,
977 3008 1230 3067 sanctum,
1261 2995 1372 3052 Deo
1405 2996 1686 3066 placentem
1709 2994 1890 3064 (Rom.
1920 3008 2014 3059 xu,
2045 2991 2120 3062 1).
2153 2991 2284 3046 Pos—

686 3094 830 3150 sidet
871 3107 999 3164 ergo
1028 3090 1331 3162 virginitas,
1380 3093 1437 3141 et
1467 3084 1610 3156 quod
1659 3084 1748 3138 alii
1781 3083 2002 3149 habent,
2054 3088 2110 3136 et
2135 3079 2278 3152 quod

2411 462 2490 508 est
2520 451 2784 522 pudicitiae.
2809 453 2979 519 labor,
3013 452 3107 510 sed
3139 449 3312 522 majus
3333 451 3568 521 premium
3589 470 3601 506 :
3622 463 3702 509 lem

2409 545 2679 612 custodia,
2712 545 2808 601 sed
2834 544 3199 600 remuneratio
3242 543 3690 611 aeternaestabehis

2411 650 2497 695 Ius
2550 639 2788 695 Joannes
2831 639 3106 710 apostolus
3153 639 3388 710 loquitur
3435 657 3445 691 :
3494 638 3611 711 quod
3656 658 3702 694 se.

2409 732 2612 803 Agnum
2653 747 2972 804 quocumque
3000 733 3119 786 ierit
3145 729 3330 804 (Apoc.
3362 745 3458 793 XIV,
3483 732 3547 799 4).
3569 730 3689 801 Quod

2411 825 2762 897 lelligendum
2796 837 2946 897 pulo,
2979 824 3182 880 nullum
3212 825 3291 881 eis
3318 823 3477 878 locum
3514 824 3558 877 in
3592 824 3700 880 caele

2409 917 2789 984 claudendum,
2821 925 2878 974 et
2899 929 3092 973 cuncta
3113 917 3193 974 eis
3216 915 3496 972 divinarum
3517 919 3701 971 mansior

2407 1009 2646 1066 bitacula
2679 1011 2989 1067 reseranda.
3021 1009 3126 1066 Sed
3149 1019 3209 1064 ut
3236 1008 3488 1064 illustrius
3515 1009 3702 1078 virginil:

2407 1103 2571 1158 ritum
2601 1103 2825 1170 clareal,
2851 1113 2905 1159 et
2929 1119 3088 1175 quant
3114 1103 3224 1157 Deo
3249 1101 3404 1174 digna
3423 1103 3503 1167 sit,
3529 1101 3702 1157 manile:

2407 1195 2573 1268 telligi
2632 1197 2850 1267 possit:
2883 1195 3014 1252 illud
3075 1198 3377 1268 cogitetur,
3423 1195 3550 1267 quod
3601 1196 3701 1249 Don

2405 1287 2659 1344 Salvator
2700 1301 2889 1344 noster
2943 1289 3084 1344 Deus
3115 1332 3130 1357 ,
3165 1304 3288 1344 eum
3321 1299 3524 1358 propter
3550 1286 3702 1340 ltumat

2403 1382 2480 1438 ris
2527 1383 2754 1438 Salutem
2811 1381 3086 1437 hominem
3151 1381 3455 1453 dignaretur
3504 1395 3702 1434 assumet

2401 1475 2566 1530 alium
2596 1490 2754 1546 quam
2785 1474 3104 1548 virginalem
3144 1473 3372 1544 elegerit
3408 1484 3619 1528 uterum.
3651 1470 3702 1526 Et

2395 1569 2695 1638 juscemodi
2755 1569 3046 1639 plurimum
3100 1566 3205 1622 sibi
3257 1567 3463 1638 placere
3507 1574 3702 1621 monstr:

2402 1660 2674 1730 pudicitia:
2734 1659 2938 1715 bonum
2987 1660 3201 1730 utrique
3258 1661 3408 1713 sexui
3449 1658 3702 1712 intimaretl

2209 1796 2292 1846 es,
2325 1762 2370 1824 Β
2397 1759 2574 1825 ginem
2629 1754 2816 1809 habuit
2855 1764 3112 1817 matrem,
3146 1755 3299 1826 virgo
3347 1767 3636 1808 mansurus.
3678 1750 3696 1804 l

2395 1851 2492 1914 ris,
2522 1859 2579 1906 et
2617 1851 2668 1905 in
2700 1859 2874 1906 matre
2920 1848 3133 1905 feminis
3165 1847 3392 1918 prtebuit
3435 1846 3701 1918 virginitati

2393 1944 2572 2016 plum:
2608 1945 2749 2014 quod
2779 1943 3246 1999 demonstraretur
3278 1943 3328 1997 in
3360 1950 3576 2012 utroque
3601 1954 3702 1994 sext

2395 2039 2759 2108 integritatem
2791 2036 3086 2092 divinitatis
3121 2036 3329 2104 haberi,
3363 2045 3417 2091 et
3446 2031 3701 2104 plenitudi:

2392 2131 2588 2196 ruisse,
2619 2130 2744 2184 dum
2772 2141 2940 2185 totum
2976 2130 3028 2184 in
3061 2140 3237 2184 matre
3265 2129 3382 2196 luit,
3402 2127 3653 2200 quidquid
3673 2126 3702 2180 h

2393 2227 2444 2277 in
2506 2223 2640 2276 lilio.
2674 2221 2779 2278 Sed
2810 2222 2939 2293 quid
2995 2237 3094 2293 ego
3117 2229 3303 2292 satago
3333 2222 3624 2286 excellens,
3655 2233 3702 2273 at

2392 2319 2662 2390 pudicitia:
2709 2320 2965 2374 meritum
3019 2319 3262 2374 revelare
3297 2326 3350 2372 et
3377 2318 3623 2389 gloriosae
3653 2316 3700 2368 vi

2390 2414 2589 2471 bonum
2612 2414 2926 2481 ostendere,
2953 2429 3076 2468 cum
3101 2413 3167 2468 de
3189 2413 3292 2468 hac
3311 2426 3371 2468 re
3392 2412 3672 2483 plerosque
3696 2425 3702 2480 ι

2391 2522 2497 2561 non
2531 2505 2766 2560 nesciam
2794 2547 2807 2568 ,
2842 2514 2894 2558 et
2933 2504 3054 2573 ejus
3097 2502 3484 2559 beatitudinem
3530 2500 3702 2556 manili

2390 2599 2693 2654 rationibus
2722 2596 3106 2666 comprobasse
3134 2614 3150 2652 :
3183 2605 3240 2652 et
3279 2595 3411 2650 nulli
3448 2594 3681 2666 sapienti

2387 2689 2610 2746 dubium
2643 2705 2823 2762 posse,
2856 2705 2974 2745 eam
3004 2706 3119 2745 rem
3153 2689 3376 2760 majoris
3399 2703 3523 2746 esse
3549 2690 3702 2744 merit

2386 2785 2666 2852 amplioris
2713 2782 2967 2838 laboris?
3014 2783 3268 2852 Quisquis
3296 2783 3461 2838 etiam
3498 2782 3701 2853 pudicit

2388 2877 2588 2930 nullius
2619 2876 2848 2946 praemii,
2881 2884 2975 2929 aut
3003 2876 3152 2946 parvi
3189 2875 3470 2931 existimat
3506 2893 3521 2930 :
3565 2887 3702 2930 certi

2385 2970 2515 3035 lum,
2544 2979 2639 3024 aut
2669 2971 2938 3040 ignorare,
2971 2980 3062 3023 aut
3111 2985 3215 3023 non
3246 2969 3624 3024 Voluntarium
3661 2969 3702 3023 l‘e

2385 3077 2519 3116 rem.
2551 3060 2679 3114 Inde
2702 3061 2778 3114 illi
2808 3074 3023 3131 semper
3045 3060 3284 3116 castitati
3309 3061 3609 3132 derogant,
3636 3077 3702 3131 qu

686 3186 778 3241 alii
809 3200 915 3240 non
931 3145 1146 3238 babenvt
1177 3200 1187 3233 :
1219 3180 1348 3235 dum
1397 3190 1450 3233 et
1478 3192 1822 3234 communem
1854 3185 1908 3230 et
1956 3173 2280 3244 peculiarem
2309 3145 2354 3208 Ο
2385 3172 2493 3214 ηοη
2523 3155 2745 3222 habenis
2781 3162 2874 3209 ³1η
2903 3153 3105 3211 habere
3131 3165 3398 3226 εοὲυηιιπ
3425 3155 3611 3210 immi-

686 3281 898 3334 obtinet
941 3279 1203 3350 gratiam,
1253 3285 1308 3328 et
1334 3271 1580 3344 proprio,
1624 3279 1683 3325 ut
1713 3271 1783 3324 ita
1807 3266 2060 3334 dixerim,
2092 3281 2285 3322 conse-

687 3372 946 3429 crationis
988 3368 1270 3441 privilegio
1305 3365 1523 3438 gaudet.
1564 3363 1698 3420 Nam
1731 3372 1788 3419 et
1821 3362 2023 3418 Christi
2055 3377 2284 3432 sponsas

686 3467 928 3538 virgines
959 3463 1162 3528 dicere,
1191 3459 1559 3518 ecclesiastica
1580 3457 1736 3512 nobis
1761 3455 2020 3528 permittit
2041 3456 2282 3510 auctori-

689 3568 771 3614 tas
801 3575 816 3613 :
850 3559 976 3613 dum
1036 3557 1090 3611 in
1121 3569 1442 3625 Sponsarutn
1487 3550 1704 3608 modum
1746 3564 1841 3606 eas
1867 3557 2150 3604 consecrat
2177 3547 2284 3602 Do-

686 3655 836 3710 mino
868 3671 882 3708 :
912 3652 1057 3707 velut
1118 3646 1415 3704 ostendens
1469 3659 1563 3701 eas
1596 3643 1678 3699 vel
1724 3643 1960 3697 maxime
2005 3640 2284 3696 habituras

691 3747 975 3821 spiritualc
1000 3743 1330 3801 connubium
1360 3781 1377 3809 ,
1427 3755 1547 3816 qua:
1593 3735 2024 3806 subterlngerint
2067 3733 2285 3790 carnale

688 3844 1026 3902 consortium
1051 3883 1068 3907 ,
1097 3849 1149 3894 et
1181 3837 1343 3908 digne
1383 3834 1495 3890 Deo
1540 3849 1640 3903 per
1674 3829 2010 3886 matrimonii
2063 3827 2284 3898 copula-

695 3940 900 3994 tionem
928 3931 1286 4008 spiritualiter
1311 3926 1634 3999 capulantur
1660 3966 1676 3991 ,
1709 3939 1830 3995 quae
1861 3922 1979 3994 ejus
2000 3934 2164 3975 causa
2197 3918 2282 3974 di-

684 4029 955 4097 lectionis,
992 4027 1228 4084 humana
1251 4021 1526 4080 connubia
1553 4025 1900 4088 spreverunt.
1932 4014 1988 4070 In
2013 4014 2098 4070 his
2119 4027 2280 4082 quam

690 4123 923 4180 untxime
955 4121 1088 4178 illud
1121 4118 1376 4187 impletur
1399 4111 1648 4184 Apostoli
1681 4130 1696 4166 :
1729 4110 1831 4178 Qui
1857 4121 2027 4166 autem
2051 4106 2282 4164 adliceret

690 4216 941 4280 Domino,
977 4229 1108 4266 unus
1136 4210 1351 4283 spiritus
1371 4219 1446 4262 est
1484 4206 1524 4278 (Ι
1555 4204 1674 4259 Cor.
1707 4218 1778 4271 vt,
1811 4203 1924 4274 17).
1955 4199 2172 4256 Grande
2197 4207 2282 4256 est

684 4319 743 4365 et.
772 4304 1098 4374 immortale,
1129 4314 1185 4358 et
1211 4316 1348 4372 pene
1372 4302 1508 4353 ultra
1529 4305 1776 4354 naturam
1804 4308 2146 4364 corpoream,
2173 4291 2282 4346 ire-

685 4417 816 4458 nare
864 4399 1156 4462 luxuriam,
1186 4405 1241 4450 et
1280 4392 1740 4461 concupiscentiae
1789 4386 2061 4442 ﬂammam
2093 4385 2280 4440 adole-

685 4491 907 4549 scentia:
950 4489 1154 4544 lacibus
1179 4495 1519 4550 :estuanlem,
1549 4482 1715 4536 animi
1740 4480 1937 4534 virtute
1977 4478 2281 4548 restingue-

684 4605 766 4658 re,
819 4597 868 4642 et
903 4583 1168 4657 spirituali
1199 4589 1398 4637 conatu
1431 4577 1538 4632 vim
1590 4575 1841 4646 genuinae
1895 4570 2276 4627 obieetationis

683 4680 991 4746 excludere,
1025 4675 1319 4748 vivereque
1359 4681 1548 4728 contra
1579 4669 1799 4724 humani
1832 4665 2052 4736 generis
2074 4665 2274 4736 legem,

683 4775 965 4846 despicere
995 4769 1231 4840 coniugii
1273 4767 1467 4822 solatia
1492 4804 1508 4830 ,
1540 4761 1886 4817 dulcedinem
1918 4768 2275 4812 contemnere

681 4870 1000 4931 liberorum,
1035 4871 1089 4918 et
1136 4871 1491 4930 qua-eumque
1527 4853 1812 4924 prtesentis
1839 4853 1964 4907 vita:
1987 4848 2273 4904 commoda

682 4969 846 5026 sunt,
907 4971 1006 5030 pro
1057 4951 1224 5008 nihilo
1270 4965 1364 5020 spe
1416 4948 1607 5002 fulut‘ze
1657 4942 2012 5001 beatitudinis
2048 4955 2270 5012 compu-

684 5067 820 5184 ’θ’ἱῗῖ
845 5126 1031 5196 Magna
1081 5122 1214 5182 haec.
1245 5127 1306 5176 ut
1331 5117 1463 5185 dixi,
1501 5124 1562 5170 et
1588 5111 1920 5169 admirabilis
1944 5111 2113 5166 virtus
2139 5119 2222 5165 cst.
2249 5127 2266 5166 ε

678 5232 732 5280 et
783 5237 891 5276 non
947 5216 1219 5274 immerito
1259 5229 1358 5284 pro
1403 5207 1771 5279 magnitudine
1805 5207 2004 5261 laboris
2053 5205 2134 5260 sui
2184 5207 2270 5261 in-

674 5313 822 5388 genti
875 5310 1100 5382 praemio
1135 5307 1441 5363 destinatur
1472 5320 1485 5356 :
1517 5300 1664 5355 Dabo
1689 5342 1705 5370 ,
1764 5301 1934 5371 inquit
1961 5298 2222 5354 Dominus
2245 5341 2262 5368 ,

673 5403 987 5481 spadonibus
1006 5402 1134 5455 meis
1177 5400 1231 5453 in
1258 5397 1414 5452 domo
1436 5412 1571 5460 utea,
1601 5404 1649 5454 et
1676 5396 1733 5448 in
1779 5408 1925 5446 muro
1952 5406 2061 5446 meo
2090 5393 2262 5446 locum

671 5502 995 5556 nominatum
1034 5493 1298 5548 meliorem
1327 5491 1452 5560 ﬁliis
1501 5498 1550 5542 et
1594 5487 1800 5557 ﬁliabus
1831 5484 2004 5540 Israel
2029 5502 2046 5538 :
2077 5500 2261 5539 nomen

668 5603 917 5650 internum
947 5589 1077 5642 dabo
1104 5583 1229 5646 illis,
1256 5584 1396 5656 quod
1418 5597 1518 5636 non
1542 5582 1742 5653 deﬁciet
1769 5578 1902 5653 (Isa.
1935 5594 2042 5644 LVI,
2077 5579 2155 5648 ὃ).
2186 5577 2261 5634 De

669 5686 864 5754 quibus
889 5680 1224 5753 spadonibus
1255 5675 1512 5732 Dominus
1543 5674 1600 5730 in
1624 5673 1916 5744 Evangelia
1943 5673 2140 5743 repetit
2174 5674 2261 5724 dt-

665 5791 799 5835 cens
823 5796 836 5830 :
865 5777 997 5830 Sunt
1020 5774 1156 5830 enim
1175 5768 1536 5843 spadonesqui
1556 5769 1750 5840 κίρσοι
1762 5774 2117 5823 castrareth
2138 5779 2262 5834 prot-

2457 3248 2544 3304 ΙΙΙ.
2589 3248 2744 3304 Nunc
2775 3249 2955 3319 itaque
2987 3251 3263 3318 quoniam,
3299 3249 3493 3322 paucis
3543 3249 3702 3320 licet,

2381 3342 2593 3410 horem,
2625 3357 2784 3413 quam
2818 3343 3072 3397 meritum
3106 3342 3436 3413 integritatis
3490 3345 3702 3399 ostenti

2384 3449 2475 3492 res
2515 3452 2635 3506 qua:
2663 3435 2853 3505 grandi
2882 3435 3080 3491 virtute
3111 3446 3357 3501 constat,
3394 3436 3616 3508 ingenti
3649 3454 3702 3508 ρι

2383 3530 2599 3595 stinata,
2634 3544 2829 3585 carere
2867 3527 3044 3584 fructu
3073 3544 3175 3584 suo
3226 3528 3423 3600 possit,
3474 3531 3698 3600 diligen

2383 3622 2621 3678 bandum
2667 3631 2772 3677 est.
2801 3620 3018 3688 Quanto
3049 3622 3194 3676 enim
3228 3636 3606 3692 quiscumque
3630 3638 3700 3692 sp

2385 3714 2555 3770 tiosor
2584 3714 2764 3783 fuerit,
2799 3721 2951 3768 tanto
2991 3716 3199 3783 majore
3247 3713 3652 3768 sollicitudine
3676 3731 3702 3769 ε

2386 3809 2452 3863 Et
2475 3809 2729 3879 quoniam
2771 3806 2939 3860 multa
2969 3815 3114 3872 sunt,
3145 3820 3265 3874 qua:
3297 3805 3444 3861 bono
3479 3808 3694 3878 propri

2383 3900 2489 3956 nisi
2516 3901 2742 3954 aliarum
2775 3915 2955 3954 rerum
2998 3900 3260 3970 juventur
3289 3899 3534 3966 auxilio,
3606 3910 3678 3955 ut.

2383 3994 2596 4065 species
2629 4009 2644 4048 :
2675 3995 2776 4048 nisi
2809 4009 3054 4048 cerarum
3086 3991 3354 4058 custodia,
3385 4003 3446 4048 et
3496 3992 3701 4048 favori

2383 4097 2762 4153 conservetur,
2793 4097 2847 4142 et
2877 4096 2937 4140 ut
2967 4085 3149 4141 verius
3177 4085 3437 4153 dixerim,
3488 4088 3702 4142 nutria

2384 4179 2551 4235 ralem
2583 4179 2812 4248 gratiam
2841 4177 3041 4244 perdit,
3070 4187 3125 4231 et
3149 4176 3459 4232 subsistere
3497 4194 3615 4248 per
3638 4196 3702 4234 sc

2383 4278 2583 4340 potest.
2613 4269 2766 4324 Sicut
2796 4269 2904 4323 vini
2937 4269 3152 4338 species
3179 4267 3324 4337 quod
3351 4268 3462 4322 nisi
3516 4267 3683 4325 boni

2383 4361 2475 4426 sit,
2521 4372 2576 4417 et
2621 4362 2885 4431 reparatis
2917 4360 3110 4415 crebro
3140 4359 3352 4429 picibus
3401 4359 3700 4417 foveatur

2383 4455 2669 4509 suavitatis
2691 4453 2800 4508 vim
2833 4453 3059 4506 amittit.
3089 4454 3363 4508 Attentius
3392 4467 3548 4526 ergo
3609 4471 3702 4525 pri

2308 4536 2486 4614 Dest,
2536 4562 2605 4602 ne
2650 4547 2792 4602 forte
2832 4554 2888 4601 et
2913 4544 3206 4615 virginitati
3237 4545 3423 4615 aliqua
3484 4548 3629 4603 sint
3694 4566 3702 4604 ι

2377 4642 2494 4698 sine
2521 4641 2718 4713 quibus
2745 4657 3086 4712 nequaquam
3109 4639 3308 4695 aﬂ'erre
3337 4640 3616 4698 fructum
3684 4662 3702 4701 ε

2379 4745 2558 4791 tantus
2580 4736 2653 4790 nil
2680 4736 2926 4807 proderit
2956 4736 3145 4791 labor:
3198 4736 3323 4790 dum
3365 4750 3528 4793 vane
3581 4755 3702 4809 pro

2379 4829 2548 4898 ditur,
2583 4830 2724 4901 quod
2774 4830 2980 4898 absque
3025 4827 3230 4884 viribus
3271 4833 3650 4888 necessariis

2377 4923 2490 4978 Nisi
2520 4925 2663 4978 enim
2711 4923 2888 4988 fallor,
2921 4923 2990 4976 ob
3013 4923 3254 4976 ('mlestis
3278 4922 3433 4992 regni
3469 4928 3702 4993 prurmf

2378 5017 2523 5071 cilia:
2561 5027 2813 5071 servatur
2858 5015 3164 5084 integritas,
3217 5011 3360 5083 quod
3422 5015 3576 5071 sine
3622 5019 3702 5072 vi

2377 5111 2596 5188 merito,
2629 5111 2901 5164 neminem
2941 5109 3198 5176 consequi
3244 5122 3433 5178 posse,
3471 5110 3654 5164 satis
3693 5132 3702 5162 ‹

2376 5203 2602 5260 :Et'erna
2631 5204 2761 5269 vita,
2797 5219 2902 5256 non
2951 5202 3056 5256 nisi
3103 5217 3198 5270 per
3225 5215 3450 5256 omnem
3511 5202 3702 5258 divin

2373 5307 2649 5367 ceptorum
2695 5294 2998 5350 custodiam
3059 5293 3356 5363 promereri
3413 5301 3692 5364 potest,

2369 5389 2583 5444 dicente
2633 5405 2647 5440 :
2703 5386 2764 5442 Si
2809 5387 2886 5440 vis
2943 5385 3012 5440 ad
3067 5385 3222 5440 vitam
3270 5385 3476 5449 venire,
3559 5404 3702 5444 ser:

2371 5486 2385 5554 (
2421 5482 2608 5536 Matth.
2643 5497 2699 5546 x,
2758 5481 2871 5554 17).
2909 5479 3085 5535 Vitam
3118 5495 3248 5550 ergo
3301 5491 3623 5534 aeternam
3696 5500 3702 5537 ι

2371 5576 2473 5630 nisi
2502 5576 2588 5641 qui
2619 5582 2811 5628 cuncta
2839 5573 3093 5627 utattdata
3143 5573 3278 5641 legis
3321 5576 3702 5629 servaverit

2368 5683 2473 5723 tam
2503 5683 2608 5723 non
2637 5667 2909 5732 habuerit,
2963 5666 3202 5722 caelestis
3256 5665 3413 5737 regni
3458 5680 3618 5722 non
3692 5685 3702 5740 1

2368 5775 2676 5832 possessor.
2709 5760 2769 5815 in
2792 5775 2898 5831 quo
2931 5773 3038 5815 non
3089 5757 3313 5828 mortui,
3345 5755 3457 5815 sed
3524 5760 3680 5815 vivi
