  <div class='ocr_page' id='page_1' title='image "/cluster/home/n/w/nwhite01/storage/ocr_20150623/30/hvd.32044096580535/092.png"; bbox 0 0 3926 6290; ppageno 0'>
   <div class='ocr_carea' id='block_1_1' title="bbox 160 224 2319 301">
    <p class='ocr_par' dir='ltr' id='par_1_1' title="bbox 160 224 2319 301">
     <span class='ocr_line' id='line_1_1' title="bbox 160 224 2319 301; baseline -0.006 -1"><span class='ocrx_word' id='word_1_1' title='bbox 160 242 237 301; x_wconf 73' lang='grc'><strong>165</strong></span> <span class='ocrx_word' id='word_1_2' title='bbox 1061 232 1393 294; x_wconf 77' lang='lat' dir='ltr'><strong>EPISTOLA</strong></span> <span class='ocrx_word' id='word_1_3' title='bbox 1432 230 1572 291; x_wconf 80' lang='lat' dir='ltr'><strong>XIII.</strong></span> <span class='ocrx_word' id='word_1_4' title='bbox 1614 224 2078 288; x_wconf 84' lang='lat' dir='ltr'><strong>VlRGlNlTATlS</strong></span> <span class='ocrx_word' id='word_1_5' title='bbox 2116 226 2319 289; x_wconf 83' lang='lat' dir='ltr'><strong>LAUS.</strong></span> 
     </span>
    </p>
   </div>
   <div class='ocr_carea' id='block_1_2' title="bbox 3232 233 3335 293">
    <p class='ocr_par' dir='ltr' id='par_1_2' title="bbox 3232 233 3335 293">
     <span class='ocr_line' id='line_1_2' title="bbox 3232 233 3335 293; baseline 0.01 -1"><span class='ocrx_word' id='word_1_6' title='bbox 3232 233 3335 293; x_wconf 72' lang='grc'><strong>166</strong></span> 
     </span>
    </p>
   </div>
   <div class='ocr_carea' id='block_1_3' title="bbox 155 344 3336 431">
    <p class='ocr_par' dir='ltr' id='par_1_3' title="bbox 155 344 3336 431">
     <span class='ocr_line' id='line_1_3' title="bbox 155 344 3336 431; baseline 0.001 -20"><span class='ocrx_word' id='word_1_7' title='bbox 155 358 359 431; x_wconf 72' lang='lat' dir='ltr'><strong>gnabunt.</strong></span> <span class='ocrx_word' id='word_1_8' title='bbox 410 351 542 409; x_wconf 82' lang='lat' dir='ltr'><strong>Nihil</strong></span> <span class='ocrx_word' id='word_1_9' title='bbox 597 348 733 406; x_wconf 87' lang='lat' dir='ltr'><strong>enim</strong></span> <span class='ocrx_word' id='word_1_10' title='bbox 766 349 1049 421; x_wconf 77' lang='lat' dir='ltr'><strong>virginitas</strong></span> <span class='ocrx_word' id='word_1_11' title='bbox 1078 355 1193 409; x_wconf 88' lang='lat' dir='ltr'><strong>sola</strong></span> <span class='ocrx_word' id='word_1_12' title='bbox 1228 353 1494 425; x_wconf 80' lang='lat' dir='ltr'><strong>proficiet,</strong></span> <span class='ocrx_word' id='word_1_13' title='bbox 1530 367 1649 423; x_wconf 70' lang='lat' dir='ltr'><strong>qum</strong></span> <span class='ocrx_word' id='word_1_14' title='bbox 1678 353 1726 411; x_wconf 84' lang='lat' dir='ltr'><strong>A</strong></span> <span class='ocrx_word' id='word_1_15' title='bbox 1758 350 2022 406; x_wconf 76' lang='lat' dir='ltr'><strong>facundia:</strong></span> <span class='ocrx_word' id='word_1_16' title='bbox 2068 352 2411 409; x_wconf 86' lang='lat' dir='ltr'><strong>sermonibus</strong></span> <span class='ocrx_word' id='word_1_17' title='bbox 2434 367 2775 427; x_wconf 90' lang='lat' dir='ltr'><strong>nequaquam</strong></span> <span class='ocrx_word' id='word_1_18' title='bbox 2806 356 3006 415; x_wconf 79' lang='lat' dir='ltr'><strong>debeat</strong></span> <span class='ocrx_word' id='word_1_19' title='bbox 3028 344 3336 430; x_wconf 83' lang='lat' dir='ltr'><strong>obscurari,</strong></span> 
     </span>
    </p>
   </div>
   <div class='ocr_carea' id='block_1_4' title="bbox 156 444 1650 516">
    <p class='ocr_par' dir='ltr' id='par_1_4' title="bbox 156 444 1650 516">
     <span class='ocr_line' id='line_1_4' title="bbox 156 444 1650 516; baseline -0.006 -9"><span class='ocrx_word' id='word_1_20' title='bbox 156 448 343 507; x_wconf 64' lang='lat' dir='ltr'><strong>celestis</strong></span> <span class='ocrx_word' id='word_1_21' title='bbox 369 444 507 516; x_wconf 82' lang='lat' dir='ltr'><strong>regni</strong></span> <span class='ocrx_word' id='word_1_22' title='bbox 524 444 740 515; x_wconf 87' lang='lat' dir='ltr'><strong>gloriam</strong></span> <span class='ocrx_word' id='word_1_23' title='bbox 768 454 975 515; x_wconf 77' lang='lat' dir='ltr'><strong>sperat,</strong></span> <span class='ocrx_word' id='word_1_24' title='bbox 999 445 1103 502; x_wconf 86' lang='lat' dir='ltr'><strong>nisi</strong></span> <span class='ocrx_word' id='word_1_25' title='bbox 1133 456 1188 503; x_wconf 88' lang='lat' dir='ltr'><strong>et</strong></span> <span class='ocrx_word' id='word_1_26' title='bbox 1210 446 1355 502; x_wconf 84' lang='lat' dir='ltr'><strong>aliud</strong></span> <span class='ocrx_word' id='word_1_27' title='bbox 1381 446 1650 508; x_wconf 87' lang='lat' dir='ltr'><strong>habuerit,</strong></span> 
     </span>
    </p>
   </div>
   <div class='ocr_carea' id='block_1_5' title="bbox 153 537 1651 608">
    <p class='ocr_par' dir='ltr' id='par_1_5' title="bbox 153 537 1651 608">
     <span class='ocr_line' id='line_1_5' title="bbox 153 537 1651 608; baseline -0.002 -12"><span class='ocrx_word' id='word_1_28' title='bbox 153 541 214 596; x_wconf 83' lang='lat' dir='ltr'><strong>cui</strong></span> <span class='ocrx_word' id='word_1_29' title='bbox 257 537 564 608; x_wconf 71' lang='lat' dir='ltr'><strong>promittatur</strong></span> <span class='ocrx_word' id='word_1_30' title='bbox 600 546 855 606; x_wconf 88' lang='lat' dir='ltr'><strong>perpetua</strong></span> <span class='ocrx_word' id='word_1_31' title='bbox 887 538 1017 605; x_wconf 87' lang='lat' dir='ltr'><strong>vita,</strong></span> <span class='ocrx_word' id='word_1_32' title='bbox 1057 554 1152 606; x_wconf 86' lang='lat' dir='ltr'><strong>per</strong></span> <span class='ocrx_word' id='word_1_33' title='bbox 1196 555 1357 608; x_wconf 89' lang='lat' dir='ltr'><strong>quam</strong></span> <span class='ocrx_word' id='word_1_34' title='bbox 1408 538 1651 595; x_wconf 68' lang='lat' dir='ltr'><strong>caelestis</strong></span> 
     </span>
    </p>
   </div>
   <div class='ocr_carea' id='block_1_6' title="bbox 152 627 1654 702">
    <p class='ocr_par' dir='ltr' id='par_1_6' title="bbox 152 627 1654 702">
     <span class='ocr_line' id='line_1_6' title="bbox 152 627 1654 702; baseline -0.003 -13"><span class='ocrx_word' id='word_1_35' title='bbox 152 634 259 702; x_wconf 69' lang='lat' dir='ltr'><strong>regni</strong></span> <span class='ocrx_word' id='word_1_36' title='bbox 287 629 538 700; x_wconf 65' lang='lat' dir='ltr'><strong>praemium</strong></span> <span class='ocrx_word' id='word_1_37' title='bbox 590 627 909 699; x_wconf 73' lang='lat' dir='ltr'><strong>possidetur.</strong></span> <span class='ocrx_word' id='word_1_38' title='bbox 943 629 1086 685; x_wconf 80' lang='lat' dir='ltr'><strong>Ante</strong></span> <span class='ocrx_word' id='word_1_39' title='bbox 1121 646 1252 701; x_wconf 88' lang='lat' dir='ltr'><strong>ergo</strong></span> <span class='ocrx_word' id='word_1_40' title='bbox 1286 632 1467 687; x_wconf 82' lang='lat' dir='ltr'><strong>omnia</strong></span> <span class='ocrx_word' id='word_1_41' title='bbox 1500 629 1654 698; x_wconf 83' lang='lat' dir='ltr'><strong>pudi-</strong></span> 
     </span>
    </p>
   </div>
   <div class='ocr_carea' id='block_1_7' title="bbox 152 723 1653 797">
    <p class='ocr_par' dir='ltr' id='par_1_7' title="bbox 152 723 1653 797">
     <span class='ocr_line' id='line_1_7' title="bbox 152 723 1653 797; baseline -0.003 -14"><span class='ocrx_word' id='word_1_42' title='bbox 152 728 284 784; x_wconf 84' lang='lat' dir='ltr'><strong>citiam</strong></span> <span class='ocrx_word' id='word_1_43' title='bbox 306 723 753 795; x_wconf 71' lang='lat' dir='ltr'><strong>integritatemque</strong></span> <span class='ocrx_word' id='word_1_44' title='bbox 792 725 1165 793; x_wconf 78' lang='lat' dir='ltr'><strong>servantibus,</strong></span> <span class='ocrx_word' id='word_1_45' title='bbox 1203 736 1259 782; x_wconf 90' lang='lat' dir='ltr'><strong>et</strong></span> <span class='ocrx_word' id='word_1_46' title='bbox 1302 726 1419 797; x_wconf 86' lang='lat' dir='ltr'><strong>ejus</strong></span> <span class='ocrx_word' id='word_1_47' title='bbox 1473 741 1653 781; x_wconf 89' lang='lat' dir='ltr'><strong>remu-</strong></span> 
     </span>
    </p>
   </div>
   <div class='ocr_carea' id='block_1_8' title="bbox 152 814 1648 888">
    <p class='ocr_par' dir='ltr' id='par_1_8' title="bbox 152 814 1648 888">
     <span class='ocr_line' id='line_1_8' title="bbox 152 814 1648 888; baseline -0.002 -14"><span class='ocrx_word' id='word_1_48' title='bbox 152 819 411 874; x_wconf 80' lang='lat' dir='ltr'><strong>nerationem</strong></span> <span class='ocrx_word' id='word_1_49' title='bbox 433 832 461 871; x_wconf 87' lang='lat' dir='ltr'><strong>a</strong></span> <span class='ocrx_word' id='word_1_50' title='bbox 487 814 576 872; x_wconf 89' lang='lat' dir='ltr'><strong>Dei</strong></span> <span class='ocrx_word' id='word_1_51' title='bbox 595 815 850 888; x_wconf 66' lang='lat' dir='ltr'><strong>aequitate</strong></span> <span class='ocrx_word' id='word_1_52' title='bbox 870 817 1241 888; x_wconf 84' lang='lat' dir='ltr'><strong>sperantibus,</strong></span> <span class='ocrx_word' id='word_1_53' title='bbox 1272 817 1648 873; x_wconf 83' lang='lat' dir='ltr'><strong>mandatorum</strong></span> 
     </span>
    </p>
   </div>
   <div class='ocr_carea' id='block_1_9' title="bbox 152 909 1653 981">
    <p class='ocr_par' dir='ltr' id='par_1_9' title="bbox 152 909 1653 981">
     <span class='ocr_line' id='line_1_9' title="bbox 152 909 1653 981; baseline -0.001 -15"><span class='ocrx_word' id='word_1_54' title='bbox 152 923 237 967; x_wconf 75' lang='lat' dir='ltr'><strong>sunt</strong></span> <span class='ocrx_word' id='word_1_55' title='bbox 266 909 588 966; x_wconf 89' lang='lat' dir='ltr'><strong>custodienda</strong></span> <span class='ocrx_word' id='word_1_56' title='bbox 627 921 921 981; x_wconf 71' lang='lat' dir='ltr'><strong>praecepta,</strong></span> <span class='ocrx_word' id='word_1_57' title='bbox 979 926 1049 966; x_wconf 90' lang='lat' dir='ltr'><strong>ne</strong></span> <span class='ocrx_word' id='word_1_58' title='bbox 1099 910 1355 980; x_wconf 71' lang='lat' dir='ltr'><strong>gloriosa:</strong></span> <span class='ocrx_word' id='word_1_59' title='bbox 1381 910 1653 965; x_wconf 87' lang='lat' dir='ltr'><strong>castitatis</strong></span> 
     </span>
    </p>
   </div>
   <div class='ocr_carea' id='block_1_10' title="bbox 152 1001 1651 1073">
    <p class='ocr_par' dir='ltr' id='par_1_10' title="bbox 152 1001 1651 1073">
     <span class='ocr_line' id='line_1_10' title="bbox 152 1001 1651 1073; baseline -0.002 -13"><span class='ocrx_word' id='word_1_60' title='bbox 152 1016 186 1060; x_wconf 84' lang='lat' dir='ltr'><strong>et</strong></span> <span class='ocrx_word' id='word_1_61' title='bbox 214 1001 511 1058; x_wconf 65' lang='lat' dir='ltr'><strong>continentiae</strong></span> <span class='ocrx_word' id='word_1_62' title='bbox 562 1001 717 1058; x_wconf 89' lang='lat' dir='ltr'><strong>labor</strong></span> <span class='ocrx_word' id='word_1_63' title='bbox 764 1001 816 1057; x_wconf 91' lang='lat' dir='ltr'><strong>in</strong></span> <span class='ocrx_word' id='word_1_64' title='bbox 869 1001 1082 1058; x_wconf 91' lang='lat' dir='ltr'><strong>irritum</strong></span> <span class='ocrx_word' id='word_1_65' title='bbox 1111 1004 1429 1059; x_wconf 78' lang='lat' dir='ltr'><strong>deducatur.</strong></span> <span class='ocrx_word' id='word_1_66' title='bbox 1475 1002 1651 1073; x_wconf 88' lang='lat' dir='ltr'><strong>Supra</strong></span> 
     </span>
    </p>
   </div>
   <div class='ocr_carea' id='block_1_11' title="bbox 153 1094 1650 1166">
    <p class='ocr_par' dir='ltr' id='par_1_11' title="bbox 153 1094 1650 1166">
     <span class='ocr_line' id='line_1_11' title="bbox 153 1094 1650 1166; baseline -0.001 -15"><span class='ocrx_word' id='word_1_67' title='bbox 153 1096 383 1151; x_wconf 78' lang='lat' dir='ltr'><strong>mandatum</strong></span> <span class='ocrx_word' id='word_1_68' title='bbox 402 1094 478 1149; x_wconf 89' lang='lat' dir='ltr'><strong>vel</strong></span> <span class='ocrx_word' id='word_1_69' title='bbox 505 1104 835 1163; x_wconf 66' lang='lat' dir='ltr'><strong>praeceptum</strong></span> <span class='ocrx_word' id='word_1_70' title='bbox 866 1108 988 1149; x_wconf 90' lang='lat' dir='ltr'><strong>esse</strong></span> <span class='ocrx_word' id='word_1_71' title='bbox 1014 1094 1400 1166; x_wconf 80' lang='lat' dir='ltr'><strong>virginitatem,</strong></span> <span class='ocrx_word' id='word_1_72' title='bbox 1434 1094 1650 1164; x_wconf 85' lang='lat' dir='ltr'><strong>sapiens</strong></span> 
     </span>
    </p>
   </div>
   <div class='ocr_carea' id='block_1_12' title="bbox 151 1187 1650 1262">
    <p class='ocr_par' dir='ltr' id='par_1_12' title="bbox 151 1187 1650 1262">
     <span class='ocr_line' id='line_1_12' title="bbox 151 1187 1650 1262; baseline -0.002 -15"><span class='ocrx_word' id='word_1_73' title='bbox 151 1209 197 1248; x_wconf 78' lang='lat' dir='ltr'><strong>ex</strong></span> <span class='ocrx_word' id='word_1_74' title='bbox 215 1192 303 1262; x_wconf 83' lang='lat' dir='ltr'><strong>lege</strong></span> <span class='ocrx_word' id='word_1_75' title='bbox 318 1189 483 1245; x_wconf 85' lang='lat' dir='ltr'><strong>nullos</strong></span> <span class='ocrx_word' id='word_1_76' title='bbox 504 1191 742 1259; x_wconf 86' lang='lat' dir='ltr'><strong>ignorat,</strong></span> <span class='ocrx_word' id='word_1_77' title='bbox 789 1187 1055 1260; x_wconf 82' lang='lat' dir='ltr'><strong>Apostolo</strong></span> <span class='ocrx_word' id='word_1_78' title='bbox 1098 1190 1353 1246; x_wconf 86' lang='lat' dir='ltr'><strong>dicente:</strong></span> <span class='ocrx_word' id='word_1_79' title='bbox 1385 1187 1466 1243; x_wconf 86' lang='lat' dir='ltr'><strong>De</strong></span> <span class='ocrx_word' id='word_1_80' title='bbox 1491 1190 1650 1261; x_wconf 82' lang='lat' dir='ltr'><strong>virgi-</strong></span> 
     </span>
    </p>
   </div>
   <div class='ocr_carea' id='block_1_13' title="bbox 149 1282 1649 1356">
    <p class='ocr_par' dir='ltr' id='par_1_13' title="bbox 149 1282 1649 1356">
     <span class='ocr_line' id='line_1_13' title="bbox 149 1282 1649 1356; baseline -0.001 -17"><span class='ocrx_word' id='word_1_81' title='bbox 149 1286 251 1339; x_wconf 74' lang='lat' dir='ltr'><strong>aibas</strong></span> <span class='ocrx_word' id='word_1_82' title='bbox 273 1295 409 1339; x_wconf 75' lang='lat' dir='ltr'><strong>autem</strong></span> <span class='ocrx_word' id='word_1_83' title='bbox 434 1293 746 1356; x_wconf 65' lang='lat' dir='ltr'><strong>praeceptum</strong></span> <span class='ocrx_word' id='word_1_84' title='bbox 772 1284 986 1339; x_wconf 81' lang='lat' dir='ltr'><strong>flamini</strong></span> <span class='ocrx_word' id='word_1_85' title='bbox 1011 1301 1112 1339; x_wconf 88' lang='lat' dir='ltr'><strong>non</strong></span> <span class='ocrx_word' id='word_1_86' title='bbox 1138 1282 1319 1351; x_wconf 82' lang='lat' dir='ltr'><strong>habeo,</strong></span> <span class='ocrx_word' id='word_1_87' title='bbox 1377 1284 1649 1337; x_wconf 82' lang='lat' dir='ltr'><strong>consilium</strong></span> 
     </span>
    </p>
   </div>
   <div class='ocr_carea' id='block_1_14' title="bbox 149 1376 1649 1448">
    <p class='ocr_par' dir='ltr' id='par_1_14' title="bbox 149 1376 1649 1448">
     <span class='ocr_line' id='line_1_14' title="bbox 149 1376 1649 1448; baseline -0.001 -16"><span class='ocrx_word' id='word_1_88' title='bbox 149 1390 272 1433; x_wconf 72' lang='lat' dir='ltr'><strong>altera</strong></span> <span class='ocrx_word' id='word_1_89' title='bbox 292 1380 341 1431; x_wconf 79' lang='lat' dir='ltr'><strong>do</strong></span> <span class='ocrx_word' id='word_1_90' title='bbox 361 1376 377 1447; x_wconf 95' lang='lat'><strong>(</strong></span> <span class='ocrx_word' id='word_1_91' title='bbox 398 1376 416 1431; x_wconf 86' lang='grc' dir='ltr'><strong>Ι</strong></span> <span class='ocrx_word' id='word_1_92' title='bbox 437 1376 556 1432; x_wconf 78' lang='lat' dir='ltr'><strong>Cor.</strong></span> <span class='ocrx_word' id='word_1_93' title='bbox 592 1392 687 1443; x_wconf 83' lang='lat' dir='ltr'><strong>vn,</strong></span> <span class='ocrx_word' id='word_1_94' title='bbox 730 1376 852 1447; x_wconf 72' lang='lat'><strong>25).</strong></span> <span class='ocrx_word' id='word_1_95' title='bbox 883 1376 1023 1432; x_wconf 86' lang='lat' dir='ltr'><strong>Cum</strong></span> <span class='ocrx_word' id='word_1_96' title='bbox 1052 1393 1184 1448; x_wconf 87' lang='lat' dir='ltr'><strong>ergo</strong></span> <span class='ocrx_word' id='word_1_97' title='bbox 1209 1376 1519 1433; x_wconf 76' lang='lat' dir='ltr'><strong>obtinenda:</strong></span> <span class='ocrx_word' id='word_1_98' title='bbox 1540 1377 1649 1431; x_wconf 87' lang='lat' dir='ltr'><strong>vir-</strong></span> 
     </span>
    </p>
   </div>
   <div class='ocr_carea' id='block_1_15' title="bbox 151 1467 1647 1539">
    <p class='ocr_par' dir='ltr' id='par_1_15' title="bbox 151 1467 1647 1539">
     <span class='ocr_line' id='line_1_15' title="bbox 151 1467 1647 1539; baseline 0.001 -16"><span class='ocrx_word' id='word_1_99' title='bbox 151 1468 318 1539; x_wconf 82' lang='lat' dir='ltr'><strong>ginitatis</strong></span> <span class='ocrx_word' id='word_1_100' title='bbox 341 1468 605 1524; x_wconf 87' lang='lat' dir='ltr'><strong>consilium</strong></span> <span class='ocrx_word' id='word_1_101' title='bbox 641 1467 767 1536; x_wconf 88' lang='lat' dir='ltr'><strong>dat,</strong></span> <span class='ocrx_word' id='word_1_102' title='bbox 807 1484 912 1525; x_wconf 86' lang='lat' dir='ltr'><strong>non</strong></span> <span class='ocrx_word' id='word_1_103' title='bbox 953 1479 1280 1539; x_wconf 65' lang='lat' dir='ltr'><strong>praceptum</strong></span> <span class='ocrx_word' id='word_1_104' title='bbox 1320 1468 1528 1528; x_wconf 83' lang='lat' dir='ltr'><strong>statuit.</strong></span> <span class='ocrx_word' id='word_1_105' title='bbox 1555 1484 1647 1524; x_wconf 89' lang='lat' dir='ltr'><strong>su-</strong></span> 
     </span>
    </p>
   </div>
   <div class='ocr_carea' id='block_1_16' title="bbox 152 1560 1648 1633">
    <p class='ocr_par' dir='ltr' id='par_1_16' title="bbox 152 1560 1648 1633">
     <span class='ocr_line' id='line_1_16' title="bbox 152 1560 1648 1633; baseline -0.001 -15"><span class='ocrx_word' id='word_1_106' title='bbox 152 1579 221 1633; x_wconf 85' lang='lat' dir='ltr'><strong>pra</strong></span> <span class='ocrx_word' id='word_1_107' title='bbox 248 1563 499 1619; x_wconf 77' lang='lat' dir='ltr'><strong>mandatum</strong></span> <span class='ocrx_word' id='word_1_108' title='bbox 558 1563 645 1617; x_wconf 85' lang='lat' dir='ltr'><strong>vel</strong></span> <span class='ocrx_word' id='word_1_109' title='bbox 696 1571 1028 1633; x_wconf 64' lang='lat' dir='ltr'><strong>praeceptum</strong></span> <span class='ocrx_word' id='word_1_110' title='bbox 1060 1578 1178 1618; x_wconf 87' lang='lat' dir='ltr'><strong>eam</strong></span> <span class='ocrx_word' id='word_1_111' title='bbox 1210 1577 1333 1618; x_wconf 90' lang='lat' dir='ltr'><strong>esse</strong></span> <span class='ocrx_word' id='word_1_112' title='bbox 1365 1560 1648 1632; x_wconf 88' lang='lat' dir='ltr'><strong>professus</strong></span> 
     </span>
    </p>
   </div>
   <div class='ocr_carea' id='block_1_17' title="bbox 149 1655 1648 1726">
    <p class='ocr_par' dir='ltr' id='par_1_17' title="bbox 149 1655 1648 1726">
     <span class='ocr_line' id='line_1_17' title="bbox 149 1655 1648 1726; baseline -0.001 -17"><span class='ocrx_word' id='word_1_113' title='bbox 149 1666 218 1709; x_wconf 84' lang='lat' dir='ltr'><strong>est.</strong></span> <span class='ocrx_word' id='word_1_114' title='bbox 241 1655 528 1724; x_wconf 86' lang='lat' dir='ltr'><strong>Quicumque</strong></span> <span class='ocrx_word' id='word_1_115' title='bbox 584 1669 718 1725; x_wconf 88' lang='lat' dir='ltr'><strong>ergo</strong></span> <span class='ocrx_word' id='word_1_116' title='bbox 764 1655 1139 1726; x_wconf 76' lang='lat' dir='ltr'><strong>virginitatem</strong></span> <span class='ocrx_word' id='word_1_117' title='bbox 1186 1664 1426 1720; x_wconf 87' lang='lat' dir='ltr'><strong>servant,</strong></span> <span class='ocrx_word' id='word_1_118' title='bbox 1476 1655 1648 1726; x_wconf 85' lang='lat' dir='ltr'><strong>magis</strong></span> 
     </span>
    </p>
   </div>
   <div class='ocr_carea' id='block_1_18' title="bbox 1752 445 3338 524">
    <p class='ocr_par' dir='ltr' id='par_1_18' title="bbox 1752 445 3338 524">
     <span class='ocr_line' id='line_1_18' title="bbox 1752 445 3338 524; baseline 0.006 -25"><span class='ocrx_word' id='word_1_119' title='bbox 1752 445 1849 500; x_wconf 85' lang='lat' dir='ltr'><strong>sed</strong></span> <span class='ocrx_word' id='word_1_120' title='bbox 1878 446 2302 516; x_wconf 82' lang='lat' dir='ltr'><strong>simplicioribus</strong></span> <span class='ocrx_word' id='word_1_121' title='bbox 2332 450 2659 519; x_wconf 72' lang='lat' dir='ltr'><strong>eloquentia:</strong></span> <span class='ocrx_word' id='word_1_122' title='bbox 2714 452 3120 509; x_wconf 88' lang='lat' dir='ltr'><strong>narrationibus</strong></span> <span class='ocrx_word' id='word_1_123' title='bbox 3151 454 3338 524; x_wconf 90' lang='lat' dir='ltr'><strong>pandi.</strong></span> 
     </span>
    </p>
   </div>
   <div class='ocr_carea' id='block_1_19' title="bbox 1755 535 3341 616">
    <p class='ocr_par' dir='ltr' id='par_1_19' title="bbox 1755 535 3341 616">
     <span class='ocr_line' id='line_1_19' title="bbox 1755 535 3341 616; baseline 0.008 -25"><span class='ocrx_word' id='word_1_124' title='bbox 1755 535 2020 593; x_wconf 90' lang='lat' dir='ltr'><strong>Omnibus</strong></span> <span class='ocrx_word' id='word_1_125' title='bbox 2051 539 2196 595; x_wconf 89' lang='lat' dir='ltr'><strong>enim</strong></span> <span class='ocrx_word' id='word_1_126' title='bbox 2226 540 2281 594; x_wconf 92' lang='lat' dir='ltr'><strong>in</strong></span> <span class='ocrx_word' id='word_1_127' title='bbox 2330 555 2616 599; x_wconf 89' lang='lat' dir='ltr'><strong>commune</strong></span> <span class='ocrx_word' id='word_1_128' title='bbox 2672 546 3004 616; x_wconf 87' lang='lat' dir='ltr'><strong>necessaria,</strong></span> <span class='ocrx_word' id='word_1_129' title='bbox 3064 547 3341 604; x_wconf 89' lang='lat' dir='ltr'><strong>communi</strong></span> 
     </span>
    </p>
   </div>
   <div class='ocr_carea' id='block_1_20' title="bbox 1754 630 2658 693">
    <p class='ocr_par' dir='ltr' id='par_1_20' title="bbox 1754 630 2658 693">
     <span class='ocr_line' id='line_1_20' title="bbox 1754 630 2658 693; baseline 0.007 -6"><span class='ocrx_word' id='word_1_130' title='bbox 1754 630 1960 687; x_wconf 89' lang='lat' dir='ltr'><strong>debent</strong></span> <span class='ocrx_word' id='word_1_131' title='bbox 1991 648 2246 691; x_wconf 82' lang='lat' dir='ltr'><strong>sermone</strong></span> <span class='ocrx_word' id='word_1_132' title='bbox 2272 634 2658 693; x_wconf 84' lang='lat' dir='ltr'><strong>demonstrari.</strong></span> 
     </span>
    </p>
   </div>
   <div class='ocr_carea' id='block_1_21' title="bbox 1824 725 3337 809">
    <p class='ocr_par' dir='ltr' id='par_1_21' title="bbox 1824 725 3337 809">
     <span class='ocr_line' id='line_1_21' title="bbox 1824 725 3337 809; baseline 0.009 -28"><span class='ocrx_word' id='word_1_133' title='bbox 1824 725 1890 781; x_wconf 87' lang='lat' dir='ltr'><strong>V.</strong></span> <span class='ocrx_word' id='word_1_134' title='bbox 1913 727 2131 782; x_wconf 74' lang='lat' dir='ltr'><strong>Iustitia</strong></span> <span class='ocrx_word' id='word_1_135' title='bbox 2159 744 2292 801; x_wconf 90' lang='lat' dir='ltr'><strong>ergo</strong></span> <span class='ocrx_word' id='word_1_136' title='bbox 2318 745 2424 786; x_wconf 91' lang='lat' dir='ltr'><strong>non</strong></span> <span class='ocrx_word' id='word_1_137' title='bbox 2453 742 2538 788; x_wconf 91' lang='lat' dir='ltr'><strong>est</strong></span> <span class='ocrx_word' id='word_1_138' title='bbox 2564 733 2738 802; x_wconf 85' lang='lat' dir='ltr'><strong>aliud,</strong></span> <span class='ocrx_word' id='word_1_139' title='bbox 2763 750 2926 807; x_wconf 90' lang='lat' dir='ltr'><strong>quam</strong></span> <span class='ocrx_word' id='word_1_140' title='bbox 2954 751 3062 793; x_wconf 88' lang='lat' dir='ltr'><strong>non</strong></span> <span class='ocrx_word' id='word_1_141' title='bbox 3085 751 3337 809; x_wconf 88' lang='lat' dir='ltr'><strong>peccare.</strong></span> 
     </span>
    </p>
   </div>
   <div class='ocr_carea' id='block_1_22' title="bbox 1750 814 3341 896">
    <p class='ocr_par' dir='ltr' id='par_1_22' title="bbox 1750 814 3341 896">
     <span class='ocr_line' id='line_1_22' title="bbox 1750 814 3341 896; baseline 0.011 -25"><span class='ocrx_word' id='word_1_142' title='bbox 1750 814 1867 872; x_wconf 83' lang='lat' dir='ltr'><strong>Non</strong></span> <span class='ocrx_word' id='word_1_143' title='bbox 1907 833 2138 890; x_wconf 84' lang='lat' dir='ltr'><strong>peccare</strong></span> <span class='ocrx_word' id='word_1_144' title='bbox 2168 830 2347 877; x_wconf 92' lang='lat' dir='ltr'><strong>autem</strong></span> <span class='ocrx_word' id='word_1_145' title='bbox 2401 823 2542 895; x_wconf 91' lang='lat' dir='ltr'><strong>legis</strong></span> <span class='ocrx_word' id='word_1_146' title='bbox 2574 836 2836 896; x_wconf 68' lang='lat' dir='ltr'><strong>praecepta</strong></span> <span class='ocrx_word' id='word_1_147' title='bbox 2886 842 3128 887; x_wconf 90' lang='lat' dir='ltr'><strong>servare.</strong></span> <span class='ocrx_word' id='word_1_148' title='bbox 3191 830 3341 888; x_wconf 72' lang='lat' dir='ltr'><strong>Prte-</strong></span> 
     </span>
    </p>
   </div>
   <div class='ocr_carea' id='block_1_23' title="bbox 1751 915 3343 993">
    <p class='ocr_par' dir='ltr' id='par_1_23' title="bbox 1751 915 3343 993">
     <span class='ocr_line' id='line_1_23' title="bbox 1751 915 3343 993; baseline 0.011 -31"><span class='ocrx_word' id='word_1_149' title='bbox 1751 918 2031 979; x_wconf 88' lang='lat' dir='ltr'><strong>ceptorum</strong></span> <span class='ocrx_word' id='word_1_150' title='bbox 2079 929 2207 970; x_wconf 90' lang='lat' dir='ltr'><strong>vero</strong></span> <span class='ocrx_word' id='word_1_151' title='bbox 2256 915 2566 972; x_wconf 86' lang='lat' dir='ltr'><strong>observatio</strong></span> <span class='ocrx_word' id='word_1_152' title='bbox 2596 918 2795 989; x_wconf 89' lang='lat' dir='ltr'><strong>duplici</strong></span> <span class='ocrx_word' id='word_1_153' title='bbox 2824 921 2876 975; x_wconf 90' lang='lat' dir='ltr'><strong>in</strong></span> <span class='ocrx_word' id='word_1_154' title='bbox 2920 938 3118 993; x_wconf 87' lang='lat' dir='ltr'><strong>genere</strong></span> <span class='ocrx_word' id='word_1_155' title='bbox 3157 934 3343 980; x_wconf 89' lang='lat' dir='ltr'><strong>custo-</strong></span> 
     </span>
    </p>
   </div>
   <div class='ocr_carea' id='block_1_24' title="bbox 1750 1002 3340 1084">
    <p class='ocr_par' dir='ltr' id='par_1_24' title="bbox 1750 1002 3340 1084">
     <span class='ocr_line' id='line_1_24' title="bbox 1750 1002 3340 1084; baseline 0.011 -28"><span class='ocrx_word' id='word_1_156' title='bbox 1750 1002 1898 1057; x_wconf 88' lang='lat' dir='ltr'><strong>ditur</strong></span> <span class='ocrx_word' id='word_1_157' title='bbox 1940 1023 1950 1057; x_wconf 92' lang='lat'><strong>:</strong></span> <span class='ocrx_word' id='word_1_158' title='bbox 1986 1014 2042 1060; x_wconf 90' lang='lat' dir='ltr'><strong>ut</strong></span> <span class='ocrx_word' id='word_1_159' title='bbox 2088 1005 2221 1061; x_wconf 91' lang='lat' dir='ltr'><strong>nihil</strong></span> <span class='ocrx_word' id='word_1_160' title='bbox 2258 1023 2444 1063; x_wconf 90' lang='lat' dir='ltr'><strong>eorum</strong></span> <span class='ocrx_word' id='word_1_161' title='bbox 2501 1025 2623 1080; x_wconf 72' lang='lat' dir='ltr'><strong>qua:</strong></span> <span class='ocrx_word' id='word_1_162' title='bbox 2679 1011 3033 1081; x_wconf 87' lang='lat' dir='ltr'><strong>prohibentur</strong></span> <span class='ocrx_word' id='word_1_163' title='bbox 3063 1015 3248 1084; x_wconf 82' lang='lat' dir='ltr'><strong>facias,</strong></span> <span class='ocrx_word' id='word_1_164' title='bbox 3285 1026 3340 1073; x_wconf 84' lang='lat' dir='ltr'><strong>et</strong></span> 
     </span>
    </p>
   </div>
   <div class='ocr_carea' id='block_1_25' title="bbox 1752 1097 3345 1170">
    <p class='ocr_par' dir='ltr' id='par_1_25' title="bbox 1752 1097 3345 1170">
     <span class='ocr_line' id='line_1_25' title="bbox 1752 1097 3345 1170; baseline 0.009 -20"><span class='ocrx_word' id='word_1_165' title='bbox 1752 1106 1950 1150; x_wconf 88' lang='lat' dir='ltr'><strong>cuncta</strong></span> <span class='ocrx_word' id='word_1_166' title='bbox 1982 1112 2103 1167; x_wconf 66' lang='lat' dir='ltr'><strong>qua:</strong></span> <span class='ocrx_word' id='word_1_167' title='bbox 2131 1097 2396 1167; x_wconf 84' lang='lat' dir='ltr'><strong>jubentur</strong></span> <span class='ocrx_word' id='word_1_168' title='bbox 2438 1101 2665 1170; x_wconf 90' lang='lat' dir='ltr'><strong>implere</strong></span> <span class='ocrx_word' id='word_1_169' title='bbox 2714 1104 3034 1162; x_wconf 85' lang='lat' dir='ltr'><strong>contendas.</strong></span> <span class='ocrx_word' id='word_1_170' title='bbox 3099 1107 3213 1164; x_wconf 84' lang='lat' dir='ltr'><strong>Hoc</strong></span> <span class='ocrx_word' id='word_1_171' title='bbox 3258 1117 3345 1164; x_wconf 89' lang='lat' dir='ltr'><strong>est</strong></span> 
     </span>
    </p>
   </div>
   <div class='ocr_carea' id='block_1_26' title="bbox 1751 1186 3335 1264">
    <p class='ocr_par' dir='ltr' id='par_1_26' title="bbox 1751 1186 3335 1264">
     <span class='ocr_line' id='line_1_26' title="bbox 1751 1186 3335 1264; baseline 0.01 -26"><span class='ocrx_word' id='word_1_172' title='bbox 1751 1186 1898 1255; x_wconf 91' lang='lat' dir='ltr'><strong>quod</strong></span> <span class='ocrx_word' id='word_1_173' title='bbox 1930 1186 2062 1241; x_wconf 85' lang='lat' dir='ltr'><strong>dicit</strong></span> <span class='ocrx_word' id='word_1_174' title='bbox 2089 1205 2104 1242; x_wconf 92' lang='lat'><strong>:</strong></span> <span class='ocrx_word' id='word_1_175' title='bbox 2137 1187 2339 1243; x_wconf 79' lang='lat' dir='ltr'><strong>Recede</strong></span> <span class='ocrx_word' id='word_1_176' title='bbox 2366 1208 2398 1245; x_wconf 92' lang='lat' dir='ltr'><strong>a</strong></span> <span class='ocrx_word' id='word_1_177' title='bbox 2427 1190 2585 1256; x_wconf 89' lang='lat' dir='ltr'><strong>malo,</strong></span> <span class='ocrx_word' id='word_1_178' title='bbox 2629 1202 2677 1245; x_wconf 84' lang='lat' dir='ltr'><strong>et</strong></span> <span class='ocrx_word' id='word_1_179' title='bbox 2698 1194 2783 1264; x_wconf 73' lang='lat' dir='ltr'><strong>[ac</strong></span> <span class='ocrx_word' id='word_1_180' title='bbox 2811 1200 3017 1251; x_wconf 83' lang='lat' dir='ltr'><strong>bonum.</strong></span> <span class='ocrx_word' id='word_1_181' title='bbox 3044 1196 3157 1254; x_wconf 85' lang='lat' dir='ltr'><strong>Non</strong></span> <span class='ocrx_word' id='word_1_182' title='bbox 3189 1200 3335 1254; x_wconf 92' lang='lat' dir='ltr'><strong>enim</strong></span> 
     </span>
    </p>
   </div>
   <div class='ocr_carea' id='block_1_27' title="bbox 1754 1276 3337 1353">
    <p class='ocr_par' dir='ltr' id='par_1_27' title="bbox 1754 1276 3337 1353">
     <span class='ocr_line' id='line_1_27' title="bbox 1754 1276 3337 1353; baseline 0.011 -22"><span class='ocrx_word' id='word_1_183' title='bbox 1754 1277 1807 1331; x_wconf 92' lang='lat' dir='ltr'><strong>in</strong></span> <span class='ocrx_word' id='word_1_184' title='bbox 1836 1276 1939 1333; x_wconf 92' lang='lat' dir='ltr'><strong>hoc</strong></span> <span class='ocrx_word' id='word_1_185' title='bbox 1969 1291 2125 1348; x_wconf 89' lang='lat' dir='ltr'><strong>putes</strong></span> <span class='ocrx_word' id='word_1_186' title='bbox 2157 1291 2407 1338; x_wconf 79' lang='lat' dir='ltr'><strong>constare</strong></span> <span class='ocrx_word' id='word_1_187' title='bbox 2439 1283 2726 1353; x_wconf 88' lang='lat' dir='ltr'><strong>justitiam,</strong></span> <span class='ocrx_word' id='word_1_188' title='bbox 2761 1294 2819 1341; x_wconf 92' lang='lat' dir='ltr'><strong>ut</strong></span> <span class='ocrx_word' id='word_1_189' title='bbox 2856 1289 3054 1343; x_wconf 89' lang='lat' dir='ltr'><strong>malum</strong></span> <span class='ocrx_word' id='word_1_190' title='bbox 3106 1306 3213 1347; x_wconf 92' lang='lat' dir='ltr'><strong>non</strong></span> <span class='ocrx_word' id='word_1_191' title='bbox 3256 1293 3337 1347; x_wconf 90' lang='lat' dir='ltr'><strong>fa-</strong></span> 
     </span>
    </p>
   </div>
   <div class='ocr_carea' id='block_1_28' title="bbox 1750 1368 3336 1450">
    <p class='ocr_par' dir='ltr' id='par_1_28' title="bbox 1750 1368 3336 1450">
     <span class='ocr_line' id='line_1_28' title="bbox 1750 1368 3336 1450; baseline 0.011 -28"><span class='ocrx_word' id='word_1_192' title='bbox 1750 1368 1883 1435; x_wconf 90' lang='lat' dir='ltr'><strong>cias,</strong></span> <span class='ocrx_word' id='word_1_193' title='bbox 1919 1384 2040 1424; x_wconf 89' lang='lat' dir='ltr'><strong>cum</strong></span> <span class='ocrx_word' id='word_1_194' title='bbox 2072 1381 2129 1426; x_wconf 90' lang='lat' dir='ltr'><strong>et</strong></span> <span class='ocrx_word' id='word_1_195' title='bbox 2166 1370 2364 1427; x_wconf 91' lang='lat' dir='ltr'><strong>bonum</strong></span> <span class='ocrx_word' id='word_1_196' title='bbox 2414 1389 2518 1429; x_wconf 93' lang='lat' dir='ltr'><strong>non</strong></span> <span class='ocrx_word' id='word_1_197' title='bbox 2567 1375 2750 1432; x_wconf 89' lang='lat' dir='ltr'><strong>facere</strong></span> <span class='ocrx_word' id='word_1_198' title='bbox 2795 1380 2994 1434; x_wconf 89' lang='lat' dir='ltr'><strong>malum</strong></span> <span class='ocrx_word' id='word_1_199' title='bbox 3044 1382 3136 1450; x_wconf 93' lang='lat' dir='ltr'><strong>sit,</strong></span> <span class='ocrx_word' id='word_1_200' title='bbox 3188 1391 3244 1439; x_wconf 91' lang='lat' dir='ltr'><strong>et</strong></span> <span class='ocrx_word' id='word_1_201' title='bbox 3280 1384 3336 1440; x_wconf 86' lang='lat' dir='ltr'><strong>in</strong></span> 
     </span>
    </p>
   </div>
   <div class='ocr_carea' id='block_1_29' title="bbox 1750 1462 3336 1544">
    <p class='ocr_par' dir='ltr' id='par_1_29' title="bbox 1750 1462 3336 1544">
     <span class='ocr_line' id='line_1_29' title="bbox 1750 1462 3336 1544; baseline 0.012 -30"><span class='ocrx_word' id='word_1_202' title='bbox 1750 1469 1979 1532; x_wconf 90' lang='lat' dir='ltr'><strong>utroque</strong></span> <span class='ocrx_word' id='word_1_203' title='bbox 2020 1462 2155 1533; x_wconf 84' lang='lat' dir='ltr'><strong>legis</strong></span> <span class='ocrx_word' id='word_1_204' title='bbox 2196 1467 2563 1534; x_wconf 65' lang='lat' dir='ltr'><strong>praevaricatio</strong></span> <span class='ocrx_word' id='word_1_205' title='bbox 2614 1472 3004 1529; x_wconf 84' lang='lat' dir='ltr'><strong>committatur.</strong></span> <span class='ocrx_word' id='word_1_206' title='bbox 3069 1474 3336 1544; x_wconf 83' lang='lat' dir='ltr'><strong>Quoniam</strong></span> 
     </span>
    </p>
   </div>
   <div class='ocr_carea' id='block_1_30' title="bbox 1751 1554 3340 1639">
    <p class='ocr_par' dir='ltr' id='par_1_30' title="bbox 1751 1554 3340 1639">
     <span class='ocr_line' id='line_1_30' title="bbox 1751 1554 3340 1639; baseline 0.011 -31"><span class='ocrx_word' id='word_1_207' title='bbox 1751 1554 1841 1623; x_wconf 90' lang='lat' dir='ltr'><strong>qui</strong></span> <span class='ocrx_word' id='word_1_208' title='bbox 1871 1554 2003 1611; x_wconf 85' lang='lat' dir='ltr'><strong>dicit</strong></span> <span class='ocrx_word' id='word_1_209' title='bbox 2032 1572 2047 1611; x_wconf 88' lang='lat'><strong>:</strong></span> <span class='ocrx_word' id='word_1_210' title='bbox 2078 1556 2281 1613; x_wconf 82' lang='lat' dir='ltr'><strong>Recede</strong></span> <span class='ocrx_word' id='word_1_211' title='bbox 2308 1576 2341 1613; x_wconf 88' lang='lat' dir='ltr'><strong>a</strong></span> <span class='ocrx_word' id='word_1_212' title='bbox 2389 1559 2528 1615; x_wconf 87' lang='lat' dir='ltr'><strong>malo</strong></span> <span class='ocrx_word' id='word_1_213' title='bbox 2557 1560 2743 1631; x_wconf 82' lang='lat' dir='ltr'><strong>(Prov.</strong></span> <span class='ocrx_word' id='word_1_214' title='bbox 2773 1580 2854 1631; x_wconf 88' lang='grc' dir='ltr'>ιιι,</span> <span class='ocrx_word' id='word_1_215' title='bbox 2896 1564 2952 1637; x_wconf 84' lang='lat'><strong>7)</strong></span> <span class='ocrx_word' id='word_1_216' title='bbox 2984 1584 2998 1621; x_wconf 90' lang='lat'><strong>:</strong></span> <span class='ocrx_word' id='word_1_217' title='bbox 3026 1576 3081 1622; x_wconf 91' lang='lat' dir='ltr'><strong>et</strong></span> <span class='ocrx_word' id='word_1_218' title='bbox 3108 1567 3226 1639; x_wconf 84' lang='lat' dir='ltr'><strong>ipse</strong></span> <span class='ocrx_word' id='word_1_219' title='bbox 3253 1571 3340 1627; x_wconf 88' lang='lat' dir='ltr'><strong>di-</strong></span> 
     </span>
    </p>
   </div>
   <div class='ocr_carea' id='block_1_31' title="bbox 1751 1648 3342 1725">
    <p class='ocr_par' dir='ltr' id='par_1_31' title="bbox 1751 1648 3342 1725">
     <span class='ocr_line' id='line_1_31' title="bbox 1751 1648 3342 1725; baseline 0.012 -24"><span class='ocrx_word' id='word_1_220' title='bbox 1751 1649 1846 1715; x_wconf 87' lang='lat' dir='ltr'><strong>cit,</strong></span> <span class='ocrx_word' id='word_1_221' title='bbox 1875 1650 1958 1719; x_wconf 72' lang='grc' dir='ltr'><strong>[αι</strong></span> <span class='ocrx_word' id='word_1_222' title='bbox 1984 1648 2193 1706; x_wconf 87' lang='lat' dir='ltr'><strong>bonum.</strong></span> <span class='ocrx_word' id='word_1_223' title='bbox 2226 1652 2282 1707; x_wconf 90' lang='lat' dir='ltr'><strong>Si</strong></span> <span class='ocrx_word' id='word_1_224' title='bbox 2310 1668 2340 1708; x_wconf 87' lang='lat' dir='ltr'><strong>a</strong></span> <span class='ocrx_word' id='word_1_225' title='bbox 2372 1654 2514 1709; x_wconf 89' lang='lat' dir='ltr'><strong>malo</strong></span> <span class='ocrx_word' id='word_1_226' title='bbox 2538 1659 2851 1725; x_wconf 84' lang='lat' dir='ltr'><strong>recesseris,</strong></span> <span class='ocrx_word' id='word_1_227' title='bbox 2881 1668 2937 1715; x_wconf 89' lang='lat' dir='ltr'><strong>et</strong></span> <span class='ocrx_word' id='word_1_228' title='bbox 2986 1677 3094 1717; x_wconf 92' lang='lat' dir='ltr'><strong>non</strong></span> <span class='ocrx_word' id='word_1_229' title='bbox 3146 1662 3342 1721; x_wconf 80' lang='lat' dir='ltr'><strong>feceris</strong></span> 
     </span>
    </p>
   </div>
   <div class='ocr_carea' id='block_1_32' title="bbox 148 1739 3336 1821">
    <p class='ocr_par' dir='ltr' id='par_1_32' title="bbox 148 1739 3336 1821">
     <span class='ocr_line' id='line_1_32' title="bbox 148 1739 3336 1821; baseline 0.008 -32"><span class='ocrx_word' id='word_1_230' title='bbox 148 1746 287 1803; x_wconf 53' lang='lat' dir='ltr'><strong>(“iam</strong></span> <span class='ocrx_word' id='word_1_231' title='bbox 322 1764 461 1818; x_wconf 63' lang='lat' dir='ltr'><strong>quam</strong></span> <span class='ocrx_word' id='word_1_232' title='bbox 511 1759 849 1819; x_wconf 63' lang='grc' dir='ltr'><strong>ρπ-ωεερωηι</strong></span> <span class='ocrx_word' id='word_1_233' title='bbox 899 1750 994 1805; x_wconf 71' lang='grc' dir='ltr'><strong>εῑι,</strong></span> <span class='ocrx_word' id='word_1_234' title='bbox 1053 1750 1201 1805; x_wconf 69' lang='lat' dir='ltr'><strong>Tunc</strong></span> <span class='ocrx_word' id='word_1_235' title='bbox 1228 1752 1373 1806; x_wconf 73' lang='lat' dir='ltr'><strong>enim</strong></span> <span class='ocrx_word' id='word_1_236' title='bbox 1405 1750 1647 1820; x_wconf 53' lang='lat' dir='ltr'><strong>proderit</strong></span> <span class='ocrx_word' id='word_1_237' title='bbox 1676 1739 1724 1799; x_wconf 89' lang='lat' dir='ltr'><strong>B</strong></span> <span class='ocrx_word' id='word_1_238' title='bbox 1754 1740 1977 1810; x_wconf 89' lang='lat' dir='ltr'><strong>bonum,</strong></span> <span class='ocrx_word' id='word_1_239' title='bbox 2007 1754 2377 1814; x_wconf 86' lang='lat' dir='ltr'><strong>transgressor</strong></span> <span class='ocrx_word' id='word_1_240' title='bbox 2420 1761 2479 1801; x_wconf 92' lang='lat' dir='ltr'><strong>es</strong></span> <span class='ocrx_word' id='word_1_241' title='bbox 2506 1748 2637 1819; x_wconf 87' lang='lat' dir='ltr'><strong>legis</strong></span> <span class='ocrx_word' id='word_1_242' title='bbox 2668 1766 2681 1802; x_wconf 89' lang='lat'><strong>:</strong></span> <span class='ocrx_word' id='word_1_243' title='bbox 2712 1766 2833 1821; x_wconf 87' lang='lat' dir='ltr'><strong>quae</strong></span> <span class='ocrx_word' id='word_1_244' title='bbox 2880 1768 2988 1809; x_wconf 91' lang='lat' dir='ltr'><strong>non</strong></span> <span class='ocrx_word' id='word_1_245' title='bbox 3036 1763 3243 1812; x_wconf 91' lang='lat' dir='ltr'><strong>tantum</strong></span> <span class='ocrx_word' id='word_1_246' title='bbox 3282 1758 3336 1813; x_wconf 91' lang='lat' dir='ltr'><strong>in</strong></span> 
     </span>
    </p>
   </div>
   <div class='ocr_carea' id='block_1_33' title="bbox 149 1841 1648 1913">
    <p class='ocr_par' dir='ltr' id='par_1_33' title="bbox 149 1841 1648 1913">
     <span class='ocr_line' id='line_1_33' title="bbox 149 1841 1648 1913; baseline 0.004 -21"><span class='ocrx_word' id='word_1_247' title='bbox 149 1842 263 1911; x_wconf 79' lang='lat' dir='ltr'><strong>magis</strong></span> <span class='ocrx_word' id='word_1_248' title='bbox 292 1841 462 1897; x_wconf 87' lang='lat' dir='ltr'><strong>fecisse</strong></span> <span class='ocrx_word' id='word_1_249' title='bbox 489 1857 653 1912; x_wconf 86' lang='lat' dir='ltr'><strong>quam</strong></span> <span class='ocrx_word' id='word_1_250' title='bbox 682 1842 896 1913; x_wconf 87' lang='lat' dir='ltr'><strong>jussum</strong></span> <span class='ocrx_word' id='word_1_251' title='bbox 927 1852 1032 1907; x_wconf 88' lang='lat' dir='ltr'><strong>est,</strong></span> <span class='ocrx_word' id='word_1_252' title='bbox 1070 1844 1115 1896; x_wconf 89' lang='lat' dir='ltr'><strong>si</strong></span> <span class='ocrx_word' id='word_1_253' title='bbox 1145 1846 1289 1913; x_wconf 89' lang='lat' dir='ltr'><strong>quod</strong></span> <span class='ocrx_word' id='word_1_254' title='bbox 1328 1843 1539 1912; x_wconf 85' lang='lat' dir='ltr'><strong>jussnm</strong></span> <span class='ocrx_word' id='word_1_255' title='bbox 1565 1856 1648 1898; x_wconf 91' lang='lat' dir='ltr'><strong>est</strong></span> 
     </span>
    </p>
   </div>
   <div class='ocr_carea' id='block_1_34' title="bbox 148 1935 1646 2006">
    <p class='ocr_par' dir='ltr' id='par_1_34' title="bbox 148 1935 1646 2006">
     <span class='ocr_line' id='line_1_34' title="bbox 148 1935 1646 2006; baseline 0.003 -20"><span class='ocrx_word' id='word_1_256' title='bbox 148 1936 291 1990; x_wconf 63' lang='lat' dir='ltr'><strong>lucris.</strong></span> <span class='ocrx_word' id='word_1_257' title='bbox 329 1935 445 1990; x_wconf 72' lang='lat' dir='ltr'><strong>Nam</strong></span> <span class='ocrx_word' id='word_1_258' title='bbox 492 1936 772 2006; x_wconf 89' lang='lat' dir='ltr'><strong>quomodo</strong></span> <span class='ocrx_word' id='word_1_259' title='bbox 818 1937 941 2005; x_wconf 85' lang='lat' dir='ltr'><strong>plus</strong></span> <span class='ocrx_word' id='word_1_260' title='bbox 971 1936 1165 1991; x_wconf 82' lang='lat' dir='ltr'><strong>fecisse</strong></span> <span class='ocrx_word' id='word_1_261' title='bbox 1217 1936 1562 2006; x_wconf 87' lang='lat' dir='ltr'><strong>gloriaberis,</strong></span> <span class='ocrx_word' id='word_1_262' title='bbox 1599 1938 1646 1990; x_wconf 92' lang='lat' dir='ltr'><strong>si</strong></span> 
     </span>
    </p>
   </div>
   <div class='ocr_carea' id='block_1_35' title="bbox 146 2027 1648 2099">
    <p class='ocr_par' dir='ltr' id='par_1_35' title="bbox 146 2027 1648 2099">
     <span class='ocr_line' id='line_1_35' title="bbox 146 2027 1648 2099; baseline 0.003 -19"><span class='ocrx_word' id='word_1_263' title='bbox 146 2027 268 2081; x_wconf 75' lang='lat' dir='ltr'><strong>annos</strong></span> <span class='ocrx_word' id='word_1_264' title='bbox 301 2028 476 2097; x_wconf 85' lang='lat' dir='ltr'><strong>aliquid</strong></span> <span class='ocrx_word' id='word_1_265' title='bbox 506 2044 615 2084; x_wconf 90' lang='lat' dir='ltr'><strong>non</strong></span> <span class='ocrx_word' id='word_1_266' title='bbox 644 2028 857 2084; x_wconf 81' lang='lat' dir='ltr'><strong>facias?</strong></span> <span class='ocrx_word' id='word_1_267' title='bbox 884 2031 1118 2097; x_wconf 86' lang='lat' dir='ltr'><strong>Cupiens</strong></span> <span class='ocrx_word' id='word_1_268' title='bbox 1148 2029 1391 2085; x_wconf 91' lang='lat' dir='ltr'><strong>divinum</strong></span> <span class='ocrx_word' id='word_1_269' title='bbox 1421 2030 1648 2099; x_wconf 87' lang='lat' dir='ltr'><strong>implere</strong></span> 
     </span>
    </p>
   </div>
   <div class='ocr_carea' id='block_1_36' title="bbox 151 2119 1649 2190">
    <p class='ocr_par' dir='ltr' id='par_1_36' title="bbox 151 2119 1649 2190">
     <span class='ocr_line' id='line_1_36' title="bbox 151 2119 1649 2190; baseline 0.001 -16"><span class='ocrx_word' id='word_1_270' title='bbox 151 2119 371 2190; x_wconf 85' lang='lat' dir='ltr'><strong>consilium,</strong></span> <span class='ocrx_word' id='word_1_271' title='bbox 401 2133 519 2177; x_wconf 87' lang='lat' dir='ltr'><strong>ante</strong></span> <span class='ocrx_word' id='word_1_272' title='bbox 548 2124 736 2179; x_wconf 83' lang='lat' dir='ltr'><strong>omnia</strong></span> <span class='ocrx_word' id='word_1_273' title='bbox 763 2137 920 2179; x_wconf 89' lang='lat' dir='ltr'><strong>serva</strong></span> <span class='ocrx_word' id='word_1_274' title='bbox 944 2122 1278 2178; x_wconf 85' lang='lat' dir='ltr'><strong>mandatum.</strong></span> <span class='ocrx_word' id='word_1_275' title='bbox 1303 2122 1504 2179; x_wconf 81' lang='lat' dir='ltr'><strong>Volens</strong></span> <span class='ocrx_word' id='word_1_276' title='bbox 1538 2124 1649 2176; x_wconf 89' lang='lat' dir='ltr'><strong>vir-</strong></span> 
     </span>
    </p>
   </div>
   <div class='ocr_carea' id='block_1_37' title="bbox 148 2212 1644 2287">
    <p class='ocr_par' dir='ltr' id='par_1_37' title="bbox 148 2212 1644 2287">
     <span class='ocr_line' id='line_1_37' title="bbox 148 2212 1644 2287; baseline 0.006 -23"><span class='ocrx_word' id='word_1_277' title='bbox 148 2212 311 2279; x_wconf 74' lang='lat' dir='ltr'><strong>ginitatis</strong></span> <span class='ocrx_word' id='word_1_278' title='bbox 348 2215 623 2285; x_wconf 67' lang='lat' dir='ltr'><strong>puerulum</strong></span> <span class='ocrx_word' id='word_1_279' title='bbox 672 2218 967 2287; x_wconf 75' lang='lat' dir='ltr'><strong>consequi,</strong></span> <span class='ocrx_word' id='word_1_280' title='bbox 1004 2217 1340 2286; x_wconf 83' lang='lat' dir='ltr'><strong>amplectere</strong></span> <span class='ocrx_word' id='word_1_281' title='bbox 1389 2216 1644 2273; x_wconf 88' lang='lat' dir='ltr'><strong>meritum</strong></span> 
     </span>
    </p>
   </div>
   <div class='ocr_carea' id='block_1_38' title="bbox 147 2303 1249 2378">
    <p class='ocr_par' dir='ltr' id='par_1_38' title="bbox 147 2303 1249 2378">
     <span class='ocr_line' id='line_1_38' title="bbox 147 2303 1249 2378; baseline 0.005 -22"><span class='ocrx_word' id='word_1_282' title='bbox 147 2303 241 2367; x_wconf 68' lang='lat' dir='ltr'><strong>vita,</strong></span> <span class='ocrx_word' id='word_1_283' title='bbox 263 2314 306 2359; x_wconf 87' lang='lat' dir='ltr'><strong>at</strong></span> <span class='ocrx_word' id='word_1_284' title='bbox 327 2316 402 2360; x_wconf 85' lang='lat' dir='ltr'><strong>tua</strong></span> <span class='ocrx_word' id='word_1_285' title='bbox 443 2308 673 2363; x_wconf 80' lang='lat' dir='ltr'><strong>castitas</strong></span> <span class='ocrx_word' id='word_1_286' title='bbox 698 2309 1033 2364; x_wconf 89' lang='lat' dir='ltr'><strong>remunerari</strong></span> <span class='ocrx_word' id='word_1_287' title='bbox 1063 2310 1249 2378; x_wconf 85' lang='lat' dir='ltr'><strong>possit.</strong></span> 
     </span>
    </p>
   </div>
   <div class='ocr_carea' id='block_1_39' title="bbox 188 2396 1646 2470">
    <p class='ocr_par' dir='ltr' id='par_1_39' title="bbox 188 2396 1646 2470">
     <span class='ocr_line' id='line_1_39' title="bbox 188 2396 1646 2470; baseline 0.003 -18"><span class='ocrx_word' id='word_1_288' title='bbox 188 2396 249 2452; x_wconf 75' lang='lat' dir='ltr'><strong>iV.</strong></span> <span class='ocrx_word' id='word_1_289' title='bbox 266 2397 374 2453; x_wconf 88' lang='lat' dir='ltr'><strong>Nam</strong></span> <span class='ocrx_word' id='word_1_290' title='bbox 393 2410 446 2455; x_wconf 91' lang='lat' dir='ltr'><strong>ut</strong></span> <span class='ocrx_word' id='word_1_291' title='bbox 467 2402 644 2456; x_wconf 76' lang='lat' dir='ltr'><strong>vitam</strong></span> <span class='ocrx_word' id='word_1_292' title='bbox 669 2402 1220 2470; x_wconf 77' lang='lat' dir='ltr'><strong>przestatobservatio</strong></span> <span class='ocrx_word' id='word_1_293' title='bbox 1244 2400 1646 2467; x_wconf 88' lang='lat' dir='ltr'><strong>mandatorum,</strong></span> 
     </span>
    </p>
   </div>
   <div class='ocr_carea' id='block_1_40' title="bbox 139 2490 1647 2566">
    <p class='ocr_par' dir='ltr' id='par_1_40' title="bbox 139 2490 1647 2566">
     <span class='ocr_line' id='line_1_40' title="bbox 139 2490 1647 2566; baseline 0.006 -25"><span class='ocrx_word' id='word_1_294' title='bbox 139 2490 185 2544; x_wconf 77' lang='lat' dir='ltr'><strong>ita</strong></span> <span class='ocrx_word' id='word_1_295' title='bbox 204 2496 455 2549; x_wconf 85' lang='lat' dir='ltr'><strong>econtrario</strong></span> <span class='ocrx_word' id='word_1_296' title='bbox 480 2506 723 2566; x_wconf 82' lang='lat' dir='ltr'><strong>generat</strong></span> <span class='ocrx_word' id='word_1_297' title='bbox 754 2497 1125 2565; x_wconf 74' lang='lat' dir='ltr'><strong>praevaricatio</strong></span> <span class='ocrx_word' id='word_1_298' title='bbox 1155 2508 1409 2551; x_wconf 90' lang='lat' dir='ltr'><strong>mortem.</strong></span> <span class='ocrx_word' id='word_1_299' title='bbox 1459 2495 1524 2549; x_wconf 86' lang='lat' dir='ltr'><strong>Et</strong></span> <span class='ocrx_word' id='word_1_300' title='bbox 1554 2497 1647 2566; x_wconf 88' lang='lat' dir='ltr'><strong>qui</strong></span> 
     </span>
    </p>
   </div>
   <div class='ocr_carea' id='block_1_41' title="bbox 135 2588 1649 2658">
    <p class='ocr_par' dir='ltr' id='par_1_41' title="bbox 135 2588 1649 2658">
     <span class='ocr_line' id='line_1_41' title="bbox 135 2588 1649 2658; baseline 0.003 -20"><span class='ocrx_word' id='word_1_301' title='bbox 135 2598 204 2652; x_wconf 79' lang='lat' dir='ltr'><strong>per</strong></span> <span class='ocrx_word' id='word_1_302' title='bbox 220 2588 677 2654; x_wconf 69' lang='lat' dir='ltr'><strong>prmvaricationem</strong></span> <span class='ocrx_word' id='word_1_303' title='bbox 696 2589 746 2643; x_wconf 94' lang='lat' dir='ltr'><strong>in</strong></span> <span class='ocrx_word' id='word_1_304' title='bbox 761 2599 989 2645; x_wconf 89' lang='lat' dir='ltr'><strong>mortem</strong></span> <span class='ocrx_word' id='word_1_305' title='bbox 1010 2589 1169 2645; x_wconf 88' lang='lat' dir='ltr'><strong>fuerit</strong></span> <span class='ocrx_word' id='word_1_306' title='bbox 1183 2589 1474 2658; x_wconf 86' lang='lat' dir='ltr'><strong>deputatus</strong></span> <span class='ocrx_word' id='word_1_307' title='bbox 1486 2588 1649 2658; x_wconf 87' lang='lat' dir='ltr'><strong>virgi-</strong></span> 
     </span>
    </p>
   </div>
   <div class='ocr_carea' id='block_1_42' title="bbox 135 2676 1649 2753">
    <p class='ocr_par' dir='ltr' id='par_1_42' title="bbox 135 2676 1649 2753">
     <span class='ocr_line' id='line_1_42' title="bbox 135 2676 1649 2753; baseline 0.005 -25"><span class='ocrx_word' id='word_1_308' title='bbox 135 2676 273 2733; x_wconf 83' lang='lat' dir='ltr'><strong>uitatis</strong></span> <span class='ocrx_word' id='word_1_309' title='bbox 292 2694 514 2737; x_wconf 83' lang='lat' dir='ltr'><strong>coronam</strong></span> <span class='ocrx_word' id='word_1_310' title='bbox 575 2698 799 2753; x_wconf 89' lang='lat' dir='ltr'><strong>sperare</strong></span> <span class='ocrx_word' id='word_1_311' title='bbox 858 2698 967 2737; x_wconf 92' lang='lat' dir='ltr'><strong>non</strong></span> <span class='ocrx_word' id='word_1_312' title='bbox 1018 2682 1237 2753; x_wconf 89' lang='lat' dir='ltr'><strong>poterit,</strong></span> <span class='ocrx_word' id='word_1_313' title='bbox 1289 2698 1463 2750; x_wconf 86' lang='lat' dir='ltr'><strong>neque</strong></span> <span class='ocrx_word' id='word_1_314' title='bbox 1495 2681 1649 2753; x_wconf 89' lang='lat' dir='ltr'><strong>pudi-</strong></span> 
     </span>
    </p>
   </div>
   <div class='ocr_carea' id='block_1_43' title="bbox 133 2766 1646 2843">
    <p class='ocr_par' dir='ltr' id='par_1_43' title="bbox 133 2766 1646 2843">
     <span class='ocr_line' id='line_1_43' title="bbox 133 2766 1646 2843; baseline 0.003 -21"><span class='ocrx_word' id='word_1_315' title='bbox 133 2766 244 2823; x_wconf 73' lang='lat' dir='ltr'><strong>citia:</strong></span> <span class='ocrx_word' id='word_1_316' title='bbox 280 2774 535 2840; x_wconf 56' lang='lat' dir='ltr'><strong>praemium</strong></span> <span class='ocrx_word' id='word_1_317' title='bbox 601 2784 927 2843; x_wconf 81' lang='lat' dir='ltr'><strong>exspectare</strong></span> <span class='ocrx_word' id='word_1_318' title='bbox 978 2773 1315 2829; x_wconf 88' lang='lat' dir='ltr'><strong>constitutus</strong></span> <span class='ocrx_word' id='word_1_319' title='bbox 1370 2773 1423 2827; x_wconf 92' lang='lat' dir='ltr'><strong>in</strong></span> <span class='ocrx_word' id='word_1_320' title='bbox 1463 2788 1646 2843; x_wconf 69' lang='lat' dir='ltr'><strong>paena.</strong></span> 
     </span>
    </p>
   </div>
   <div class='ocr_carea' id='block_1_44' title="bbox 137 2858 1652 2938">
    <p class='ocr_par' dir='ltr' id='par_1_44' title="bbox 137 2858 1652 2938">
     <span class='ocr_line' id='line_1_44' title="bbox 137 2858 1652 2938; baseline 0.005 -26"><span class='ocrx_word' id='word_1_321' title='bbox 137 2858 239 2915; x_wconf 83' lang='lat' dir='ltr'><strong>Tres</strong></span> <span class='ocrx_word' id='word_1_322' title='bbox 276 2865 387 2918; x_wconf 84' lang='lat' dir='ltr'><strong>enim</strong></span> <span class='ocrx_word' id='word_1_323' title='bbox 434 2876 579 2921; x_wconf 71' lang='lat' dir='ltr'><strong>sunt</strong></span> <span class='ocrx_word' id='word_1_324' title='bbox 635 2866 874 2936; x_wconf 90' lang='lat' dir='ltr'><strong>species,</strong></span> <span class='ocrx_word' id='word_1_325' title='bbox 923 2882 1025 2936; x_wconf 88' lang='lat' dir='ltr'><strong>per</strong></span> <span class='ocrx_word' id='word_1_326' title='bbox 1052 2882 1186 2938; x_wconf 89' lang='lat' dir='ltr'><strong>quas</strong></span> <span class='ocrx_word' id='word_1_327' title='bbox 1222 2866 1373 2936; x_wconf 86' lang='lat' dir='ltr'><strong>regni</strong></span> <span class='ocrx_word' id='word_1_328' title='bbox 1412 2864 1652 2922; x_wconf 69' lang='lat' dir='ltr'><strong>caelestis</strong></span> 
     </span>
    </p>
   </div>
   <div class='ocr_carea' id='block_1_45' title="bbox 129 2957 1646 3030">
    <p class='ocr_par' dir='ltr' id='par_1_45' title="bbox 129 2957 1646 3030">
     <span class='ocr_line' id='line_1_45' title="bbox 129 2957 1646 3030; baseline 0.003 -20"><span class='ocrx_word' id='word_1_329' title='bbox 129 2957 335 3021; x_wconf 82' lang='lat' dir='ltr'><strong>possessio</strong></span> <span class='ocrx_word' id='word_1_330' title='bbox 376 2960 661 3016; x_wconf 87' lang='lat' dir='ltr'><strong>introitur.</strong></span> <span class='ocrx_word' id='word_1_331' title='bbox 706 2960 884 3015; x_wconf 85' lang='lat' dir='ltr'><strong>Prima</strong></span> <span class='ocrx_word' id='word_1_332' title='bbox 940 2968 1025 3017; x_wconf 89' lang='lat' dir='ltr'><strong>est</strong></span> <span class='ocrx_word' id='word_1_333' title='bbox 1066 2961 1322 3030; x_wconf 87' lang='lat' dir='ltr'><strong>pudicitia</strong></span> <span class='ocrx_word' id='word_1_334' title='bbox 1362 2980 1374 3013; x_wconf 94' lang='lat'><strong>:</strong></span> <span class='ocrx_word' id='word_1_335' title='bbox 1410 2959 1646 3017; x_wconf 86' lang='lat' dir='ltr'><strong>secunda</strong></span> 
     </span>
    </p>
   </div>
   <div class='ocr_carea' id='block_1_46' title="bbox 129 3048 1645 3125">
    <p class='ocr_par' dir='ltr' id='par_1_46' title="bbox 129 3048 1645 3125">
     <span class='ocr_line' id='line_1_46' title="bbox 129 3048 1645 3125; baseline 0.005 -26"><span class='ocrx_word' id='word_1_336' title='bbox 129 3048 261 3103; x_wconf 76' lang='lat' dir='ltr'><strong>monili</strong></span> <span class='ocrx_word' id='word_1_337' title='bbox 283 3062 649 3125; x_wconf 83' lang='lat' dir='ltr'><strong>contemptus:</strong></span> <span class='ocrx_word' id='word_1_338' title='bbox 682 3053 844 3108; x_wconf 90' lang='lat' dir='ltr'><strong>tertia</strong></span> <span class='ocrx_word' id='word_1_339' title='bbox 874 3067 1009 3108; x_wconf 82' lang='lat' dir='ltr'><strong>vero</strong></span> <span class='ocrx_word' id='word_1_340' title='bbox 1030 3051 1407 3124; x_wconf 77' lang='lat' dir='ltr'><strong>justitia.Qu:e</strong></span> <span class='ocrx_word' id='word_1_341' title='bbox 1438 3065 1493 3107; x_wconf 92' lang='lat' dir='ltr'><strong>ut</strong></span> <span class='ocrx_word' id='word_1_342' title='bbox 1517 3067 1645 3108; x_wconf 82' lang='lat' dir='ltr'><strong>con-</strong></span> 
     </span>
    </p>
   </div>
   <div class='ocr_carea' id='block_1_47' title="bbox 1753 1834 3336 1910">
    <p class='ocr_par' dir='ltr' id='par_1_47' title="bbox 1753 1834 3336 1910">
     <span class='ocr_line' id='line_1_47' title="bbox 1753 1834 3336 1910; baseline 0.011 -23"><span class='ocrx_word' id='word_1_343' title='bbox 1753 1834 2021 1889; x_wconf 88' lang='lat' dir='ltr'><strong>malorum</strong></span> <span class='ocrx_word' id='word_1_344' title='bbox 2071 1845 2285 1892; x_wconf 89' lang='lat' dir='ltr'><strong>actuum</strong></span> <span class='ocrx_word' id='word_1_345' title='bbox 2342 1838 2767 1910; x_wconf 89' lang='lat' dir='ltr'><strong>abominatione,</strong></span> <span class='ocrx_word' id='word_1_346' title='bbox 2826 1844 2920 1899; x_wconf 89' lang='lat' dir='ltr'><strong>sed</strong></span> <span class='ocrx_word' id='word_1_347' title='bbox 2965 1846 3016 1900; x_wconf 92' lang='lat' dir='ltr'><strong>iu</strong></span> <span class='ocrx_word' id='word_1_348' title='bbox 3070 1847 3336 1905; x_wconf 89' lang='lat' dir='ltr'><strong>bonorum</strong></span> 
     </span>
    </p>
   </div>
   <div class='ocr_carea' id='block_1_48' title="bbox 1749 1928 3338 2008">
    <p class='ocr_par' dir='ltr' id='par_1_48' title="bbox 1749 1928 3338 2008">
     <span class='ocr_line' id='line_1_48' title="bbox 1749 1928 3338 2008; baseline 0.011 -27"><span class='ocrx_word' id='word_1_349' title='bbox 1749 1942 1973 1996; x_wconf 88' lang='lat' dir='ltr'><strong>operum</strong></span> <span class='ocrx_word' id='word_1_350' title='bbox 2009 1928 2341 1998; x_wconf 77' lang='lat' dir='ltr'><strong>perfectione</strong></span> <span class='ocrx_word' id='word_1_351' title='bbox 2370 1935 2695 2001; x_wconf 89' lang='lat' dir='ltr'><strong>eompletur.</strong></span> <span class='ocrx_word' id='word_1_352' title='bbox 2726 1935 2918 2008; x_wconf 87' lang='lat' dir='ltr'><strong>Neque</strong></span> <span class='ocrx_word' id='word_1_353' title='bbox 2948 1940 3221 1997; x_wconf 60' lang='lat' dir='ltr'><strong>enim’boc</strong></span> <span class='ocrx_word' id='word_1_354' title='bbox 3244 1958 3338 1999; x_wconf 91' lang='lat' dir='ltr'><strong>so-</strong></span> 
     </span>
    </p>
   </div>
   <div class='ocr_carea' id='block_1_49' title="bbox 1751 2018 3337 2101">
    <p class='ocr_par' dir='ltr' id='par_1_49' title="bbox 1751 2018 3337 2101">
     <span class='ocr_line' id='line_1_49' title="bbox 1751 2018 3337 2101; baseline 0.013 -30"><span class='ocrx_word' id='word_1_355' title='bbox 1751 2018 1858 2072; x_wconf 86' lang='lat' dir='ltr'><strong>lum</strong></span> <span class='ocrx_word' id='word_1_356' title='bbox 1886 2019 1983 2074; x_wconf 88' lang='lat' dir='ltr'><strong>tibi</strong></span> <span class='ocrx_word' id='word_1_357' title='bbox 2009 2021 2341 2093; x_wconf 69' lang='lat' dir='ltr'><strong>prmeipitur,</strong></span> <span class='ocrx_word' id='word_1_358' title='bbox 2374 2033 2433 2079; x_wconf 92' lang='lat' dir='ltr'><strong>ut</strong></span> <span class='ocrx_word' id='word_1_359' title='bbox 2453 2028 2706 2082; x_wconf 89' lang='lat' dir='ltr'><strong>vestitum</strong></span> <span class='ocrx_word' id='word_1_360' title='bbox 2734 2044 2843 2085; x_wconf 91' lang='lat' dir='ltr'><strong>non</strong></span> <span class='ocrx_word' id='word_1_361' title='bbox 2878 2031 3082 2101; x_wconf 87' lang='lat' dir='ltr'><strong>spolies</strong></span> <span class='ocrx_word' id='word_1_362' title='bbox 3111 2036 3225 2090; x_wconf 83' lang='lat' dir='ltr'><strong>suis</strong></span> <span class='ocrx_word' id='word_1_363' title='bbox 3256 2036 3337 2091; x_wconf 91' lang='lat' dir='ltr'><strong>in-</strong></span> 
     </span>
    </p>
   </div>
   <div class='ocr_carea' id='block_1_50' title="bbox 1750 2110 3335 2191">
    <p class='ocr_par' dir='ltr' id='par_1_50' title="bbox 1750 2110 3335 2191">
     <span class='ocr_line' id='line_1_50' title="bbox 1750 2110 3335 2191; baseline 0.013 -26"><span class='ocrx_word' id='word_1_364' title='bbox 1750 2110 2023 2170; x_wconf 89' lang='lat' dir='ltr'><strong>dumentis</strong></span> <span class='ocrx_word' id='word_1_365' title='bbox 2054 2133 2067 2169; x_wconf 91' lang='lat'><strong>:</strong></span> <span class='ocrx_word' id='word_1_366' title='bbox 2099 2116 2196 2171; x_wconf 88' lang='lat' dir='ltr'><strong>sed</strong></span> <span class='ocrx_word' id='word_1_367' title='bbox 2224 2126 2279 2171; x_wconf 91' lang='lat' dir='ltr'><strong>ut</strong></span> <span class='ocrx_word' id='word_1_368' title='bbox 2303 2118 2569 2188; x_wconf 81' lang='lat' dir='ltr'><strong>Spoliatos</strong></span> <span class='ocrx_word' id='word_1_369' title='bbox 2590 2124 2804 2191; x_wconf 90' lang='lat' dir='ltr'><strong>operias</strong></span> <span class='ocrx_word' id='word_1_370' title='bbox 2834 2123 2937 2180; x_wconf 90' lang='lat' dir='ltr'><strong>tuis</strong></span> <span class='ocrx_word' id='word_1_371' title='bbox 2968 2129 3335 2185; x_wconf 84' lang='lat' dir='ltr'><strong>vestimentis.</strong></span> 
     </span>
    </p>
   </div>
   <div class='ocr_carea' id='block_1_51' title="bbox 1750 2205 3340 2287">
    <p class='ocr_par' dir='ltr' id='par_1_51' title="bbox 1750 2205 3340 2287">
     <span class='ocr_line' id='line_1_51' title="bbox 1750 2205 3340 2287; baseline 0.013 -27"><span class='ocrx_word' id='word_1_372' title='bbox 1750 2205 1935 2275; x_wconf 80' lang='lat' dir='ltr'><strong>Neque</strong></span> <span class='ocrx_word' id='word_1_373' title='bbox 1969 2217 2030 2262; x_wconf 93' lang='lat' dir='ltr'><strong>ut</strong></span> <span class='ocrx_word' id='word_1_374' title='bbox 2059 2207 2280 2266; x_wconf 89' lang='lat' dir='ltr'><strong>habenti</strong></span> <span class='ocrx_word' id='word_1_375' title='bbox 2313 2226 2508 2282; x_wconf 90' lang='lat' dir='ltr'><strong>panem</strong></span> <span class='ocrx_word' id='word_1_376' title='bbox 2541 2231 2647 2271; x_wconf 93' lang='lat' dir='ltr'><strong>non</strong></span> <span class='ocrx_word' id='word_1_377' title='bbox 2677 2218 2895 2273; x_wconf 86' lang='lat' dir='ltr'><strong>auferas</strong></span> <span class='ocrx_word' id='word_1_378' title='bbox 2931 2235 3119 2287; x_wconf 85' lang='lat' dir='ltr'><strong>suum,</strong></span> <span class='ocrx_word' id='word_1_379' title='bbox 3150 2224 3245 2279; x_wconf 89' lang='lat' dir='ltr'><strong>sed</strong></span> <span class='ocrx_word' id='word_1_380' title='bbox 3281 2234 3340 2280; x_wconf 92' lang='lat' dir='ltr'><strong>ut</strong></span> 
     </span>
    </p>
   </div>
   <div class='ocr_carea' id='block_1_52' title="bbox 1750 2301 3337 2388">
    <p class='ocr_par' dir='ltr' id='par_1_52' title="bbox 1750 2301 3337 2388">
     <span class='ocr_line' id='line_1_52' title="bbox 1750 2301 3337 2388; baseline 0.012 -33"><span class='ocrx_word' id='word_1_381' title='bbox 1750 2315 1858 2356; x_wconf 88' lang='lat' dir='ltr'><strong>non</strong></span> <span class='ocrx_word' id='word_1_382' title='bbox 1890 2301 2113 2359; x_wconf 89' lang='lat' dir='ltr'><strong>habenti</strong></span> <span class='ocrx_word' id='word_1_383' title='bbox 2148 2316 2294 2360; x_wconf 89' lang='lat' dir='ltr'><strong>tuum</strong></span> <span class='ocrx_word' id='word_1_384' title='bbox 2331 2307 2565 2364; x_wconf 87' lang='lat' dir='ltr'><strong>libenter</strong></span> <span class='ocrx_word' id='word_1_385' title='bbox 2585 2310 2884 2379; x_wconf 87' lang='lat' dir='ltr'><strong>impertias.</strong></span> <span class='ocrx_word' id='word_1_386' title='bbox 2908 2312 3096 2386; x_wconf 78' lang='lat' dir='ltr'><strong>Neque</strong></span> <span class='ocrx_word' id='word_1_387' title='bbox 3118 2327 3178 2373; x_wconf 91' lang='lat' dir='ltr'><strong>ut</strong></span> <span class='ocrx_word' id='word_1_388' title='bbox 3207 2334 3337 2388; x_wconf 87' lang='lat' dir='ltr'><strong>pau-</strong></span> 
     </span>
    </p>
   </div>
   <div class='ocr_carea' id='block_1_53' title="bbox 1750 2399 3338 2479">
    <p class='ocr_par' dir='ltr' id='par_1_53' title="bbox 1750 2399 3338 2479">
     <span class='ocr_line' id='line_1_53' title="bbox 1750 2399 3338 2479; baseline 0.01 -28"><span class='ocrx_word' id='word_1_389' title='bbox 1750 2411 1936 2466; x_wconf 88' lang='lat' dir='ltr'><strong>perem</strong></span> <span class='ocrx_word' id='word_1_390' title='bbox 1968 2412 2077 2452; x_wconf 91' lang='lat' dir='ltr'><strong>non</strong></span> <span class='ocrx_word' id='word_1_391' title='bbox 2109 2399 2344 2469; x_wconf 87' lang='lat' dir='ltr'><strong>repellas</strong></span> <span class='ocrx_word' id='word_1_392' title='bbox 2378 2402 2612 2472; x_wconf 87' lang='lat' dir='ltr'><strong>hospitio</strong></span> <span class='ocrx_word' id='word_1_393' title='bbox 2651 2418 2772 2472; x_wconf 89' lang='lat' dir='ltr'><strong>suo,</strong></span> <span class='ocrx_word' id='word_1_394' title='bbox 2805 2405 2901 2462; x_wconf 91' lang='lat' dir='ltr'><strong>sed</strong></span> <span class='ocrx_word' id='word_1_395' title='bbox 2935 2416 2992 2462; x_wconf 92' lang='lat' dir='ltr'><strong>ut</strong></span> <span class='ocrx_word' id='word_1_396' title='bbox 3022 2408 3234 2479; x_wconf 91' lang='lat' dir='ltr'><strong>pulsum</strong></span> <span class='ocrx_word' id='word_1_397' title='bbox 3282 2420 3338 2467; x_wconf 91' lang='lat' dir='ltr'><strong>et</strong></span> 
     </span>
    </p>
   </div>
   <div class='ocr_carea' id='block_1_54' title="bbox 1753 2491 3339 2572">
    <p class='ocr_par' dir='ltr' id='par_1_54' title="bbox 1753 2491 3339 2572">
     <span class='ocr_line' id='line_1_54' title="bbox 1753 2491 3339 2572; baseline 0.011 -28"><span class='ocrx_word' id='word_1_398' title='bbox 1753 2506 1859 2545; x_wconf 92' lang='lat' dir='ltr'><strong>non</strong></span> <span class='ocrx_word' id='word_1_399' title='bbox 1891 2491 2182 2549; x_wconf 84' lang='lat' dir='ltr'><strong>habentem</strong></span> <span class='ocrx_word' id='word_1_400' title='bbox 2206 2495 2441 2561; x_wconf 85' lang='lat' dir='ltr'><strong>recipias</strong></span> <span class='ocrx_word' id='word_1_401' title='bbox 2467 2506 2580 2551; x_wconf 91' lang='lat' dir='ltr'><strong>tuo.</strong></span> <span class='ocrx_word' id='word_1_402' title='bbox 2616 2497 2949 2572; x_wconf 71' lang='lat' dir='ltr'><strong>Praeceptum</strong></span> <span class='ocrx_word' id='word_1_403' title='bbox 2975 2512 3060 2559; x_wconf 88' lang='lat' dir='ltr'><strong>est</strong></span> <span class='ocrx_word' id='word_1_404' title='bbox 3076 2505 3219 2559; x_wconf 89' lang='lat' dir='ltr'><strong>enim</strong></span> <span class='ocrx_word' id='word_1_405' title='bbox 3242 2522 3339 2560; x_wconf 82' lang='lat' dir='ltr'><strong>no-</strong></span> 
     </span>
    </p>
   </div>
   <div class='ocr_carea' id='block_1_55' title="bbox 1751 2582 3336 2665">
    <p class='ocr_par' dir='ltr' id='par_1_55' title="bbox 1751 2582 3336 2665">
     <span class='ocr_line' id='line_1_55' title="bbox 1751 2582 3336 2665; baseline 0.01 -28"><span class='ocrx_word' id='word_1_406' title='bbox 1751 2582 1836 2638; x_wconf 87' lang='lat' dir='ltr'><strong>bis</strong></span> <span class='ocrx_word' id='word_1_407' title='bbox 1863 2584 1998 2639; x_wconf 87' lang='lat' dir='ltr'><strong>ﬂere</strong></span> <span class='ocrx_word' id='word_1_408' title='bbox 2028 2601 2153 2641; x_wconf 91' lang='lat' dir='ltr'><strong>cum</strong></span> <span class='ocrx_word' id='word_1_409' title='bbox 2188 2588 2463 2643; x_wconf 83' lang='lat' dir='ltr'><strong>flentibus.</strong></span> <span class='ocrx_word' id='word_1_410' title='bbox 2511 2591 2801 2658; x_wconf 82' lang='lat' dir='ltr'><strong>Quomodo</strong></span> <span class='ocrx_word' id='word_1_411' title='bbox 2830 2609 2950 2650; x_wconf 92' lang='lat' dir='ltr'><strong>cum</strong></span> <span class='ocrx_word' id='word_1_412' title='bbox 2983 2597 3091 2652; x_wconf 87' lang='lat' dir='ltr'><strong>illis</strong></span> <span class='ocrx_word' id='word_1_413' title='bbox 3120 2598 3336 2665; x_wconf 88' lang='lat' dir='ltr'><strong>ﬂemus,</strong></span> 
     </span>
    </p>
   </div>
   <div class='ocr_carea' id='block_1_56' title="bbox 1750 2678 3340 2763">
    <p class='ocr_par' dir='ltr' id='par_1_56' title="bbox 1750 2678 3340 2763">
     <span class='ocr_line' id='line_1_56' title="bbox 1750 2678 3340 2763; baseline 0.011 -31"><span class='ocrx_word' id='word_1_414' title='bbox 1750 2678 1795 2732; x_wconf 89' lang='lat' dir='ltr'><strong>si</strong></span> <span class='ocrx_word' id='word_1_415' title='bbox 1841 2679 1892 2735; x_wconf 92' lang='lat' dir='ltr'><strong>in</strong></span> <span class='ocrx_word' id='word_1_416' title='bbox 1938 2681 2088 2736; x_wconf 91' lang='lat' dir='ltr'><strong>nullo</strong></span> <span class='ocrx_word' id='word_1_417' title='bbox 2117 2696 2307 2737; x_wconf 89' lang='lat' dir='ltr'><strong>eorum</strong></span> <span class='ocrx_word' id='word_1_418' title='bbox 2341 2687 2760 2743; x_wconf 83' lang='lat' dir='ltr'><strong>necessitatibus</strong></span> <span class='ocrx_word' id='word_1_419' title='bbox 2790 2691 3176 2763; x_wconf 90' lang='lat' dir='ltr'><strong>participamus</strong></span> <span class='ocrx_word' id='word_1_420' title='bbox 3197 2738 3211 2763; x_wconf 90' lang='lat'><strong>,</strong></span> <span class='ocrx_word' id='word_1_421' title='bbox 3239 2708 3340 2751; x_wconf 90' lang='lat' dir='ltr'><strong>nec</strong></span> 
     </span>
    </p>
   </div>
   <div class='ocr_carea' id='block_1_57' title="bbox 1750 2770 3336 2855">
    <p class='ocr_par' dir='ltr' id='par_1_57' title="bbox 1750 2770 3336 2855">
     <span class='ocr_line' id='line_1_57' title="bbox 1750 2770 3336 2855; baseline 0.011 -32"><span class='ocrx_word' id='word_1_422' title='bbox 1750 2770 1953 2840; x_wconf 90' lang='lat' dir='ltr'><strong>aliquid</strong></span> <span class='ocrx_word' id='word_1_423' title='bbox 1980 2774 2059 2827; x_wconf 90' lang='lat' dir='ltr'><strong>eis</strong></span> <span class='ocrx_word' id='word_1_424' title='bbox 2089 2774 2142 2829; x_wconf 93' lang='lat' dir='ltr'><strong>in</strong></span> <span class='ocrx_word' id='word_1_425' title='bbox 2173 2774 2277 2841; x_wconf 85' lang='lat' dir='ltr'><strong>his,</strong></span> <span class='ocrx_word' id='word_1_426' title='bbox 2312 2788 2538 2847; x_wconf 87' lang='lat' dir='ltr'><strong>propter</strong></span> <span class='ocrx_word' id='word_1_427' title='bbox 2564 2795 2698 2849; x_wconf 86' lang='lat' dir='ltr'><strong>quas</strong></span> <span class='ocrx_word' id='word_1_428' title='bbox 2725 2780 3097 2853; x_wconf 84' lang='lat' dir='ltr'><strong>lacrymantur</strong></span> <span class='ocrx_word' id='word_1_429' title='bbox 3122 2799 3336 2855; x_wconf 88' lang='lat' dir='ltr'><strong>causas,</strong></span> 
     </span>
    </p>
   </div>
   <div class='ocr_carea' id='block_1_58' title="bbox 1751 2863 3337 2940">
    <p class='ocr_par' dir='ltr' id='par_1_58' title="bbox 1751 2863 3337 2940">
     <span class='ocr_line' id='line_1_58' title="bbox 1751 2863 3337 2940; baseline 0.012 -25"><span class='ocrx_word' id='word_1_430' title='bbox 1751 2863 2090 2933; x_wconf 84' lang='lat' dir='ltr'><strong>praebeamus</strong></span> <span class='ocrx_word' id='word_1_431' title='bbox 2122 2867 2424 2922; x_wconf 79' lang='lat' dir='ltr'><strong>auxilium?</strong></span> <span class='ocrx_word' id='word_1_432' title='bbox 2462 2868 2649 2940; x_wconf 86' lang='lat' dir='ltr'><strong>Neque</strong></span> <span class='ocrx_word' id='word_1_433' title='bbox 2678 2873 2823 2927; x_wconf 91' lang='lat' dir='ltr'><strong>enim</strong></span> <span class='ocrx_word' id='word_1_434' title='bbox 2854 2872 3074 2931; x_wconf 89' lang='lat' dir='ltr'><strong>ﬂetuum</strong></span> <span class='ocrx_word' id='word_1_435' title='bbox 3112 2888 3337 2933; x_wconf 90' lang='lat' dir='ltr'><strong>nostro-</strong></span> 
     </span>
    </p>
   </div>
   <div class='ocr_carea' id='block_1_59' title="bbox 1752 2957 3339 3042">
    <p class='ocr_par' dir='ltr' id='par_1_59' title="bbox 1752 2957 3339 3042">
     <span class='ocr_line' id='line_1_59' title="bbox 1752 2957 3339 3042; baseline 0.011 -32"><span class='ocrx_word' id='word_1_436' title='bbox 1752 2972 1869 3011; x_wconf 88' lang='lat' dir='ltr'><strong>rum</strong></span> <span class='ocrx_word' id='word_1_437' title='bbox 1897 2957 2044 3012; x_wconf 91' lang='lat' dir='ltr'><strong>Deus</strong></span> <span class='ocrx_word' id='word_1_438' title='bbox 2074 2957 2467 3017; x_wconf 77' lang='lat' dir='ltr'><strong>infcuctuosum</strong></span> <span class='ocrx_word' id='word_1_439' title='bbox 2500 2962 2782 3021; x_wconf 83' lang='lat' dir='ltr'><strong>humorem</strong></span> <span class='ocrx_word' id='word_1_440' title='bbox 2813 2967 3007 3037; x_wconf 75' lang='lat' dir='ltr'><strong>qttmrit</strong></span> <span class='ocrx_word' id='word_1_441' title='bbox 3041 2987 3053 3023; x_wconf 90' lang='lat'><strong>:</strong></span> <span class='ocrx_word' id='word_1_442' title='bbox 3086 2969 3180 3025; x_wconf 91' lang='lat' dir='ltr'><strong>sed</strong></span> <span class='ocrx_word' id='word_1_443' title='bbox 3213 2970 3339 3042; x_wconf 88' lang='lat' dir='ltr'><strong>quia</strong></span> 
     </span>
    </p>
   </div>
   <div class='ocr_carea' id='block_1_60' title="bbox 1754 3052 3338 3125">
    <p class='ocr_par' dir='ltr' id='par_1_60' title="bbox 1754 3052 3338 3125">
     <span class='ocr_line' id='line_1_60' title="bbox 1754 3052 3338 3125; baseline 0.009 -20"><span class='ocrx_word' id='word_1_444' title='bbox 1754 3052 2010 3124; x_wconf 74' lang='lat' dir='ltr'><strong>lacrymm</strong></span> <span class='ocrx_word' id='word_1_445' title='bbox 2040 3052 2253 3109; x_wconf 89' lang='lat' dir='ltr'><strong>doloris</strong></span> <span class='ocrx_word' id='word_1_446' title='bbox 2291 3054 2549 3111; x_wconf 90' lang='lat' dir='ltr'><strong>indicium</strong></span> <span class='ocrx_word' id='word_1_447' title='bbox 2590 3069 2737 3125; x_wconf 90' lang='lat' dir='ltr'><strong>sunt,</strong></span> <span class='ocrx_word' id='word_1_448' title='bbox 2782 3060 2898 3114; x_wconf 85' lang='lat' dir='ltr'><strong>vult</strong></span> <span class='ocrx_word' id='word_1_449' title='bbox 2928 3070 2980 3117; x_wconf 91' lang='lat' dir='ltr'><strong>te</strong></span> <span class='ocrx_word' id='word_1_450' title='bbox 3010 3062 3084 3116; x_wconf 89' lang='lat' dir='ltr'><strong>ita</strong></span> <span class='ocrx_word' id='word_1_451' title='bbox 3113 3064 3338 3120; x_wconf 85' lang='lat' dir='ltr'><strong>alterius</strong></span> 
     </span>
    </p>
   </div>
   <div class='ocr_carea' id='block_1_61' title="bbox 126 3134 3339 3223">
    <p class='ocr_par' dir='ltr' id='par_1_61' title="bbox 126 3134 3339 3223">
     <span class='ocr_line' id='line_1_61' title="bbox 126 3134 3339 3223; baseline 0.006 -30"><span class='ocrx_word' id='word_1_452' title='bbox 126 3154 223 3195; x_wconf 81' lang='lat' dir='ltr'><strong>nete</strong></span> <span class='ocrx_word' id='word_1_453' title='bbox 244 3144 498 3211; x_wconf 82' lang='lat' dir='ltr'><strong>plurimum</strong></span> <span class='ocrx_word' id='word_1_454' title='bbox 526 3162 599 3201; x_wconf 87' lang='lat' dir='ltr'><strong>se</strong></span> <span class='ocrx_word' id='word_1_455' title='bbox 630 3146 1036 3217; x_wconf 83' lang='lat' dir='ltr'><strong>possidentibus</strong></span> <span class='ocrx_word' id='word_1_456' title='bbox 1068 3155 1351 3216; x_wconf 67' lang='lat' dir='ltr'><strong>praestant,</strong></span> <span class='ocrx_word' id='word_1_457' title='bbox 1404 3146 1485 3213; x_wconf 23' lang='lat' dir='ltr'><strong>ita.</strong></span> <span class='ocrx_word' id='word_1_458' title='bbox 1527 3161 1649 3216; x_wconf 86' lang='lat' dir='ltr'><strong>pos-</strong></span> <span class='ocrx_word' id='word_1_459' title='bbox 1676 3134 1723 3199; x_wconf 90' lang='lat' dir='ltr'><strong><em>C</em></strong></span> <span class='ocrx_word' id='word_1_460' title='bbox 1754 3145 2032 3215; x_wconf 87' lang='lat' dir='ltr'><strong>angustias</strong></span> <span class='ocrx_word' id='word_1_461' title='bbox 2075 3147 2280 3202; x_wconf 89' lang='lat' dir='ltr'><strong>sentire</strong></span> <span class='ocrx_word' id='word_1_462' title='bbox 2324 3158 2379 3202; x_wconf 91' lang='lat' dir='ltr'><strong>ut</strong></span> <span class='ocrx_word' id='word_1_463' title='bbox 2425 3156 2544 3205; x_wconf 91' lang='lat' dir='ltr'><strong>tuas</strong></span> <span class='ocrx_word' id='word_1_464' title='bbox 2574 3167 2589 3204; x_wconf 90' lang='lat'><strong>:</strong></span> <span class='ocrx_word' id='word_1_465' title='bbox 2622 3160 2679 3206; x_wconf 91' lang='lat' dir='ltr'><strong>et</strong></span> <span class='ocrx_word' id='word_1_466' title='bbox 2712 3155 2985 3223; x_wconf 91' lang='lat' dir='ltr'><strong>quomodo</strong></span> <span class='ocrx_word' id='word_1_467' title='bbox 3033 3155 3127 3211; x_wconf 86' lang='lat' dir='ltr'><strong>tibi</strong></span> <span class='ocrx_word' id='word_1_468' title='bbox 3157 3155 3211 3211; x_wconf 90' lang='lat' dir='ltr'><strong>in</strong></span> <span class='ocrx_word' id='word_1_469' title='bbox 3242 3157 3339 3213; x_wconf 88' lang='lat' dir='ltr'><strong>tali</strong></span> 
     </span>
    </p>
   </div>
   <div class='ocr_carea' id='block_1_62' title="bbox 125 3234 1650 3311">
    <p class='ocr_par' dir='ltr' id='par_1_62' title="bbox 125 3234 1650 3311">
     <span class='ocr_line' id='line_1_62' title="bbox 125 3234 1650 3311; baseline 0.005 -25"><span class='ocrx_word' id='word_1_470' title='bbox 125 3234 388 3292; x_wconf 74' lang='lat' dir='ltr'><strong>suntdiviste</strong></span> <span class='ocrx_word' id='word_1_471' title='bbox 410 3239 647 3297; x_wconf 82' lang='lat' dir='ltr'><strong>difﬁcile</strong></span> <span class='ocrx_word' id='word_1_472' title='bbox 679 3239 941 3310; x_wconf 85' lang='lat' dir='ltr'><strong>prodesse</strong></span> <span class='ocrx_word' id='word_1_473' title='bbox 968 3258 982 3295; x_wconf 90' lang='lat'><strong>:</strong></span> <span class='ocrx_word' id='word_1_474' title='bbox 1014 3240 1141 3294; x_wconf 91' lang='lat' dir='ltr'><strong>dum</strong></span> <span class='ocrx_word' id='word_1_475' title='bbox 1174 3255 1511 3311; x_wconf 71' lang='lat' dir='ltr'><strong>unaqumque</strong></span> <span class='ocrx_word' id='word_1_476' title='bbox 1558 3256 1650 3297; x_wconf 87' lang='lat' dir='ltr'><strong>ea-</strong></span> 
     </span>
    </p>
   </div>
   <div class='ocr_carea' id='block_1_63' title="bbox 124 3342 1648 3412">
    <p class='ocr_par' dir='ltr' id='par_1_63' title="bbox 124 3342 1648 3412">
     <span class='ocr_line' id='line_1_63' title="bbox 124 3342 1648 3412; baseline 0.01 -28"><span class='ocrx_word' id='word_1_477' title='bbox 124 3346 206 3386; x_wconf 84' lang='lat' dir='ltr'><strong>rum</strong></span> <span class='ocrx_word' id='word_1_478' title='bbox 244 3352 337 3392; x_wconf 86' lang='lat' dir='ltr'><strong>non</strong></span> <span class='ocrx_word' id='word_1_479' title='bbox 388 3349 619 3411; x_wconf 85' lang='lat' dir='ltr'><strong>propter</strong></span> <span class='ocrx_word' id='word_1_480' title='bbox 669 3354 730 3397; x_wconf 89' lang='lat' dir='ltr'><strong>se</strong></span> <span class='ocrx_word' id='word_1_481' title='bbox 783 3350 1012 3407; x_wconf 89' lang='lat' dir='ltr'><strong>tantum,</strong></span> <span class='ocrx_word' id='word_1_482' title='bbox 1065 3342 1162 3397; x_wconf 91' lang='lat' dir='ltr'><strong>sed</strong></span> <span class='ocrx_word' id='word_1_483' title='bbox 1217 3352 1439 3412; x_wconf 89' lang='lat' dir='ltr'><strong>propter</strong></span> <span class='ocrx_word' id='word_1_484' title='bbox 1489 3342 1648 3399; x_wconf 87' lang='lat' dir='ltr'><strong>aliam</strong></span> 
     </span>
    </p>
   </div>
   <div class='ocr_carea' id='block_1_64' title="bbox 124 3422 1649 3506">
    <p class='ocr_par' dir='ltr' id='par_1_64' title="bbox 124 3422 1649 3506">
     <span class='ocr_line' id='line_1_64' title="bbox 124 3422 1649 3506; baseline 0.007 -25"><span class='ocrx_word' id='word_1_485' title='bbox 124 3422 400 3493; x_wconf 67' lang='lat' dir='ltr'><strong>tiﬂzgitatur.</strong></span> <span class='ocrx_word' id='word_1_486' title='bbox 428 3432 485 3487; x_wconf 87' lang='lat' dir='ltr'><strong>in</strong></span> <span class='ocrx_word' id='word_1_487' title='bbox 518 3431 723 3502; x_wconf 81' lang='lat' dir='ltr'><strong>primis</strong></span> <span class='ocrx_word' id='word_1_488' title='bbox 754 3434 923 3504; x_wconf 88' lang='lat' dir='ltr'><strong>igitur</strong></span> <span class='ocrx_word' id='word_1_489' title='bbox 962 3435 1222 3506; x_wconf 62' lang='lat' dir='ltr'><strong>quaeritur</strong></span> <span class='ocrx_word' id='word_1_490' title='bbox 1281 3434 1556 3505; x_wconf 83' lang='lat' dir='ltr'><strong>pudicitia,</strong></span> <span class='ocrx_word' id='word_1_491' title='bbox 1589 3445 1649 3491; x_wconf 92' lang='lat' dir='ltr'><strong>ut</strong></span> 
     </span>
    </p>
   </div>
   <div class='ocr_carea' id='block_1_65' title="bbox 122 3514 1648 3598">
    <p class='ocr_par' dir='ltr' id='par_1_65' title="bbox 122 3514 1648 3598">
     <span class='ocr_line' id='line_1_65' title="bbox 122 3514 1648 3598; baseline 0.007 -28"><span class='ocrx_word' id='word_1_492' title='bbox 122 3514 275 3575; x_wconf 80' lang='lat' dir='ltr'><strong>facilius</strong></span> <span class='ocrx_word' id='word_1_493' title='bbox 310 3524 682 3596; x_wconf 82' lang='lat' dir='ltr'><strong>subsequatur</strong></span> <span class='ocrx_word' id='word_1_494' title='bbox 736 3526 922 3581; x_wconf 88' lang='lat' dir='ltr'><strong>mundi</strong></span> <span class='ocrx_word' id='word_1_495' title='bbox 980 3536 1375 3597; x_wconf 87' lang='lat' dir='ltr'><strong>contemptus:</strong></span> <span class='ocrx_word' id='word_1_496' title='bbox 1427 3528 1553 3598; x_wconf 89' lang='lat' dir='ltr'><strong>quia</strong></span> <span class='ocrx_word' id='word_1_497' title='bbox 1579 3529 1648 3582; x_wconf 89' lang='lat' dir='ltr'><strong>ab</strong></span> 
     </span>
    </p>
   </div>
   <div class='ocr_carea' id='block_1_66' title="bbox 122 3605 1643 3691">
    <p class='ocr_par' dir='ltr' id='par_1_66' title="bbox 122 3605 1643 3691">
     <span class='ocr_line' id='line_1_66' title="bbox 122 3605 1643 3691; baseline 0.008 -27"><span class='ocrx_word' id='word_1_498' title='bbox 122 3605 194 3665; x_wconf 67' lang='lat' dir='ltr'><strong>illis</strong></span> <span class='ocrx_word' id='word_1_499' title='bbox 212 3616 411 3671; x_wconf 80' lang='lat' dir='ltr'><strong>mundus</strong></span> <span class='ocrx_word' id='word_1_500' title='bbox 434 3619 722 3674; x_wconf 83' lang='lat' dir='ltr'><strong>contemni</strong></span> <span class='ocrx_word' id='word_1_501' title='bbox 746 3619 926 3675; x_wconf 90' lang='lat' dir='ltr'><strong>levius</strong></span> <span class='ocrx_word' id='word_1_502' title='bbox 960 3629 1157 3689; x_wconf 89' lang='lat' dir='ltr'><strong>potest,</strong></span> <span class='ocrx_word' id='word_1_503' title='bbox 1187 3621 1275 3691; x_wconf 91' lang='lat' dir='ltr'><strong>qui</strong></span> <span class='ocrx_word' id='word_1_504' title='bbox 1308 3622 1643 3677; x_wconf 85' lang='lat' dir='ltr'><strong>matrimonii</strong></span> 
     </span>
    </p>
   </div>
   <div class='ocr_carea' id='block_1_67' title="bbox 122 3704 1650 3783">
    <p class='ocr_par' dir='ltr' id='par_1_67' title="bbox 122 3704 1650 3783">
     <span class='ocr_line' id='line_1_67' title="bbox 122 3704 1650 3783; baseline 0.009 -26"><span class='ocrx_word' id='word_1_505' title='bbox 122 3704 290 3763; x_wconf 72' lang='lat' dir='ltr'><strong>Ictibus</strong></span> <span class='ocrx_word' id='word_1_506' title='bbox 316 3725 413 3765; x_wconf 89' lang='lat' dir='ltr'><strong>non</strong></span> <span class='ocrx_word' id='word_1_507' title='bbox 444 3720 732 3768; x_wconf 83' lang='lat' dir='ltr'><strong>tenentur.</strong></span> <span class='ocrx_word' id='word_1_508' title='bbox 765 3711 946 3769; x_wconf 81' lang='lat' dir='ltr'><strong>Mundi</strong></span> <span class='ocrx_word' id='word_1_509' title='bbox 987 3729 1120 3769; x_wconf 91' lang='lat' dir='ltr'><strong>vero</strong></span> <span class='ocrx_word' id='word_1_510' title='bbox 1166 3722 1510 3783; x_wconf 87' lang='lat' dir='ltr'><strong>contemptus</strong></span> <span class='ocrx_word' id='word_1_511' title='bbox 1555 3731 1650 3770; x_wconf 87' lang='lat' dir='ltr'><strong>ex—</strong></span> 
     </span>
    </p>
   </div>
   <div class='ocr_carea' id='block_1_68' title="bbox 122 3798 1647 3877">
    <p class='ocr_par' dir='ltr' id='par_1_68' title="bbox 122 3798 1647 3877">
     <span class='ocr_line' id='line_1_68' title="bbox 122 3798 1647 3877; baseline 0.008 -27"><span class='ocrx_word' id='word_1_512' title='bbox 122 3798 321 3865; x_wconf 68' lang='lat' dir='ltr'><strong>poscit&quot;,</strong></span> <span class='ocrx_word' id='word_1_513' title='bbox 343 3811 403 3858; x_wconf 91' lang='lat' dir='ltr'><strong>ut</strong></span> <span class='ocrx_word' id='word_1_514' title='bbox 422 3803 645 3873; x_wconf 81' lang='lat' dir='ltr'><strong>justitia</strong></span> <span class='ocrx_word' id='word_1_515' title='bbox 678 3814 1036 3861; x_wconf 87' lang='lat' dir='ltr'><strong>conservetur</strong></span> <span class='ocrx_word' id='word_1_516' title='bbox 1063 3825 1074 3860; x_wconf 90' lang='lat'><strong>:</strong></span> <span class='ocrx_word' id='word_1_517' title='bbox 1105 3821 1265 3877; x_wconf 89' lang='lat' dir='ltr'><strong>quam</strong></span> <span class='ocrx_word' id='word_1_518' title='bbox 1296 3806 1515 3863; x_wconf 84' lang='lat' dir='ltr'><strong>difficile</strong></span> <span class='ocrx_word' id='word_1_519' title='bbox 1541 3808 1647 3862; x_wconf 89' lang='lat' dir='ltr'><strong>im-</strong></span> 
     </span>
    </p>
   </div>
   <div class='ocr_carea' id='block_1_69' title="bbox 118 3885 1645 3970">
    <p class='ocr_par' dir='ltr' id='par_1_69' title="bbox 118 3885 1645 3970">
     <span class='ocr_line' id='line_1_69' title="bbox 118 3885 1645 3970; baseline 0.002 -19"><span class='ocrx_word' id='word_1_520' title='bbox 118 3885 230 3951; x_wconf 70' lang='lat' dir='ltr'><strong>Plcre</strong></span> <span class='ocrx_word' id='word_1_521' title='bbox 250 3905 481 3961; x_wconf 81' lang='lat' dir='ltr'><strong>possunt,</strong></span> <span class='ocrx_word' id='word_1_522' title='bbox 517 3895 619 3966; x_wconf 81' lang='lat' dir='ltr'><strong>qui</strong></span> <span class='ocrx_word' id='word_1_523' title='bbox 657 3896 1008 3953; x_wconf 74' lang='lat' dir='ltr'><strong>smcularium</strong></span> <span class='ocrx_word' id='word_1_524' title='bbox 1062 3897 1329 3955; x_wconf 88' lang='lat' dir='ltr'><strong>bonorum</strong></span> <span class='ocrx_word' id='word_1_525' title='bbox 1384 3900 1645 3970; x_wconf 83' lang='lat' dir='ltr'><strong>cupidita-</strong></span> 
     </span>
    </p>
   </div>
   <div class='ocr_carea' id='block_1_70' title="bbox 120 3978 1651 4064">
    <p class='ocr_par' dir='ltr' id='par_1_70' title="bbox 120 3978 1651 4064">
     <span class='ocr_line' id='line_1_70' title="bbox 120 3978 1651 4064; baseline 0.005 -22"><span class='ocrx_word' id='word_1_526' title='bbox 120 3978 246 4047; x_wconf 73' lang='grc' dir='ltr'>ιῖδιιι,</span> <span class='ocrx_word' id='word_1_527' title='bbox 274 3997 335 4053; x_wconf 82' lang='lat' dir='ltr'><strong>et</strong></span> <span class='ocrx_word' id='word_1_528' title='bbox 359 3989 772 4045; x_wconf 85' lang='lat' dir='ltr'><strong>mundanarum</strong></span> <span class='ocrx_word' id='word_1_529' title='bbox 826 3990 1164 4061; x_wconf 87' lang='lat' dir='ltr'><strong>voluptatum</strong></span> <span class='ocrx_word' id='word_1_530' title='bbox 1190 3993 1425 4063; x_wconf 82' lang='lat' dir='ltr'><strong>negotiis</strong></span> <span class='ocrx_word' id='word_1_531' title='bbox 1473 3995 1651 4064; x_wconf 90' lang='lat' dir='ltr'><strong>impli-</strong></span> 
     </span>
    </p>
   </div>
   <div class='ocr_carea' id='block_1_71' title="bbox 115 4079 1645 4156">
    <p class='ocr_par' dir='ltr' id='par_1_71' title="bbox 115 4079 1645 4156">
     <span class='ocr_line' id='line_1_71' title="bbox 115 4079 1645 4156; baseline 0.013 -35"><span class='ocrx_word' id='word_1_532' title='bbox 115 4082 281 4131; x_wconf 80' lang='lat' dir='ltr'><strong>cantur.</strong></span> <span class='ocrx_word' id='word_1_533' title='bbox 341 4079 608 4153; x_wconf 86' lang='lat' dir='ltr'><strong>Quisquis</strong></span> <span class='ocrx_word' id='word_1_534' title='bbox 659 4098 790 4153; x_wconf 90' lang='lat' dir='ltr'><strong>ergo</strong></span> <span class='ocrx_word' id='word_1_535' title='bbox 845 4084 1092 4153; x_wconf 89' lang='lat' dir='ltr'><strong>possidet</strong></span> <span class='ocrx_word' id='word_1_536' title='bbox 1147 4086 1373 4156; x_wconf 85' lang='lat' dir='ltr'><strong>primam</strong></span> <span class='ocrx_word' id='word_1_537' title='bbox 1410 4088 1645 4154; x_wconf 82' lang='lat' dir='ltr'><strong>speciem</strong></span> 
     </span>
    </p>
   </div>
   <div class='ocr_carea' id='block_1_72' title="bbox 116 4162 1646 4249">
    <p class='ocr_par' dir='ltr' id='par_1_72' title="bbox 116 4162 1646 4249">
     <span class='ocr_line' id='line_1_72' title="bbox 116 4162 1646 4249; baseline 0.003 -20"><span class='ocrx_word' id='word_1_538' title='bbox 116 4162 346 4237; x_wconf 67' lang='lat' dir='ltr'><strong>Pudicitiae,</strong></span> <span class='ocrx_word' id='word_1_539' title='bbox 370 4182 430 4229; x_wconf 87' lang='lat' dir='ltr'><strong>et</strong></span> <span class='ocrx_word' id='word_1_540' title='bbox 455 4174 765 4231; x_wconf 84' lang='lat' dir='ltr'><strong>secundam</strong></span> <span class='ocrx_word' id='word_1_541' title='bbox 794 4190 915 4247; x_wconf 56' lang='lat' dir='ltr'><strong>qua</strong></span> <span class='ocrx_word' id='word_1_542' title='bbox 934 4184 1021 4231; x_wconf 87' lang='lat' dir='ltr'><strong>est</strong></span> <span class='ocrx_word' id='word_1_543' title='bbox 1069 4177 1252 4232; x_wconf 86' lang='lat' dir='ltr'><strong>mundi</strong></span> <span class='ocrx_word' id='word_1_544' title='bbox 1282 4186 1646 4249; x_wconf 86' lang='lat' dir='ltr'><strong>contemptus,</strong></span> 
     </span>
    </p>
   </div>
   <div class='ocr_carea' id='block_1_73' title="bbox 115 4261 1646 4343">
    <p class='ocr_par' dir='ltr' id='par_1_73' title="bbox 115 4261 1646 4343">
     <span class='ocr_line' id='line_1_73' title="bbox 115 4261 1646 4343; baseline 0.01 -30"><span class='ocrx_word' id='word_1_545' title='bbox 115 4269 190 4313; x_wconf 79' lang='lat' dir='ltr'><strong>nos</strong></span> <span class='ocrx_word' id='word_1_546' title='bbox 234 4261 426 4323; x_wconf 84' lang='lat' dir='ltr'><strong>obtinet</strong></span> <span class='ocrx_word' id='word_1_547' title='bbox 476 4281 672 4333; x_wconf 81' lang='lat' dir='ltr'><strong>pene:</strong></span> <span class='ocrx_word' id='word_1_548' title='bbox 716 4268 835 4324; x_wconf 88' lang='lat' dir='ltr'><strong>sine</strong></span> <span class='ocrx_word' id='word_1_549' title='bbox 895 4285 1059 4325; x_wconf 83' lang='lat' dir='ltr'><strong>causa</strong></span> <span class='ocrx_word' id='word_1_550' title='bbox 1115 4272 1357 4340; x_wconf 87' lang='lat' dir='ltr'><strong>possidet</strong></span> <span class='ocrx_word' id='word_1_551' title='bbox 1395 4272 1646 4343; x_wconf 88' lang='lat' dir='ltr'><strong>primam,</strong></span> 
     </span>
    </p>
   </div>
   <div class='ocr_carea' id='block_1_74' title="bbox 114 4354 1647 4435">
    <p class='ocr_par' dir='ltr' id='par_1_74' title="bbox 114 4354 1647 4435">
     <span class='ocr_line' id='line_1_74' title="bbox 114 4354 1647 4435; baseline 0.002 -18"><span class='ocrx_word' id='word_1_552' title='bbox 114 4354 278 4417; x_wconf 64' lang='lat' dir='ltr'><strong>quando</strong></span> <span class='ocrx_word' id='word_1_553' title='bbox 300 4360 601 4417; x_wconf 81' lang='lat' dir='ltr'><strong>secundam</strong></span> <span class='ocrx_word' id='word_1_554' title='bbox 630 4377 741 4417; x_wconf 87' lang='lat' dir='ltr'><strong>non</strong></span> <span class='ocrx_word' id='word_1_555' title='bbox 769 4363 957 4430; x_wconf 88' lang='lat' dir='ltr'><strong>habet,</strong></span> <span class='ocrx_word' id='word_1_556' title='bbox 982 4372 1205 4434; x_wconf 89' lang='lat' dir='ltr'><strong>propter</strong></span> <span class='ocrx_word' id='word_1_557' title='bbox 1232 4381 1396 4435; x_wconf 91' lang='lat' dir='ltr'><strong>quam</strong></span> <span class='ocrx_word' id='word_1_558' title='bbox 1422 4369 1647 4435; x_wconf 70' lang='lat' dir='ltr'><strong>quatsita</strong></span> 
     </span>
    </p>
   </div>
   <div class='ocr_carea' id='block_1_75' title="bbox 116 4448 1645 4524">
    <p class='ocr_par' dir='ltr' id='par_1_75' title="bbox 116 4448 1645 4524">
     <span class='ocr_line' id='line_1_75' title="bbox 116 4448 1645 4524; baseline 0.007 -21"><span class='ocrx_word' id='word_1_559' title='bbox 116 4453 170 4497; x_wconf 65' lang='lat' dir='ltr'><strong>ett</strong></span> <span class='ocrx_word' id='word_1_560' title='bbox 190 4448 356 4517; x_wconf 83' lang='lat' dir='ltr'><strong>prima.</strong></span> <span class='ocrx_word' id='word_1_561' title='bbox 384 4452 439 4508; x_wconf 89' lang='lat' dir='ltr'><strong>Si</strong></span> <span class='ocrx_word' id='word_1_562' title='bbox 470 4454 709 4523; x_wconf 87' lang='lat' dir='ltr'><strong>primam</strong></span> <span class='ocrx_word' id='word_1_563' title='bbox 747 4464 801 4510; x_wconf 90' lang='lat' dir='ltr'><strong>et</strong></span> <span class='ocrx_word' id='word_1_564' title='bbox 828 4456 1123 4511; x_wconf 87' lang='lat' dir='ltr'><strong>secundam</strong></span> <span class='ocrx_word' id='word_1_565' title='bbox 1156 4454 1339 4524; x_wconf 88' lang='lat' dir='ltr'><strong>habet,</strong></span> <span class='ocrx_word' id='word_1_566' title='bbox 1373 4458 1460 4513; x_wconf 90' lang='lat' dir='ltr'><strong>cui</strong></span> <span class='ocrx_word' id='word_1_567' title='bbox 1486 4460 1645 4514; x_wconf 87' lang='lat' dir='ltr'><strong>tertia</strong></span> 
     </span>
    </p>
   </div>
   <div class='ocr_carea' id='block_1_76' title="bbox 1752 3238 3339 3315">
    <p class='ocr_par' dir='ltr' id='par_1_76' title="bbox 1752 3238 3339 3315">
     <span class='ocr_line' id='line_1_76' title="bbox 1752 3238 3339 3315; baseline 0.008 -23"><span class='ocrx_word' id='word_1_568' title='bbox 1752 3239 2102 3293; x_wconf 87' lang='lat' dir='ltr'><strong>tribulatione</strong></span> <span class='ocrx_word' id='word_1_569' title='bbox 2135 3238 2183 3295; x_wconf 90' lang='lat' dir='ltr'><strong>si</strong></span> <span class='ocrx_word' id='word_1_570' title='bbox 2211 3254 2387 3307; x_wconf 89' lang='lat' dir='ltr'><strong>esses,</strong></span> <span class='ocrx_word' id='word_1_571' title='bbox 2438 3244 2719 3299; x_wconf 86' lang='lat' dir='ltr'><strong>subveniri</strong></span> <span class='ocrx_word' id='word_1_572' title='bbox 2751 3260 3009 3315; x_wconf 88' lang='lat' dir='ltr'><strong>cuperes,</strong></span> <span class='ocrx_word' id='word_1_573' title='bbox 3060 3250 3129 3303; x_wconf 88' lang='lat' dir='ltr'><strong>ita</strong></span> <span class='ocrx_word' id='word_1_574' title='bbox 3177 3249 3339 3306; x_wconf 89' lang='lat' dir='ltr'><strong>alteri</strong></span> 
     </span>
    </p>
   </div>
   <div class='ocr_carea' id='block_1_77' title="bbox 1751 3330 3339 3410">
    <p class='ocr_par' dir='ltr' id='par_1_77' title="bbox 1751 3330 3339 3410">
     <span class='ocr_line' id='line_1_77' title="bbox 1751 3330 3339 3410; baseline 0.006 -26"><span class='ocrx_word' id='word_1_575' title='bbox 1751 3330 1866 3398; x_wconf 88' lang='lat' dir='ltr'><strong>ipse</strong></span> <span class='ocrx_word' id='word_1_576' title='bbox 1916 3330 2207 3387; x_wconf 87' lang='lat' dir='ltr'><strong>subvenias</strong></span> <span class='ocrx_word' id='word_1_577' title='bbox 2248 3341 2471 3404; x_wconf 90' lang='lat' dir='ltr'><strong>propter</strong></span> <span class='ocrx_word' id='word_1_578' title='bbox 2500 3332 2632 3389; x_wconf 90' lang='lat' dir='ltr'><strong>illud</strong></span> <span class='ocrx_word' id='word_1_579' title='bbox 2661 3354 2674 3390; x_wconf 92' lang='lat'><strong>:</strong></span> <span class='ocrx_word' id='word_1_580' title='bbox 2707 3337 3055 3410; x_wconf 62' lang='lat' dir='ltr'><strong>Quaecumque</strong></span> <span class='ocrx_word' id='word_1_581' title='bbox 3094 3341 3252 3395; x_wconf 69' lang='lat' dir='ltr'><strong>t‘ttlflt</strong></span> <span class='ocrx_word' id='word_1_582' title='bbox 3283 3352 3339 3394; x_wconf 84' lang='lat' dir='ltr'><strong>ut</strong></span> 
     </span>
    </p>
   </div>
   <div class='ocr_carea' id='block_1_78' title="bbox 1749 3424 3339 3502">
    <p class='ocr_par' dir='ltr' id='par_1_78' title="bbox 1749 3424 3339 3502">
     <span class='ocr_line' id='line_1_78' title="bbox 1749 3424 3339 3502; baseline 0.008 -26"><span class='ocrx_word' id='word_1_583' title='bbox 1749 3424 1949 3494; x_wconf 81' lang='lat' dir='ltr'><strong>faciant</strong></span> <span class='ocrx_word' id='word_1_584' title='bbox 1973 3426 2113 3480; x_wconf 78' lang='lat' dir='ltr'><strong>vobis</strong></span> <span class='ocrx_word' id='word_1_585' title='bbox 2141 3426 2369 3481; x_wconf 79' lang='lat' dir='ltr'><strong>homines</strong></span> <span class='ocrx_word' id='word_1_586' title='bbox 2397 3428 2548 3491; x_wconf 79' lang='lat' dir='ltr'><strong>bona,</strong></span> <span class='ocrx_word' id='word_1_587' title='bbox 2581 3429 2654 3483; x_wconf 80' lang='lat' dir='ltr'><strong>ita</strong></span> <span class='ocrx_word' id='word_1_588' title='bbox 2680 3443 2728 3485; x_wconf 77' lang='lat' dir='ltr'><strong>et</strong></span> <span class='ocrx_word' id='word_1_589' title='bbox 2752 3447 2840 3485; x_wconf 84' lang='lat' dir='ltr'><strong>vos</strong></span> <span class='ocrx_word' id='word_1_590' title='bbox 2879 3432 3034 3502; x_wconf 77' lang='lat' dir='ltr'><strong>facile</strong></span> <span class='ocrx_word' id='word_1_591' title='bbox 3053 3433 3163 3488; x_wconf 84' lang='lat' dir='ltr'><strong>illis</strong></span> <span class='ocrx_word' id='word_1_592' title='bbox 3188 3436 3339 3489; x_wconf 84' lang='lat' dir='ltr'><strong>simi-</strong></span> 
     </span>
    </p>
   </div>
   <div class='ocr_carea' id='block_1_79' title="bbox 1750 3518 3341 3597">
    <p class='ocr_par' dir='ltr' id='par_1_79' title="bbox 1750 3518 3341 3597">
     <span class='ocr_line' id='line_1_79' title="bbox 1750 3518 3341 3597; baseline 0.008 -25"><span class='ocrx_word' id='word_1_593' title='bbox 1750 3519 1865 3573; x_wconf 83' lang='lat' dir='ltr'><strong>liter</strong></span> <span class='ocrx_word' id='word_1_594' title='bbox 1890 3518 2130 3589; x_wconf 77' lang='grc' dir='ltr'><strong>(ΜαιΙΙι.,</strong></span> <span class='ocrx_word' id='word_1_595' title='bbox 2164 3536 2253 3586; x_wconf 83' lang='lat' dir='ltr'><strong>vn,</strong></span> <span class='ocrx_word' id='word_1_596' title='bbox 2289 3519 2401 3589; x_wconf 74' lang='grc'><strong>12).</strong></span> <span class='ocrx_word' id='word_1_597' title='bbox 2435 3520 2569 3576; x_wconf 83' lang='lat' dir='ltr'><strong>Nam</strong></span> <span class='ocrx_word' id='word_1_598' title='bbox 2614 3539 2734 3579; x_wconf 93' lang='lat' dir='ltr'><strong>cum</strong></span> <span class='ocrx_word' id='word_1_599' title='bbox 2772 3526 2939 3581; x_wconf 88' lang='lat' dir='ltr'><strong>ﬂente</strong></span> <span class='ocrx_word' id='word_1_600' title='bbox 2969 3526 3137 3597; x_wconf 88' lang='lat' dir='ltr'><strong>ﬂere,</strong></span> <span class='ocrx_word' id='word_1_601' title='bbox 3170 3538 3227 3583; x_wconf 90' lang='lat' dir='ltr'><strong>et</strong></span> <span class='ocrx_word' id='word_1_602' title='bbox 3256 3529 3341 3584; x_wconf 89' lang='lat' dir='ltr'><strong>ni-</strong></span> 
     </span>
    </p>
   </div>
   <div class='ocr_carea' id='block_1_80' title="bbox 1750 3610 3332 3693">
    <p class='ocr_par' dir='ltr' id='par_1_80' title="bbox 1750 3610 3332 3693">
     <span class='ocr_line' id='line_1_80' title="bbox 1750 3610 3332 3693; baseline 0.01 -29"><span class='ocrx_word' id='word_1_603' title='bbox 1750 3610 1849 3680; x_wconf 91' lang='lat' dir='ltr'><strong>hil,</strong></span> <span class='ocrx_word' id='word_1_604' title='bbox 1874 3628 1997 3667; x_wconf 90' lang='lat' dir='ltr'><strong>ctun</strong></span> <span class='ocrx_word' id='word_1_605' title='bbox 2024 3615 2221 3684; x_wconf 85' lang='lat' dir='ltr'><strong>possis,</strong></span> <span class='ocrx_word' id='word_1_606' title='bbox 2245 3616 2399 3673; x_wconf 89' lang='lat' dir='ltr'><strong>ﬂenti</strong></span> <span class='ocrx_word' id='word_1_607' title='bbox 2427 3618 2699 3683; x_wconf 88' lang='lat' dir='ltr'><strong>conferre,</strong></span> <span class='ocrx_word' id='word_1_608' title='bbox 2732 3621 3195 3693; x_wconf 87' lang='lat' dir='ltr'><strong>subsannatiouis,</strong></span> <span class='ocrx_word' id='word_1_609' title='bbox 3223 3640 3332 3681; x_wconf 92' lang='lat' dir='ltr'><strong>non</strong></span> 
     </span>
    </p>
   </div>
   <div class='ocr_carea' id='block_1_81' title="bbox 1749 3707 3334 3785">
    <p class='ocr_par' dir='ltr' id='par_1_81' title="bbox 1749 3707 3334 3785">
     <span class='ocr_line' id='line_1_81' title="bbox 1749 3707 3334 3785; baseline 0.01 -26"><span class='ocrx_word' id='word_1_610' title='bbox 1749 3707 1965 3776; x_wconf 87' lang='lat' dir='ltr'><strong>pietatis</strong></span> <span class='ocrx_word' id='word_1_611' title='bbox 1994 3708 2253 3765; x_wconf 86' lang='lat' dir='ltr'><strong>indicium</strong></span> <span class='ocrx_word' id='word_1_612' title='bbox 2286 3720 2389 3767; x_wconf 86' lang='lat' dir='ltr'><strong>est.</strong></span> <span class='ocrx_word' id='word_1_613' title='bbox 2427 3712 2669 3785; x_wconf 88' lang='lat' dir='ltr'><strong>Denique</strong></span> <span class='ocrx_word' id='word_1_614' title='bbox 2700 3713 2958 3771; x_wconf 89' lang='lat' dir='ltr'><strong>Salvator</strong></span> <span class='ocrx_word' id='word_1_615' title='bbox 2997 3727 3184 3773; x_wconf 90' lang='lat' dir='ltr'><strong>noster</strong></span> <span class='ocrx_word' id='word_1_616' title='bbox 3213 3735 3334 3775; x_wconf 82' lang='lat' dir='ltr'><strong>cum</strong></span> 
     </span>
    </p>
   </div>
   <div class='ocr_carea' id='block_1_82' title="bbox 1749 3796 3337 3878">
    <p class='ocr_par' dir='ltr' id='par_1_82' title="bbox 1749 3796 3337 3878">
     <span class='ocr_line' id='line_1_82' title="bbox 1749 3796 3337 3878; baseline 0.008 -23"><span class='ocrx_word' id='word_1_617' title='bbox 1749 3800 1913 3856; x_wconf 80' lang='lat' dir='ltr'><strong>Maria</strong></span> <span class='ocrx_word' id='word_1_618' title='bbox 1940 3810 1997 3857; x_wconf 89' lang='lat' dir='ltr'><strong>et</strong></span> <span class='ocrx_word' id='word_1_619' title='bbox 2022 3803 2229 3860; x_wconf 86' lang='lat' dir='ltr'><strong>Martha</strong></span> <span class='ocrx_word' id='word_1_620' title='bbox 2250 3796 2439 3861; x_wconf 80' lang='lat' dir='ltr'><strong>Laiari</strong></span> <span class='ocrx_word' id='word_1_621' title='bbox 2471 3807 2756 3871; x_wconf 82' lang='lat' dir='ltr'><strong>sororibus</strong></span> <span class='ocrx_word' id='word_1_622' title='bbox 2779 3806 2945 3878; x_wconf 89' lang='lat' dir='ltr'><strong>ﬂevit,</strong></span> <span class='ocrx_word' id='word_1_623' title='bbox 2972 3818 3028 3864; x_wconf 89' lang='lat' dir='ltr'><strong>et</strong></span> <span class='ocrx_word' id='word_1_624' title='bbox 3056 3810 3337 3867; x_wconf 74' lang='lat' dir='ltr'><strong>immensa:</strong></span> 
     </span>
    </p>
   </div>
   <div class='ocr_carea' id='block_1_83' title="bbox 1750 3894 3337 3971">
    <p class='ocr_par' dir='ltr' id='par_1_83' title="bbox 1750 3894 3337 3971">
     <span class='ocr_line' id='line_1_83' title="bbox 1750 3894 3337 3971; baseline 0.008 -23"><span class='ocrx_word' id='word_1_625' title='bbox 1750 3894 2143 3952; x_wconf 68' lang='lat' dir='ltr'><strong>misericordiae</strong></span> <span class='ocrx_word' id='word_1_626' title='bbox 2200 3896 2484 3965; x_wconf 64' lang='lat' dir='ltr'><strong>affer-tum,</strong></span> <span class='ocrx_word' id='word_1_627' title='bbox 2532 3900 2891 3971; x_wconf 83' lang='lat' dir='ltr'><strong>lacrymarum</strong></span> <span class='ocrx_word' id='word_1_628' title='bbox 2944 3904 3337 3960; x_wconf 84' lang='lat' dir='ltr'><strong>contestatione</strong></span> 
     </span>
    </p>
   </div>
   <div class='ocr_carea' id='block_1_84' title="bbox 1751 3989 3335 4066">
    <p class='ocr_par' dir='ltr' id='par_1_84' title="bbox 1751 3989 3335 4066">
     <span class='ocr_line' id='line_1_84' title="bbox 1751 3989 3335 4066; baseline 0.006 -25"><span class='ocrx_word' id='word_1_629' title='bbox 1751 3989 2122 4044; x_wconf 88' lang='lat' dir='ltr'><strong>monstravit:</strong></span> <span class='ocrx_word' id='word_1_630' title='bbox 2171 3999 2227 4044; x_wconf 92' lang='lat' dir='ltr'><strong>et</strong></span> <span class='ocrx_word' id='word_1_631' title='bbox 2268 4006 2411 4045; x_wconf 74' lang='lat' dir='ltr'><strong>vera:</strong></span> <span class='ocrx_word' id='word_1_632' title='bbox 2453 3992 2673 4061; x_wconf 88' lang='lat' dir='ltr'><strong>pietatis</strong></span> <span class='ocrx_word' id='word_1_633' title='bbox 2728 3991 2957 4059; x_wconf 90' lang='lat' dir='ltr'><strong>indicia,</strong></span> <span class='ocrx_word' id='word_1_634' title='bbox 3009 4008 3137 4049; x_wconf 76' lang='lat' dir='ltr'><strong>mox</strong></span> <span class='ocrx_word' id='word_1_635' title='bbox 3168 4010 3335 4066; x_wconf 87' lang='lat' dir='ltr'><strong>opera</strong></span> 
     </span>
    </p>
   </div>
   <div class='ocr_carea' id='block_1_85' title="bbox 1750 4080 3335 4160">
    <p class='ocr_par' dir='ltr' id='par_1_85' title="bbox 1750 4080 3335 4160">
     <span class='ocr_line' id='line_1_85' title="bbox 1750 4080 3335 4160; baseline 0.006 -23"><span class='ocrx_word' id='word_1_636' title='bbox 1750 4080 2037 4138; x_wconf 87' lang='lat' dir='ltr'><strong>subsecuta</strong></span> <span class='ocrx_word' id='word_1_637' title='bbox 2066 4092 2236 4147; x_wconf 82' lang='lat' dir='ltr'><strong>sunt;</strong></span> <span class='ocrx_word' id='word_1_638' title='bbox 2278 4094 2481 4140; x_wconf 87' lang='lat' dir='ltr'><strong>etcum</strong></span> <span class='ocrx_word' id='word_1_639' title='bbox 2515 4087 2812 4142; x_wconf 86' lang='lat' dir='ltr'><strong>suscitatus</strong></span> <span class='ocrx_word' id='word_1_640' title='bbox 2860 4087 3130 4155; x_wconf 84' lang='lat' dir='ltr'><strong>Lazarus,</strong></span> <span class='ocrx_word' id='word_1_641' title='bbox 3179 4089 3335 4160; x_wconf 87' lang='lat' dir='ltr'><strong>cujus</strong></span> 
     </span>
    </p>
   </div>
   <div class='ocr_carea' id='block_1_86' title="bbox 1752 4172 3340 4247">
    <p class='ocr_par' dir='ltr' id='par_1_86' title="bbox 1752 4172 3340 4247">
     <span class='ocr_line' id='line_1_86' title="bbox 1752 4172 3340 4247; baseline 0.006 -20"><span class='ocrx_word' id='word_1_642' title='bbox 1752 4186 1913 4228; x_wconf 90' lang='lat' dir='ltr'><strong>causa</strong></span> <span class='ocrx_word' id='word_1_643' title='bbox 1948 4172 2205 4247; x_wconf 70' lang='lat' dir='ltr'><strong>lacrymte</strong></span> <span class='ocrx_word' id='word_1_644' title='bbox 2235 4175 2626 4246; x_wconf 87' lang='lat' dir='ltr'><strong>fundebantur,</strong></span> <span class='ocrx_word' id='word_1_645' title='bbox 2659 4178 2945 4235; x_wconf 89' lang='lat' dir='ltr'><strong>sororibus</strong></span> <span class='ocrx_word' id='word_1_646' title='bbox 2971 4180 3128 4236; x_wconf 85' lang='lat' dir='ltr'><strong>vivus</strong></span> <span class='ocrx_word' id='word_1_647' title='bbox 3156 4181 3340 4237; x_wconf 87' lang='lat' dir='ltr'><strong>reddi-</strong></span> 
     </span>
    </p>
   </div>
   <div class='ocr_carea' id='block_1_87' title="bbox 1753 4267 3341 4351">
    <p class='ocr_par' dir='ltr' id='par_1_87' title="bbox 1753 4267 3341 4351">
     <span class='ocr_line' id='line_1_87' title="bbox 1753 4267 3341 4351; baseline 0.008 -31"><span class='ocrx_word' id='word_1_648' title='bbox 1753 4276 1858 4321; x_wconf 91' lang='lat' dir='ltr'><strong>tur.</strong></span> <span class='ocrx_word' id='word_1_649' title='bbox 1894 4267 1959 4321; x_wconf 80' lang='lat' dir='ltr'><strong>Et</strong></span> <span class='ocrx_word' id='word_1_650' title='bbox 1987 4268 2086 4324; x_wconf 84' lang='lat' dir='ltr'><strong>hoc</strong></span> <span class='ocrx_word' id='word_1_651' title='bbox 2115 4268 2215 4324; x_wconf 90' lang='lat' dir='ltr'><strong>fuit</strong></span> <span class='ocrx_word' id='word_1_652' title='bbox 2242 4270 2329 4339; x_wconf 89' lang='lat' dir='ltr'><strong>pie</strong></span> <span class='ocrx_word' id='word_1_653' title='bbox 2369 4269 2506 4327; x_wconf 87' lang='lat' dir='ltr'><strong>ﬂere</strong></span> <span class='ocrx_word' id='word_1_654' title='bbox 2541 4286 2664 4327; x_wconf 89' lang='lat' dir='ltr'><strong>eum</strong></span> <span class='ocrx_word' id='word_1_655' title='bbox 2693 4271 2984 4341; x_wconf 88' lang='lat' dir='ltr'><strong>ﬂentibus,</strong></span> <span class='ocrx_word' id='word_1_656' title='bbox 3026 4276 3341 4351; x_wconf 86' lang='lat' dir='ltr'><strong>occasiones</strong></span> 
     </span>
    </p>
   </div>
   <div class='ocr_carea' id='block_1_88' title="bbox 1752 4358 3338 4438">
    <p class='ocr_par' dir='ltr' id='par_1_88' title="bbox 1752 4358 3338 4438">
     <span class='ocr_line' id='line_1_88' title="bbox 1752 4358 3338 4438; baseline 0.007 -25"><span class='ocrx_word' id='word_1_657' title='bbox 1752 4358 1913 4415; x_wconf 88' lang='lat' dir='ltr'><strong>ﬂetus</strong></span> <span class='ocrx_word' id='word_1_658' title='bbox 1936 4360 2173 4417; x_wconf 85' lang='lat' dir='ltr'><strong>auferre.</strong></span> <span class='ocrx_word' id='word_1_659' title='bbox 2208 4363 2314 4420; x_wconf 86' lang='lat' dir='ltr'><strong>Sed</strong></span> <span class='ocrx_word' id='word_1_660' title='bbox 2343 4367 2493 4434; x_wconf 86' lang='lat' dir='ltr'><strong>quasi</strong></span> <span class='ocrx_word' id='word_1_661' title='bbox 2526 4376 2741 4434; x_wconf 87' lang='lat' dir='ltr'><strong>potens,</strong></span> <span class='ocrx_word' id='word_1_662' title='bbox 2774 4366 3003 4438; x_wconf 90' lang='lat' dir='ltr'><strong>inquies,</strong></span> <span class='ocrx_word' id='word_1_663' title='bbox 3036 4368 3163 4424; x_wconf 88' lang='lat' dir='ltr'><strong>fecit</strong></span> <span class='ocrx_word' id='word_1_664' title='bbox 3195 4386 3211 4427; x_wconf 88' lang='lat'><strong>:</strong></span> <span class='ocrx_word' id='word_1_665' title='bbox 3241 4369 3338 4425; x_wconf 88' lang='lat' dir='ltr'><strong>sed</strong></span> 
     </span>
    </p>
   </div>
   <div class='ocr_carea' id='block_1_89' title="bbox 1755 4452 3340 4532">
    <p class='ocr_par' dir='ltr' id='par_1_89' title="bbox 1755 4452 3340 4532">
     <span class='ocr_line' id='line_1_89' title="bbox 1755 4452 3340 4532; baseline 0.006 -25"><span class='ocrx_word' id='word_1_666' title='bbox 1755 4468 1854 4507; x_wconf 86' lang='lat' dir='ltr'><strong>nec</strong></span> <span class='ocrx_word' id='word_1_667' title='bbox 1887 4452 1980 4508; x_wconf 91' lang='lat' dir='ltr'><strong>tibi</strong></span> <span class='ocrx_word' id='word_1_668' title='bbox 2015 4454 2214 4525; x_wconf 87' lang='lat' dir='ltr'><strong>aliquid</strong></span> <span class='ocrx_word' id='word_1_669' title='bbox 2240 4456 2575 4527; x_wconf 87' lang='lat' dir='ltr'><strong>impossibile</strong></span> <span class='ocrx_word' id='word_1_670' title='bbox 2603 4459 2916 4529; x_wconf 86' lang='lat' dir='ltr'><strong>imperatur.</strong></span> <span class='ocrx_word' id='word_1_671' title='bbox 2951 4458 3195 4532; x_wconf 80' lang='lat' dir='ltr'><strong>Implevit</strong></span> <span class='ocrx_word' id='word_1_672' title='bbox 3218 4475 3340 4516; x_wconf 91' lang='lat' dir='ltr'><strong>om-</strong></span> 
     </span>
    </p>
   </div>
   <div class='ocr_carea' id='block_1_90' title="bbox 114 4518 2541 4624">
    <p class='ocr_par' dir='ltr' id='par_1_90' title="bbox 114 4518 2541 4624">
     <span class='ocr_line' id='line_1_90' title="bbox 114 4518 2541 4624; baseline -0 -21"><span class='ocrx_word' id='word_1_673' title='bbox 114 4549 195 4603; x_wconf 56' lang='lat' dir='ltr'><strong>ini?</strong></span> <span class='ocrx_word' id='word_1_674' title='bbox 236 4555 309 4600; x_wconf 80' lang='lat' dir='ltr'><strong>est</strong></span> <span class='ocrx_word' id='word_1_675' title='bbox 346 4518 566 4616; x_wconf 75' lang='lat' dir='ltr'><strong>iustitia</strong></span> <span class='ocrx_word' id='word_1_676' title='bbox 615 4548 779 4615; x_wconf 88' lang='lat' dir='ltr'><strong>desit,</strong></span> <span class='ocrx_word' id='word_1_677' title='bbox 827 4551 1026 4605; x_wconf 87' lang='lat' dir='ltr'><strong>frustra</strong></span> <span class='ocrx_word' id='word_1_678' title='bbox 1080 4550 1287 4606; x_wconf 82' lang='lat' dir='ltr'><strong>laborat</strong></span> <span class='ocrx_word' id='word_1_679' title='bbox 1390 4554 1644 4624; x_wconf 89' lang='lat' dir='ltr'><strong>quoniam</strong></span> <span class='ocrx_word' id='word_1_680' title='bbox 1677 4518 1726 4583; x_wconf 73' lang='grc' dir='ltr'>θ</span> <span class='ocrx_word' id='word_1_681' title='bbox 1754 4546 1865 4609; x_wconf 86' lang='lat' dir='ltr'><strong>nia,</strong></span> <span class='ocrx_word' id='word_1_682' title='bbox 1898 4546 1987 4616; x_wconf 92' lang='lat' dir='ltr'><strong>qui</strong></span> <span class='ocrx_word' id='word_1_683' title='bbox 2018 4518 2161 4618; x_wconf 81' lang='lat' dir='ltr'><strong>quod</strong></span> <span class='ocrx_word' id='word_1_684' title='bbox 2195 4518 2368 4618; x_wconf 73' lang='lat' dir='ltr'><strong>potuit</strong></span> <span class='ocrx_word' id='word_1_685' title='bbox 2397 4548 2541 4604; x_wconf 83' lang='lat' dir='ltr'><strong>fecit.</strong></span> 
     </span>
    </p>
   </div>
   <div class='ocr_carea' id='block_1_91' title="bbox 113 4636 1645 4717">
    <p class='ocr_par' dir='ltr' id='par_1_91' title="bbox 113 4636 1645 4717">
     <span class='ocr_line' id='line_1_91' title="bbox 113 4636 1645 4717; baseline 0.007 -26"><span class='ocrx_word' id='word_1_686' title='bbox 113 4636 361 4700; x_wconf 61' lang='lat' dir='ltr'><strong>tuwiores</strong></span> <span class='ocrx_word' id='word_1_687' title='bbox 408 4641 537 4697; x_wconf 72' lang='lat' dir='ltr'><strong>duce</strong></span> <span class='ocrx_word' id='word_1_688' title='bbox 596 4654 824 4714; x_wconf 87' lang='lat' dir='ltr'><strong>propter</strong></span> <span class='ocrx_word' id='word_1_689' title='bbox 877 4644 1094 4700; x_wconf 88' lang='lat' dir='ltr'><strong>tertiam</strong></span> <span class='ocrx_word' id='word_1_690' title='bbox 1142 4646 1413 4715; x_wconf 85' lang='lat' dir='ltr'><strong>praecipue</strong></span> <span class='ocrx_word' id='word_1_691' title='bbox 1461 4650 1645 4717; x_wconf 85' lang='lat' dir='ltr'><strong>requi-</strong></span> 
     </span>
    </p>
   </div>
   <div class='ocr_carea' id='block_1_92' title="bbox 116 4734 1645 4809">
    <p class='ocr_par' dir='ltr' id='par_1_92' title="bbox 116 4734 1645 4809">
     <span class='ocr_line' id='line_1_92' title="bbox 116 4734 1645 4809; baseline 0.009 -27"><span class='ocrx_word' id='word_1_692' title='bbox 116 4735 271 4787; x_wconf 61' lang='lat' dir='ltr'><strong>runtur.</strong></span> <span class='ocrx_word' id='word_1_693' title='bbox 320 4734 460 4801; x_wconf 87' lang='lat' dir='ltr'><strong>Quid</strong></span> <span class='ocrx_word' id='word_1_694' title='bbox 518 4737 667 4793; x_wconf 90' lang='lat' dir='ltr'><strong>enim</strong></span> <span class='ocrx_word' id='word_1_695' title='bbox 739 4747 965 4805; x_wconf 88' lang='lat' dir='ltr'><strong>propter</strong></span> <span class='ocrx_word' id='word_1_696' title='bbox 1028 4739 1213 4793; x_wconf 90' lang='lat' dir='ltr'><strong>mundi</strong></span> <span class='ocrx_word' id='word_1_697' title='bbox 1272 4750 1645 4809; x_wconf 88' lang='lat' dir='ltr'><strong>contemptum</strong></span> 
     </span>
    </p>
   </div>
   <div class='ocr_carea' id='block_1_93' title="bbox 113 4818 1644 4901">
    <p class='ocr_par' dir='ltr' id='par_1_93' title="bbox 113 4818 1644 4901">
     <span class='ocr_line' id='line_1_93' title="bbox 113 4818 1644 4901; baseline 0.003 -20"><span class='ocrx_word' id='word_1_698' title='bbox 113 4818 273 4881; x_wconf 65' lang='grc' dir='ltr'><strong>μούεει</strong></span> <span class='ocrx_word' id='word_1_699' title='bbox 318 4827 640 4894; x_wconf 86' lang='lat' dir='ltr'><strong>pudicitiam</strong></span> <span class='ocrx_word' id='word_1_700' title='bbox 704 4827 929 4892; x_wconf 85' lang='lat' dir='ltr'><strong>habere,</strong></span> <span class='ocrx_word' id='word_1_701' title='bbox 982 4840 1039 4884; x_wconf 92' lang='lat' dir='ltr'><strong>et</strong></span> <span class='ocrx_word' id='word_1_702' title='bbox 1078 4839 1299 4900; x_wconf 91' lang='lat' dir='ltr'><strong>propter</strong></span> <span class='ocrx_word' id='word_1_703' title='bbox 1337 4831 1478 4901; x_wconf 88' lang='lat' dir='ltr'><strong>quod</strong></span> <span class='ocrx_word' id='word_1_704' title='bbox 1526 4847 1644 4887; x_wconf 88' lang='lat' dir='ltr'><strong>cam</strong></span> 
     </span>
    </p>
   </div>
   <div class='ocr_carea' id='block_1_94' title="bbox 111 4906 1641 4993">
    <p class='ocr_par' dir='ltr' id='par_1_94' title="bbox 111 4906 1641 4993">
     <span class='ocr_line' id='line_1_94' title="bbox 111 4906 1641 4993; baseline 0.008 -24"><span class='ocrx_word' id='word_1_705' title='bbox 111 4906 258 4970; x_wconf 59' lang='lat' dir='ltr'><strong>habeas</strong></span> <span class='ocrx_word' id='word_1_706' title='bbox 279 4935 384 4975; x_wconf 87' lang='lat' dir='ltr'><strong>non</strong></span> <span class='ocrx_word' id='word_1_707' title='bbox 417 4921 627 4978; x_wconf 83' lang='lat' dir='ltr'><strong>habere</strong></span> <span class='ocrx_word' id='word_1_708' title='bbox 648 4923 672 4975; x_wconf 76' lang='lat'><strong>7</strong></span> <span class='ocrx_word' id='word_1_709' title='bbox 696 4921 794 4981; x_wconf 79' lang='lat' dir='ltr'><strong>Vel</strong></span> <span class='ocrx_word' id='word_1_710' title='bbox 825 4939 925 4979; x_wconf 90' lang='lat' dir='ltr'><strong>cur</strong></span> <span class='ocrx_word' id='word_1_711' title='bbox 952 4940 1043 4980; x_wconf 87' lang='lat' dir='ltr'><strong>res</strong></span> <span class='ocrx_word' id='word_1_712' title='bbox 1078 4925 1266 4981; x_wconf 87' lang='lat' dir='ltr'><strong>mundi</strong></span> <span class='ocrx_word' id='word_1_713' title='bbox 1299 4936 1641 4993; x_wconf 89' lang='lat' dir='ltr'><strong>contemnas,</strong></span> 
     </span>
    </p>
   </div>
   <div class='ocr_carea' id='block_1_95' title="bbox 111 5002 1646 5089">
    <p class='ocr_par' dir='ltr' id='par_1_95' title="bbox 111 5002 1646 5089">
     <span class='ocr_line' id='line_1_95' title="bbox 111 5002 1646 5089; baseline 0.008 -29"><span class='ocrx_word' id='word_1_714' title='bbox 111 5002 136 5053; x_wconf 66' lang='grc' dir='ltr'><strong>εἰ</strong></span> <span class='ocrx_word' id='word_1_715' title='bbox 154 5003 383 5073; x_wconf 77' lang='lat' dir='ltr'><strong>iustitiam</strong></span> <span class='ocrx_word' id='word_1_716' title='bbox 414 5024 648 5085; x_wconf 80' lang='lat' dir='ltr'><strong>propter</strong></span> <span class='ocrx_word' id='word_1_717' title='bbox 670 5031 833 5089; x_wconf 89' lang='lat' dir='ltr'><strong>quam</strong></span> <span class='ocrx_word' id='word_1_718' title='bbox 865 5016 1174 5085; x_wconf 76' lang='lat' dir='ltr'><strong>pudicitiam</strong></span> <span class='ocrx_word' id='word_1_719' title='bbox 1204 5027 1259 5073; x_wconf 90' lang='lat' dir='ltr'><strong>et</strong></span> <span class='ocrx_word' id='word_1_720' title='bbox 1300 5018 1482 5074; x_wconf 88' lang='lat' dir='ltr'><strong>mundi</strong></span> <span class='ocrx_word' id='word_1_721' title='bbox 1513 5034 1646 5075; x_wconf 80' lang='lat' dir='ltr'><strong>cuii-</strong></span> 
     </span>
    </p>
   </div>
   <div class='ocr_carea' id='block_1_96' title="bbox 109 5106 1645 5180">
    <p class='ocr_par' dir='ltr' id='par_1_96' title="bbox 109 5106 1645 5180">
     <span class='ocr_line' id='line_1_96' title="bbox 109 5106 1645 5180; baseline 0.005 -20"><span class='ocrx_word' id='word_1_722' title='bbox 109 5106 312 5170; x_wconf 69' lang='grc' dir='ltr'>ιειιρωιιι</span> <span class='ocrx_word' id='word_1_723' title='bbox 355 5110 567 5165; x_wconf 85' lang='lat' dir='ltr'><strong>habere</strong></span> <span class='ocrx_word' id='word_1_724' title='bbox 618 5120 671 5165; x_wconf 86' lang='lat' dir='ltr'><strong>te</strong></span> <span class='ocrx_word' id='word_1_725' title='bbox 700 5111 978 5177; x_wconf 85' lang='lat' dir='ltr'><strong>convenit,</strong></span> <span class='ocrx_word' id='word_1_726' title='bbox 1010 5126 1117 5166; x_wconf 85' lang='lat' dir='ltr'><strong>non</strong></span> <span class='ocrx_word' id='word_1_727' title='bbox 1148 5112 1472 5167; x_wconf 72' lang='lat' dir='ltr'><strong>custodias?</strong></span> <span class='ocrx_word' id='word_1_728' title='bbox 1509 5112 1645 5180; x_wconf 90' lang='lat' dir='ltr'><strong>Quia</strong></span> 
     </span>
    </p>
   </div>
   <div class='ocr_carea' id='block_1_97' title="bbox 110 5199 1644 5276">
    <p class='ocr_par' dir='ltr' id='par_1_97' title="bbox 110 5199 1644 5276">
     <span class='ocr_line' id='line_1_97' title="bbox 110 5199 1644 5276; baseline 0.005 -21"><span class='ocrx_word' id='word_1_729' title='bbox 110 5202 147 5244; x_wconf 69' lang='grc' dir='ltr'><strong>ιιι</strong></span> <span class='ocrx_word' id='word_1_730' title='bbox 183 5199 333 5265; x_wconf 85' lang='lat' dir='ltr'><strong>prima</strong></span> <span class='ocrx_word' id='word_1_731' title='bbox 362 5203 587 5273; x_wconf 81' lang='lat' dir='ltr'><strong>species</strong></span> <span class='ocrx_word' id='word_1_732' title='bbox 621 5214 847 5276; x_wconf 86' lang='lat' dir='ltr'><strong>propter</strong></span> <span class='ocrx_word' id='word_1_733' title='bbox 866 5206 1165 5261; x_wconf 89' lang='lat' dir='ltr'><strong>secundam</strong></span> <span class='ocrx_word' id='word_1_734' title='bbox 1198 5216 1301 5269; x_wconf 83' lang='lat' dir='ltr'><strong>est,</strong></span> <span class='ocrx_word' id='word_1_735' title='bbox 1351 5207 1418 5260; x_wconf 85' lang='lat' dir='ltr'><strong>ita</strong></span> <span class='ocrx_word' id='word_1_736' title='bbox 1476 5208 1644 5275; x_wconf 86' lang='lat' dir='ltr'><strong>prima</strong></span> 
     </span>
    </p>
   </div>
   <div class='ocr_carea' id='block_1_98' title="bbox 106 5294 1647 5371">
    <p class='ocr_par' dir='ltr' id='par_1_98' title="bbox 106 5294 1647 5371">
     <span class='ocr_line' id='line_1_98' title="bbox 106 5294 1647 5371; baseline 0.009 -28"><span class='ocrx_word' id='word_1_737' title='bbox 106 5294 358 5349; x_wconf 58' lang='lat' dir='ltr'><strong>Elsecnnda</strong></span> <span class='ocrx_word' id='word_1_738' title='bbox 409 5306 638 5366; x_wconf 83' lang='lat' dir='ltr'><strong>propter</strong></span> <span class='ocrx_word' id='word_1_739' title='bbox 671 5298 881 5355; x_wconf 87' lang='lat' dir='ltr'><strong>tertiam</strong></span> <span class='ocrx_word' id='word_1_740' title='bbox 908 5316 923 5353; x_wconf 89' lang='lat'><strong>:</strong></span> <span class='ocrx_word' id='word_1_741' title='bbox 953 5315 1078 5371; x_wconf 68' lang='lat' dir='ltr'><strong>quae</strong></span> <span class='ocrx_word' id='word_1_742' title='bbox 1116 5299 1161 5354; x_wconf 90' lang='lat' dir='ltr'><strong>si</strong></span> <span class='ocrx_word' id='word_1_743' title='bbox 1191 5316 1298 5353; x_wconf 89' lang='lat' dir='ltr'><strong>non</strong></span> <span class='ocrx_word' id='word_1_744' title='bbox 1333 5299 1515 5367; x_wconf 89' lang='lat' dir='ltr'><strong>fuerit,</strong></span> <span class='ocrx_word' id='word_1_745' title='bbox 1547 5316 1647 5356; x_wconf 90' lang='lat' dir='ltr'><strong>nec</strong></span> 
     </span>
    </p>
   </div>
   <div class='ocr_carea' id='block_1_99' title="bbox 110 5380 1648 5460">
    <p class='ocr_par' dir='ltr' id='par_1_99' title="bbox 110 5380 1648 5460">
     <span class='ocr_line' id='line_1_99' title="bbox 110 5380 1648 5460; baseline 0.004 -17"><span class='ocrx_word' id='word_1_746' title='bbox 110 5380 255 5449; x_wconf 55' lang='lat' dir='ltr'><strong>mila,</strong></span> <span class='ocrx_word' id='word_1_747' title='bbox 288 5402 387 5443; x_wconf 90' lang='lat' dir='ltr'><strong>nec</strong></span> <span class='ocrx_word' id='word_1_748' title='bbox 414 5389 658 5445; x_wconf 86' lang='lat' dir='ltr'><strong>secunda</strong></span> <span class='ocrx_word' id='word_1_749' title='bbox 691 5392 960 5460; x_wconf 84' lang='lat' dir='ltr'><strong>proficiet.</strong></span> <span class='ocrx_word' id='word_1_750' title='bbox 1009 5390 1166 5447; x_wconf 89' lang='lat' dir='ltr'><strong>Dicas</strong></span> <span class='ocrx_word' id='word_1_751' title='bbox 1206 5390 1451 5459; x_wconf 90' lang='lat' dir='ltr'><strong>forsitan,</strong></span> <span class='ocrx_word' id='word_1_752' title='bbox 1513 5393 1648 5449; x_wconf 89' lang='lat' dir='ltr'><strong>doce</strong></span> 
     </span>
    </p>
   </div>
   <div class='ocr_carea' id='block_1_100' title="bbox 110 5481 1648 5553">
    <p class='ocr_par' dir='ltr' id='par_1_100' title="bbox 110 5481 1648 5553">
     <span class='ocr_line' id='line_1_100' title="bbox 110 5481 1648 5553; baseline 0.008 -25"><span class='ocrx_word' id='word_1_753' title='bbox 110 5484 167 5523; x_wconf 68' lang='lat' dir='ltr'><strong>me</strong></span> <span class='ocrx_word' id='word_1_754' title='bbox 203 5493 343 5547; x_wconf 79' lang='lat' dir='ltr'><strong>ergo,</strong></span> <span class='ocrx_word' id='word_1_755' title='bbox 388 5481 525 5550; x_wconf 70' lang='lat' dir='ltr'><strong>quid</strong></span> <span class='ocrx_word' id='word_1_756' title='bbox 548 5481 619 5537; x_wconf 88' lang='lat' dir='ltr'><strong>sit</strong></span> <span class='ocrx_word' id='word_1_757' title='bbox 658 5483 889 5552; x_wconf 87' lang='lat' dir='ltr'><strong>justitia,</strong></span> <span class='ocrx_word' id='word_1_758' title='bbox 923 5493 984 5540; x_wconf 89' lang='lat' dir='ltr'><strong>ut</strong></span> <span class='ocrx_word' id='word_1_759' title='bbox 1032 5499 1151 5539; x_wconf 84' lang='lat' dir='ltr'><strong>eam</strong></span> <span class='ocrx_word' id='word_1_760' title='bbox 1202 5484 1248 5540; x_wconf 85' lang='lat' dir='ltr'><strong>si</strong></span> <span class='ocrx_word' id='word_1_761' title='bbox 1277 5487 1648 5553; x_wconf 82' lang='lat' dir='ltr'><strong>cognoverim,</strong></span> 
     </span>
    </p>
   </div>
   <div class='ocr_carea' id='block_1_101' title="bbox 114 5560 1646 5645">
    <p class='ocr_par' dir='ltr' id='par_1_101' title="bbox 114 5560 1646 5645">
     <span class='ocr_line' id='line_1_101' title="bbox 114 5560 1646 5645; baseline 0.013 -30"><span class='ocrx_word' id='word_1_762' title='bbox 114 5560 278 5624; x_wconf 77' lang='lat' dir='ltr'><strong>facilius</strong></span> <span class='ocrx_word' id='word_1_763' title='bbox 300 5573 535 5642; x_wconf 84' lang='lat' dir='ltr'><strong>implere</strong></span> <span class='ocrx_word' id='word_1_764' title='bbox 560 5576 853 5632; x_wconf 81' lang='lat' dir='ltr'><strong>sufficiam.</strong></span> <span class='ocrx_word' id='word_1_765' title='bbox 882 5578 1065 5633; x_wconf 82' lang='lat' dir='ltr'><strong>Dicam</strong></span> <span class='ocrx_word' id='word_1_766' title='bbox 1096 5578 1357 5645; x_wconf 85' lang='lat' dir='ltr'><strong>breviter,</strong></span> <span class='ocrx_word' id='word_1_767' title='bbox 1392 5589 1449 5633; x_wconf 91' lang='lat' dir='ltr'><strong>ut</strong></span> <span class='ocrx_word' id='word_1_768' title='bbox 1472 5580 1646 5645; x_wconf 88' lang='lat' dir='ltr'><strong>valeo,</strong></span> 
     </span>
    </p>
   </div>
   <div class='ocr_carea' id='block_1_102' title="bbox 114 5666 1649 5745">
    <p class='ocr_par' dir='ltr' id='par_1_102' title="bbox 114 5666 1649 5745">
     <span class='ocr_line' id='line_1_102' title="bbox 114 5666 1649 5745; baseline 0.013 -37"><span class='ocrx_word' id='word_1_769' title='bbox 114 5668 149 5710; x_wconf 80' lang='lat' dir='ltr'><strong>et</strong></span> <span class='ocrx_word' id='word_1_770' title='bbox 170 5666 436 5727; x_wconf 77' lang='lat' dir='ltr'><strong>verborum</strong></span> <span class='ocrx_word' id='word_1_771' title='bbox 486 5677 611 5725; x_wconf 86' lang='lat' dir='ltr'><strong>utar</strong></span> <span class='ocrx_word' id='word_1_772' title='bbox 663 5672 1019 5745; x_wconf 83' lang='lat' dir='ltr'><strong>simplicitate</strong></span> <span class='ocrx_word' id='word_1_773' title='bbox 1063 5672 1431 5728; x_wconf 79' lang='lat' dir='ltr'><strong>communium</strong></span> <span class='ocrx_word' id='word_1_774' title='bbox 1478 5675 1649 5745; x_wconf 86' lang='lat' dir='ltr'><strong>:quia</strong></span> 
     </span>
    </p>
   </div>
   <div class='ocr_carea' id='block_1_103' title="bbox 113 5760 1651 5839">
    <p class='ocr_par' dir='ltr' id='par_1_103' title="bbox 113 5760 1651 5839">
     <span class='ocr_line' id='line_1_103' title="bbox 113 5760 1651 5839; baseline 0.008 -27"><span class='ocrx_word' id='word_1_775' title='bbox 113 5762 232 5813; x_wconf 66' lang='lat' dir='ltr'><strong>Ou</strong></span> <span class='ocrx_word' id='word_1_776' title='bbox 269 5760 339 5818; x_wconf 86' lang='lat' dir='ltr'><strong>de</strong></span> <span class='ocrx_word' id='word_1_777' title='bbox 368 5776 485 5834; x_wconf 78' lang='lat' dir='ltr'><strong>qua</strong></span> <span class='ocrx_word' id='word_1_778' title='bbox 532 5765 741 5836; x_wconf 80' lang='lat' dir='ltr'><strong>agimus</strong></span> <span class='ocrx_word' id='word_1_779' title='bbox 790 5766 909 5826; x_wconf 86' lang='lat' dir='ltr'><strong>talis</strong></span> <span class='ocrx_word' id='word_1_780' title='bbox 958 5775 1063 5836; x_wconf 86' lang='lat' dir='ltr'><strong>est,</strong></span> <span class='ocrx_word' id='word_1_781' title='bbox 1095 5780 1217 5839; x_wconf 64' lang='lat' dir='ltr'><strong>quae</strong></span> <span class='ocrx_word' id='word_1_782' title='bbox 1267 5764 1651 5825; x_wconf 70' lang='lat' dir='ltr'><strong>disertioribus</strong></span> 
     </span>
    </p>
   </div>
   <div class='ocr_carea' id='block_1_104' title="bbox 1827 4638 3345 4712">
    <p class='ocr_par' dir='ltr' id='par_1_104' title="bbox 1827 4638 3345 4712">
     <span class='ocr_line' id='line_1_104' title="bbox 1827 4638 3345 4712; baseline 0.006 -20"><span class='ocrx_word' id='word_1_783' title='bbox 1827 4638 1915 4693; x_wconf 82' lang='lat' dir='ltr'><strong>Vl.</strong></span> <span class='ocrx_word' id='word_1_784' title='bbox 1947 4639 2054 4696; x_wconf 86' lang='lat' dir='ltr'><strong>Sed</strong></span> <span class='ocrx_word' id='word_1_785' title='bbox 2088 4652 2146 4694; x_wconf 93' lang='lat' dir='ltr'><strong>ut</strong></span> <span class='ocrx_word' id='word_1_786' title='bbox 2176 4642 2359 4697; x_wconf 87' lang='lat' dir='ltr'><strong>dicere</strong></span> <span class='ocrx_word' id='word_1_787' title='bbox 2387 4657 2764 4712; x_wconf 83' lang='lat' dir='ltr'><strong>coeperamus,</strong></span> <span class='ocrx_word' id='word_1_788' title='bbox 2809 4658 2916 4698; x_wconf 91' lang='lat' dir='ltr'><strong>non</strong></span> <span class='ocrx_word' id='word_1_789' title='bbox 2952 4644 3153 4701; x_wconf 84' lang='lat' dir='ltr'><strong>sufficit</strong></span> <span class='ocrx_word' id='word_1_790' title='bbox 3183 4643 3345 4702; x_wconf 86' lang='lat' dir='ltr'><strong>Chri-</strong></span> 
     </span>
    </p>
   </div>
   <div class='ocr_carea' id='block_1_105' title="bbox 1754 4731 3342 4808">
    <p class='ocr_par' dir='ltr' id='par_1_105' title="bbox 1754 4731 3342 4808">
     <span class='ocr_line' id='line_1_105' title="bbox 1754 4731 3342 4808; baseline 0.004 -22"><span class='ocrx_word' id='word_1_791' title='bbox 1754 4731 1937 4787; x_wconf 86' lang='lat' dir='ltr'><strong>stiano</strong></span> <span class='ocrx_word' id='word_1_792' title='bbox 1969 4749 1997 4785; x_wconf 91' lang='lat' dir='ltr'><strong>a</strong></span> <span class='ocrx_word' id='word_1_793' title='bbox 2028 4733 2181 4786; x_wconf 84' lang='lat' dir='ltr'><strong>malis</strong></span> <span class='ocrx_word' id='word_1_794' title='bbox 2204 4748 2264 4787; x_wconf 89' lang='lat' dir='ltr'><strong>se</strong></span> <span class='ocrx_word' id='word_1_795' title='bbox 2284 4732 2579 4796; x_wconf 86' lang='lat' dir='ltr'><strong>abstinere,</strong></span> <span class='ocrx_word' id='word_1_796' title='bbox 2604 4734 2706 4790; x_wconf 89' lang='lat' dir='ltr'><strong>nisi</strong></span> <span class='ocrx_word' id='word_1_797' title='bbox 2730 4735 2890 4789; x_wconf 87' lang='lat' dir='ltr'><strong>etiam</strong></span> <span class='ocrx_word' id='word_1_798' title='bbox 2914 4735 3179 4792; x_wconf 90' lang='lat' dir='ltr'><strong>bonorum</strong></span> <span class='ocrx_word' id='word_1_799' title='bbox 3209 4752 3342 4808; x_wconf 82' lang='lat' dir='ltr'><strong>ope-</strong></span> 
     </span>
    </p>
   </div>
   <div class='ocr_carea' id='block_1_106' title="bbox 1757 4824 3341 4896">
    <p class='ocr_par' dir='ltr' id='par_1_106' title="bbox 1757 4824 3341 4896">
     <span class='ocr_line' id='line_1_106' title="bbox 1757 4824 3341 4896; baseline 0.004 -16"><span class='ocrx_word' id='word_1_800' title='bbox 1757 4842 1873 4880; x_wconf 87' lang='lat' dir='ltr'><strong>rum</strong></span> <span class='ocrx_word' id='word_1_801' title='bbox 1903 4824 2085 4881; x_wconf 88' lang='lat' dir='ltr'><strong>officia</strong></span> <span class='ocrx_word' id='word_1_802' title='bbox 2120 4827 2424 4896; x_wconf 85' lang='lat' dir='ltr'><strong>perfecerit.</strong></span> <span class='ocrx_word' id='word_1_803' title='bbox 2462 4827 2615 4894; x_wconf 87' lang='lat' dir='ltr'><strong>Quod</strong></span> <span class='ocrx_word' id='word_1_804' title='bbox 2661 4827 2758 4883; x_wconf 92' lang='lat' dir='ltr'><strong>illo</strong></span> <span class='ocrx_word' id='word_1_805' title='bbox 2794 4830 2879 4884; x_wconf 86' lang='lat' dir='ltr'><strong>vel</strong></span> <span class='ocrx_word' id='word_1_806' title='bbox 2909 4830 3146 4886; x_wconf 78' lang='lat' dir='ltr'><strong>niaxime</strong></span> <span class='ocrx_word' id='word_1_807' title='bbox 3189 4832 3341 4887; x_wconf 86' lang='lat' dir='ltr'><strong>testi-</strong></span> 
     </span>
    </p>
   </div>
   <div class='ocr_carea' id='block_1_107' title="bbox 1756 4919 3339 4991">
    <p class='ocr_par' dir='ltr' id='par_1_107' title="bbox 1756 4919 3339 4991">
     <span class='ocr_line' id='line_1_107' title="bbox 1756 4919 3339 4991; baseline 0.004 -17"><span class='ocrx_word' id='word_1_808' title='bbox 1756 4919 1937 4975; x_wconf 90' lang='lat' dir='ltr'><strong>monio</strong></span> <span class='ocrx_word' id='word_1_809' title='bbox 1992 4919 2393 4988; x_wconf 86' lang='lat' dir='ltr'><strong>comprobatur,</strong></span> <span class='ocrx_word' id='word_1_810' title='bbox 2482 4936 2588 4991; x_wconf 91' lang='lat' dir='ltr'><strong>quo</strong></span> <span class='ocrx_word' id='word_1_811' title='bbox 2656 4922 3018 4978; x_wconf 85' lang='lat' dir='ltr'><strong>comminatur</strong></span> <span class='ocrx_word' id='word_1_812' title='bbox 3079 4923 3339 4980; x_wconf 90' lang='lat' dir='ltr'><strong>Dominus</strong></span> 
     </span>
    </p>
   </div>
   <div class='ocr_carea' id='block_1_108' title="bbox 1758 5011 3338 5085">
    <p class='ocr_par' dir='ltr' id='par_1_108' title="bbox 1758 5011 3338 5085">
     <span class='ocr_line' id='line_1_108' title="bbox 1758 5011 3338 5085; baseline 0.001 -17"><span class='ocrx_word' id='word_1_813' title='bbox 1758 5013 1948 5067; x_wconf 61' lang='lat' dir='ltr'><strong>aeterni</strong></span> <span class='ocrx_word' id='word_1_814' title='bbox 1991 5011 2128 5082; x_wconf 88' lang='lat' dir='ltr'><strong>ignis</strong></span> <span class='ocrx_word' id='word_1_815' title='bbox 2164 5027 2288 5067; x_wconf 85' lang='lat' dir='ltr'><strong>reos</strong></span> <span class='ocrx_word' id='word_1_816' title='bbox 2318 5011 2459 5080; x_wconf 87' lang='lat' dir='ltr'><strong>fore,</strong></span> <span class='ocrx_word' id='word_1_817' title='bbox 2485 5013 2578 5083; x_wconf 88' lang='lat' dir='ltr'><strong>qui</strong></span> <span class='ocrx_word' id='word_1_818' title='bbox 2607 5016 2856 5085; x_wconf 81' lang='lat' dir='ltr'><strong>quamvis</strong></span> <span class='ocrx_word' id='word_1_819' title='bbox 2887 5013 3016 5069; x_wconf 90' lang='lat' dir='ltr'><strong>nihil</strong></span> <span class='ocrx_word' id='word_1_820' title='bbox 3049 5014 3174 5069; x_wconf 86' lang='lat' dir='ltr'><strong>mali</strong></span> <span class='ocrx_word' id='word_1_821' title='bbox 3216 5028 3338 5085; x_wconf 90' lang='lat' dir='ltr'><strong>ges-</strong></span> 
     </span>
    </p>
   </div>
   <div class='ocr_carea' id='block_1_109' title="bbox 1756 5104 3345 5178">
    <p class='ocr_par' dir='ltr' id='par_1_109' title="bbox 1756 5104 3345 5178">
     <span class='ocr_line' id='line_1_109' title="bbox 1756 5104 3345 5178; baseline 0.001 -17"><span class='ocrx_word' id='word_1_822' title='bbox 1756 5106 1949 5173; x_wconf 89' lang='lat' dir='ltr'><strong>serint,</strong></span> <span class='ocrx_word' id='word_1_823' title='bbox 1976 5121 2085 5160; x_wconf 89' lang='lat' dir='ltr'><strong>non</strong></span> <span class='ocrx_word' id='word_1_824' title='bbox 2117 5104 2341 5161; x_wconf 87' lang='lat' dir='ltr'><strong>fecerint</strong></span> <span class='ocrx_word' id='word_1_825' title='bbox 2364 5121 2525 5161; x_wconf 91' lang='lat' dir='ltr'><strong>omne</strong></span> <span class='ocrx_word' id='word_1_826' title='bbox 2548 5106 2690 5178; x_wconf 84' lang='lat' dir='ltr'><strong>quod</strong></span> <span class='ocrx_word' id='word_1_827' title='bbox 2722 5108 2923 5163; x_wconf 90' lang='lat' dir='ltr'><strong>bonum</strong></span> <span class='ocrx_word' id='word_1_828' title='bbox 2957 5114 3069 5171; x_wconf 88' lang='lat' dir='ltr'><strong>est,</strong></span> <span class='ocrx_word' id='word_1_829' title='bbox 3103 5108 3294 5163; x_wconf 87' lang='lat' dir='ltr'><strong>dicens</strong></span> <span class='ocrx_word' id='word_1_830' title='bbox 3326 5104 3345 5163; x_wconf 76' lang='grc' dir='ltr'><strong>ε’</strong></span> 
     </span>
    </p>
   </div>
   <div class='ocr_carea' id='block_1_110' title="bbox 1755 5195 3343 5269">
    <p class='ocr_par' dir='ltr' id='par_1_110' title="bbox 1755 5195 3343 5269">
     <span class='ocr_line' id='line_1_110' title="bbox 1755 5195 3343 5269; baseline 0.003 -18"><span class='ocrx_word' id='word_1_831' title='bbox 1755 5197 1901 5252; x_wconf 86' lang='lat' dir='ltr'><strong>Tunc</strong></span> <span class='ocrx_word' id='word_1_832' title='bbox 1929 5198 2061 5252; x_wconf 81' lang='lat' dir='ltr'><strong>dicet</strong></span> <span class='ocrx_word' id='word_1_833' title='bbox 2091 5213 2184 5253; x_wconf 84' lang='lat' dir='ltr'><strong>rea:</strong></span> <span class='ocrx_word' id='word_1_834' title='bbox 2210 5195 2292 5251; x_wconf 83' lang='lat' dir='ltr'><strong>his</strong></span> <span class='ocrx_word' id='word_1_835' title='bbox 2318 5199 2408 5269; x_wconf 90' lang='lat' dir='ltr'><strong>qui</strong></span> <span class='ocrx_word' id='word_1_836' title='bbox 2442 5199 2512 5252; x_wconf 87' lang='lat' dir='ltr'><strong>ad</strong></span> <span class='ocrx_word' id='word_1_837' title='bbox 2542 5198 2805 5253; x_wconf 78' lang='lat' dir='ltr'><strong>sinistram</strong></span> <span class='ocrx_word' id='word_1_838' title='bbox 2832 5209 2953 5253; x_wconf 80' lang='lat' dir='ltr'><strong>sunt</strong></span> <span class='ocrx_word' id='word_1_839' title='bbox 2979 5214 2998 5253; x_wconf 88' lang='lat'><strong>:</strong></span> <span class='ocrx_word' id='word_1_840' title='bbox 3025 5198 3283 5255; x_wconf 81' lang='lat' dir='ltr'><strong>Discedite</strong></span> <span class='ocrx_word' id='word_1_841' title='bbox 3309 5217 3343 5255; x_wconf 79' lang='grc' dir='ltr'><em>α</em></span> 
     </span>
    </p>
   </div>
   <div class='ocr_carea' id='block_1_111' title="bbox 1754 5291 3342 5364">
    <p class='ocr_par' dir='ltr' id='par_1_111' title="bbox 1754 5291 3342 5364">
     <span class='ocr_line' id='line_1_111' title="bbox 1754 5291 3342 5364; baseline 0.001 -19"><span class='ocrx_word' id='word_1_842' title='bbox 1754 5309 1857 5357; x_wconf 87' lang='lat' dir='ltr'><strong>me,</strong></span> <span class='ocrx_word' id='word_1_843' title='bbox 1876 5292 2160 5354; x_wconf 78' lang='lat' dir='ltr'><strong>maledicti,</strong></span> <span class='ocrx_word' id='word_1_844' title='bbox 2180 5291 2235 5345; x_wconf 82' lang='lat' dir='ltr'><strong>in</strong></span> <span class='ocrx_word' id='word_1_845' title='bbox 2252 5292 2421 5364; x_wconf 83' lang='lat' dir='ltr'><strong>ignem</strong></span> <span class='ocrx_word' id='word_1_846' title='bbox 2439 5299 2712 5360; x_wconf 68' lang='lat' dir='ltr'><strong>(uernum,</strong></span> <span class='ocrx_word' id='word_1_847' title='bbox 2733 5307 2884 5362; x_wconf 77' lang='lat' dir='ltr'><strong>quem</strong></span> <span class='ocrx_word' id='word_1_848' title='bbox 2903 5308 3001 5364; x_wconf 77' lang='lat' dir='ltr'><strong>pra</strong></span> <span class='ocrx_word' id='word_1_849' title='bbox 3014 5294 3219 5364; x_wconf 84' lang='lat' dir='ltr'><strong>paravit</strong></span> <span class='ocrx_word' id='word_1_850' title='bbox 3237 5291 3342 5347; x_wconf 90' lang='lat' dir='ltr'><strong>Pa-</strong></span> 
     </span>
    </p>
   </div>
   <div class='ocr_carea' id='block_1_112' title="bbox 1756 5382 3344 5458">
    <p class='ocr_par' dir='ltr' id='par_1_112' title="bbox 1756 5382 3344 5458">
     <span class='ocr_line' id='line_1_112' title="bbox 1756 5382 3344 5458; baseline 0 -19"><span class='ocrx_word' id='word_1_851' title='bbox 1756 5396 1831 5440; x_wconf 81' lang='lat' dir='ltr'><strong>ter</strong></span> <span class='ocrx_word' id='word_1_852' title='bbox 1858 5401 2002 5440; x_wconf 82' lang='lat' dir='ltr'><strong>meus</strong></span> <span class='ocrx_word' id='word_1_853' title='bbox 2028 5384 2235 5439; x_wconf 83' lang='lat' dir='ltr'><strong>diabolo</strong></span> <span class='ocrx_word' id='word_1_854' title='bbox 2264 5394 2317 5439; x_wconf 78' lang='lat' dir='ltr'><strong>et</strong></span> <span class='ocrx_word' id='word_1_855' title='bbox 2343 5386 2541 5456; x_wconf 80' lang='lat' dir='ltr'><strong>angelis</strong></span> <span class='ocrx_word' id='word_1_856' title='bbox 2568 5387 2705 5458; x_wconf 77' lang='lat' dir='ltr'><strong>ejus.</strong></span> <span class='ocrx_word' id='word_1_857' title='bbox 2738 5382 2948 5440; x_wconf 79' lang='lat' dir='ltr'><strong>Esuriui</strong></span> <span class='ocrx_word' id='word_1_858' title='bbox 2972 5387 3131 5455; x_wconf 73' lang='lat' dir='ltr'><strong>enim,</strong></span> <span class='ocrx_word' id='word_1_859' title='bbox 3163 5396 3211 5442; x_wconf 74' lang='lat' dir='ltr'><strong>et</strong></span> <span class='ocrx_word' id='word_1_860' title='bbox 3240 5402 3344 5440; x_wconf 82' lang='lat' dir='ltr'><strong>non</strong></span> 
     </span>
    </p>
   </div>
   <div class='ocr_carea' id='block_1_113' title="bbox 1758 5474 3346 5551">
    <p class='ocr_par' dir='ltr' id='par_1_113' title="bbox 1758 5474 3346 5551">
     <span class='ocr_line' id='line_1_113' title="bbox 1758 5474 3346 5551; baseline 0.001 -20"><span class='ocrx_word' id='word_1_861' title='bbox 1758 5474 1971 5532; x_wconf 79' lang='lat' dir='ltr'><strong>dedistis</strong></span> <span class='ocrx_word' id='word_1_862' title='bbox 1994 5475 2119 5530; x_wconf 83' lang='lat' dir='ltr'><strong>mihi</strong></span> <span class='ocrx_word' id='word_1_863' title='bbox 2144 5478 2458 5532; x_wconf 66' lang='lat' dir='ltr'><strong>manducare</strong></span> <span class='ocrx_word' id='word_1_864' title='bbox 2488 5477 2708 5549; x_wconf 67' lang='lat' dir='ltr'><strong>(Matzlr.</strong></span> <span class='ocrx_word' id='word_1_865' title='bbox 2740 5493 2867 5545; x_wconf 79' lang='lat' dir='ltr'><strong>xxv,</strong></span> <span class='ocrx_word' id='word_1_866' title='bbox 2899 5481 2990 5545; x_wconf 64' lang='lat' dir='ltr'><strong>At,</strong></span> <span class='ocrx_word' id='word_1_867' title='bbox 3013 5478 3134 5551; x_wconf 65' lang='grc' dir='ltr'><strong>ιε),</strong></span> <span class='ocrx_word' id='word_1_868' title='bbox 3167 5488 3346 5535; x_wconf 66' lang='lat' dir='ltr'><strong>etcas-</strong></span> 
     </span>
    </p>
   </div>
   <div class='ocr_carea' id='block_1_114' title="bbox 1761 5570 3344 5643">
    <p class='ocr_par' dir='ltr' id='par_1_114' title="bbox 1761 5570 3344 5643">
     <span class='ocr_line' id='line_1_114' title="bbox 1761 5570 3344 5643; baseline -0.002 -16"><span class='ocrx_word' id='word_1_869' title='bbox 1761 5583 1896 5627; x_wconf 89' lang='lat' dir='ltr'><strong>Iera.</strong></span> <span class='ocrx_word' id='word_1_870' title='bbox 1920 5570 2038 5626; x_wconf 89' lang='lat' dir='ltr'><strong>Non</strong></span> <span class='ocrx_word' id='word_1_871' title='bbox 2069 5572 2233 5627; x_wconf 88' lang='lat' dir='ltr'><strong>dicit:</strong></span> <span class='ocrx_word' id='word_1_872' title='bbox 2261 5570 2532 5627; x_wconf 82' lang='lat' dir='ltr'><strong>Discedite</strong></span> <span class='ocrx_word' id='word_1_873' title='bbox 2559 5590 2587 5624; x_wconf 90' lang='lat' dir='ltr'><strong>a</strong></span> <span class='ocrx_word' id='word_1_874' title='bbox 2620 5588 2731 5634; x_wconf 88' lang='lat' dir='ltr'><strong>me.</strong></span> <span class='ocrx_word' id='word_1_875' title='bbox 2764 5573 3058 5637; x_wconf 82' lang='lat' dir='ltr'><strong>maledicti,</strong></span> <span class='ocrx_word' id='word_1_876' title='bbox 3092 5574 3215 5643; x_wconf 83' lang='lat' dir='ltr'><strong>quia</strong></span> <span class='ocrx_word' id='word_1_877' title='bbox 3245 5574 3344 5625; x_wconf 79' lang='lat' dir='ltr'><strong>lto-</strong></span> 
     </span>
    </p>
   </div>
   <div class='ocr_carea' id='block_1_115' title="bbox 1755 5665 3351 5739">
    <p class='ocr_par' dir='ltr' id='par_1_115' title="bbox 1755 5665 3351 5739">
     <span class='ocr_line' id='line_1_115' title="bbox 1755 5665 3351 5739; baseline 0.003 -19"><span class='ocrx_word' id='word_1_878' title='bbox 1755 5666 2034 5722; x_wconf 88' lang='lat' dir='ltr'><strong>micidium</strong></span> <span class='ocrx_word' id='word_1_879' title='bbox 2076 5665 2304 5735; x_wconf 86' lang='lat' dir='ltr'><strong>fecistis,</strong></span> <span class='ocrx_word' id='word_1_880' title='bbox 2333 5668 2453 5737; x_wconf 85' lang='lat' dir='ltr'><strong>quia</strong></span> <span class='ocrx_word' id='word_1_881' title='bbox 2492 5666 2816 5724; x_wconf 76' lang='lat' dir='ltr'><strong>adulterium</strong></span> <span class='ocrx_word' id='word_1_882' title='bbox 2849 5668 3227 5739; x_wconf 80' lang='lat' dir='ltr'><strong>perpetrastis,</strong></span> <span class='ocrx_word' id='word_1_883' title='bbox 3257 5676 3351 5725; x_wconf 86' lang='lat' dir='ltr'><strong>aut</strong></span> 
     </span>
    </p>
   </div>
   <div class='ocr_carea' id='block_1_116' title="bbox 1754 5758 3351 5833">
    <p class='ocr_par' dir='ltr' id='par_1_116' title="bbox 1754 5758 3351 5833">
     <span class='ocr_line' id='line_1_116' title="bbox 1754 5758 3351 5833; baseline 0.004 -18"><span class='ocrx_word' id='word_1_884' title='bbox 1754 5759 1880 5832; x_wconf 86' lang='lat' dir='ltr'><strong>quia</strong></span> <span class='ocrx_word' id='word_1_885' title='bbox 1913 5758 2115 5817; x_wconf 92' lang='lat' dir='ltr'><strong>furtum</strong></span> <span class='ocrx_word' id='word_1_886' title='bbox 2166 5758 2376 5818; x_wconf 87' lang='lat' dir='ltr'><strong>fecistis</strong></span> <span class='ocrx_word' id='word_1_887' title='bbox 2409 5774 2427 5822; x_wconf 85' lang='grc'>;</span> <span class='ocrx_word' id='word_1_888' title='bbox 2474 5776 2581 5817; x_wconf 86' lang='lat' dir='ltr'><strong>non</strong></span> <span class='ocrx_word' id='word_1_889' title='bbox 2616 5762 2763 5819; x_wconf 74' lang='lat' dir='ltr'><strong>enim</strong></span> <span class='ocrx_word' id='word_1_890' title='bbox 2799 5760 2928 5833; x_wconf 86' lang='lat' dir='ltr'><strong>quia</strong></span> <span class='ocrx_word' id='word_1_891' title='bbox 2959 5759 3164 5820; x_wconf 85' lang='lat' dir='ltr'><strong>malum</strong></span> <span class='ocrx_word' id='word_1_892' title='bbox 3208 5760 3351 5821; x_wconf 78' lang='lat' dir='ltr'><strong>fece-</strong></span> 
     </span>
    </p>
   </div>
  </div>
