3926 6290
547 312 650 372 167

1583 316 1641 372 S.
1687 310 2068 371 llIERONYMI
2108 308 2394 369 OPERUM
2439 310 2802 372 MANTISSA.

3684 322 3771 379 l68

545 440 696 503 runt,
727 432 822 489 sed
846 432 971 505 quia
1003 432 1140 489 bona
1167 446 1271 487 non
1304 430 1571 500 fecerunt,
1598 432 2053 496 condemnantur,
2080 438 2133 484 et
2159 428 2212 490 A
2238 428 2494 493 diximus,
2537 444 2658 500 quae
2688 427 2959 484 connubia
2993 426 3288 495 deserunt,
3333 443 3436 485 non
3464 428 3654 499 illicita,
3694 440 3775 493 sed

545 536 766 581 aeternae
788 524 1051 598 gehennrc
1080 523 1350 580 incendiis
1379 523 1719 580 addicuntur.
1737 523 1847 579 Nec
1862 523 1985 594 quia
2018 538 2137 593 qua:

544 617 816 688 prohibita
858 627 1049 683 erant,
1099 616 1434 672 admiserunt
1475 634 1488 670 :
1540 617 1635 673 sed
1674 618 1796 687 quia
1827 633 1947 686 qum
1992 632 2136 685 pne-

547 719 707 780 cepta
738 719 924 775 erant,
952 708 1246 765 noluerunt
1274 710 1521 779 implere.
1556 709 1712 766 Unde
1743 709 2137 765 advertendum

549 810 635 857 est
654 818 814 872 quam
842 817 993 871 spem
1020 802 1220 858 habere
1240 802 1473 872 possint,
1492 804 1584 874 qui
1617 803 1792 858 adhuc
1820 802 2023 868 aliquid
2048 817 2141 857 eo-

549 909 667 949 rum
699 893 903 948 faciunt
930 907 1049 963 quae
1079 893 1437 965 prohibentur
1463 912 1475 948 :
1503 909 1626 949 cum
1654 895 1818 950 etiam
1844 894 1921 949 illi
1950 893 2140 949 :cterni

550 986 692 1058 ignis
724 987 804 1042 rei
837 996 984 1052 sunt,
1018 985 1106 1055 qui
1136 1002 1240 1040 non
1276 989 1522 1042 fecerunt
1550 986 1970 1056 qumjubentur.
2001 985 2141 1041 Nolo

548 1085 692 1141 enim
724 1082 778 1138 in
820 1082 923 1139 hoc
955 1084 1050 1139 tibi
1101 1084 1426 1151 blandiaris,
1460 1082 1506 1138 si
1543 1083 1722 1153 aliqua
1756 1098 1863 1136 non
1904 1081 2137 1147 feceris,

548 1192 671 1232 cum
702 1176 966 1248 scriptum
997 1176 1072 1231 sit
1110 1194 1123 1229 :
1160 1175 1263 1242 Qui
1309 1177 1600 1229 universam
1644 1176 1805 1247 legem
1848 1175 2140 1239 servaverit,

548 1270 822 1338 o/fenderit
875 1280 1043 1324 autem
1090 1271 1146 1324 in
1204 1286 1338 1337 uno,
1397 1271 1563 1340 factus
1618 1279 1691 1324 est
1743 1269 1973 1322 omnium
2022 1285 2141 1323 reus

548 1362 692 1433 (Jac.
718 1378 836 1429 vrtt,
871 1363 988 1433 10).
1037 1361 1206 1418 Adam
1237 1364 1381 1417 enim
1410 1361 1579 1416 semel
1613 1362 1881 1431 peccavit,
1910 1370 1965 1415 et
1993 1377 2141 1415 tuor-

553 1466 677 1511 tuus
699 1464 784 1512 est
808 1474 819 1508 :
845 1466 903 1511 et
930 1466 983 1511 tu
1018 1465 1069 1510 te
1099 1456 1286 1511 vivere
1316 1470 1477 1525 posse
1506 1454 1805 1520 existimas,
1836 1452 1966 1508 illud
1998 1468 2143 1524 szepe

553 1551 903 1606 committens
929 1592 945 1617 ,
977 1549 1119 1622 quod
1152 1550 1317 1605 alium
1356 1564 1478 1604 cum
1527 1548 1697 1604 semel
1751 1555 2141 1618 perpetrasset,

553 1644 789 1701 occidit?
818 1644 899 1700 An
927 1645 1135 1716 grande
1165 1646 1317 1699 illum
1344 1642 1685 1698 commisisse
1715 1643 1921 1697 crimen
1946 1651 2103 1712 putas
2127 1658 2139 1695 :

557 1738 699 1793 unde
730 1738 924 1793 merito
956 1753 1111 1808 pruna
1144 1737 1431 1792 damnatus
1478 1736 1551 1791 sit
1594 1734 1827 1790 acriori?
1853 1734 2145 1790 Videamus

2244 521 2389 576 licita
2420 532 2687 593 spernunt
2723 539 2739 576 :
2770 520 3036 591 ejusmodi
3065 530 3271 585 autem.
3304 521 3350 575 si
3377 522 3568 591 jurent,
3614 526 3655 581 si
3676 544 3775 583 ma-

2244 615 2504 677 ledicant,
2536 615 2581 669 si
2610 615 2831 683 cupiant
2860 615 3059 682 aliena,
3090 616 3134 669 si
3165 615 3511 673 detrahentes
3542 620 3783 688 patiantur

2248 710 2462 777 audire,
2496 708 2542 761 si
2593 708 2792 762 malum
2824 722 2923 777 pro
2951 707 3097 762 malo
3129 707 3377 775 reddant,
3409 709 3451 764 si
3489 712 3706 767 avaritia:
3736 714 3781 770 in

2242 802 2433 856 alienis
2461 810 2555 855 aut
2586 801 2819 871 propriis
2844 801 3134 856 incurrunt
3174 802 3400 868 crimen,
3450 802 3495 857 si
3524 804 3641 870 zeli,
3667 807 3707 860 si
3732 807 3785 862 li-

2243 895 2390 950 voris
2419 909 2625 949 venena
2656 893 2971 963 possideant
3011 913 3025 948 :
3067 893 3116 949 si
3150 903 3336 949 contra
3368 894 3550 964 legalia
3589 908 3638 952 et
3675 914 3785 967 apo-

2243 988 2431 1042 stolica
2467 986 2712 1041 instituta
2755 986 3012 1041 indecens
3039 986 3243 1055 aliquid
3278 995 3372 1041 aut
3399 988 3687 1056 loquantur,
3714 999 3790 1044 aut

2244 1082 2483 1150 cogitent
2514 1096 2529 1133 :
2561 1079 2606 1134 si
2628 1077 2683 1133 in
2713 1093 2879 1133 carne
2902 1077 3153 1149 placendi
3179 1078 3379 1145 studio,
3414 1089 3617 1151 compte
3637 1090 3687 1134 et
3712 1095 3789 1136 or-

2245 1182 2374 1227 nate
2406 1171 2723 1242 procedant,
2757 1180 2813 1226 et
2860 1170 2967 1225 alia
2999 1187 3378 1242 quaecumque,
3410 1182 3467 1226 ut
3508 1173 3644 1228 solet
3672 1174 3789 1243 fieri,

2245 1267 2434 1324 illicite
2465 1268 2700 1324 faciant:
2731 1268 2861 1340 quid
2896 1268 3138 1338 proderit
3180 1270 3258 1324 eis
3286 1268 3563 1338 sprevisse
3584 1270 3715 1339 quod
3741 1271 3792 1325 li-

2244 1364 2380 1430 cuit,
2429 1372 2482 1417 ct
2509 1378 2771 1419 exercere
2818 1362 2962 1434 quod
3007 1378 3111 1417 non
3145 1362 3309 1416 licet?
3356 1361 3415 1417 Si
3460 1363 3540 1416 vis
3570 1362 3796 1431 prodesse

2247 1454 2343 1509 tibi
2399 1454 2541 1524 quod
2592 1456 2736 1509 licita
2766 1453 3170 1525 contempsisti,
3225 1452 3346 1509 vide
3377 1468 3444 1509 ne
3471 1453 3594 1524 quid
3633 1468 3795 1510 eorum

2245 1561 2367 1615 quas
2422 1560 2533 1601 non
2566 1546 2731 1602 licent
2759 1546 2949 1602 facias.
2994 1546 3226 1601 Stultum
3280 1556 3365 1601 est
3392 1546 3535 1601 enim
3583 1547 3800 1602 timuisse

2246 1637 2389 1707 quod
2424 1639 2601 1692 minus
2632 1650 2741 1704 εει,
2774 1650 2830 1693 et
2858 1654 2964 1693 non
2989 1639 3185 1692 timere
3207 1636 3351 1707 quod
3375 1636 3547 1706 majus
3573 1647 3653 1692 est
3682 1654 3694 1691 :
3724 1648 3801 1693 aut

2247 1731 2315 1785 ab
2347 1730 2431 1785 his
2456 1747 2565 1786 non
2609 1732 2782 1785 vitare
2812 1747 2931 1802 qua:
2971 1730 3347 1800 prohibentur,
3400 1731 3445 1785 si
3494 1730 3803 1802 subterfuge-

553 1847 686 1903 ergo
712 1831 837 1901 quid
868 1832 1061 1886 fecerit
1090 1839 1279 1885 contra
1306 1829 1618 1884 mandatum
1645 1846 1659 1883 ;
1688 1827 1757 1883 de
1777 1827 1956 1882 fructu
1985 1827 2144 1882 arbo-
2173 1815 2219 1875 B
2248 1823 2356 1878 rint
2385 1840 2506 1894 qua:
2536 1824 2928 1879 conceduntur.
2961 1822 3101 1879 Dicit
3119 1824 3415 1894 Apostolus
3443 1842 3456 1877 :
3489 1821 3711 1894 Inuupta
3727 1840 3802 1878 co-

557 1927 635 1980 ris
684 1926 816 1981 edit.
850 1924 985 1993 Quid
1030 1926 1204 1996 ergo?
1234 1932 1459 1995 propter
1487 1924 1696 1979 arboris
1727 1925 1960 1978 fructum
2004 1923 2145 1977 Deus

557 2018 835 2074 hominem
883 2027 1061 2073 morte
1114 2018 1431 2073 mulctavit?
1480 2016 1595 2073 Non
1661 2026 1883 2089 propter
1934 2015 2145 2070 arboris

554 2110 823 2177 fructum,
873 2112 968 2166 sed
1013 2122 1237 2181 propter
1268 2112 1508 2167 mandati
1551 2119 1942 2179 contemptum.
2000 2110 2144 2181 Ergo

555 2220 665 2258 non
688 2203 864 2273 agitur
883 2203 951 2259 de
972 2203 1239 2273 qualitate
1253 2204 1483 2274 peccati,
1510 2204 1603 2260 sed
1618 2204 1686 2259 de
1711 2206 2146 2274 transgressione

557 2295 817 2351 mandati.
850 2296 917 2351 Et
955 2297 1045 2363 qui
1075 2296 1211 2351 dixit
1240 2296 1390 2360 Adae,
1417 2306 1475 2352 ut
1503 2297 1572 2352 de
1604 2299 1777 2354 fructu
1802 2297 2011 2351 arboris
2037 2312 2143 2351 non

554 2386 780 2442 ederet:
813 2387 929 2459 ipse
960 2388 1055 2443 tibi
1097 2388 1375 2459 praecepit,
1408 2398 1470 2442 ut
1500 2404 1607 2443 non
1655 2388 1949 2445 maledicas
1970 2434 1984 2459 ,
2034 2405 2145 2444 non

558 2480 857 2546 mentiaris,
885 2495 997 2535 non
1030 2479 1311 2550 detrahas,
1345 2496 1447 2537 nec
1468 2480 1818 2537 detrahentes
1847 2482 2143 2549 auscultes,

557 2583 614 2625 ut
633 2573 855 2627 omnino
879 2587 984 2628 nou
1010 2573 1185 2642 jures,
1210 2590 1317 2629 non
1342 2576 1719 2646 concupiscas,
1746 2591 1853 2631 non
1877 2576 2143 2643 invideas,

555 2680 662 2722 non
694 2667 770 2721 sis
801 2667 1034 2737 tepidus,
1069 2684 1174 2724 non
1202 2670 1280 2723 sis
1307 2685 1502 2725 avarus
1529 2687 1541 2722 :
1574 2679 1633 2724 ut
1655 2670 1787 2724 nulli
1821 2672 2019 2725 malum
2048 2686 2146 2741 pro

554 2759 698 2814 malo
726 2758 962 2815 reddas:
992 2774 1051 2816 ut
1098 2760 1345 2817 inimicos
1382 2771 1506 2817 tuos
1548 2762 1740 2832 diligas
1767 2782 1779 2816 :
1814 2773 1875 2817 ut
1905 2778 2001 2833 pro
2031 2779 2145 2818 ma-

554 2850 914 2908 ledicentibus
951 2864 1007 2908 et
1060 2854 1502 2924 persecutoribus
1527 2870 1655 2912 ores
1685 2874 1696 2908 :
1731 2864 1792 2909 ut
1820 2855 2145 2925 percutienti

553 2943 863 3011 maxillam,
893 2945 1116 2999 alteram
1160 2945 1405 3013 pra-beas
1431 2963 1442 2999 :
1471 2957 1530 3000 ut
1567 2946 1619 3000 in
1646 2946 1856 3015 judicio
1896 2946 2145 3002 saeculari

551 3053 661 3092 non
692 3037 871 3108 litiges
899 3055 912 3091 :
943 3047 1001 3093 ut
1026 3040 1068 3092 si
1100 3039 1223 3109 quis
1256 3049 1345 3094 tua
1377 3040 1612 3095 voluerit
1641 3040 1857 3096 auferre
1880 3081 1895 3107 ,
1927 3052 2145 3111 gratan-

552 3138 635 3183 ter
667 3127 907 3183 dimittas
938 3147 951 3183 :
986 3140 1043 3183 ut
1073 3145 1173 3186 nec
1201 3130 1523 3198 iracundiae,
1547 3147 1647 3187 nec
1664 3132 1786 3198 zeli,
1821 3149 1921 3188 nec
1958 3131 2142 3187 livoris

2248 1920 2377 1991 gitat
2404 1934 2518 1989 quin
2544 1917 2644 1973 Dei
2671 1927 2812 1983 sunt,
2836 1920 3091 1989 quomodo
3115 1920 3313 1986 placeat
3335 1918 3464 1987 Deo,
3495 1930 3551 1973 ut
3577 1921 3804 1976 sitsonctu

2249 2028 2470 2083 corpore
2486 2021 2532 2065 et
2556 2012 2743 2081 spiritu
2776 2028 2793 2064 :
2825 2028 2940 2083 qua:
2968 2021 3141 2067 autem
3167 2022 3335 2081 nupta
3382 2022 3482 2082 est,
3510 2013 3689 2086 coyitat
3713 2030 3807 2083 qua!

2247 2115 2369 2160 sunt
2400 2108 2557 2180 hujus
2578 2106 2779 2175 mundi,
2802 2109 3058 2177 quomodo
3082 2106 3282 2177 placeat
3322 2109 3432 2162 viro
3479 2108 3533 2180 (Ι
3561 2108 3675 2163 Cor.
3717 2124 3804 2172 vn,

2250 2196 2362 2268 54).
2413 2198 2643 2269 Nuptam
2696 2198 2815 2253 viro
2844 2199 3061 2269 placere
3116 2200 3333 2265 asserit,
3396 2200 3680 2271 cogitando
3706 2216 3808 2269 qua!

2249 2289 2435 2345 mundi
2463 2300 2617 2355 sunt;
2663 2289 2943 2359 innuptam
2989 2306 3117 2345 vero
3146 2291 3280 2359 Deo,
3318 2306 3387 2348 eo
3416 2291 3559 2362 quod
3584 2291 3717 2346 nulla
3744 2292 3807 2346 illi

2247 2398 2374 2438 cura
2415 2384 2485 2438 sit
2513 2385 2719 2439 saeculi.
2769 2383 2923 2439 Dicat
2961 2400 3094 2455 ergo
3149 2386 3303 2450 mihi,
3361 2400 3487 2456 qua-
3523 2383 3693 2439 virum
3721 2400 3809 2439 non

2248 2476 2445 2543 habet,
2506 2486 2562 2532 et
2617 2489 2797 2532 tamen
2850 2493 2971 2547 quae
3031 2477 3221 2533 mundi
3270 2489 3403 2533 sunt
3454 2477 3689 2549 cogitat,
3738 2475 3809 2530 cui

2248 2570 2464 2639 placere
2520 2570 2835 2626 desiderat?
2872 2586 3054 2627 nonne
3097 2572 3326 2641 incipiet
3373 2572 3454 2626 illi
3500 2583 3663 2642 nupta
3704 2586 3813 2641 prte-

2248 2666 2375 2736 poni
2409 2684 2420 2718 :
2446 2666 2572 2735 quia
2602 2667 2689 2721 illa
2707 2665 2995 2736 cogitando
3025 2682 3143 2735 qua:
3168 2667 3359 2721 mundi
3392 2675 3543 2730 sunt,
3592 2666 3812 2735 compla-

2247 2768 2333 2812 cet
2358 2758 2439 2812 vel
2468 2759 2665 2811 marito
2695 2775 2709 2811 :
2739 2758 2839 2812 ista
2862 2772 2992 2812 vero
3023 2772 3123 2812 nec
3156 2759 3377 2823 marito,
3426 2773 3588 2828 quem
3613 2771 3712 2811 non
3732 2756 3813 2810 ha-

2248 2852 2358 2918 bet,
2391 2862 2569 2922 potest
2597 2853 2835 2923 placere,
2886 2867 2987 2907 nec
3019 2852 3149 2907 Deo.
3180 2851 3289 2909 Sed
3316 2866 3419 2907 nec
3451 2852 3583 2907 illud
3623 2852 3815 2907 silentio

2247 2946 2530 3017 praeterire
2555 2962 2657 3002 nos
2678 2948 2960 3013 convenit,
2987 2946 3128 3016 quod
3154 2945 3316 3012 dixit,
3348 2946 3589 3019 Innupta
3645 2948 3816 3018 cOgitat

2245 3056 2362 3111 qum
2388 3040 2599 3093 Domini
2619 3050 2758 3107 sunt,
2799 3041 3055 3111 quomodo
3088 3041 3291 3109 placeat
3322 3040 3461 3107 Deo,
3488 3052 3547 3095 ut
3568 3040 3635 3095 sit
3662 3048 3817 3092 sancta

2246 3149 2460 3205 corpore
2483 3143 2531 3187 et
2552 3135 2760 3204 spiritu.
2794 3134 2923 3202 Qua:
2951 3135 3042 3188 Dei
3074 3146 3219 3200 sunt,
3245 3134 3450 3205 inquit,
3473 3136 3697 3205 cogitat,
3724 3148 3817 3187 non

553 3221 753 3277 malum
787 3222 928 3277 intra
979 3234 1170 3293 pectus
1220 3223 1512 3279 admittas:
1544 3233 1603 3279 ut
1642 3225 1846 3280 crimen
1895 3226 2137 3281 avaritia:
2168 3199 2214 3265 Ο
2244 3243 2364 3298 qua:
2394 3229 2602 3294 smeuli,
2638 3243 2745 3283 non
2768 3245 2887 3300 qua:
2920 3229 3222 3298 hominum,
3273 3230 3375 3286 sed
3397 3240 3404 3247 ‘
3428 3247 3553 3303 qua:
3599 3230 3690 3285 Dei
3716 3236 3821 3284 sunt

550 3314 743 3383 fugias.
778 3311 847 3368 Ut
876 3313 1054 3368 omnis
1079 3314 1354 3385 jactantiae
1391 3331 1454 3370 ac
1502 3316 1771 3386 superbia:
1816 3317 2017 3371 malum
2049 3333 2138 3372 ca-

551 3425 701 3475 veas,
727 3417 785 3464 ut
811 3407 1032 3464 humilis
1060 3418 1117 3464 ct
1140 3409 1283 3465 mitis
1308 3408 1514 3466 Christi
1543 3415 1793 3483 exemplo
1816 3413 1991 3469 vivas:
2019 3429 2136 3468 ma-

548 3502 727 3557 lorum
759 3502 1032 3557 consortia
1062 3501 1331 3558 intantum
1364 3503 1638 3571 devitans,
1664 3517 1719 3560 ut
1749 3523 1871 3562 cum
1900 3506 2136 3562 fornica-

552 3595 763 3649 toribus
794 3604 957 3665 atque
987 3596 1190 3663 avaris,
1223 3608 1318 3652 aut
1365 3599 1845 3667 maledicentibus,
1879 3610 1975 3655 aut
2001 3602 2137 3656 invi—

548 3687 654 3751 dis,
683 3696 775 3742 aut
804 3688 1279 3757 obtrectatoribus,
1309 3701 1401 3747 aut
1431 3692 1665 3748 ebriosis
1686 3736 1700 3761 ,
1729 3706 1820 3749 aut
1850 3696 2136 3766 rapacibus

546 3780 727 3835 cibum
758 3798 862 3836 non
898 3782 1100 3852 capias.
1133 3783 1303 3851 Quem
1334 3784 1381 3839 si
1423 3786 1475 3857 in
1508 3787 1689 3857 aliquo
1718 3790 2133 3858 contempseris,

546 3874 594 3928 si
628 3876 869 3946 pepercit
894 3875 1044 3943 Adze,
1081 3887 1265 3947 pareat
1286 3891 1338 3935 ct
1370 3880 1485 3936 tibi.
1518 3882 1685 3937 lmrno
1719 3883 1795 3937 illi
1821 3885 1992 3954 magis
2018 3901 2138 3954 par-

547 3966 776 4023 cendum
803 3967 997 4032 fuerat.
1024 3970 1114 4040 qui
1149 3972 1395 4028 novellus
1424 3983 1547 4029 erat
1573 3974 1751 4031 adhuc
1781 3986 1835 4031 ct
1862 3976 2046 4041 rudis,
2082 3988 2137 4033 ct

548 4059 752 4114 nullius
800 4071 925 4117 ante
965 4065 1239 4133 peccantis
1285 4074 1340 4121 et
1397 4078 1617 4136 propter
1663 4078 1943 4139 peccatum
1975 4085 2131 4126 suum

550 4155 830 4209 morientis
877 4156 1258 4214 retrahebatur
1305 4162 1574 4232 exemplo.
1641 4162 1760 4217 Tibi
1822 4179 1952 4220 vero
2012 4175 2134 4235 post

551 4256 696 4300 tanta
722 4246 1046 4303 documenta
1075 4292 1090 4318 ,
1135 4261 1257 4319 post
1288 4252 1482 4323 legem,
1518 4264 1638 4325 post
1670 4256 1981 4327 prophetas,
2017 4267 2136 4326 post

551 4337 863 4409 Evangelia,
909 4350 1031 4411 post
1072 4343 1377 4412 apostolos,
1427 4346 1471 4399 si
1522 4345 1839 4417 delinquere
1871 4348 2126 4418 volueris,

546 4430 822 4500 quomodo
852 4432 1114 4503 indulgeri
1148 4435 1339 4505 possit,
1374 4436 1582 4507 ignoro.

622 4521 733 4577 VII.
775 4523 856 4578 An
881 4524 974 4580 tibi
1008 4527 1074 4580 de
1105 4527 1431 4598 virginitatis
1458 4531 1815 4603 prterogativa
1838 4532 2131 4588 blandiris?

550 4614 818 4672 Memento
857 4616 1029 4673 Adam
1058 4629 1115 4674 et
1170 4621 1335 4676 Evam
1367 4622 1607 4693 virgines
1658 4624 1980 4694 deliquisse,
2033 4641 2130 4682 nec

551 4709 915 4779 integritatem
966 4714 1215 4783 corporis
1246 4713 1513 4784 profuisse
1565 4719 1931 4787 peccantibus.
1972 4720 2132 4788 Virgo

549 4816 671 4871 qua:
700 4812 905 4871 peccat,
936 4804 1061 4858 livm
1083 4848 1097 4871 ,
1129 4820 1237 4860 non
1264 4807 1449 4863 Maria:
1477 4810 1848 4879 comparanda
1882 4820 1985 4865 est.
2015 4810 2131 4867 Non

553 4911 813 4968 negamus
835 4897 886 4952 in
902 4900 1153 4967 przesenti
1181 4909 1423 4970 tempore
1446 4903 1743 4959 remedium
1767 4906 2129 4977 poenitentiae:

552 4990 645 5043 sed
707 4991 989 5045 hortamur
1050 4992 1219 5061 magis
1273 4995 1559 5064 prayntium
1625 5010 1845 5065 Sperare
1909 4998 2132 5067 debere,

549 5099 708 5152 quam
735 5085 967 5139 veniam.
1004 5085 1187 5156 Turpe
1214 5096 1299 5142 est
1326 5091 1469 5143 enim
1499 5090 1606 5145 illis
1628 5090 1813 5146 delicti
1844 5092 2131 5162 indulgen-

550 5177 675 5230 tiam
701 5178 1003 5247 postulare,
1027 5196 1146 5249 quae
1174 5181 1406 5250 palmam
1422 5182 1751 5254 virginitatis
1780 5194 2125 5254 exspectant:

549 5280 607 5324 et
631 5268 879 5324 illicitum
908 5273 1110 5341 aliquid
1134 5274 1434 5343 incurrere,
1462 5293 1583 5348 qua:
1624 5291 1685 5333 se
1711 5277 1872 5332 etiam
1908 5293 1936 5331 a
1971 5278 2132 5334 licitis

548 5371 946 5420 castraverunt.
999 5366 1229 5423 Licitum
1260 5368 1459 5440 quippe
1508 5379 1592 5425 est
1639 5370 1970 5426 matrimonii
2002 5386 2132 5427 con-

547 5459 778 5515 sortium
806 5456 945 5516 inire
976 5476 991 5515 :
1025 5471 1080 5517 et
1124 5473 1180 5518 ut
1226 5462 1510 5520 laudandae
1552 5475 1701 5533 sunt,
1749 5481 1869 5537 qua:
1909 5477 2129 5537 propter

545 5551 748 5610 Christi
777 5570 1022 5610 amorem
1053 5566 1109 5611 et
1137 5558 1376 5613 caelestis
1407 5560 1555 5630 regni
1581 5559 1828 5630 gloriam,
1877 5562 2130 5632 copulam

542 5660 984 5721 contempserunt
1015 5653 1320 5723 nuptiarum
1353 5670 1366 5705 :
1402 5654 1473 5709 ita
1504 5654 1823 5712 damnandte
1843 5672 1947 5713 non
1980 5667 2128 5725 sunt,

544 5754 665 5808 quae
693 5751 914 5814 propter
940 5744 1347 5802 incontinentiae
1367 5748 1719 5819 voluptatem,
1743 5749 1979 5805 nondum
2016 5749 2128 5807 Deo

554 5834 794 5905 devotae,
850 5838 1094 5895 remedio
1150 5840 1448 5913 apostolico
1501 5845 1813 5903 abutuntur.
1867 5844 2027 5917 Ergo,
2074 5854 2132 5902 ut

2160 4588 2213 4650 D

2239 3324 2461 3392 cogitat.
2514 3323 2643 3391 Qua:
2674 3333 2800 3378 sunt
2846 3338 2977 3395 ergo
3030 3324 3266 3392 Domini,
3319 3325 3473 3382 dicat
3531 3325 3821 3396 Apostolus.

2242 3414 2588 3485 Quwcumque
2607 3416 2741 3469 enim
2768 3427 2972 3480 sancta,
3004 3432 3339 3487 quwcumque
3377 3419 3553 3488 justo,
3581 3430 3820 3488 quotcum-

2238 3527 2334 3580 que
2363 3510 2627 3576 amabilia,
2651 3528 2985 3583 quaecumque
3012 3513 3156 3567 bona:
3180 3514 3361 3583 famae,
3385 3515 3435 3567 si
3464 3532 3571 3585 qua
3594 3516 3762 3579 virtus,
3789 3512 3827 3563 si

2238 3621 2339 3674 qua
2370 3601 2488 3657 laus
2518 3602 2825 3675 disciplima,
2866 3607 2966 3658 ista
2988 3615 3106 3657 sunt
3140 3606 3358 3659 Domini
3389 3605 3623 3678 (Philip.
3658 3621 3726 3670 tv,
3751 3604 3819 3671 8).

2238 3696 2370 3763 Quae
2387 3705 2590 3750 sanctas
2612 3705 2665 3750 et
2683 3712 2823 3751 verzc
2843 3706 2899 3750 et
2920 3696 3235 3767 apostolicae
3253 3697 3533 3767 virgines,
3548 3698 3639 3753 die
3663 3706 3831 3752 noctu-

2246 3803 2354 3857 que
2386 3789 2508 3843 sine
2536 3788 2645 3843 ullo
2676 3788 2930 3858 temporis
2962 3788 3246 3843 intervallo
3286 3789 3636 3844 meditantur
3664 3798 3719 3843 et
3744 3802 3827 3841 co-

2247 3881 2442 3950 gitant.
2476 3881 2687 3936 Domini
2706 3892 2790 3937 est
2813 3881 2980 3937 etiam
3002 3896 3227 3953 regnum
3275 3883 3558 3939 caelorum
3580 3928 3595 3951 ,
3637 3878 3832 3937 Domini

2247 3985 2335 4030 est
2377 3978 2708 4032 resurrectio
2738 3986 3097 4041 ruortuorum,
3135 3977 3358 4034 Domini
3387 3988 3477 4035 est
3522 3976 3831 4034 immortalis

2243 4070 2603 4138 incorruptio,
2655 4070 2867 4123 Domini
2906 4078 2991 4124 est
3020 4068 3282 4138 Splendor
3309 4071 3478 4139 solis,
3531 4070 3623 4141 qui
3651 4067 3835 4125 sanctis

2240 4162 2573 4232 promittitur
2608 4175 2623 4215 :
2654 4162 2796 4217 sicut
2827 4163 2878 4215 in
2902 4162 3199 4231 Evangelia
3225 4162 3505 4234 scriptum
3548 4174 3629 4218 est
3659 4180 3672 4215 :
3703 4161 3834 4214 Tunc

2226 4256 2367 4324 justi
2388 4254 2655 4324 fulgebunt
2684 4254 2812 4308 sicut
2842 4254 2921 4308 sol
2948 4255 3003 4307 in
3034 4269 3191 4325 regno
3215 4254 3391 4325 patris
3416 4271 3607 4309 eorum
3627 4248 3831 4327 (Matth.

2237 4365 2352 4415 xui,
2380 4348 2492 4415 45).
2524 4348 2737 4403 Domini
2759 4356 2887 4402 sunt
2912 4348 3090 4418 plures
3114 4349 3395 4417 iustorum
3428 4350 3483 4404 in
3529 4347 3832 4405 coelestibus

2235 4445 2568 4513 mansiones,
2605 4443 2817 4498 Domini
2848 4452 2933 4498 est
2983 4444 3575 4514 fructus’tricesintus,
3606 4454 3665 4500 et
3692 4457 3834 4497 sexa-

2235 4538 2493 4606 gesimus,
2550 4548 2604 4592 et
2652 4537 3002 4593 centesimus.
3066 4537 3191 4591 Hrcc
3221 4539 3501 4607 cogitant,
3555 4548 3613 4593 et
3659 4536 3839 4606 quibus

2239 4630 2450 4702 possint
2476 4631 2733 4700 operibus
2765 4631 3069 4702 promereri
3096 4646 3216 4701 qua:
3246 4632 3481 4688 Domini
3507 4641 3672 4700 sunt,
3704 4629 3839 4698 cogi-

2240 4734 2373 4780 tant.
2427 4724 2637 4779 Domini
2668 4733 2752 4780 est
2798 4726 2959 4780 etiam
2992 4726 3074 4780 les
3132 4724 3257 4779 novi
3290 4733 3355 4779 et
3391 4728 3606 4780 veteris
3660 4724 3840 4778 Testa-

2243 4819 2430 4880 menti.
2464 4818 2515 4872 in
2548 4818 2744 4889 quibus
2767 4820 2877 4875 oris
2901 4821 3018 4888 ejus
3063 4817 3276 4889 eloquia
3311 4828 3514 4875 sancta
3563 4818 3841 4889 refulgent.

2242 4912 2370 4982 Qurc
2396 4912 2440 4967 si
2468 4928 2586 4984 qua:
2618 4912 2854 4982 virgines
2879 4914 3000 4968 sine
3027 4911 3454 4969 intermissione
3494 4915 3838 4975 meditantur,

2241 5021 2361 5075 qua:
2390 5004 2600 5058 Domini
2632 5013 2759 5057 sunt
2790 5003 3050 5073 cogitant,
3084 5013 3145 5058 ut
3175 5003 3482 5073 impleatur
3526 5005 3584 5062 in
3617 5005 3699 5062 eis
3729 5017 3844 5073 pro-

2245 5098 2521 5167 pheticum
2550 5096 2679 5151 illud
2713 5094 3130 5153 :Fundameuta
3178 5107 3383 5153 (eterna
3441 5118 3611 5171 supra
3656 5108 3841 5172 petram

2238 5188 2481 5255 solidam,
2514 5199 2560 5242 et
2582 5188 2827 5241 mandata
2852 5188 3065 5243 Domini
3094 5190 3147 5243 in
3177 5190 3339 5244 corde
3366 5193 3615 5247 mulieris
3642 5202 3840 5246 sancta.

2239 5283 2495 5353 Sequitur
2525 5302 2537 5337 :
2573 5283 2847 5351 Quomodo
2870 5284 3072 5354 placeat
3098 5284 3206 5338 Deo
3241 5300 3259 5339 :
3291 5285 3439 5353 Deo,
3464 5288 3713 5359 inquam,
3745 5301 3842 5340 non

2241 5375 2551 5429 hominibus
2579 5385 2672 5430 :ut
2717 5377 2781 5431 sit
2813 5388 2995 5430 sancta
3022 5392 3238 5447 corpore
3286 5386 3341 5431 et
3393 5380 3599 5450 spiritu
3641 5380 3689 5452 (ι
3725 5378 3838 5433 (.‘or.

2239 5484 2337 5537 vn,
2367 5469 2479 5541 54).
2506 5469 2624 5525 Non
2656 5472 2824 5539 dixit,
2869 5480 2927 5527 ut
2951 5473 3021 5527 sit
3062 5483 3247 5527 sancta
3276 5476 3574 5544 membro,
3609 5487 3699 5532 aut
3729 5490 3844 5530 cor-

2242 5578 2377 5634 pore
2409 5573 2637 5633 tantum,
2691 5566 2786 5620 sed
2843 5575 2901 5620 ut
2939 5568 3009 5621 sit
3038 5578 3222 5622 sancta
3251 5580 3506 5638 corpore
3536 5581 3594 5627 et
3633 5571 3839 5643 Spiritu.

2244 5657 2543 5712 Membrum
2574 5657 2720 5713 enim
2740 5673 2844 5713 una
2873 5659 3121 5728 corporis
3152 5673 3275 5728 pars
3308 5671 3403 5716 est
3430 5678 3445 5717 :
3491 5678 3698 5734 corpus
3721 5677 3841 5717 vero

2240 5751 2483 5807 omnium
2514 5767 2776 5823 compago
2806 5762 2891 5811 est
2921 5753 3322 5808 membrorum.
3349 5753 3497 5811 Cum
3529 5772 3665 5830 ergo
3687 5755 3840 5822 dixit,

2241 5856 2296 5903 ut
2320 5846 2387 5901 sit
2412 5856 2593 5901 sancta
2617 5862 2850 5921 corpore,
2899 5847 3149 5905 omnibus
3180 5846 3459 5907 membris
3488 5866 3612 5909 eam
3644 5848 3839 5908 sancti-
