3926 6290
142 272 153 287 ⁶
208 272 297 337 ibi

1198 268 1540 338 EPISTOLA
1577 273 1716 339 XIII.
1758 272 2223 344 VIRGINITA'I'IS
2258 280 2463 344 LAUS.

3374 293 3484 352 170

203 398 334 456 ﬁcari
360 394 551 452 debere
583 399 817 452 testatur
851 411 863 450 :
895 392 1021 469 quia
1049 410 1156 453 non
1190 400 1440 469 proderit
1469 402 1773 458 sanetiﬂca—
1795 405 1854 466 Α
1878 401 1945 457 da
1968 417 2153 471 aures,
2183 414 2239 458 ut
2272 418 2380 460 non
2410 401 2512 457 nisi
2540 403 2886 461 sermonibus
2911 401 3118 463 sanctis
3138 408 3195 464 et
3214 408 3358 465 veris
3385 425 3484 467 au-

202 492 268 547 tio
289 500 598 546 czeterorum
652 491 1047 558 membrorum,
1095 491 1143 547 si
1202 491 1508 550 inveniatur
1557 493 1613 550 in
1665 511 1774 552 uno

200 583 475 654 corruptio.
496 583 561 638 Et
586 581 699 653 jam
729 600 839 641 non
873 587 980 641 erit
1021 594 1213 641 sancta
1242 601 1499 658 corpore,
1530 589 1676 659 quod
1704 606 1775 647 ex

200 677 430 733 omnibus
455 685 673 733 constat
698 678 984 748 membris,
1011 695 1134 751 qua:
1164 681 1253 736 vel
1295 681 1454 737 unius
1483 682 1650 740 fuerit
1678 699 1773 741 (τοο

199 769 551 840 inquinatione
580 770 811 840 polluta.
852 770 961 828 Sed
992 784 1048 827 ut
1075 774 1222 844 quod
1253 775 1399 840 dico,
1427 777 1771 833 manifestius

196 876 241 919 et
266 863 481 919 lucidius
514 865 605 919 liat
635 883 649 922 :
676 874 799 921 esto
838 867 909 922 sit
955 868 1199 923 omnium
1228 869 1599 925 membrorum
1640 885 1771 941 pur-

192 966 293 1028 gata
319 957 772 1029 sanctificatione,
819 970 873 1016 et
896 960 1077 1032 lingua
1121 963 1497 1019 tantummodo
1555 973 1765 1034 peccet,

192 1067 279 1123 qua
304 1063 391 1107 aut
421 1052 787 1123 blaSphemet,
820 1064 915 1111 aut
949 1055 1325 1113 testimonium
1366 1056 1563 1113 falsum
1597 1058 1766 1126 dicat,

193 1144 423 1215 numquid
450 1145 761 1202 liberabunt
786 1147 969 1204 omnia
995 1149 1245 1205 membra
1275 1151 1489 1206 unum?‘
1533 1167 1604 1206 an
1644 1166 1767 1221 pro-

189 1250 293 1311 pter
320 1256 477 1295 unum
504 1240 904 1310 judicabuntur
954 1253 1011 1299 et
1062 1245 1310 1300 caetera?
1363 1244 1508 1315 Ergo
1549 1246 1596 1300 si
1645 1246 1766 1302 sine

189 1334 395 1391 aliorum
425 1334 802 1391 membrorum
831 1336 1272 1395 sanctiﬁcatione
1317 1338 1575 1410 pudicitia
1626 1339 1764 1395 nihil

192 1426 417 1498 proderit,
450 1443 580 1484 cum
606 1428 659 1484 in
694 1444 806 1485 uno
832 1429 904 1485 sit
934 1430 1152 1497 vitium,
1185 1440 1392 1503 quanto
1413 1432 1586 1504 magis
1607 1433 1651 1488 si
1682 1432 1766 1489 di-

191 1536 434 1576 versorum
464 1523 674 1593 ﬂagitio
698 1533 1047 1593 peccatorum
1098 1525 1284 1581 omnia
1313 1534 1759 1599 corrumpantur,

187 1615 322 1669 unius
348 1615 488 1670 nihil
516 1614 759 1684 proderit
794 1615 1117 1686 integritas?

242 1703 362 1759 Vlll.
404 1703 569 1761 Unde
595 1719 784 1777 quaeso
828 1713 904 1775 te,
936 1707 1114 1778 virgo,
1149 1722 1218 1763 ne
1243 1708 1297 1763 in
1320 1708 1436 1764 sola
1473 1707 1572 1764 tibi
1603 1707 1760 1779 pudi-

1879 494 2051 551 ditum
2078 496 2378 566 prmbeant,
2415 504 2471 550 ut
2502 511 2797 568 numquam
2825 496 3109 567 obscaena,
3172 510 3266 557 aut
3304 503 3483 573 turpia

1876 586 2266 658 smeulariaque
2312 587 2479 643 verba
2507 588 2823 659 suscipiant,
2858 597 2953 645 aut
2976 591 3213 663 aliquem
3244 592 3314 651 de
3344 594 3481 652 alte-

1876 695 1940 735 ro
1963 680 2187 737 audiant
2212 680 2589 753 derogantcm,
2617 693 2839 754 prepter
2865 685 3001 740 illud
3032 687 3181 758 quod
3209 690 3479 761 scriptum

1873 782 1958 827 est
1990 790 2002 826 :
2031 772 2161 845 Sepi
2195 789 2350 828 aures
2384 782 2499 828 tuas
2547 774 2734 847 spinis,
2785 786 2831 830 et
2873 777 2982 832 noli
3009 779 3197 834 audire
3238 781 3479 854 linguam

1872 882 2094 938 nequam
2124 864 2296 940 (Eccl.
2345 883 2535 932 xxvut,
2568 868 2665 939 28)
2701 886 2715 924 :
2749 877 2809 924 ut
2830 884 2956 926 cum
3001 886 3069 928 eo
3108 872 3314 931 habere
3348 890 3476 946 par-

1874 967 1982 1014 tem
2010 960 2210 1029 possis,
2242 959 2311 1016 de
2336 974 2446 1031 quo
2476 960 2676 1017 dicitur
2708 978 2722 1016 :
2760 962 3023 1030 Quoniam
3053 966 3241 1021 auditu
3289 977 3338 1022 et
3359 968 3473 1023 visu

1860 1050 2040 1119 justus
2062 1059 2174 1104 erat
2206 1050 2274 1120 (ll
2300 1049 2446 1106 Patr.
2473 1068 2533 1117 ιι,
2563 1052 2617 1124 8)
2650 1070 2661 1107 :
2696 1054 2799 1109 hoc
2848 1064 2956 1122 est,
3009 1071 3109 1113 nec
3160 1073 3323 1127 aure,
3371 1076 3476 1117 nco

1868 1144 2040 1199 oculis
2068 1143 2443 1215 delinquebat.
2489 1146 2689 1201 Munda
2721 1162 2938 1218 manus,
2988 1165 3058 1207 ne
3102 1163 3373 1223 porrectae
3403 1155 3475 1210 ad

1866 1236 2242 1306 accipiendum
2274 1236 2407 1305 sint,
2451 1238 2519 1293 ad
2538 1238 2777 1295 dandum
2826 1249 3011 1299 autem
3033 1243 3285 1301 collectae
3319 1264 3333 1301 :
3366 1260 3471 1303 nec

1869 1328 1939 1384 ad
1973 1328 2281 1387 feriendum
2310 1341 2535 1403 parata),
2562 1332 2658 1390 sed
2690 1334 2759 1390 ad
2784 1338 2967 1391 omnia
2991 1338 3387 1395 misericordias
3414 1348 3475 1397 et

1866 1423 2087 1494 pietatis
2113 1440 2283 1495 opera
2313 1426 2448 1483 satis
2475 1436 2766 1499 prompta).
2793 1429 2995 1486 Munda
3037 1432 3228 1501 pedes,
3267 1448 3337 1491 ne
3381 1434 3468 1491 la-

1866 1525 1973 1571 tam
1999 1528 2055 1573 et
2082 1519 2387 1588 spaciosam
2421 1519 2563 1576 viam
2587 1532 2838 1593 pergant,
2861 1540 2982 1595 quin
3004 1524 3155 1581 ducit
3180 1526 3247 1582 ad
3279 1527 3466 1599 splen-

1863 1607 1989 1664 dida
2019 1612 2207 1666 saeculi
2252 1621 2305 1667 et
2337 1613 2575 1682 pretiosa
2623 1615 2877 1671 convivia
2908 1633 2924 1672 :
2957 1617 3054 1674 sed
3107 1618 3175 1674 ad
3227 1619 3462 1678 arduum

1863 1702 2035 1771 magis
2078 1710 2134 1757 et
2180 1714 2469 1773 angustum
2496 1705 2817 1776 gradiantur
2841 1708 2964 1777 iter,
3013 1710 3162 1781 quod
3193 1713 3368 1769 tendit
3394 1714 3465 1770 ad

183 1797 287 1852 cilia
320 1796 639 1865 blandiaris,
669 1813 849 1869 neque
891 1799 948 1855 in
969 1799 1134 1854 unius
1164 1800 1395 1857 membri
1443 1801 1759 1872 integritate
1789 1797 1837 1859 B
1862 1792 2096 1849 εωιυιηε
2126 1794 2252 1865 (tilia
2283 1797 2546 1867 scriptum
2599 1808 2684 1854 est
2709 1817 2722 1854 =
2750 1799 2858 1855 lter
2888 1811 3085 1857 rectum
3136 1804 3291 1875 facile
3314 1806 3466 1878 pedi-

177 1889 388 1946 conlidas
428 1909 442 1944 :
476 1891 576 1946 sed
621 1893 920 1948 secundum
950 1892 1300 1962 Apostolum,
1333 1892 1499 1949 totius
1528 1908 1757 1950 conser-

173 1996 227 2036 va
252 1984 491 2054 corporis
521 1984 855 2042 eastitatem.
898 1984 1095 2041 Munda
1124 1984 1193 2039 ab
1217 1986 1470 2041 omnibus
1504 1986 1756 2056 inquina-

173 2073 345 2128 mentis
371 2085 544 2146 caput
578 2076 741 2146 :quia
770 2075 977 2131 crimen
1010 2083 1118 2144 est,
1136 2075 1268 2132 illud
1295 2086 1417 2147 post
1438 2076 1752 2134 chrismatis

172 2166 668 2239 sanetilieationcm,
715 2178 810 2225 aut
863 2170 1036 2236 croci,
1090 2178 1184 2225 aut
1208 2170 1434 2226 alterius
1461 2170 1753 2241 cujuslibet

171 2260 400 2331 pigmenti
432 2261 592 2333 fuco,
624 2264 708 2318 vel
739 2263 966 2333 pulvere
987 2262 1259 2319 sordidari
1286 2279 1301 2317 :
1325 2272 1421 2319 aut
1460 2278 1617 2331 auro,
1658 2271 1751 2319 aut

166 2356 385 2421 gemmis,
419 2359 513 2409 vel
554 2355 952 2426 cujuscumque
995 2366 1230 2413 terrenae
1256 2364 1522 2412 creatura:
1559 2357 1749 2427 specie

167 2450 303 2516 conti,
332 2449 487 2519 quod
514 2449 628 2520 jam
656 2450 898 2507 eteiestis
920 2458 1147 2507 ornatus
1171 2451 1464 2522 splendore
1486 2451 1742 2523 refulget.

164 2541 365 2598 Grandis
393 2544 612 2616 quippe
641 2554 725 2601 est
751 2545 1025 2602 divinitati
1077 2548 1436 2615 contumelia,
1486 2547 1745 2603 mundani

158 2643 209 2687 et
228 2635 504 2692 saecularis
533 2638 1147 2710 ornamentitprzelatio.
1176 2639 1374 2696 Munda
1404 2640 1660 2706 freutem,
1690 2650 1750 2696 ut

160 2724 389 2796 humana,
437 2744 554 2785 non
580 2729 771 2785 divina
805 2744 972 2801 opera
998 2731 1308 2800 erubescat,
1337 2740 1392 2788 et
1422 2733 1568 2788 illam
1606 2749 1742 2790 con-

157 2820 397 2877 fusionem
430 2822 697 2893 recipiat,
743 2839 864 2893 qua:
893 2839 1000 2879 non
1051 2834 1367 2896 peccatum,
1392 2826 1488 2882 sed
1511 2827 1741 2896 gratiam

157 2914 233 2969 Dei
249 2917 396 2985 parit,
424 2916 721 2987 Scriptura
739 2917 916 2973 divina
943 2917 1161 2975 dicente
1180 2936 1191 2971 :
1209 2917 1305 2973 Est
1322 2919 1559 2990 confusio
1573 2920 1743 2975 addu-

153 3023 250 3060 rens
276 3017 571 3077 peccatum,
624 3016 672 3063 et
712 3018 785 3063 est
824 3009 1060 3080 confusio
1104 3010 1365 3065 adducens
1392 3010 1490 3064 Dei
1517 3013 1741 3085 gratiam

152 3099 301 3174 (Ercl.
334 3118 408 3169 tv,
436 3103 569 3175 25).
605 3092 803 3158 Munda
821 3103 1048 3173 collum,
1075 3113 1134 3159 ut
1163 3119 1270 3160 non
1300 3119 1463 3160 aurea
1506 3106 1735 3162 reticula

1861 1886 1955 1942 bus
1976 1888 2157 1943 vestris
2190 1889 2375 1961 (Prov.
2410 1905 2485 1958 tv,
2509 1891 2623 1963 51).
2644 1892 2919 1965 Aguosce,
2953 1896 3047 1952 tibi
3091 1911 3120 1950 a
3154 1896 3270 1954 Deo
3322 1901 3459 1956 arti-

1859 1978 1958 2034 lice
1977 1996 2084 2035 non
2113 1980 2180 2036 ad
2201 1980 2352 2052 vitia,
2386 1982 2484 2039 sed
2524 1983 2593 2039 ad
2644 1986 2876 2043 virtutes
2906 1986 3152 2044 membra
3198 1988 3455 2050 formata.

1856 2071 1923 2127 Et
1963 2087 2086 2128 cum
2133 2074 2417 2129 universos
2444 2086 2597 2131 artus
2626 2078 2978 2135 mundaveris
3005 2080 3075 2136 ab
3119 2082 3271 2137 omni
3295 2084 3458 2140 sorde

1854 2163 2087 2233 peccati,
2116 2173 2171 2218 et
2191 2174 2305 2220 toto
2330 2166 2497 2221 fueris
2530 2168 2876 2225 mundilicata
2917 2186 3170 2243 corpore,
3210 2183 3336 2229 tunc
3359 2175 3457 2232 tibi

1852 2256 2157 2313 castitatem
2182 2258 2449 2331 intelligas
2471 2260 2905 2334 profuturam,qet
2927 2278 3051 2322 eum
3075 2266 3223 2322 omni
3255 2266 3452 2325 fiducia

1852 2351 2091 2422 palmam
2121 2352 2448 2424 virginitatis
2490 2338 2799 2426 exspectes.

1924 2442 2019 2499 IX.
2060 2443 2200 2513 Quid
2233 2445 2304 2501 sit
2330 2454 2575 2503 sanetam
2606 2462 2732 2504 esse
2758 2464 3015 2521 corpore,
3060 2452 3310 2511 breviter
3329 2454 3454 2526 qui-

1850 2537 1998 2605 dem,
2028 2538 2123 2595 sed
2159 2539 2317 2609 plane
2341 2543 2664 2612 exposuisse
2696 2558 2785 2601 me
2811 2544 3073 2602 arbitror.
3120 2547 3272 2604 Nunc
3298 2550 3447 2621 quod

1849 2632 2117 2703 sequitur,
2149 2633 2416 2706 etspiritu,
2451 2650 2613 2692 nosse
2634 2636 2915 2694 debemus.
2936 2638 3052 2695 lloe
3082 2649 3186 2708 est,
3216 2652 3275 2698 ut
3305 2644 3450 2713 quod

1849 2740 2017 2795 opere
2039 2724 2192 2779 nefas
2223 2736 2307 2781 est
2329 2726 2471 2793 fieri,
2501 2742 2604 2783 nec
2634 2728 2966 2800 cogitatione
2995 2732 3312 2804 concipere.
3351 2733 3447 2789 Illa

1847 2816 1992 2872 enim
2017 2825 2100 2872 est
2124 2826 2232 2872 tam
2262 2826 2449 2875 sancta
2479 2832 2710 2889 corpore
2735 2828 2896 2891 quam
2930 2822 3151 2893 spiritu,
3197 2841 3318 2895 quce
3341 2842 3445 2883 nec

1846 2918 2031 2965 mente
2082 2924 2184 2965 nec
2227 2924 2460 2981 corpore
2504 2908 2795 2983 delinquit,
2826 2913 3005 2969 sciens
3038 2914 3205 2970 etiam
3254 2918 3441 2972 cordis

1845 3002 2244 3073 speculatorem
2272 3018 2395 3060 esse
2422 3004 2613 3060 Deum.
2663 3007 2729 3062 Et
2765 3006 2970 3063 ideirco
3001 3010 3219 3080 satagit,
3239 3018 3299 3066 ut
3322 3026 3441 3068 om-

1844 3094 1974 3149 nino
2003 3094 2166 3148 etiatn
2194 3093 2429 3150 animam
2456 3111 2579 3152 cum
2625 3111 2859 3168 corpore
2888 3099 3145 3156 mundam
3177 3101 3374 3159 habeat
3404 3120 3436 3159 a

151 3195 353 3265 capillus
384 3205 598 3266 portet,
623 3205 681 3251 et
707 3212 971 3267 suspensa
1022 3198 1270 3267 monilia,
1314 3198 1409 3254 sed
1442 3198 1619 3270 potius
1650 3199 1737 3254 illa

1846 3194 2087 3255 peccato,
2122 3185 2301 3242 sciens
2331 3187 2589 3258 scriptum
2619 3204 2743 3245 esse
2776 3207 2790 3245 :
2820 3189 2975 3246 Omni
3004 3196 3240 3248 custodia
3289 3212 3439 3254 serua

155 3299 453 3343 ornamenta
481 3287 866 3355 circumferat,
908 3289 975 3344 de
1002 3289 1199 3356 quibus
1246 3289 1527 3359 Scriptura
1552 3289 1685 3345 dicit
1715 3308 1729 3345 :

151 3376 499 3434 Misericordia
529 3392 580 3434 et
610 3381 803 3434 veritas
832 3398 936 3435 non
960 3380 1247 3450 deﬁcieuta
1275 3390 1323 3436 te
1346 3378 1528 3453 (Prov.
1561 3397 1639 3451 ιιι,
1674 3384 1728 3450 3,

147 3489 235 3528 sec.
265 3474 451 3547 LXX).
489 3475 786 3546 Suspende
817 3484 999 3531 autem
1032 3475 1155 3531 illas
1205 3476 1259 3530 in
1286 3474 1455 3531 corde
1497 3476 1647 3531 velut
1677 3475 1729 3531 in

145 3572 269 3626 collo
297 3584 410 3627 tuo.
444 3570 653 3627 Munda
671 3569 889 3637 oculos,
921 3569 1048 3624 dmn
1093 3584 1191 3624 eos
1220 3568 1291 3623 ab
1321 3569 1470 3624 omni
1521 3582 1728 3624 concu-

148 3664 393 3732 piscentia
447 3660 713 3730 retrahis,
763 3671 822 3718 et
871 3662 940 3718 ab
978 3661 1127 3718 omni
1172 3660 1375 3716 intuitu
1427 3675 1728 3731 pauperum

143 3772 417 3827 numquam
448 3757 689 3821 avertis,
720 3766 775 3812 et
805 3756 875 3811 ab
916 3755 1167 3811 omnibus
1198 3753 1337 3809 fucis
1380 3753 1608 3821 liberos,
1656 3753 1728 3809 ad

143 3862 196 3903 ea
215 3865 329 3919 qua:
361 3849 461 3905 Dei
486 3858 623 3903 sunt
653 3849 793 3903 facta
816 3847 1115 3903 custodias.
1159 3845 1363 3901 Munda
1411 3845 1649 3916 linguam
1696 3861 1728 3902 a

141 3942 407 3997 mendacio
441 3961 454 3997 :
482 3942 617 4013 quia
658 3956 721 3997 os
756 3940 899 4011 quod
925 3940 1208 4005 mentitur,
1239 3938 1440 3994 occidit
1461 3938 1724 3993 animam.

144 4034 318 4092 Munda
353 4052 482 4094 eam
521 4050 553 4088 a
581 4035 950 4102 detractione,
978 4034 1313 4103 iuramento,
1371 4048 1433 4087 ac
1461 4031 1722 4102 perjurio.

134 4127 259 4185 Nolo
284 4139 692 4202 praeposterum
722 4128 969 4185 ordinem
996 4140 1177 4199 putes,
1230 4129 1373 4199 quod
1400 4130 1549 4199 prius
1576 4146 1607 4185 a
1632 4130 1726 4201 ju-

134 4233 366 4280 ramento
395 4239 565 4295 quam
590 4238 621 4276 a
645 4222 890 4293 perjurio
916 4222 1154 4293 linguam
1186 4222 1298 4277 dixi
1342 4222 1545 4278 debere
1567 4239 1723 4280 mun-

132 4318 235 4371 dari
268 4336 280 4370 :
307 4318 439 4389 quia
477 4328 613 4371 tunc
645 4315 947 4385 perjurium
975 4313 1191 4370 facilius
1217 4312 1415 4385 fugies,
1446 4316 1490 4370 si
1518 4316 1571 4370 in
1599 4324 1714 4371 toto

133 4411 435 4481 majores:
474 4418 537 4465 ut
563 4410 936 4481 impleaturin
980 4419 1033 4465 te
1056 4409 1145 4464 illa
1175 4411 1491 4465 sententia:
1527 4408 1721 4465 Cohibe

1832 3295 1925 3334 cor
1947 3287 2092 3333 tuum
2116 3277 2302 3351 (Prov.
2335 3296 2406 3346 tv,
2432 3281 2551 3353 25).
2578 3281 2648 3338 Et
2677 3284 2871 3340 iterum
2905 3286 3135 3359 :Diligit
3178 3288 3434 3346 Dominus

1831 3378 2010 3427 sancta
2038 3371 2235 3450 corda;
2255 3373 2456 3444 accepti
2483 3385 2604 3428 sunt
2631 3386 2805 3431 autent
2834 3378 2883 3431 ei
2918 3393 3092 3433 omnes
3122 3379 3433 3439 immacula-

1827 3463 1885 3517 ti.
1932 3463 1997 3518 Et
2025 3462 2152 3517 alibi
2178 3482 2191 3517 :
2226 3462 2377 3517 Beati
2402 3466 2597 3520 mundo
2626 3467 2802 3536 corde,
2832 3470 3082 3540 quoniam
3108 3472 3211 3543 ipsi
3259 3474 3429 3531 Deum

1830 3553 2075 3609 uidebunt
2107 3552 2322 3627 (Matth.
2350 3572 2402 3611 ν.
2434 3555 2517 3628 8).
2544 3556 2700 3627 Quod
2748 3558 2817 3615 de
2859 3561 2968 3617 illis
2996 3563 3104 3619 dici
3160 3565 3429 3632 arbitror,

1830 3664 1966 3720 quos
1996 3646 2330 3707 conscientia
2358 3651 2411 3706 in
2431 3650 2576 3707 nulla
2609 3652 2885 3725 redarguit
2905 3655 3062 3726 culpa
3094 3659 3325 3727 peccati.
3350 3659 3429 3716 De

1827 3744 2029 3815 quibus
2056 3752 2109 3799 et
2138 3743 2402 3800 Joannem
2424 3744 2476 3799 in
2512 3744 2755 3816 Epistola
2786 3762 2883 3803 sua
2913 3748 3117 3804 dixisse
3164 3765 3289 3806 reor
3320 3766 3336 3808 :
3362 3750 3426 3807 Si

1829 3856 1918 3894 cor
1934 3850 2163 3895 nostrum
2192 3856 2297 3896 non
2320 3840 2655 3912 reprehendit
2678 3858 2798 3910 nos,
2823 3841 3073 3911 ﬁduciam
3092 3844 3336 3898 habemus
3351 3847 3423 3900 ad

1828 3931 2017 4001 Deum,
2034 3942 2080 3986 et
2091 3949 2425 4005 quacumque
2437 3933 2757 4003 petierimus,
2770 3934 3078 4004 accipiemus
3089 3934 3154 3988 ab
3167 3951 3224 3989 eo
3237 3934 3421 4007 (Joan.

1827 4038 1907 4088 ut,
1935 4024 2030 4089 21,
2052 4023 2169 4094 22).
2196 4024 2335 4080 Nolo
2357 4024 2639 4081 existimes
2664 4032 2716 4080 te
2735 4025 2938 4094 peccati
2956 4025 3160 4081 crimen
3192 4025 3416 4099 fugisse,

1826 4116 1870 4171 si
1902 4117 2231 4171 voluntatem
2266 4131 2372 4173 non
2414 4128 2672 4189 sequatur
2712 4115 2956 4183 ell‘ectus,
2986 4131 3110 4174 cum
3155 4120 3419 4190 scriptum

1824 4210 1897 4264 sit
1933 4226 1946 4264 :
1979 4210 2297 4281 Quicumque
2325 4210 2511 4265 viderit
2542 4210 2808 4265 mulierem
2836 4211 2904 4264 ad
2943 4213 3420 4281 concupiscendum

1824 4317 1959 4370 eam,
1979 4303 2093 4372 jam
2110 4303 2391 4357 mare/talus
2414 4312 2487 4357 est
2504 4318 2617 4356 eam
2633 4302 2687 4357 in
2708 4302 2968 4357 cordesuo
2992 4300 3277 4375 (Matthw,
3294 4304 3418 4378 28).

1824 4393 1934 4450 Nec
1955 4394 2102 4450 dicas
2126 4413 2138 4449 :
2168 4395 2399 4465 cogitavi
2421 4395 2664 4467 quidem,
2688 4394 2781 4450 sed
2805 4410 2915 4450 non
2937 4396 3035 4451 feci
3056 4412 3069 4448 :
3094 4398 3221 4467 quia
3251 4400 3417 4455 etiam

132 4503 343 4574 linguam
396 4512 551 4557 tuam
590 4519 622 4556 a
649 4501 811 4567 mala,
865 4508 916 4555 et
943 4500 1083 4555 labia
1112 4510 1201 4555 tua
1230 4516 1293 4555 ne
1319 4503 1598 4572 loquantur
1626 4500 1722 4557 do-
1746 4572 1779 4574 _7
1824 4495 2216 4567 concupiscere
2243 4494 2399 4550 nefas
2428 4503 2532 4562 est,
2559 4493 2701 4565 quod
2730 4492 2845 4571 fieri
2870 4494 3076 4549 crimen
3106 4504 3210 4550 est.
3262 4495 3419 4555 Unde

130 4572 222 4649 lunt
252 4596 496 4669 (Psalm.
550 4610 751 4662 χχχιιι,
789 4592 902 4666 14).
939 4595 1005 4650 Et
1057 4608 1270 4650 memor
1320 4603 1462 4661 esto,
1502 4572 1798 4651 dicente”
1825 4601 1878 4645 et
1906 4587 2094 4643 beatus
2135 4587 2325 4667 Petrus
2358 4586 2621 4656 prazcipit,
2670 4584 2858 4641 dicens
2902 4601 2917 4640 :

131 4692 377 4758 Apostolo
411 4709 425 4743 :
460 4687 761 4743 Benedicite
785 4697 832 4743 et
862 4687 1021 4742 nolite
1076 4687 1385 4743 maledicere
1411 4687 1591 4759 (Rom.
1621 4704 1719 4765 xtl,

136 4784 230 4855 ll).
259 4784 369 4840 Sed
403 4793 463 4839 et
488 4783 635 4837 illius
650 4780 901 4837 crebrius
932 4781 1223 4837 recordare
1249 4799 1264 4837 :
1307 4780 1483 4836 Videte
1510 4797 1573 4834 ne
1607 4782 1722 4853 quis

130 4878 271 4931 alicui
311 4878 519 4931 malum
543 4893 638 4947 pro
660 4876 798 4930 malo
824 4875 1028 4943 reddat,
1060 4893 1223 4947 neque
1264 4876 1593 4930 maledictum
1624 4892 1720 4947 pro

130 4969 411 5024 maledicto.
452 4969 564 5024 Sed
584 4969 876 5024 econtrario
926 4968 1468 5040 benedicentes:quia
1515 4971 1571 5024 in
1623 4971 1721 5025 hoc

128 5066 277 5117 ruenti
326 5064 482 5129 estis,
538 5072 597 5116 ut
627 5063 1027 5118 benedictionem
1080 5062 1380 5117 hazretlitate
1414 5063 1721 5131 possidentis

130 5154 163 5207 tl
189 5154 367 5211 Thess.
402 5173 465 5222 v,
492 5155 607 5227 15).
643 5157 711 5211 Et
741 5155 875 5211 illud
903 5173 919 5211 :
951 5156 1148 5228 Siquis
1172 5167 1342 5211 autem
1367 5157 1421 5211 in
1442 5157 1591 5212 uerbo
1621 5174 1724 5212 non

127 5248 327 5313 offendit
353 5253 601 5321 fratrem,
632 5250 716 5302 hic
742 5254 1006 5322 perfectus
1038 5260 1131 5305 est.
1180 5249 1341 5305 Nefas
1379 5259 1466 5306 est
1494 5252 1640 5307 enim
1668 5262 1727 5306 ut

128 5339 252 5394 labia
285 5342 408 5406 illa,
440 5343 642 5413 quibus
670 5341 963 5397 Dominum
989 5340 1292 5409 confiteris,
1336 5357 1518 5414 rogas,
1551 5342 1723 5399 benc-

127 5432 270 5499 dicis,
320 5444 380 5491 et
435 5435 649 5505 laudas,
674 5435 908 5506 alicujus
941 5436 1256 5508 polluantur
1302 5437 1464 5492 sorde
1495 5437 1719 5507 peccati.

130 5524 318 5581 Nescio
352 5542 469 5597 qua
513 5528 859 5582 conscientia
887 5528 1138 5599 ctlingua
1170 5527 1294 5598 quis
1324 5527 1609 5583 Dominum
1642 5544 1729 5584 ro-

132 5628 232 5685 gat,
265 5635 376 5689 qua
434 5627 529 5673 aut
573 5622 857 5687 mentitur,
888 5629 979 5676 aut
1012 5620 1306 5685 maledicit,
1346 5629 1441 5676 aut
1465 5620 1725 5677 detrahit.

132 5708 287 5767 Labia
305 5721 506 5769 saneta
529 5713 754 5769 exaudit
784 5714 1051 5770 Dominus
1093 5731 1106 5770 :
1136 5724 1187 5771 et
1226 5714 1358 5785 ipsis
1402 5713 1591 5769 annuit
1620 5714 1731 5770 cito

132 5803 413 5885 precibus,
441 5820 575 5878 (ptas
605 5806 788 5880 lingua
830 5807 1176 5869 immaculata
1206 5807 1543 5887 pronuntiat.
1578 5807 1732 5871 Mutt-

410 5898 691 6001 Ptrnoa.
735 5923 953 5995 XXX.

2968 4584 3182 4640 Animas
3224 4598 3423 4644 vestras

1826 4682 2168 4751 castiﬁcantes
2202 4680 2266 4753 (ll
2294 4679 2437 4736 Petr.
2465 4696 2502 4747 ι,
2538 4677 2614 4750 6).
2641 4678 2742 4747 Qui
2766 4680 2810 4734 si
2841 4678 3040 4734 nullam
3066 4680 3263 4735 animat
3289 4697 3424 4738 con-

1826 4775 2222 4847 stuprationcm
2280 4781 2497 4839 nosset,
2550 4787 2652 4828 nec
2681 4772 3013 4838 castiﬁeari,
3050 4773 3220 4843 ipsam
3269 4775 3415 4832 desi-

1829 4866 2095 4923 derasset.
2129 4866 2235 4921 Sed
2266 4878 2318 4920 et
2366 4865 2517 4919 illum
2567 4866 2747 4922 locum
2792 4880 2903 4936 quo
2932 4866 3247 4923 continetur
3289 4886 3302 4922 :
3346 4868 3425 4923 Ili

1829 4971 1949 5017 sunt
1979 4960 2067 5031 qui
2112 4974 2226 5013 cum
2282 4957 2586 5014 mulieribus
2642 4974 2697 5013 se
2746 4974 2851 5012 non
2905 4958 3369 5029 coinquinaverunt
3400 5002 3417 5027 ,

1826 5054 2052 5127 virgines
2094 5052 2233 5107 enim
2284 5059 2677 5124 permanserunt
2712 5066 2731 5106 :
2778 5049 2834 5105 hi
2890 5059 3173 5121 sequuntur
3214 5051 3419 5123 Agnum

1826 5161 2146 5219 quocumque
2191 5145 2306 5198 ierit
2354 5144 2567 5217 (Apoc.
2609 5158 2695 5199 xtv
2730 5184 2745 5209 ,
2795 5142 2867 5213 Δ)
2929 5160 2943 5196 :
2986 5144 3247 5199 attentius
3291 5160 3425 5201 con-

1828 5238 2070 5294 siderare
2114 5236 2373 5292 debemus
2416 5247 2477 5291 et
2517 5235 2972 5301 animadvertere,
3026 5234 3073 5291 si
3118 5236 3288 5293 solius
3340 5236 3423 5292 in-

1829 5334 2103 5406 tegritatis
2143 5348 2207 5387 ac
2255 5331 2529 5402 pudicitia:
2572 5330 2788 5396 merito,
2839 5328 2930 5384 isti
2980 5327 3165 5385 divino
3196 5330 3428 5387 comita-

1828 5429 1907 5484 tui
1956 5427 2299 5498 copulentur,
2331 5435 2387 5481 ct
2412 5438 2509 5494 per
2539 5422 2719 5477 omnia
2756 5421 3025 5478 cmlorum
3065 5421 3417 5479 tabernacula

1830 5522 2141 5578 discurrant
2173 5535 2189 5575 :
2222 5535 2289 5573 an
2317 5527 2371 5574 et
2397 5516 2503 5571 alia
2533 5515 2651 5570 sint
2669 5516 2867 5584 quibus
2899 5514 3161 5585 adjuncta
3193 5513 3419 5584 virgini-

1835 5625 1939 5683 tas,
1979 5621 2147 5669 tantte
2197 5610 2545 5669 beatitudinis
2590 5608 2824 5680 gloriam
2877 5615 3269 5678 consequatur.
3318 5607 3427 5664 Sed

1835 5704 1983 5764 unde
2016 5705 2120 5762 hoc
2149 5704 2295 5761 scire
2325 5702 2662 5775 poterimus?
2690 5702 2773 5758 Ex
2797 5698 3287 5770 consequentibus,
3320 5699 3428 5755 nisi

1838 5801 2021 5876 fallor,
2048 5799 2104 5863 in
2135 5799 2331 5881 quibus
2354 5797 2621 5876 scripturn
2642 5804 2729 5859 est
2755 5813 2769 5856 :
2793 5792 2867 5853 lli
2892 5791 3052 5865 empti
3072 5800 3194 5852 sunt
3234 5807 3302 5854 es
3321 5807 3433 5854 om~

2938 5904 2981 5988 0
