3926 6290
560 267 664 326 ιιι

1546 253 1554 272 ⁵
1605 251 1670 313 S.
1708 248 2096 312 HIERONYMI
2136 245 2422 310 OPERUM
2460 247 2859 312 MANTISSA.'

3715 262 3794 321 172

531 380 716 436 nibus
736 375 980 450 primitiae
1020 371 1131 429 Deo
1158 378 1206 428 et
1226 384 1382 442 agno,
1432 376 1480 423 et
1517 367 1572 422 in
1597 383 1685 422 ore
1709 368 1942 438 ipsorum
1966 351 2066 420 non
2091 372 2164 418 est
2190 364 2244 426 Α
2270 366 2399 434 bus,
2443 382 2598 434 auro,
2646 375 2736 419 aut
2777 361 3079 436 margaritis
3103 404 3118 431 ,
3162 371 3253 419 aut
3294 372 3425 420 veste
3463 369 3685 439 pretiosa,
3728 381 3798 431 sed

562 473 828 527 inventum
864 466 1194 523 mendacium
1226 479 1245 518 :
1277 465 1390 518 sine
1419 460 1625 515 macula
1662 459 1969 514 enimsunt.
1997 455 2165 513 Vides

562 579 698 634 ergo
723 560 867 633 quod
897 575 1001 614 non
1032 559 1087 612 in
1111 570 1220 612 uno
1254 554 1495 622 virgines
1539 559 1749 607 tantum
1778 549 2162 606 ‘membrorum

565 655 866 712 Dominicis
921 650 1232 707 referantur
1277 647 1552 702 inlucrere
1601 644 1848 716 vestigiis
1897 641 2042 700 :sed
2084 642 2165 697 illi

561 750 656 821 qui
679 757 878 820 printer
901 745 1269 816 virginitatem
1307 741 1378 796 ab
1416 739 1566 795 omni
1601 737 1930 809 contagione
1955 736 2164 806 peccati

560 845 972 902 immaculatum
1005 850 1202 913 gerunt
1231 840 1422 894 vitam.

632 937 704 992 Χ.
737 937 945 992 Idcirco
972 936 1056 990 vel
1085 933 1331 989 maxime
1357 932 1510 1002 virgo
1549 929 1766 1002 nuptias
1812 929 2020 998 spernit
2049 945 2062 982 :
2107 938 2166 985 ut

556 1031 687 1088 dum
715 1029 964 1086 securior
993 1036 1109 1091 est,
1145 1025 1352 1079 facilius
1389 1023 1532 1094 quod
1581 1023 1746 1078 etiam
1774 1036 1804 1076 a
1833 1021 2165 1076 nubentibus

557 1123 846 1192 qutnritur,
877 1120 947 1174 ab
973 1119 1120 1175 omni
1174 1133 1233 1174 se
1271 1117 1474 1173 delicto
1501 1115 1806 1182 custodiat,
1830 1123 1887 1170 et
1914 1114 2164 1170 universa

555 1217 692 1287 legis
723 1214 973 1270 mandata
1008 1213 1278 1283 perficiat.
1309 1212 1444 1267 Nam
1474 1212 1522 1267 si
1549 1226 1655 1265 non
1684 1209 1884 1276 nubat,
1908 1221 1962 1266 et
1989 1225 2053 1265 ea
2085 1209 2164 1264 ni-

555 1311 857 1367 hilominus
905 1308 1102 1373 faciat,
1132 1323 1162 1362 a
1193 1307 1392 1378 quibus
1428 1316 1480 1362 et
1533 1314 1720 1376 nuptae
1760 1320 1884 1362 esse
1910 1305 2167 1374 jubenlur

556 1405 828 1460 innnunes
850 1446 865 1470 ,
900 1418 1007 1458 non
1057 1401 1310 1472 nupsisse
1351 1401 1478 1471 quid
1513 1401 1797 1470 proderit?
1827 1400 2164 1470 Quamquam

556 1499 704 1554 enim
750 1497 883 1552 nulli
916 1496 1346 1552 Christianorum
1392 1510 1619 1565 peccare
1651 1495 1842 1562 liceat,
1875 1503 1932 1550 et
1975 1508 2167 1548 omnes

556 1589 886 1660 quicumque
912 1587 1211 1658 spiritualis
1241 1587 1441 1642 lavacri
1471 1587 1902 1642 sanctificatione
1927 1601 2165 1656 purgan-

501 1687 504 1690 ’
558 1692 686 1747 tur,
733 1681 1131 1735 immaculatum
1188 1679 1480 1735 decurrere
1527 1679 1820 1734 conveniat
1861 1679 2061 1747 vitam,
2110 1685 2168 1732 ut

534 1772 817 1828 Ecclesia:
852 1773 994 1842 (quin
1045 1772 1164 1826 sine
1197 1771 1407 1826 macula
1431 1816 1444 1837 ,
1489 1770 1610 1826 sine
1639 1786 1769 1842 ruga
1789 1815 1803 1839 ,
1831 1771 1951 1826 sine
1978 1771 2167 1840 aliquo

564 1862 834 1932 ejusmodi
879 1876 1002 1917 esse
1031 1861 1386 1930 describitur)
1430 1860 1642 1930 possint
1683 1863 1989 1916 visceribus
2038 1861 2155 1916 iuti-

557 1955 697 2010 mari
731 1972 744 2007 :
778 1954 949 2008 multo
979 1954 1152 2024 magis
1179 1965 1360 2010 tamen
1392 1955 1494 2009 hoc
1518 1955 1784 2024 virginem
1814 1954 2044 2024 implere
2070 1969 2166 2010 ne-

557 2060 718 2101 cesse
745 2055 860 2109 est,
892 2047 977 2100 cui
1012 2061 1112 2100 nec
1139 2045 1353 2108 mariti,
1388 2061 1487 2100 nec
1519 2045 1775 2112 filiorum,
1807 2060 1908 2100 nec
1937 2045 2165 2102 alterius

557 2140 906 2196 necessitatis
959 2154 1125 2194 causa
1177 2139 1472 2208 prohibet,
1529 2155 1638 2209 quo
1694 2139 1873 2194 minus
1923 2139 2164 2196 divinam

558 2233 898 2303 Scriptnram
933 2229 1228 2301 perficiat:
1264 2243 1363 2284 nec
1393 2229 1437 2283 si
1489 2240 1719 2299 peccet,
1747 2229 1926 2300 aliqua
1965 2232 2172 2299 poterit

557 2325 914 2380 excusatione
941 2321 1187 2378 defendi.
1220 2321 1264 2375 Ο
1292 2322 1475 2391 virgo,
1509 2337 1665 2376 serva
1698 2322 2034 2391 propositum
2067 2322 2163 2376 tihi

558 2432 759 2486 magno
784 2414 1010 2484 praemio
1032 2414 1390 2468 destinatum.
1425 2413 1696 2468 Praeclara
1719 2425 1802 2469 est
1827 2415 1969 2484 apud
1996 2415 2163 2470 Deum

558 2509 888 2579 virginitatis
917 2516 974 2561 et
1000 2505 1278 2576 pudicitiae
1310 2507 1482 2560 virtus
1503 2546 1517 2572 ,
1545 2505 1592 2561 si
1624 2523 1730 2561 non
1763 2506 1885 2562 aliis
1913 2517 2166 2577 peccato-

556 2617 678 2657 rum
701 2607 758 2656 et
779 2597 1318 2676 malorumlapsibus
1337 2596 1658 2652 iltﬁl'mCllﬂ'.
1686 2602 1932 2670 Agnosco
1962 2610 2162 2653 statum

560 2701 711 2746 tuum
733 2732 748 2757 ,
783 2703 1026 2760 agnosce
1053 2690 1264 2755 locum,
1310 2704 1543 2758 agnosce
1570 2689 1932 2759 propositum.
1962 2689 2167 2744 Christi

558 2799 762 2852 Sponsa
800 2783 1001 2838 diceris
1027 2824 1042 2848 ,
1098 2781 1220 2836 vide
1250 2797 1316 2836 ne
1359 2780 1488 2850 quid
1530 2781 1811 2852 indignutn
1841 2783 1890 2836 ei
1937 2783 2022 2837 cui
2065 2781 2162 2836 de-

555 2888 816 2948 sponsata
843 2892 965 2933 esse
1005 2877 1240 2941 videris,
1290 2875 1567 2941 admittas.
1606 2876 1728 2930 Cito
1757 2875 1949 2930 Scribit
1997 2891 2166 2943 repu-

561 2973 742 3037 dium,
773 2971 818 3026 si
865 2972 918 3024 in
962 2978 1016 3025 te
1062 2969 1242 3024 videat
1277 2969 1359 3022 vel
1403 2984 1567 3024 unum
1611 2968 1958 3024 adulterium.
2002 2969 2165 3036 Qua:-

563 3081 798 3135 cumqoe
839 3078 970 3134 ergo
999 3061 1359 3116 humanorum
1402 3062 1804 3130 sponsaliorum
1849 3061 2166 3131 pignoribus

2240 461 2403 532 ,quod
2426 459 2567 515 decet
2590 460 2848 521 mulieres,
2881 461 3234 526 promittentes
3258 461 3532 515 castitatem
3555 466 3798 530 perbonam

2264 553 2706 608 conuersationem
2734 551 2776 624 (ι
2799 551 2936 608 Tim.
2965 568 3036 618 ιι,
3062 553 3138 621 9).
3171 553 3278 609 Sed
3321 553 3536 608 forsitan
3557 557 3704 623 dicas,
3725 580 3801 620 cur

2267 646 2385 702 iure
2415 646 2578 702 iidem
2610 647 2844 716 apostoli
2887 645 3190 717 virginibus
3235 663 3340 702 non
3387 647 3800 724 jusseruntiQuia

2264 757 2374 796 non
2430 742 2799 796 necessarium
2843 740 3224 811 judicabant:
3277 756 3347 796 ne
3395 743 3510 797 talis
3553 746 3812 815 virginibus

2263 834 2620 890 commonitio
2650 834 2828 904 potius
2867 834 3090 905 injuria,
3123 850 3285 904 quam
3313 837 3606 892 emendatio
3632 842 3805 900 videre.

2262 935 2371 982 tur.
2403 926 2512 982 Sed
2540 941 2641 982 nec
2667 941 2760 982 eas
2787 942 3043 996 umquam
3068 936 3231 982 tanta:
3257 930 3571 984 temeritatis
3599 930 3701 988 lore
3721 951 3810 991 cre-

2265 1021 2554 1089 diderunt,
2581 1032 2640 1076 ut
2667 1037 2735 1078 ne
2759 1024 2940 1092 nuptis
2967 1021 3183 1092 quidem
3213 1036 3470 1078 concessa
3499 1027 3713 1083 carnalia
3737 1043 3807 1084 or-

2265 1123 2522 1170 namenta
2539 1125 2597 1170 et
2629 1126 2842 1172 terrena
2865 1125 3286 1185 praesumerent.

2338 1207 2434 1264 Xl.
2473 1208 2679 1264 Revera
2713 1224 2910 1264 ornare
2941 1223 3003 1264 se
3028 1219 3082 1264 et
3119 1224 3451 1280 componere
3480 1211 3619 1283 virgo
3663 1212 3810 1270 debet.

2265 1303 2398 1360 Nam
2427 1303 2698 1375 quomodo
2727 1319 2931 1374 sponso
2955 1318 3054 1358 suo
3081 1303 3296 1373 placere
3327 1305 3545 1374 poterit,
3579 1306 3670 1362 nisi
3695 1323 3816 1363 com-

2269 1398 2445 1468 posita
2476 1407 2530 1453 et
2559 1409 2750 1453 ornata
2784 1397 3148 1468 processerit?
3176 1396 3412 1452 Ornetur
3438 1398 3615 1468 plane,
3644 1401 3728 1456 sed
3755 1401 3818 1454 in-

2269 1492 2564 1548 terioribus
2579 1490 2951 1554 ornamentis;
2980 1491 3357 1560 spiritualiter,
3381 1507 3486 1544 non
3510 1493 3818 1560 corporaliter

2269 1595 2658 1654 componatur:
2684 1586 2810 1654 quia
2833 1583 3098 1639 Dominus
3121 1600 3229 1638 non
3255 1583 3523 1653 corporis,
3549 1583 3636 1640 sed
3662 1587 3822 1639 aninnc

2271 1676 2526 1733 decorem
2573 1678 2626 1732 in
2676 1677 2764 1732 illa
2804 1677 3102 1732 desiderat.
3154 1677 3294 1746 Ergo
3333 1687 3388 1734 et
3427 1687 3482 1733 tu
3511 1692 3822 1746 quaecumque

2195 1752 2244 1813 B
2273 1772 2508 1826 animam
2536 1779 2681 1825 tuam
2706 1770 2854 1840 diligi
2875 1780 2930 1824 et
2951 1769 3182 1824 habitari
3203 1785 3231 1823 a
3254 1768 3473 1824 Christo
3497 1772 3824 1840 concupiscis:

2269 1869 2418 1922 omni
2468 1879 2587 1920 eam
2641 1864 2921 1934 diligentia
2957 1878 3256 1934 compone,
3289 1875 3344 1918 et
3385 1863 3734 1932 Spiritualibus
3765 1864 3827 1916 in-

2267 1957 2544 2015 dumentis
2575 1972 2800 2012 exorna.
2836 1956 2981 2011 Nihil
3025 1956 3077 2010 io
3107 1971 3172 2010 ea
3205 1955 3553 2021 indecorum,
3588 1955 3710 2008 nihil
3754 1953 3830 2008 itu-

2266 2052 2396 2107 dum
2420 2061 2705 2120 appareat.
2740 2048 3114 2117 lleSplendeat
3141 2063 3276 2103 auro
3299 2049 3547 2119 justitite.
3567 2058 3618 2103 et
3639 2049 3830 2118 gemmis

2267 2145 2534 2216 refulgeat
2558 2143 2886 2209 sanctitatis,
2921 2157 2982 2197 ac
3007 2143 3407 2212 pretiosissima
3437 2142 3696 2212 pudicitiae
3721 2156 3835 2194 mar-

2266 2241 2435 2312 garita
2491 2247 2773 2307 coruscet,
2830 2247 2885 2292 et
2933 2237 3147 2306 pietatis
3197 2235 3379 2290 tunica
3429 2235 3704 2290 vestiatur.
3748 2231 3833 2284 Pro

2264 2334 2431 2404 bysso
2458 2341 2514 2388 et
2534 2332 2733 2397 serico,
2761 2331 3029 2388 castitatis
3059 2339 3113 2384 et
3137 2328 3534 2384 misericordiae
3564 2327 3735 2382 tunica
3759 2340 3836 2379 vc-

2271 2409 2466 2481 stiatnr
2493 2436 2549 2481 et
2599 2425 2875 2492 induatur,
2921 2422 3218 2479 secundum
3257 2423 3403 2492 quod
3446 2425 3702 2491 scriptum
3730 2429 3834 2474 est:

2267 2515 2481 2572 Induite
2502 2533 2587 2572 vos
2613 2519 2745 2572 sicut
2767 2518 2910 2571 electi
2955 2516 3088 2583 Dei,
3114 2516 3312 2583 sancti,
3360 2526 3408 2569 et
3439 2514 3646 2578 dilecti,
3674 2514 3841 2566 viscera

2266 2611 2654 2675 misericordia,
2674 2609 3042 2675 humilitatem,
3063 2619 3169 2663 etc.
3188 2606 3328 2676 (Col.
3349 2623 3431 2672 tu,
3450 2607 3559 2676 η).
3575 2606 3688 2661 Νοιι
3703 2607 3838 2659 deco-

2266 2713 2383 2752 rem
2423 2714 2658 2754 cerussae
2703 2710 2796 2754 aut
2835 2701 3056 2755 alterius
3098 2700 3359 2770 pigmenti
3392 2707 3634 2768 quterat,
3665 2697 3753 2752 sed
3779 2698 3844 2749 iu-

2269 2794 2534 2848 nocentite
2563 2794 3037 2864 simplicitatisque
3061 2792 3604 2848 candorem‘habeat.
3637 2789 3841 2843 Rosciun

2268 2887 2609 2942 verecundia:
2639 2888 2877 2942 colorem
2905 2929 2920 2954 ,
2953 2899 3008 2942 et
3041 2886 3303 2954 pudorem
3339 2884 3595 2951 ruboris,
3624 2881 3845 2952 pudoris-

2268 2994 2375 3049 que
2407 2979 2713 3047 possideat,
2745 2977 2984 3035 caelestis
3010 2978 3261 3032 abluatur
3308 2978 3462 3031 nitro
3493 2974 3773 3040 doctrinae,
3802 2982 3843 3026 et

2268 3061 2595 3127 lavamentis
2623 3070 3000 3140 spiritualibus
3025 3069 3383 3125 emundetur.
3414 3068 3575 3125 Nulla
3604 3070 3656 3122 in
3675 3083 3732 3121 ea
3753 3080 3849 3119 ma-

556 3157 931 3221 subarrhatur,
965 3155 1146 3210 statim
1176 3170 1205 3210 a
1246 3155 1583 3222 domesticis,
1613 3171 1642 3208 a
1685 3153 2066 3220 familiaribus,
2099 3154 2166 3208 ab
2190 3145 2238 3209 C
2273 3163 2423 3230 litim,
2456 3163 2602 3217 nulla
2629 3161 2816 3218 delicti
2844 3163 3051 3216 macula
3080 3161 3425 3232 relinquatur
3453 3179 3466 3214 :
3492 3173 3548 3216 et
3571 3176 3638 3215 nc
3665 3155 3849 3228 quando

561 3251 788 3316 amicis,
820 3258 878 3306 et
903 3250 1139 3306 servulis
1165 3247 1354 3318 sponsi
1386 3247 1625 3303 sollicite
1669 3255 1724 3302 et
1748 3248 2044 3316 diligenter
2072 3262 2159 3302 re-

557 3347 761 3418 quirit,
814 3344 1005 3415 quales
1035 3343 1256 3414 juvenis
1311 3343 1505 3397 habeat
1553 3351 1807 3396 mortes:
1861 3341 2160 3408 interrogat

557 3439 688 3512 quid
719 3439 1060 3509 potissimum
1090 3437 1318 3507 diligat,
1349 3435 1478 3506 quid
1507 3433 1744 3502 accipiat
1770 3432 2026 3498 libenter,
2050 3445 2158 3501 quo

563 3549 662 3588 usu
691 3532 839 3586 vivat
863 3573 877 3596 ,
900 3546 1002 3605 qua
1033 3545 1093 3584 se
1117 3528 1510 3584 consuetudine
1539 3535 1721 3598 regat,
1749 3526 1949 3596 quibus
1975 3535 2158 3580 utatur

560 3624 791 3695 dapibus
815 3665 830 3690 ,
861 3624 913 3678 in
935 3622 1136 3693 quibus
1163 3622 1398 3676 maxime
1430 3620 1591 3676 rebus
1621 3619 1918 3675 delectetur
1941 3628 1995 3672 et
2023 3634 2157 3688 gau-

559 3723 707 3777 deat.
739 3718 870 3786 Quae
915 3732 1040 3772 cum
1080 3715 1359 3781 didicerit,
1394 3715 1467 3770 ita
1498 3728 1558 3769 se
1583 3712 1640 3768 in
1678 3713 1931 3768 omnibus
1954 3720 2158 3781 tempe-

559 3827 676 3880 rat,
709 3823 766 3868 ut
812 3812 998 3882 sponsi
1041 3811 1287 3866 moribus
1331 3825 1488 3866 suum
1540 3807 1907 3877 obsequium,
1946 3822 2042 3862 sua
2070 3807 2156 3862 di-

558 3911 758 3976 lectio,
784 3922 880 3962 sua
913 3905 1257 3976 jucunditas,
1291 3918 1388 3959 sua
1427 3902 1569 3970 vita,
1599 3916 1696 3956 sua
1727 3901 2004 3970 diligentia
2029 3915 2160 3954 con-

559 4003 771 4058 cordet.
821 4001 888 4054 Et
921 4010 979 4054 tu
1023 4013 1241 4069 quoque
1288 3994 1570 4051 Christum
1614 4007 1875 4063 Sponsum
1915 3992 2156 4058 habens,

560 4112 592 4150 a
619 4093 934 4149 domesticis
964 4108 1028 4145 ac
1059 4090 1411 4145 familiaribus
1442 4090 1593 4158 ejus,
1624 4087 1810 4156 sponsi
1857 4085 1932 4140 tui
1976 4101 2158 4141 mores

563 4189 837 4256 interroga
869 4202 882 4238 :
914 4195 968 4240 et
988 4193 1215 4239 strenue
1244 4199 1307 4237 ac
1328 4182 1562 4237 solerter
1587 4181 1828 4250 inquire,
1869 4180 1923 4232 in
1963 4179 2158 4248 quibus

566 4283 834 4355 pra-cipue
881 4277 1203 4334 delectetur.
1250 4275 1476 4342 Qualem
1520 4273 1572 4328 in
1613 4283 1664 4328 te
1705 4273 2155 4342 compositionem

565 4373 795 4428 vestium
842 4371 1071 4439 diligat,
1120 4367 1427 4437 cujusmodi
1467 4367 1816 4436 concupiscat
1854 4376 2105 4419 ornatum
2141 4383 2154 4418 :

560 4466 707 4522 dicat
737 4465 833 4520 tibi
859 4463 978 4534 ejus
1011 4459 1468 4516 familiarissimus
1501 4459 1726 4525 Petrus,
1758 4457 1847 4528 qui
1882 4472 1948 4512 nc
1974 4457 2156 4527 nuptis

2262 3255 2406 3310 tnalo
2437 3254 2686 3310 redoleat
2724 3253 2894 3309 odore
2939 3241 3179 3323 peccati,
3212 3265 3500 3324 unguento
3547 3250 3848 3308 suavissimo

2260 3349 2548 3419 sapientiae
2584 3357 2638 3403 et
2681 3348 2924 3404 scientia:
2967 3346 3299 3416 perfruatur.
3361 3344 3686 3418 llujusmodi
3731 3344 3849 3397 Deus

2260 3443 2458 3513 quierit
2485 3452 2901 3508 ornamentum,
2932 3449 2988 3496 et
3015 3441 3253 3496 animam
3286 3441 3478 3498 taliter
3520 3438 3850 3510 compositam

2261 3536 2618 3606 concupiscit.

2335 3629 2451 3684 Xll.
2493 3631 2760 3686 Memento
2791 3639 2843 3687 te
2870 3647 2992 3689 esse
3015 3631 3212 3697 filiam,
3241 3632 3554 3689 secundum
3587 3629 3726 3703 quod
3754 3627 3849 3682 ait:

2258 3722 2422 3792 Audi,
2469 3723 2612 3792 lilia,
2654 3735 2701 3779 et
2749 3724 2885 3779 uide.
2936 3725 3045 3782 Sed
3076 3736 3130 3781 et
3158 3737 3214 3780 tu
3256 3727 3376 3794 ipsa
3427 3727 3856 3796 quotiescumque

2259 3816 2429 3871 Deum
2464 3827 2668 3886 patrem
2720 3819 2996 3884 nominas,
3044 3829 3097 3874 te
3122 3818 3218 3873 Dei
3249 3817 3423 3873 tiliam
3467 3833 3595 3874 esse
3639 3815 3854 3872 testaris.

2259 3910 2406 3982 Ergo
2428 3913 2471 3966 si
2506 3913 2612 3966 tilia
2648 3914 2743 3969 Dei
2765 3928 2856 3978 es,
2888 3912 3012 3968 vide
3040 3929 3107 3968 ne
3134 3913 3260 3983 quid
3288 3928 3490 3968 eorum
3527 3912 3726 3976 facias,
3757 3921 3859 3978 quin

2261 4004 2372 4058 Deo
2405 4005 2538 4074 patri
2568 4006 2862 4074 incongrua
2895 4007 3032 4072 sint,
3077 4005 3173 4061 sed
3205 4019 3304 4074 age
3348 4004 3543 4059 omnia
3585 4001 3738 4075 quasi
3768 3999 3857 4053 lilia

2259 4096 2377 4152 Dei.
2411 4096 2692 4168 Cognosce
2719 4099 2992 4168 quomodo
3021 4099 3183 4167 hujus
3227 4099 3422 4154 steculi
3456 4099 3590 4154 filiae
3621 4095 3858 4152 nobilium

2257 4206 2318 4246 se
2356 4200 2582 4260 gerant,
2611 4190 2804 4260 quibus
2842 4200 3164 4246 assuescant
3203 4192 3492 4260 moribus,
3529 4190 3787 4260 quibusve
3813 4199 3861 4237 se

2258 4281 2562 4352 disciplinis
2609 4283 2908 4337 instituant.
2945 4282 3112 4336 Tanta
3156 4282 3208 4336 in
3237 4281 3583 4353 quibusdam
3617 4291 3700 4336 est
3729 4293 3865 4333 verc-

2257 4375 2491 4440 cundia,
2546 4383 2690 4428 tanta
2729 4375 2994 4444 gravitas,
3043 4383 3188 4428 tanta
3229 4374 3507 4430 modestia
3529 4417 3543 4440 ,
3573 4385 3630 4428 ut
3660 4380 3864 4426 czetero-

2258 4482 2378 4521 runt
2409 4465 2686 4520 hominum
2717 4466 2880 4521 ritum
2903 4465 3097 4520 intuitu
3128 4466 3382 4522 humana:
3415 4465 3771 4538 ingenuitatis
3792 4477 3866 4517 ex-

559 4559 783 4630 ιιιιίιιειιι
809 4557 1180 4627 οοτΡυΓίιίθηιν
1214 4553 1309 4610 θεά
1335 4553 1670 4623 ενίνίιυειιειη
1701 4551 1966 4620 μετιιιίῑιίῐ
1993 4566 2152 4606 οΓιιίὶ·
2178 4533 2234 4596 D
2258 4559 2484 4628 cedant,
2538 4569 2592 4614 et
2640 4575 2708 4614 ne
2743 4574 2906 4630 quam
2958 4560 3199 4615 honestis
3251 4533 3589 4630 parentibus
3634 4558 3744 4614 suis
3784 4570 3865 4626 pcr

561 4662 673 4708 tum
699 4669 710 4705 :
742 4652 881 4706 sicut
902 4650 958 4705 in
984 4648 1224 4717 Epistola
1257 4662 1355 4702 sua
1388 4645 1608 4715 scripsit
1639 4663 1651 4698 :
1690 4643 1937 4699 Mulieres
1963 4645 2154 4698 simili-

558 4757 636 4801 ter
660 4744 905 4818 subjecta:
931 4743 1034 4796 sint
1055 4741 1176 4796 viris
1204 4741 1334 4806 suis,
1357 4750 1402 4794 et
1425 4741 1468 4794 si
1498 4741 1586 4809 qui
1613 4755 1716 4792 non
1744 4738 1956 4791 credunt
1984 4737 2154 4805 rerbo,

556 4860 648 4916 per
677 4841 952 4896 mulierum
975 4836 1415 4893 conversationem
1443 4835 1554 4888 sine
1582 4834 1730 4886 verba
1761 4832 2150 4901 lucriﬁcentur,

551 4936 935 4990 considerantes
978 4935 1032 4985 in
1081 4932 1262 4985 timore
1312 4939 1511 4982 castam
1554 4927 1996 4981 conversationem
2044 4943 2156 4982 ues-

552 5041 688 5085 tram
721 5046 740 5085 :
777 5043 1003 5102 quarum
1038 5025 1105 5080 sit
1155 5041 1260 5078 non
1305 5023 1624 5078 extrinsecus
1667 5021 2010 5092 capillatura,
2063 5031 2153 5076 aut

553 5121 892 5176 circumdatia
947 5119 1102 5182 auri,
1157 5126 1248 5170 aut
1298 5115 1590 5170 indumenti
1639 5115 2152 5184 vestimentoruntque

549 5215 756 5281 cultus;
783 5215 872 5268 sed
898 5214 1178 5268 absconsus
1207 5210 1378 5266 cordis
1414 5218 1487 5264 est
1517 5209 1671 5264 homo
1701 5209 1752 5263 in
1782 5209 2150 5280 incorruptibi-

548 5313 694 5367 litate
723 5307 880 5379 quieti
925 5317 973 5360 et
1004 5306 1220 5360 modesti
1274 5305 1519 5374 spiritus,
1552 5305 1640 5374 qui
1680 5313 1751 5358 est
1779 5304 1831 5357 in
1871 5316 2149 5374 conspectu

549 5403 650 5458 Dei
681 5401 909 5472 locuples
950 5397 994 5471 (Ι
1024 5397 1170 5453 Petr.
1201 5414 1289 5465 Ill,
1324 5399 1348 5452 1
1384 5396 1574 5467 seqq.).
1601 5397 1753 5452 Dicat
1777 5406 1833 5451 et
1856 5397 1992 5452 alius
2017 5412 2148 5466 apo-_-

543 5498 718 5553 stolus
766 5494 960 5548 beatus
1010 5491 1242 5559 Paulus,
1288 5492 1375 5562 qui
1415 5491 1485 5544 ad
1517 5490 1860 5545 Timotheum
1903 5491 2147 5546 scribens

542 5587 879 5659 Epistolam,
911 5585 1099 5640 eadem
1130 5584 1199 5640 de
1232 5583 1469 5639 fidelium
1501 5582 1824 5638 feminarum
1853 5582 2140 5651 disciplina

541 5690 774 5737 testatur
798 5697 812 5734 :
844 5678 1092 5734 Mulieres
1119 5677 1360 5732 similiter
1381 5678 1436 5731 in
1475 5676 1654 5731 habitu
1676 5684 1885 5742 ornato,
1907 5692 2027 5728 cum
2049 5692 2137 5730 ue-

539 5773 786 5834 recundia
806 5781 854 5831 et
879 5771 1187 5845 sobrietate,
1214 5779 1454 5830 ornante:
1493 5786 1581 5843 se,
1604 5785 1706 5829 non
1731 5769 1786 5828 in
1807 5768 1959 5826 tortis
1979 5769 2138 5828 crini-

2103 5958 2178 5973 -ιο

2257 4653 2470 4723 lapsum
2504 4667 2664 4708 suum
2715 4652 2950 4707 infamia:
3001 4653 3218 4707 inurant
3248 4663 3478 4719 notam,
3515 4654 3745 4708 alteram
3774 4646 3866 4703 sibi

2253 4750 2666 4820 quodammodo
2721 4746 2862 4802 inter
2916 4748 3165 4802 homines
3216 4747 3651 4803 consuetudinis
3706 4746 3866 4799 fecere

2255 4851 2528 4898 naturam.
2570 4841 2639 4895 Et
2685 4852 2740 4894 tu
2785 4841 3049 4910 originem
3105 4851 3248 4900 tuam
3293 4844 3558 4911 respice,
3593 4853 3762 4910 genus
3792 4836 3866 4890 in-

2256 4945 2443 5005 tuere,
2469 4935 2694 5005 gloriam
2739 4932 3035 4988 nobilitatis
3062 4932 3327 4988 advcrte:
3368 4949 3437 4988 ac
3484 4949 3601 4988 non
3648 4928 3866 4985 heminis

2259 5039 2465 5084 tantum
2498 5044 2655 5095 esse,
2699 5027 2793 5082 sed
2844 5026 2938 5080 Dei
2988 5026 3190 5093 filiam,
3229 5037 3282 5081 et
3322 5027 3540 5082 divina:
3587 5020 3866 5081 nativitatis

2259 5123 2558 5178 nob‘litatis
2585 5122 2916 5176 decoratam.
2944 5120 3018 5174 lta
3052 5131 3103 5174 te
3131 5120 3356 5185 exhibe,
3397 5131 3463 5176 ut
3490 5123 3544 5176 in
3573 5131 3626 5176 te
3643 5116 3866 5175 ccelestis

2254 5218 2509 5272 nativitas
2538 5222 2817 5285 appareat,
2846 5221 2982 5268 etut
3009 5213 3193 5268 divina
3217 5213 3548 5284 ingenuitas
3572 5213 3832 5269 clarescat
3857 5225 3865 5258 :

2254 5313 2326 5367 sit
2371 5312 2424 5366 in
2471 5320 2523 5365 te
2567 5325 2704 5365 nova
2751 5310 3022 5380 gravitas,
3071 5316 3331 5364 honestas
3384 5311 3770 5370 admirabilis,
3821 5314 3866 5359 et

2253 5403 2520 5474 stupenda
2551 5403 2907 5469 verecundia,
2943 5401 3081 5456 mira
3113 5401 3375 5468 patientia
3399 5445 3417 5471 ,
3458 5401 3752 5474 virginalis
3795 5400 3866 5454 in-

2253 5511 2476 5560 cessus,
2519 5503 2574 5549 et
2606 5509 2752 5549 vera:
2799 5493 3068 5563 pudicitiae
3113 5492 3373 5562 habitos,
3422 5510 3616 5550 sermo
3665 5505 3865 5560 semper

2250 5589 2559 5653 modestus,
2592 5596 2645 5641 ct
2671 5602 2768 5641 suo
2800 5587 2852 5641 in
2884 5596 3130 5656 lernpore
3157 5586 3542 5656 proferendus
3577 5606 3590 5641 :
3619 5599 3681 5643 ut
3706 5586 3792 5657 qui
3825 5593 3866 5640 te

2247 5677 2486 5744 viderit,
2517 5678 2842 5745 admiretur,
2871 5687 2923 5732 et
2954 5677 3099 5733 dicat
3131 5694 3145 5734 :
3175 5680 3305 5745 Quae
3339 5689 3430 5734 e5t
3478 5680 3602 5734 haec
3629 5695 3764 5734 nova
3794 5679 3866 5730 in-

2245 5782 2329 5838 ter
2381 5771 2630 5834 homines
2668 5772 2956 5847 gravitas?
3014 5774 3146 5844 Qua:
3197 5771 3439 5848 pudoris
3499 5771 3832 5834 verecundia
