3926 6290
202 376 288 436 173

198 497 307 565 Quae
330 492 608 549 honestatis
638 492 943 550 modestia?
970 494 1099 561 Qua:
1131 495 1415 551 maturitas
1441 495 1749 566 sapientiae?
1774 496 1825 556 Α

196 588 291 644 Non
317 595 390 643 est
415 587 509 640 ista
536 586 766 641 humana
792 587 1097 655 institutio,
1139 601 1241 642 nec
1268 588 1560 658 disciplina
1599 604 1748 643 mor-

200 682 315 736 talis.
344 678 570 734 Cteleste
599 677 686 733 hic
712 678 916 749 aliquid
946 679 998 734 in
1042 695 1271 750 corpore
1318 679 1553 735 humano
1580 678 1750 736 reful-

196 785 281 847 get.
323 773 448 829 Puto
496 772 639 844 quod
690 772 898 829 habitet
947 773 998 827 in
1054 773 1375 845 quibusdam
1437 773 1752 829 hominibus

198 867 331 921 Deus.
362 866 423 920 Et
464 880 585 919 cum
637 874 689 919 te
722 865 885 919 tiliam
914 866 1115 920 Christi
1158 867 1508 935 Cognoverit,
1543 867 1751 935 majore

194 972 379 1029 stupore
420 958 710 1023 tenebitur,
754 966 809 1012 et
845 957 1103 1028 cogitabit
1129 959 1304 1029 qualis
1338 958 1441 1013 iste
1490 958 1751 1016 Dominus

192 1054 263 1118 sit,
289 1052 428 1118 cujus
454 1052 578 1105 talis
603 1050 801 1107 ancilla
826 1061 927 1107 est.
956 1050 1011 1108 Si
1045 1052 1123 1107 ris
1150 1068 1279 1123 ergo
1306 1062 1516 1123 partem
1549 1052 1752 1108 habere

191 1160 289 1199 cum
320 1142 563 1209 Christo,
606 1144 810 1199 Christi
868 1144 965 1199 tibi
1012 1145 1261 1215 exemplo
1300 1144 1596 1200 vivendum
1627 1154 1746 1201 est:

191 1241 264 1309 qui
284 1238 343 1293 ah
364 1238 500 1293 omni
537 1238 743 1293 malitia
776 1247 831 1292 et
853 1238 1089 1307 nequitia
1117 1240 1188 1292 ita
1223 1238 1319 1293 fuit
1343 1247 1658 1303 extraneos,
1694 1249 1754 1295 ut

192 1347 245 1386 ne
266 1329 476 1385 inimicis
507 1328 731 1400 quidem
755 1331 933 1386 vicem
968 1330 1254 1401 redderet,
1285 1330 1412 1402 quin
1444 1331 1622 1400 potius
1654 1347 1751 1401 pro

194 1424 301 1494 ipsis
331 1424 531 1479 orabat.
564 1422 700 1479 Nolo
738 1424 883 1478 enim
921 1433 981 1478 ut
1026 1439 1124 1479 eas
1158 1425 1369 1479 animas
1412 1424 1751 1480 Christianas

198 1516 424 1572 existimes
479 1530 641 1583 esse,
670 1532 792 1585 quae
833 1528 927 1571 aut
977 1516 1196 1583 fratres,
1245 1527 1338 1573 aut
1381 1532 1602 1572 sorores
1642 1532 1751 1572 non

192 1611 287 1665 dico
317 1608 574 1674 oderunt,
618 1607 714 1663 sed
744 1606 907 1663 etiam
940 1611 1220 1678 proximos
1261 1617 1374 1664 toto
1408 1610 1577 1664 corde
1622 1622 1751 1664 eon~

189 1702 391 1755 scientia:
418 1716 607 1756 eorum
644 1700 739 1756 Dei
788 1702 1131 1769 testimonio,
1170 1716 1276 1757 non
1323 1701 1594 1772 diligunt:
1626 1717 1750 1757 cum

186 1792 455 1849 Christiana
528 1793 735 1849 Christi
797 1794 1195 1860 similitudine,
1264 1795 1516 1850 inimicos
1591 1793 1750 1852 etiam

1165 376 1499 437 EPISTOLA
1540 378 1681 436 XIII.
1726 376 2192 441 VlRGlNlTATlS
2232 385 2435 444 LAUS.

3353 392 3456 452 174

1856 495 1907 550 in
1943 496 2247 554 minoribus
2278 482 2606 570 praeferant,
2634 514 2773 571 quos
2810 500 2913 555 sibi
2941 503 2994 557 itt
3037 502 3337 574 majoribus
3363 520 3459 575 pa-

1853 602 1942 643 res
1979 604 2100 646 esse
2144 591 2418 647 sentiunt?
2445 602 2499 647 et
2526 592 2684 662 quasi
2710 592 2849 648 infra
2877 608 2938 649 se
2982 596 3186 665 positos
3226 596 3281 651 in
3312 606 3459 653 terra

1853 680 2200 748 existiment,
2233 699 2370 754 quos
2398 683 2503 739 sibi
2527 686 2578 739 in
2600 686 2918 742 coelestibus
2948 687 3185 758 aequales
3211 689 3461 747 credide-

1851 773 2015 827 runt?
2045 774 2124 829 Tu
2155 785 2338 830 autem
2368 791 2488 847 quae
2514 776 2764 847 Christi,
2799 794 2907 834 non
2950 781 3134 835 saeculi
3181 782 3334 852 virgo
3360 798 3458 849 es,

1855 879 2069 920 omnem
2102 868 2387 937 przesentis
2416 869 2538 923 vita:
2576 868 2807 939 gloriam
2848 870 3004 941 fuge,
3039 880 3094 927 ut
3124 888 3286 929 omne
3310 876 3460 944 quod

1855 957 1907 1011 in
1922 961 2101 1014 futuro
2116 960 2449 1029 promittitur
2464 964 2838 1032 consequaris.
2855 962 3277 1020 Contentionum
3294 967 3459 1022 verba

1853 1060 1906 1106 et
1946 1052 2308 1108 animositatis
2353 1068 2547 1109 causas
2591 1056 2755 1110 evita.
2807 1054 3208 1111 Discordiarum
3242 1074 3460 1129 quoque

1855 1152 1911 1199 et
1937 1144 2108 1200 litium
2141 1147 2458 1203 occasiones
2500 1147 2834 1218 subterfuge.
2862 1147 2997 1203 Nam
3028 1150 3095 1218 si,
3130 1150 3286 1221 juxta
3314 1150 3463 1223 Apo-

1853 1238 1980 1292 stoli
2035 1238 2382 1306 doctrinam,
2438 1256 2655 1297 servum
2712 1241 2810 1297 Dei
2868 1242 3081 1312 litigare
3137 1259 3242 1299 non
3299 1243 3460 1300 decet

1854 1329 1923 1399 (ll
1952 1329 2084 1384 Tim.
2110 1346 2171 1401 ll,
2190 1330 2309 1402 24).
2336 1342 2541 1403 quanto
2568 1334 2741 1403 magis
2756 1333 3006 1389 ancillam
3038 1334 3134 1391 Dei
3164 1352 3270 1390 non
3288 1350 3461 1407 expc.

1855 1421 1969 1477 dit?
1998 1423 2165 1495 Cujus
2194 1440 2302 1494 quo
2349 1424 2716 1483 verecundior
2747 1438 2828 1481 est
2878 1441 3082 1496 sexus,
3124 1429 3338 1485 animus
3366 1429 3463 1485 de-

1854 1515 1949 1571 bet
1970 1531 2095 1573 esse
2126 1517 2442 1575 modestior.

1928 1609 2068 1665 XlV.
2117 1609 2384 1682 Linguam
2433 1627 2463 1667 a
2514 1613 2835 1685 maliloquio
2881 1615 3119 1672 cohibe:
3170 1628 3226 1673 et
3264 1617 3344 1674 ori
3375 1624 3466 1672 tuo

1854 1702 1989 1774 legis
2047 1704 2232 1761 frenos
2285 1705 2504 1776 impone
2549 1724 2564 1761 :
2609 1718 2669 1762 ut
2719 1718 2846 1763 tunc
2899 1710 2942 1763 si
3003 1709 3145 1766 forte
3192 1709 3463 1781 loquaris,

1856 1796 2075 1864 quando
2122 1807 2303 1853 tacere
2356 1808 2636 1867 peccatum
2686 1798 2789 1865 sit,
2820 1815 3015 1855 caveas
3062 1817 3132 1857 ne
3164 1801 3291 1871 quid
3322 1803 3467 1872 quod

185 1901 338 1941 amare
382 1902 612 1942 necesse
662 1885 880 1941 habent.
926 1887 982 1942 Si
1022 1896 1333 1941 sanctorum
1372 1890 1523 1958 cupis
1547 1890 1749 1944 trahere
1779 1872 1826 1948 Β
1854 1888 1906 1944 in
1936 1890 2421 1960 reprehensionem
2449 1892 2671 1958 veniat,
2706 1891 2895 1946 dicas:
2928 1892 3093 1962 Lapis
3120 1893 3356 1949 emissus
3386 1904 3471 1948 est

184 1982 510 2049 consortium,
556 1996 588 2035 a
631 1980 855 2035 malitiae
896 1989 951 2035 et
995 1981 1252 2051 nequitia:
1295 1984 1530 2053 cogitatu
1564 1994 1750 2051 peetus

185 2074 396 2128 einunda.
442 2073 622 2129 Nemo
660 2084 711 2129 te
748 2074 1174 2141 circumveniat,
1211 2090 1371 2130 nemo
1421 2074 1600 2130 fallaci
1638 2091 1752 2131 ser-

186 2182 316 2223 mone
336 2167 562 2223 seducat
594 2185 607 2221 :
641 2168 856 2223 nonnisi
888 2180 1106 2224 sanctos
1134 2176 1189 2223 et
1213 2168 1422 2237 jnstos,
1456 2180 1509 2224 et
1541 2170 1751 2241 simpli-

183 2275 285 2326 ces,
308 2270 357 2316 et
382 2264 707 2318 innocentes
732 2303 747 2329 ,
776 2271 830 2317 et
854 2277 1018 2332 puros
1047 2262 1289 2319 cwlestis
1314 2263 1433 2317 aula
1467 2264 1747 2334 suscipiet.

182 2351 364 2408 Nullum
409 2354 558 2425 apud
604 2355 775 2409 Deum
821 2353 983 2409 habet
1014 2355 1188 2409 locum
1222 2355 1449 2410 malitia.
1484 2356 1568 2410 Ab
1606 2356 1750 2411 omni

183 2447 386 2517 nequitia
413 2457 466 2504 et
495 2448 631 2503 dolo
645 2446 904 2502 mundum
929 2462 1153 2503 necesse
1183 2457 1267 2504 est
1292 2464 1444 2515 esse,
1475 2449 1565 2519 qui
1604 2449 1755 2519 cepit

181 2555 374 2611 regnare
407 2558 534 2598 cum
582 2540 826 2597 Christo.
857 2540 1004 2596 Nihil
1048 2554 1155 2596 tam
1200 2544 1571 2611 contrarium,
1617 2545 1752 2599 nihil

183 2641 267 2687 tam
288 2633 621 2689 exsecrabile
644 2634 758 2689 Deo
775 2650 789 2687 :
808 2649 970 2702 quam
993 2635 1228 2704 aliquem
1257 2635 1437 2690 odisse
1457 2636 1538 2691 vel
1555 2636 1754 2692 laedere

179 2725 311 2783 velle.
360 2728 504 2785 Nihil
559 2738 667 2783 tam
719 2730 1035 2799 probabile,
1084 2745 1246 2801 quam
1299 2746 1493 2786 omnes
1541 2747 1748 2788 amare.

180 2818 305 2888 Quod
332 2822 601 2893 Propheta
633 2824 971 2895 prospiciens
1005 2833 1236 2881 testatur
1265 2825 1455 2888 dicens
1485 2845 1497 2882 :
1535 2826 1638 2894 Qui
1666 2828 1750 2881 di-

179 2915 314 2988 ligitis
334 2914 502 2971 Deum
524 2960 541 2983 ,
576 2918 715 2972 odite
743 2919 935 2972 malum
965 2917 1188 2984 (Psalm.
1218 2934 1368 2984 xcvt,
1405 2918 1514 2991 10).

235 3007 355 3063 ΧΙίΙ.
398 3010 538 3066 Vide
567 3025 637 3065 ne
664 3008 899 3080 aliquam
930 3012 1224 3066 humanam
1263 3012 1491 3082 gloriam
1514 3010 1709 3083 diligas
1736 3031 1748 3067 :

178 3116 233 3157 ne
255 3113 302 3157 et
323 3114 402 3157 tua
433 3104 585 3159 inter
605 3117 702 3159 eos
726 3104 906 3173 portio
933 3114 1297 3173 computetur,
1321 3106 1521 3175 quibus
1544 3104 1750 3161 dictum

176 3204 276 3249 est:
308 3196 579 3262 Quomodo
625 3213 712 3251 ros
758 3199 972 3269 potestis
1001 3197 1205 3251 credere
1227 3238 1241 3263 ,
1274 3198 1490 3268 gloriam
1522 3198 1585 3251 ab
1612 3199 1746 3253 invi-

176 3302 265 3342 cem
288 3301 573 3360 quaerentes
604 3288 789 3359 (Joan.
825 3288 1036 3362 v,‘ﬂ)?
1066 3290 1131 3345 Et
1151 3290 1219 3345 de
1253 3292 1447 3360 quibus
1476 3291 1746 3362 Propheta

174 3379 280 3437 dicit
308 3402 319 3436 :
345 3385 489 3457 Auge
517 3386 595 3439 eis
627 3382 768 3438 mala
793 3424 808 3448 ,
849 3401 985 3457 auge
1032 3388 1168 3438 mala
1194 3384 1437 3456 gloriosis
1462 3395 1613 3441 terre
1632 3403 1651 3441 :
1695 3396 1753 3443 ut

174 3475 558 3532 contundamini
600 3492 631 3531 a
674 3478 1001 3547 gloriatione
1047 3487 1265 3546 vestra,
1306 3487 1363 3534 et
1400 3480 1749 3550 opprobrium

176 3567 294 3624 fialis
335 3568 387 3625 in
417 3579 725 3642 conspectu
761 3571 877 3626 Dei.
922 3571 1058 3626 Nolo
1105 3576 1249 3629 enim
1294 3573 1411 3629 illas
1453 3576 1749 3645 respicias,

174 3674 273 3730 qua:
294 3663 475 3718 seculi
497 3706 514 3730 ,
548 3679 656 3718 non
686 3662 901 3718 Dotnini
930 3674 1054 3720 sunt
1096 3665 1332 3736 \irgines
1362 3684 1374 3721 :
1408 3683 1527 3738 quae
1556 3684 1755 3740 propo-

174 3756 245 3808 siti
285 3758 361 3811 sui
388 3767 444 3812 et
474 3757 840 3828 professionis
897 3758 1277 3825 immemores,
1309 3759 1544 3826 gaudent
1575 3760 1627 3815 in
1659 3760 1755 3817 de-

174 3844 324 3915 liciis,
352 3849 404 3903 in
444 3849 651 3920 opibus
679 3849 1045 3917 deleatantur,
1071 3861 1125 3906 et
1144 3866 1425 3920 corporea:
1455 3852 1754 3909 nobilitatis

173 3938 354 4010 origine
376 3942 715 4011 gloriantur.
744 3942 875 4011 Quze
916 3945 1157 4013 profecto
1186 3944 1229 3999 si
1258 3944 1351 3999 Dei
1384 3944 1524 4000 tilias
1548 3962 1608 4001 se
1634 3962 1754 4003 esse

174 4032 466 4099 crederent,
523 4050 819 4107 numquam
864 4047 982 4106 νοεῖ
1019 4038 1233 4092 divinos
1262 4038 1468 4094 natales
1501 4041 1755 4096 nobilita-

173 4133 261 4179 tem
305 4130 714 4185 admirarentur
760 4129 1085 4197 humanam,
1132 4147 1234 4188 nec
1276 4132 1646 4202 gloriarentur
1698 4136 1754 4190 in

170 4222 388 4288 quolibet
420 4233 582 4294 patre
616 4223 904 4279 honorato.
938 4225 991 4281 Si
1020 4234 1229 4294 patrem
1260 4225 1431 4281 Deum
1463 4242 1523 4283 se
1554 4228 1754 4285 habere

166 4322 440 4384 sentirent,
478 4314 823 4370 nobilitatem
851 4318 1033 4372 carnis
1060 4332 1164 4371 non
1192 4327 1460 4374 amarent.
1487 4319 1628 4387 Quid
1656 4321 1751 4376 tibi

169 4403 213 4459 in
236 4410 443 4477 generis
491 4408 781 4465 nobilitate
810 4409 1071 4465 blandiris
1094 4453 1109 4477 ,
1151 4418 1209 4466 et
1231 4413 1575 4481 complaces?
1608 4414 1755 4470 Duos

168 4496 397 4559 homines
429 4504 505 4558 ab
537 4502 765 4558 exordio
787 4503 911 4559 fecit
944 4502 1117 4570 Deus,
1149 4520 1212 4559 ex
1241 4505 1437 4575 quibus
1460 4510 1621 4564 totius
1651 4509 1753 4564 hu-

169 4596 292 4649 mani
312 4598 541 4667 generis
566 4596 701 4651 silva
726 4596 1023 4651 descendit.
1050 4597 1375 4653 Mundanam
1406 4600 1748 4659 nobilitatem

168 4703 259 4745 non
290 4701 506 4747 natura:
528 4690 759 4761 arquitas
783 4700 1022 4760 priestat,
1051 4691 1146 4747 sed
1169 4693 1477 4764 cupiditatis
1503 4696 1749 4756 ambitio.

170 4780 307 4839 Cerie
328 4799 527 4840 omnes
554 4799 651 4854 per
675 4781 843 4838 divini
887 4786 1083 4838 lavacri
1110 4784 1336 4856 gratiam
1369 4788 1607 4857 tequales
1635 4791 1753 4847 effi-

168 4876 354 4945 timur,
383 4888 447 4934 ut
476 4878 623 4933 nulla
658 4880 799 4934 inter
829 4893 925 4935 eos
954 4879 1211 4935 discretio
1233 4896 1356 4937 esse
1384 4883 1585 4952 possit,
1616 4902 1753 4956 quos

170 4972 402 5028 nativitas
449 4971 691 5028 secunda
739 4973 1061 5042 generavit,
1113 4990 1207 5044 per
1254 4992 1414 5047 quam
1465 4986 1571 5034 tam
1601 4980 1753 5038 dives

166 5084 312 5137 quam
346 5084 585 5139 pauper,
617 5078 723 5122 tam
753 5083 946 5124 servus
980 5084 1141 5138 quam
1192 5070 1349 5139 liber,
1398 5081 1505 5128 tam
1556 5074 1755 5133 nobilis

168 5175 309 5231 quam
342 5163 609 5234 ignobilis
637 5162 733 5217 Dei
755 5162 993 5220 efficitur
1023 5164 1163 5219 filius
1183 5206 1198 5231 ,
1230 5176 1285 5221 et
1310 5175 1524 5223 terrena
1563 5170 1758 5226 nobili-

169 5263 239 5311 tas
277 5258 580 5329 splendore
608 5256 799 5329 glorias
840 5258 1078 5314 caelestis
1119 5258 1503 5326 adumbratur,
1531 5272 1586 5317 et
1631 5278 1759 5319 nus-

168 5362 311 5417 quam
343 5351 577 5406 omnino
600 5350 713 5418 jam
740 5360 1021 5420 comparet
1051 5369 1065 5406 :
1093 5351 1220 5406 dum
1252 5368 1371 5421 quae
1400 5363 1546 5409 retro
1574 5354 1626 5408 in
1658 5370 1759 5411 sie-

168 5442 433 5500 cularibus
465 5441 765 5498 honoribus
792 5443 1026 5512 impares
1056 5442 1295 5510 fuerant,
1328 5446 1569 5502 ccelestis
1595 5456 1649 5502 et
1677 5448 1763 5503 di-

169 5533 291 5589 vina:
315 5535 517 5605 gloria:
542 5535 829 5590 nobilitate
860 5536 1221 5591 restituuntur
1246 5538 1547 5607 arqualiter.
1572 5539 1762 5596 Nullus

167 5623 233 5680 ibi
272 5628 384 5697 jam
435 5627 795 5699 ignobilitatis
844 5630 1023 5695 locus,
1059 5645 1160 5687 nec
1204 5631 1439 5701 degener
1472 5635 1761 5705 quisquam

168 5730 271 5785 est,
300 5736 473 5791 quem
520 5720 722 5777 divina:
770 5722 1068 5779 nativitatis
1114 5735 1273 5779 ornat
1312 5725 1612 5782 nobilitas:
1659 5728 1768 5784 nisi

166 5814 301 5885 apud
330 5814 459 5872 illos
495 5816 585 5887 qui
609 5830 718 5874 non
750 5826 940 5887 putant
983 5815 1239 5873 humanis
1262 5818 1510 5874 etelestia
1556 5835 1772 5891 praepo-

167 5903 357 5969 nenda.
386 5906 573 5974 Autsi
610 5918 841 5989 putant,
871 5923 1033 5993 quam
1065 5925 1267 5991 vanum
1305 5920 1391 5975 est
1418 5919 1482 5974 ut
1518 5927 1642 5975 sese
1663 5914 1773 5976 illis

1772 3234 1821 3322 t2

1855 1997 2038 2038 sermo
2068 1984 2333 2052 prolatus.
2369 1984 2713 2054 Quapropter
2755 1986 2849 2039 diu
2895 1995 3186 2057 antequam
3222 1987 3470 2058 profera-

1855 2085 1962 2142 tur,
1996 2075 2320 2145 cogitandus
2365 2086 2468 2131 cst.
2503 2076 2667 2131 Beata
2718 2078 2919 2148 quippe
2970 2078 3110 2132 labia
3156 2089 3314 2148 sunt,
3349 2096 3469 2150 qua:

1855 2184 2149 2237 numquam
2179 2167 2322 2238 quod
2369 2183 2629 2223 revocare
2674 2170 2880 2238 velint,
2926 2171 3205 2227 emittunt.
3250 2172 3470 2227 Pudicre

1855 2263 2057 2319 mentis
2082 2262 2242 2318 debet
2268 2263 2433 2319 etiam
2460 2278 2645 2318 sermo
2679 2276 2801 2319 esse
2828 2263 3078 2334 pudicus,
3107 2265 3201 2335 qui
3233 2266 3472 2323 mitificet

1854 2368 2072 2426 semper
2114 2357 2315 2428 magis,
2353 2373 2514 2428 quam
2545 2358 2779 2428 aliquem
2809 2358 3057 2414 destruat
3101 2359 3418 2416 audientem
3447 2403 3464 2429 ,

1857 2448 2155 2503 secundum
2202 2450 2307 2504 hoc
2347 2449 2493 2519 quod
2537 2448 2834 2519 Apostolus
2885 2450 3162 2521 praecipit,
3208 2451 3397 2509 dicens
3451 2469 3470 2511 :

1861 2541 2044 2597 Omnis
2069 2559 2237 2599 sermo
2264 2542 2438 2597 malus
2459 2543 2523 2599 de
2551 2559 2640 2598 ore
2670 2555 2836 2599 vestro
2862 2561 2966 2598 non
3008 2547 3275 2617 procedat,
3310 2549 3403 2602 sed
3423 2549 3470 2602 si

1855 2636 1973 2706 quis
2006 2636 2166 2690 bonus
2209 2646 2283 2690 est
2321 2636 2390 2690 ad
2420 2636 2821 2707 wdiﬁcationem
2860 2637 3014 2708 ﬁdei,
3050 2648 3107 2692 ut
3129 2640 3216 2695 det
3244 2642 3469 2711 gratiam

1856 2727 2192 2782 audientibus
2217 2727 2436 2800 (Ep/res.
2465 2744 2517 2784 tv
2536 2770 2552 2796 ,
2583 2728 2701 2799 29).
2728 2729 2972 2786 Pretiosa
3003 2730 3117 2787 Deo
3141 2732 3327 2803 lingua
3352 2743 3467 2801 est,

1855 2837 1981 2892 qua:
2004 2836 2109 2877 non
2135 2822 2237 2877 nisi
2261 2823 2316 2877 in
2339 2822 2538 2878 divinis
2564 2826 2727 2879 rebus
2747 2826 2900 2879 novit
2920 2826 3090 2882 verba
3114 2836 3465 2884 construere:

1854 2925 1913 2971 et
1956 2926 2204 2971 sanetum
2249 2926 2335 2972 est
2379 2931 2476 2984 os,
2525 2916 2671 2974 unde
2702 2917 2949 2973 caelestia
2994 2934 3213 2990 semper
3243 2921 3467 2992 eloquia

1855 3010 2227 3079 proferuntur.
2278 3010 2600 3066 Absentium
2651 3010 3085 3081 obtrectatores,
3139 3018 3291 3085 quasi
3342 2998 3469 3071 Ima-

1854 3102 2030 3171 lignos
2060 3104 2360 3173 Scriptura:
2387 3104 2711 3160 auctoritate
2740 3106 2977 3163 deterre.
3009 3106 3142 3175 Quia
3172 3108 3333 3163 etiam
3362 3108 3469 3165 hoc

1855 3194 1999 3251 inter
2042 3194 2264 3265 perfecti
2297 3196 2528 3253 virtutes
2557 3196 2796 3253 hominis
2822 3197 3095 3268 Propheta
3132 3215 3470 3258 commemo-

1854 3296 1959 3343 rat.
2007 3287 2064 3343 Si
2095 3297 2224 3344 ante
2261 3299 2616 3359 conspectum
2650 3288 2784 3358 justi
2816 3291 3089 3360 malignus
3133 3291 3199 3346 ad
3234 3292 3463 3348 nihilum

1853 3382 2176 3449 deducatur,
2208 3383 2297 3453 qui
2325 3391 2516 3437 contra
2548 3382 2855 3452 proximum
2888 3398 2998 3438 non
3026 3383 3303 3453 probanda
3335 3401 3469 3455 pro-

1855 3475 2073 3543 tulerit,
2120 3491 2229 3530 non
2277 3475 2410 3532 licet
2455 3475 2550 3530 tibi
2598 3474 2826 3531 alterius
2867 3476 3324 3546 vituperationem
3373 3493 3470 3548 pa-

1857 3571 2054 3625 tienter
2098 3570 2287 3625 audire
2311 3611 2326 3636 ,
2360 3570 2453 3640 qui
2492 3584 2594 3625 nec
2645 3570 2713 3624 ab
2742 3570 2865 3627 aliis
2895 3586 2947 3643 cr
2970 3579 3051 3627 tas
3094 3572 3261 3643 recipi
3294 3585 3463 3632 tuam.

1856 3663 2117 3733 lnjustum
2145 3663 2347 3734 quippe
2372 3675 2457 3719 est
2481 3704 2496 3729 ,
2529 3662 2792 3735 quidquid
2832 3675 3024 3720 contra
3055 3666 3253 3721 Christi
3286 3668 3467 3722 Evan.

1854 3755 2058 3826 gelium
2087 3756 2271 3823 venit,
2305 3756 2349 3810 si
2373 3755 2533 3811 alteri
2566 3755 2710 3826 quod
2742 3756 2835 3810 tibi
2868 3756 2938 3810 ab
2965 3757 3073 3813 alio
3105 3758 3226 3813 fieri
3259 3759 3464 3813 rnoles-
3514 3806 3521 3811 .

1856 3858 1969 3906 tum
1997 3862 2111 3918 est,
2145 3850 2368 3921 patiaris
2415 3850 2632 3906 inferri.
2680 3849 2936 3920 Linguam
2970 3866 3188 3921 semper
3220 3862 3362 3907 tuam
3396 3853 3466 3907 de

1856 3945 2019 4001 bonis
2049 3945 2194 4015 loqui
2223 3959 2513 4011 assuesce,
2539 3954 2596 3999 et
2623 3943 2865 3998 auditum
2900 3952 3047 3998 tuum
3080 3945 3252 4013 magis
3274 3945 3341 4000 ad
3366 3946 3466 4001 ho-

1858 4054 2052 4095 norum
2099 4037 2313 4093 laudem
2341 4077 2357 4105 ,
2391 4053 2550 4108 quam
2591 4037 2658 4092 ad
2705 4037 2971 4092 malorum
3003 4039 3459 4109 vituperationem

1856 4133 2231 4190 accommoda.
2258 4130 2397 4187 Vide
2424 4139 2487 4185 ut
2517 4130 2702 4185 omnia
2732 4146 3091 4203 quaecumque
3121 4132 3259 4188 bene
3299 4132 3463 4201 facis,

1858 4233 2084 4298 prepter
2104 4224 2277 4281 Deum
2306 4224 2505 4289 facias,
2533 4224 2713 4281 sciens
2734 4224 2853 4295 ejus
2880 4225 2961 4279 rei
2986 4232 3193 4281 tantum
3221 4234 3273 4281 te
3298 4241 3329 4281 a
3359 4228 3469 4283 Dos

1858 4324 2006 4379 mino
2042 4331 2384 4391 recepturam
2413 4333 2539 4376 esse
2575 4320 2914 4387 mercedem,
2946 4335 3107 4390 quam
3136 4320 3254 4391 ejus
3299 4321 3462 4377 timo-

1858 4421 1936 4476 ris
1965 4427 2021 4475 et
2065 4419 2267 4475 amoris
2308 4433 2472 4474 causa
2513 4416 2831 4488 perfeceris.
2876 4416 3076 4473 Sancta
3116 4420 3288 4488 magis
3337 4433 3464 4474 esse

1857 4528 2021 4585 quam
2048 4512 2221 4568 videri
2249 4510 2429 4581 stude,
2459 4510 2585 4580 quia
2617 4508 2751 4565 nihil
2783 4508 3003 4579 prodest
3030 4510 3291 4565 :estimari
3313 4512 3458 4580 quod

1860 4621 1968 4661 non
1992 4603 2068 4661 sis
2097 4623 2109 4658 :
2141 4614 2197 4661 et
2236 4603 2470 4675 duplicis
2513 4603 2719 4672 peccati
2748 4610 2934 4659 reatus
2960 4613 3076 4670 est,
3118 4619 3226 4658 non
3259 4604 3462 4661 habere

1855 4696 1999 4769 quod
2022 4695 2283 4762 creditur,
2307 4704 2362 4750 et
2386 4694 2530 4765 quod
2563 4710 2671 4748 non
2698 4693 2904 4750 habeas
2922 4735 2936 4757 ,
2970 4696 3248 4752 simulare.

1927 4788 2044 4845 XV.
2069 4788 2126 4844 In
2146 4786 2369 4858 jejuniis
2393 4787 2564 4856 magis
2592 4801 2753 4856 quam
2786 4786 2840 4842 in
2870 4788 3045 4857 epulis
3071 4788 3368 4855 delectare,
3398 4789 3465 4846 il-

1856 4887 1964 4943 lius
1988 4883 2163 4939 viduie
2192 4896 2421 4948 memor,
2453 4896 2574 4950 qua:
2604 4895 2711 4935 non
2741 4880 3058 4937 discedebat
3086 4882 3153 4938 de
3182 4882 3411 4953 Temple
3438 4924 3459 4951 ,

1859 4982 1972 5037 Deo
2010 4977 2250 5034 serviens
2267 4974 2486 5045 jejuniis
2513 4986 2568 5032 et
2588 4976 2929 5032 orationibus
2954 4977 3041 5033 die
3076 4993 3139 5033 ac
3177 4986 3355 5034 nocte.
3393 4978 3465 5035 Et

1858 5072 1905 5129 si
1931 5071 2094 5127 vidua
2126 5069 2344 5142 quidem
2370 5068 2557 5124 Judaza
2588 5070 2711 5124 talis
2736 5079 2887 5137 erat,
2918 5070 3133 5139 qualem
3164 5087 3310 5128 nunc
3345 5073 3461 5129 vir-

1859 5166 2044 5238 ginem
2075 5165 2231 5220 decet
2258 5177 2382 5219 esse
2397 5161 2632 5218 Christi?
2653 5162 2858 5217 Divina:
2878 5163 3045 5233 magis
3071 5163 3321 5220 lectionis
3338 5181 3472 5223 con-

1861 5259 2068 5315 vivium
2096 5254 2285 5325 dilige,
2309 5254 2677 5325 spiritualibus
2705 5264 2758 5309 te
2786 5254 2973 5309 satiari
3003 5254 3231 5326 dapibus
3261 5273 3466 5314 concu-

1864 5352 2033 5422 pisce.
2060 5348 2187 5404 lllos
2218 5347 2397 5417 potius
2419 5346 2637 5417 require
2663 5346 2836 5413 cibos,
2868 5348 3066 5417 quibus
3088 5350 3265 5405 anima
3297 5350 3469 5419 magis

1867 5461 2029 5517 quam
2060 5457 2258 5512 corpus
2282 5442 2581 5498 reficiatur.
2619 5440 2813 5496 Carnis
2842 5452 2893 5497 et
2923 5442 3033 5497 vini
3058 5445 3285 5513 species.
3314 5443 3472 5512 quasi

1869 5541 2069 5596 caloris
2100 5538 2373 5603 fomenta,
2402 5544 2458 5591 et
2513 5532 2755 5589 libidinis
2808 5534 3163 5592 incitamenta
3211 5536 3349 5605 fuge.
3403 5536 3474 5591 Et

1871 5642 2002 5687 tunc
2030 5631 2073 5686 si
2108 5630 2245 5684 forte
2271 5628 2397 5683 vino
2429 5626 2597 5682 uteris
2624 5626 2843 5697 exiguo,
2879 5643 3001 5682 cum
3025 5627 3293 5682 stomachi
3316 5627 3479 5685 dolo-

1872 5741 1933 5781 re
1961 5722 2127 5780 nimio
2151 5720 2396 5791 corporis
2424 5718 2705 5789 compellit
2758 5720 3046 5775 infirmitas
3076 5760 3091 5783 ,
3139 5719 3479 5775 iracundiam

1875 5820 2052 5884 vince,
2080 5816 2483 5873 animositatem
2509 5813 2725 5870 cohibe.
2755 5813 3023 5883 Quidquid
3052 5813 3187 5869 illud
3214 5814 3483 5888 est,quod

1878 5922 2005 5993 post
2033 5911 2233 5977 factam
2277 5907 2659 5988 paenitentiam
2709 5908 2968 5973 ruborem
3006 5907 3204 5986 ingerit
3237 5912 3491 5989 proximo

1832 6101 1860 6112 δ
