3926 6290
547 242 651 304 175

1579 240 1638 300 S.
1680 235 2077 337 lllERONYMi
2103 240 2391 305 OPERUM
2430 242 2793 309 MANTISSA.
2824 246 2831 259 ’
3691 271 3777 330 176

551 372 614 417 ut
635 360 879 416 criminis
910 356 1364 416 abominationem
1382 358 1584 416 devita.
1609 360 1751 418 Satis
1779 364 2143 433 tranquillam,
2172 368 2227 427 Α
2251 367 2435 450 selmo,
2464 368 2923 450 et_Bonarentu_ra,
2948 386 3089 442 teque
3107 369 3241 443 falso
3265 374 3494 450 tributum
3522 380 3676 450 fuisse,
3703 388 3778 444 τη,

554 458 687 510 satis
717 457 955 526 quietam
980 470 1099 509 esse
1128 456 1379 509 convenit
1409 464 1669 521 mentem,
1699 466 1753 511 et
1774 459 1843 512 ab
1860 460 2006 513 omni
2032 474 2150 527 per-

552 549 864 601 turbatione
896 547 1093 601 furoris
1134 547 1401 615 alienam,
1456 564 1575 618 qua:
1634 549 1727 603 Dei
1782 548 2150 605 habitaculum

552 658 676 698 esse
707 641 997 708 desiderat,
1030 640 1122 711 qui
1154 657 1252 711 per
1281 641 1607 713 Prophetam
1638 651 1888 710 testatur,
1919 643 2147 699 dicens:

549 732 725 801 Super
751 749 901 803 quem
928 730 1091 786 alium
1118 734 1469 801 requiescam,
1515 735 1617 789 nisi
1644 752 1799 805 super
1826 734 2072 789 humilem
2101 745 2150 790 et

548 834 846 880 trementem
895 840 1153 880 sermones
1186 826 1361 881 meos?
1390 827 1409 897 (
1436 824 1548 883 Isa.
1596 843 1738 894 LXVI,
1782 827 2146 899 2.),Omnium

544 934 771 987 Operum
800 926 853 973 et
880 917 1268 988 cogitationum
1302 928 1519 975 tuarum
1549 921 1945 990 Speculatorem
1981 922 2147 977 Deum

541 1012 725 1077 crede,
757 1020 812 1066 et
839 1026 973 1067 cave
1000 1026 1069 1066 ne
1090 1014 1215 1080 quid
1245 1012 1390 1083 quod
1412 1012 1608 1067 divinis
1646 1013 1819 1069 oculis
1865 1013 2147 1084 indignum

540 1106 630 1170 sit,
647 1106 1017 1175 autopereris,
1032 1112 1125 1159 aut
1145 1106 1369 1175 cogites.
1387 1104 1521 1159 Cum
1544 1106 1845 1160 orationem
1866 1106 2148 1161 celebrare

546 1197 852 1263 desideras,
886 1198 1049 1252 talem
1083 1206 1133 1251 te
1163 1196 1362 1252 exhibe
1388 1240 1402 1265 ,
1434 1197 1589 1266 quasi
1628 1213 1749 1267 qua:
1778 1201 1855 1254 sis
1884 1214 2007 1254 cum
2034 1199 2145 1254 Deo

536 1288 805 1342 locutura.
836 1286 1064 1354 Quando
1093 1288 1359 1358 psalmum
1386 1287 1545 1353 dicis,
1578 1289 1732 1358 cujus
1761 1291 1928 1345 verba
1952 1291 2146 1360 loqua-

532 1381 633 1442 ris,
676 1392 951 1447 agnosce:
986 1379 1119 1434 etin
1149 1379 1571 1449 compunctione
1599 1378 1770 1449 magis
1788 1380 2142 1451 cordisquam

533 1472 588 1525 in
622 1471 847 1526 tinnula:
867 1472 1015 1526 vocis
1037 1471 1327 1527 dulcedine
1349 1471 1644 1527 delectare.
1677 1472 1975 1545 Lacrymas
1995 1474 2142 1529 enim

529 1563 814 1634 psallentis
854 1563 997 1620 Deus
1038 1563 1208 1633 magis
1247 1580 1407 1633 quam
1453 1564 1603 1619 vocis
1658 1567 1887 1635 gratiam
1936 1581 2138 1637 appro-

530 1660 644 1713 bat.
677 1658 834 1712 Situt
861 1657 1129 1727 Propheta
1151 1657 1284 1711 dicit
1310 1675 1323 1711 :
1352 1657 1551 1713 Sert'tte
1584 1655 1806 1711 Domino
1827 1658 1882 1712 in
1912 1660 2094 1714 timore
2117 1700 2134 1726 ,

2256 440 2534 507 Augustini
2557 457 2767 508 operum
2788 440 3013 497 editores
3029 440 3258 499 monent.
3284 448 3364 501 Ad
3380 448 3482 502 ha'c
3496 440 3618 505 naria
3634 440 3782 510 nimii

2256 510 2307 562 bi
2336 512 2521 589 {apud
2548 511 2866 589 Anselmum,
2896 515 2972 569 De
3004 517 3361 589 vestimentis,
3386 532 3437 573 et
3465 526 3717 589 membris,
3742 540 3785 584 et

2253 580 2466 656 actibus
2491 582 2610 656 Deo,
2630 584 2846 656 tributis
2877 604 2888 637 :
2919 588 3059 654 apud
3086 580 3514 656 Bonaventiuram,
3545 595 3611 647 De
3635 580 3786 651 essen;

2255 654 2327 704 tia
2357 659 2412 704 et
2435 652 2829 721 invisibilitate,
2854 665 2910 709 et
2930 652 3301 715 immensitate
3332 661 3417 715 Dei
3443 680 3457 715 :
3494 652 3541 717 in
3560 681 3669 720 mss.
3700 666 3786 721 Va-

2255 723 2433 811 ticano.
2458 733 2503 777 et
2525 723 2805 811 _Victor_ino
2830 727 3232 811 sabuli-igustini
3256 732 3475 811 nomine,
3504 734 3576 789 De
3594 742 3787 793 essentia

2254 791 2673 869 _I_)ivini_tatis,_et
2694 798 2763 852 de
2794 791 3193 863 invisilnlitate,
3229 813 3388 869 atque
3426 791 3786 863 incommutabi;

2253 864 2405 945 litate
2422 864 2805 945 D_ei.__Priorem
2834 870 3059 945 denique
3085 880 3133 925 et
3159 864 3435 927 maximam
3476 890 3653 945 partem
3690 880 3785 933 libri

2252 950 2316 1015 ea:
2339 936 2584 1015 line/aerii
2605 936 2980 1009 Lugdunensis
2997 960 3171 1013 opere,
3201 944 3266 997 de
3294 936 3523 1013 formulis
3543 950 3784 1015 spiritualis

2251 1005 2630 1089 intelligentiae,
2656 1005 2915 1089 sumptam
2946 1005 3209 1089 continere
3236 1005 3401 1089 totum
3424 1005 3577 1088 caput.
3590 1022 3781 1089 ejusdem

2251 1080 2421 1149 operis
2450 1081 2696 1146 primum,
2723 1084 2861 1149 quod
2884 1094 2957 1136 est
2986 1085 3053 1137 de
3079 1086 3278 1140 divinis
3304 1080 3654 1144 nominibus':
3695 1092 3787 1144 Nos

2249 1148 2303 1200 in
2329 1149 2688 1205 Ambrosianw
2711 1148 3047 1209 Bibliotheca:
3074 1159 3228 1210 veteri
3255 1174 3349 1211 ms.
3376 1159 3422 1212 Α
3448 1159 3627 1222 littera,
3648 1173 3686 1213 et
3712 1180 3790 1214 nu-

2248 1234 2389 1298 rnero
2412 1222 2482 1275 48
2510 1233 2797 1298 pimiiotato
2819 1225 3123 1298 inscriptum
3150 1229 3452 1298 invenimus,
3474 1231 3720 1285 Sententia
3740 1234 3787 1287 S.

2248 1289 2560 1362 llierunytiii
2592 1296 2658 1349 de
2688 1298 2923 1349 csso-mia
2954 1289 3248 1353 divinitatis
3274 1300 3407 1365 Dei,
3439 1289 3510 1355 'et
3546 1303 3787 1356 invisibili-

2250 1370 2376 1425 tate,
2402 1373 2563 1438 atque
2592 1366 2955 1438 immensitate
2983 1368 3120 1438 ejus.
3166 1370 3436 1425 Verissime
3459 1383 3618 1425 autem
3644 1376 3790 1426 obser-

2245 1441 2418 1505 uatum
2440 1432 2683 1501 Erasmo,
2709 1436 2840 1492 nihil
2861 1440 2912 1491 in
2940 1432 3039 1493 hoc
3059 1458 3168 1493 esse
3190 1458 3281 1495 nec
3306 1445 3566 1505 sermonis,
3595 1460 3677 1498 nec
3695 1461 3792 1497 cru-

2246 1501 2483 1574 ditionis,
2508 1522 2599 1561 nec
2616 1510 2856 1579 pectoris,
2886 1511 3027 1579 quod
3055 1510 3435 1584 Hieronymum
3457 1501 3673 1585 resipiot.

2771 1644 3105 1703 EPISTOL.‘
3144 1647 3291 1705 XIV.

528 1762 578 1805 et
607 1749 865 1805 exsultate
885 1751 930 1803 ei
960 1766 1077 1803 cum
1106 1760 1323 1804 tremore
1351 1748 1526 1822 (Psal.
1553 1749 1739 1821 11,11).
1769 1750 1870 1806 Ubi
1897 1752 2057 1807 timor
2082 1762 2135 1807 et
2163 1753 2213 1817 B
2291 1754 2371 1813 De
2399 1755 2479 1814 his
2499 1774 2615 1830 qua:
2639 1756 2751 1814 Deo
2775 1762 2827 1816 in
2859 1762 3151 1834 Scripturis
3172 1767 3369 1820 sanctis
3393 1738 3741 1822 altribuuntur.

526 1853 735 1899 tremor
764 1853 867 1912 est,
893 1842 967 1898 ibi
1001 1860 1109 1900 non
1135 1844 1286 1899 vocis
1315 1845 1511 1907 elatio.
1563 1844 1658 1899 sed
1690 1845 1903 1900 animus
1929 1845 2131 1902 ﬂebilis

524 1947 628 2003 est,
660 1946 713 1992 et
741 1936 1044 2007 lacrymosa
1077 1936 1335 2005 dejectio.
1372 1935 1636 1992 Omnibus
1662 1936 1871 1993 actibus
1896 1939 2022 2009 tuis,
2046 1938 2132 1995 di-

522 2030 798 2100 ligentiam
828 2029 1048 2097 adhibe,
1073 2032 1199 2100 quia
1229 2031 1495 2099 scriptum
1519 2038 1604 2086 est
1628 2048 1639 2083 :
1689 2030 2003 2089 Maledictus
2032 2031 2129 2088 lio—

522 2140 606 2177 nzo
631 2125 717 2192 qui
738 2125 867 2195 facit
895 2140 1021 2194 opus
1057 2121 1151 2176 Dei
1175 2124 1510 2196 negligenter.

595 2214 735 2269 XVI.
767 2216 988 2271 Crescat
1016 2215 1111 2270 tibi
1136 2230 1259 2270 cum
1289 2216 1443 2269 annis
1492 2216 1696 2286 gratia,
1740 2227 1970 2286 crescat
2002 2234 2124 2275 cum

518 2318 678 2365 celate
700 2309 932 2379 justitia,
979 2318 1036 2363 et
1074 2308 1210 2364 ﬁdes
1258 2324 1324 2363 eo
1364 2309 1657 2378 perfecdor
1696 2311 1943 2367 videatur
1969 2328 2123 2382 esse,

519 2418 628 2471 quo
656 2402 837 2456 senior
868 2408 970 2455 est.
1003 2399 1138 2467 Quia
1164 2399 1423 2454 Dominus
1446 2409 1629 2456 noster
1655 2400 1812 2457 Jesus
1833 2403 2079 2461 Christus
2105 2447 2121 2473 ,

518 2492 609 2560 qui
641 2491 799 2545 nobis
826 2490 1133 2559 exemplum
1190 2490 1407 2545 vivendi
1454 2490 1714 2562 reliquit,
1761 2494 2119 2564 proﬁciebat,

519 2598 628 2637 non
654 2590 815 2637 aetate
847 2592 1051 2637 tantum
1083 2597 1349 2653 corporea
1374 2630 1387 2652 ,
1426 2584 1522 2639 sed
1552 2587 1816 2656 sapientia
1865 2600 1917 2643 et
1947 2591 2119 2660 gratia

516 2676 787 2746 Spirituali
811 2691 992 2731 coram
1017 2679 1127 2731 Deo
1154 2686 1207 2732 et
1236 2676 1570 2734 hominibus.
1596 2684 1769 2737 Omne
1800 2690 2034 2753 tempus,
2065 2684 2118 2741 in

510 2786 618 2840 quo
645 2779 696 2825 te
729 2786 833 2824 non
867 2769 1151 2825 meliorem
1180 2770 1779 2835 senseris,hocaestima
1797 2775 2116 2845 perdidisse.

513 2862 761 2932 Coeptum
792 2860 1117 2931 virginitatis
1143 2862 1477 2932 propositum
1510 2864 1574 2918 ad
1600 2866 1760 2921 linem
1790 2884 1960 2938 usque
1990 2884 2121 2925 con-

516 2955 834 3023 serva,qnia
857 2969 965 3009 non
990 2954 1273 3010 inchoasse
1305 2964 1535 3024 tantum,
1561 2959 1651 3013 sed
1683 2960 1979 3030 perfecisse
2011 2964 2119 3020 vir-

515 3057 600 3101 tus
631 3058 733 3102 est.
769 3048 921 3103 Sicut
944 3048 997 3103 in
1025 3048 1321 3119 Evangelio
1355 3050 1615 3107 Dominus
1645 3056 1759 3111 ait:
1792 3054 1896 3122 Qui
1938 3067 2115 3113 autem

512 3140 913 3210 perseveraverit
945 3156 1101 3210 usque
1128 3141 1183 3194 in
1216 3141 1374 3209 ﬁnem
1396 3187 1408 3211 ,
1443 3143 1527 3198 hic
1554 3145 1729 3200 salvus
1757 3149 1850 3201 erit
1879 3148 1899 3219 (
1924 3147 2112 3205 Matth.
2143 3135 2193 3201 C

510 3248 566 3297 'x,
600 3230 716 3303 2:2).
748 3232 891 3287 Cave
920 3248 1079 3303 ergo,
1106 3248 1173 3289 ne
1215 3235 1300 3289 cui
1327 3236 1741 3306 concupiscendi
1780 3241 2120 3299 occasionem

515 3324 748 3399 tribuas,
782 3324 905 3394 quia
938 3339 1171 3393 sponsus
1198 3333 1320 3380 tuus
1343 3326 1485 3382 Deus
1513 3329 1693 3384 zelaus
1720 3340 1825 3386 est.
1847 3329 2119 3388 Crimine-

514 3417 628 3471 sior
658 3428 739 3470 est
771 3416 914 3470 enim
944 3416 1185 3471 adultera
1238 3417 1441 3472 Christi
1483 3434 1643 3490 quam
1702 3422 1903 3478 mariti.
1968 3423 2120 3480 Unde

509 3509 739 3579 pulchre
767 3508 1011 3564 Romana
1037 3510 1306 3579 Ecclesia,
1339 3512 1641 3582 apostolico
1668 3515 1786 3571 sine
1807 3516 1991 3583 dubio,
2019 3534 2116 3575 cu-

500 3602 596 3671 jus
622 3599 807 3655 sedem
837 3600 1065 3668 obtinet,
1098 3602 1288 3670 spiritu
1315 3603 1551 3659 animata
1572 3645 1585 3671 ,
1608 3612 1715 3661 tam
1739 3622 1984 3663 severam
2013 3625 2115 3665 nu-

512 3708 611 3761 per
639 3692 707 3747 de
735 3691 1041 3762 hujusmodi
1064 3693 1387 3748 sententiam
1414 3696 1640 3766 Statuit,
1675 3707 1731 3752 ut
1767 3699 1856 3755 vix
1886 3701 1969 3756 vel
2001 3716 2116 3772 pm-

507 3782 733 3839 nitentia
779 3783 995 3855 dignam
1040 3784 1343 3854 judicaret,
1395 3801 1516 3857 quae
1560 3778 1953 3848 sanetiliCatum
2004 3795 2115 3852 Deo

508 3891 706 3946 corpus
729 3874 1018 3932 libidinosa
1048 3877 1490 3948 coinquinatione
1517 3880 1787 3939 violasset.
1824 3886 1955 3942 Esto
1980 3902 2112 3958 ergo

510 3968 727 4023 vivendi
751 3969 1003 4024 omnibus
1027 3968 1350 4037 forma,esto
1366 3976 1695 4046 exemplum,
1711 3979 1955 4048 prmcede
1975 3992 2030 4037 et
2054 3983 2109 4038 in

504 4071 631 4115 actu
662 4076 797 4130 quos
824 4061 876 4114 in
902 4062 1169 4116 castitatis
1199 4066 1622 4124 sanctiﬁcatione
1644 4074 1955 4140 praecurris.
1990 4074 2111 4131 Vir-

509 4154 688 4219 ginem
715 4159 768 4205 te
795 4151 849 4206 in
875 4152 1127 4208 omnibus
1153 4155 1381 4222 exhibe,
1411 4158 1547 4213 nihil
1573 4165 1939 4232 corruptionis
1965 4167 2105 4238 obji-

508 4251 681 4302 eiatur
706 4248 866 4315 capiti
900 4258 1009 4317 tuo,
1040 4247 1193 4317 cujus
1220 4263 1421 4320 corpus
1448 4252 1711 4324 integrum
1735 4265 1839 4323 est,
1865 4269 1921 4313 ut
1943 4270 1998 4315 et
2019 4271 2108 4318 tua

507 4345 579 4397 sit
628 4340 955 4397 inviolabilis
1001 4344 1365 4399 conversatio.
1431 4346 1500 4400 Et
1550 4350 1804 4417 quoniam
1858 4354 1998 4408 sicut
2050 4354 2105 4410 in

2533 1871 2679 1937 (Vide
2704 1874 2758 1924 S.
2782 1875 3111 1938 Augustinum
3134 1875 3226 1928 loc.
3252 1890 3403 1943 supra
3424 1880 3529 1943 cit.)

2781 1996 3117 2058 EPISTOLA
3157 2002 3277 2060 XV.

2692 2125 2789 2167 seu
2816 2112 3019 2169 Dsuasr
3059 2129 3366 2172 svunowl.

2226 2220 2377 2287 (Vide
2419 2224 2512 2278 hoc
2550 2226 3015 2299 symbolum___i_ntcr
3060 2232 3240 2299 scripta
3284 2233 3363 2299 8,Δ
3409 2233 3552 2299 Papa:
3594 2234 3797 2286 attributa

2677 2298 2795 2340 tom.
2821 2290 2933 2341 XIII
2959 2301 3138 2343 nostra:
3163 2290 3374 2358 l’atrol.)

2760 2416 3096 2475 EPISTULA
3140 2420 3279 2476 XVI.

2438 2545 2537 2586 seu
2577 2546 2916 2589 asrunarno
2954 2550 3174 2592 smou
3213 2551 3283 2592 so
3328 2538 3609 2596 DAMASL‘I.

2284 2639 2423 2751 flium
2442 2645 2500 2692 ad
2519 2645 2642 2693 hanc
2662 2645 3077 2709 explanationem,
3091 2663 3200 2712 qua:
3222 2651 3375 2715 Pelag
3398 2655 3413 2703 i
3434 2655 3578 2717 vulgo
3591 2653 3798 2711 habetur,

2304 2710 2546 2751 ntandam-
2587 2721 2691 2751 eam
2722 2724 2849 2751 m'tm
2876 2718 3022 2751 [tilum
3046 2714 3333 2751 sevi-rinam“
3362 2716 3396 2751 ς
3466 2720 3740 2751 .hmnuinm
3762 2719 3798 2751 in

2222 2710 2546 2781 refutandae).
2585 2721 2697 2781 eam
2721 2724 2849 2780 pene
2876 2710 3414 2781 ιυιςιιιεοωςςιρὶμξιςταῖς.
3458 2710 3740 2781 Αιῖςιιδιωυέ
3762 2710 3800 2765 in

2222 2764 2350 2816 libro
2375 2769 2439 2817 de
2463 2768 2626 2819 Gratia
2649 2764 2843 2829 Christi,
2868 2780 2985 2822 tum.
3008 2772 3069 2837 X,
3099 2777 3163 2824 ibi
3186 2764 3418 2842 'vitlesis.)

2338 2912 2653 2970 MONITUM
2699 2915 2763 2970 IN
2805 2916 3197 2974 EI‘ISTOLAM
3238 2922 3698 2989 SliQUlaNTEM.

2297 3049 2364 3132 Ut
2386 3049 2499 3131 [tam
2533 3052 2847 3132 Hieronymo
2872 3055 3196 3123 tribueretur,
3212 3060 3349 3113 illud
3378 3063 3433 3115 in
3458 3079 3616 3116 causa
3645 3064 3802 3132 fuerit,

2221 3125 2490 3201 quodipse
2516 3126 2733 3201 epistola
2767 3134 2819 3180 in
2851 3139 3022 3201 noslru
3054 3132 3351 3184 recensione
3380 3135 3446 3187 17
3481 3137 3533 3186 in
3562 3125 3660 3201 ﬁne
3681 3132 3740 3185 de
3759 3151 3805 3184 se

2224 3194 2432 3283 uitalie
2462 3195 2768 3283 lide_autettt
2794 3200 2934 3277 quod
2966 3199 3216 3283 dignatus
3240 3219 3299 3283 es
3329 3194 3601 3283 scribere,
3635 3216 3803 3283 saneto

2223 3262 2430 3339 C_yrillo
2457 3265 2581 3320 dei
2610 3262 2972 3337 Conscriptam
3007 3262 3211 3326 Fidem.
3240 3277 3341 3339 Qui
3374 3276 3457 3329 sic
3487 3262 3599 3329 non
3622 3277 3805 3335 credit.

2222 3336 2435 3390 alienus
2475 3352 2505 3390 a
2561 3339 2781 3393 Christo
2822 3336 2923 3394 est.
2971 3339 3155 3395 Verum
3187 3336 3282 3396 illa
3335 3344 3503 3400 Fides
3541 3349 3675 3399 circa
3720 3359 3806 3398 tres

2222 3405 2847 3486 [rypostascsnversubutur
2870 3430 2889 3466 :
2918 3412 2984 3465 de
3008 3429 3111 3482 qua
3129 3419 3484 3471 controversia
3511 3421 3562 3471 in
3586 3420 3807 3486 supposi-

2221 3481 2336 3551 tiua
2381 3480 2481 3531 ista
2516 3479 2897 3551 Explanatione
2941 3479 3144 3537 nullum
3186 3500 3261 3540 est
3310 3492 3547 3542 verbum.
3588 3479 3809 3543 Ad'lut'c

2219 3550 2409 3627 stylus,
2442 3550 2621 3621 resque
2650 3553 2763 3627 ipsa
2794 3552 3002 3617 clamat,
3038 3553 3351 3627 Hieronymi
3378 3561 3519 3613 hunc
3542 3578 3643 3613 non
3674 3574 3807 3613 esse:

2216 3619 2374 3673 immo
2404 3638 2514 3675 esse
2536 3619 2759 3702 recentis
2787 3627 3035 3695 auctoris,
3059 3628 3196 3682 ratio
3235 3619 3337 3700 qua
3361 3634 3627 3702 .mysleria
3656 3631 3807 3701 expli-

2216 3704 2422 3759 cantur,
2455 3694 2665 3749 omnino
2693 3701 2988 3767 persuadet.

2735 3827 3069 3885 EPISTULA
3110 3830 3279 3904 xvu,

2483 3956 2580 3997 SEU
2609 3957 2944 4000 EXPLANATIO
2967 3960 3111 4002 FIDE!
3141 3964 3209 4003 AD
3243 3947 3551 4007 CYRLLLUI.

2233 4038 2284 4055 ﬂ.

2284 4079 2328 4136 1.
2364 4080 2651 4138 Credimus
2689 4082 2741 4137 in
2780 4099 2945 4138 unum
3001 4084 3167 4140 Deum
3211 4085 3435 4144 Patrem
3486 4089 3816 4161 omnipoten-

2211 4180 2346 4239 tem,
2378 4175 2621 4229 omnium
2655 4174 2954 4233 visibilium
2980 4188 3038 4234 et
3070 4180 3430 4237 imisibilium
3462 4185 3811 4239 Creatorem:

2209 4274 2267 4322 et
2298 4267 2351 4320 in
2386 4282 2554 4322 unum
2584 4269 2871 4324 Dominum
2906 4283 3151 4327 nostrum
3183 4274 3374 4330 Jesam
3419 4276 3705 4332 Christum
3737 4276 3817 4329 Fi-

2210 4357 2343 4413 lium
2386 4362 2505 4429 ejus
2532 4403 2546 4427 ,
2593 4370 2777 4416 natum
2821 4364 2890 4418 de
2929 4365 3236 4421 substantia
3279 4366 3376 4423 Dei
3421 4370 3640 4437 Patris,
3680 4370 3814 4440 quod

506 4435 732 4490 exordio
753 4434 997 4504 epistolae
1026 4434 1236 4504 prmfati
1263 4450 1451 4492 sumus
1484 4479 1498 4502 ,
1537 4446 1589 4493 te
1636 4440 1729 4496 Dei
1777 4443 2102 4501 sacrilicium
2130 4524 2174 4532 _
2207 4452 2398 4509 Grmce
2424 4456 2623 4511 dicitur
2649 4458 2932 4530 ὁμοούσιον,
2962 4462 3127 4516 Deum
3159 4463 3226 4519 de
3267 4463 3403 4532 Deo,
3438 4468 3630 4524 lumen
3656 4469 3722 4522 de
3743 4466 3817 4518 lu-

504 4528 700 4581 tactam
733 4568 748 4593 ,
800 4526 942 4597 quod
989 4526 1174 4597 utique
1218 4529 1697 4587 sanctiﬁcationem
1742 4549 1894 4590 suam
1938 4539 2098 4593 etiam

2229 4548 2568 4616 nine,Deum
2589 4566 2775 4606 verum
2794 4555 2989 4608 deDeo
3016 4571 3165 4621 vero,
3196 4570 3408 4625 natum,
3445 4576 3560 4615 nun
3595 4560 3814 4625 factum,

502 4621 622 4674 aliis
646 4620 913 4690 impertit,
952 4630 1006 4676 et
1049 4621 1293 4692 quisquis
1330 4639 1398 4679 ex
1455 4639 1521 4679 eo
1565 4626 1727 4695 digne
1775 4634 2096 4701 sumpserit,

500 4710 947 4766 sanctificationis
982 4723 1036 4767 et
1056 4713 1172 4782 ipse
1204 4714 1274 4769 sit
1295 4716 1584 4788 particeps.
1616 4720 1691 4775 lla
1723 4736 1852 4791 ergo
1882 4740 1979 4795 per
2010 4737 2095 4795 te,

502 4809 654 4878 quasi
685 4823 779 4879 per
804 4808 979 4862 vivam
1012 4806 1120 4878 [Αι.
1149 4807 1408 4880 divinam]
1441 4813 1668 4869 hostiam
1692 4819 2099 4877 sanctilicentur

504 4910 734 4965 caeterai,
761 4914 885 4955 cum
917 4900 1113 4969 quibus
1135 4909 1186 4956 te
1224 4900 1297 4957 ita
1336 4904 1388 4956 in
1419 4907 1669 4963 omnibus
1705 4912 1993 4980 exhibeasg,
2039 4923 2099 4969 ut

497 4996 743 5063 quisquis
768 4995 930 5050 vitam
965 5004 1131 5063 tuam,
1164 5004 1258 5049 aut
1287 4997 1426 5063 visu,
1457 5009 1549 5054 aut
1572 5002 1759 5059 auditu
1784 5008 2096 5078 contigerit,

501 5084 943 5141 sanctiﬁcationis
992 5086 1101 5140 vim
1147 5086 1382 5157 sentiat,
1415 5100 1467 5145 et
1508 5100 1714 5147 tantum
1759 5098 1862 5151 sibi
1899 5100 2102 5155 intelli-

503 5186 593 5248 gat
621 5177 806 5248 gratitc
827 5194 893 5233 ex
935 5187 1022 5233 tua
1049 5180 1466 5237 conversatione
1491 5185 1795 5243 transfundi
1830 5200 1926 5245 :ut
1966 5192 2094 5248 dum

499 5284 552 5327 te
605 5270 806 5326 imitari
868 5272 1236 5342 concupiscit,
1296 5271 1395 5329 Dei
1441 5278 1713 5334 sacriﬁcio
1762 5289 1818 5336 et
1857 5283 1973 5353 ipse
2023 5284 2097 5340 sit

494 5368 710 5423 dianus.

551 5408 581 5438 ο
617 5477 932 5535 ΜΟΝΙΤυΜ
970 5478 1036 5535 ΙΝ
1076 5480 1478 5539 EPISTOLAM
1518 5484 1960 5555 SEQUENTEM.

564 5590 798 5675 [labetur
829 5594 981 5663 longo
1027 5596 1229 5675 auctius
1253 5609 1588 5675 assumanto,
1622 5603 1775 5675 etiam
1805 5607 1947 5675 apud
1976 5607 2087 5663 Au-

488 5666 751 5732 gustinum
771 5666 821 5719 in
841 5668 1123 5737 appendice
1138 5666 1284 5719 Tomi
1306 5671 1467 5722 octavi
1487 5671 1577 5723 sub
1596 5673 1744 5727 titulo
1764 5666 2088 5736 De'cssentia

493 5737 817 5795 Divinitatis.
835 5738 942 5795 Sed
954 5746 1001 5795 et
1018 5737 1137 5799 aliis
1154 5738 1657 5815 multisauctoribus,
1673 5746 1965 5823 Ambrosio,
1982 5752 2091 5812 An-

2207 4640 2352 4695 sicut
2380 4643 2629 4698 lizcretit-i
2656 4646 2843 4700 dicunt
2877 4665 2889 4700 :
2922 4664 3017 4717 per
3045 4665 3203 4718 quem
3249 4654 3436 4708 innitia
3472 4654 3742 4718 visibilia,
3770 4664 3821 4705 et

2206 4732 2495 4789 invisibilia
2530 4737 2665 4792 facta
2707 4748 2852 4805 sunt,
2888 4748 2994 4795 tam
3025 4743 3078 4797 in
3118 4744 3275 4799 malis
3313 4762 3484 4816 quam:
3529 4747 3587 4802 in
3632 4758 3772 4801 terra
3806 4762 3817 4797 :

2204 4828 2296 4897 qui
2330 4839 2556 4898 propter
2578 4846 2675 4884 nos
2706 4834 2955 4889 homines
2993 4844 3046 4890 et
3080 4848 3318 4892 nostram
3358 4840 3610 4896 salutem
3644 4842 3820 4895 incar-

2206 4930 2387 4988 natus,
2419 4922 2583 4979 homo
2633 4924 2826 4996 iactus,
2877 4944 3089 4997 passus,
3146 4936 3456 4989 resurrexit
3508 4937 3673 4992 tertia
3713 4936 3819 5000 die,

2204 5015 2454 5070 ascendit
2492 5018 2543 5070 iu
2591 5018 2781 5086 caelos,
2813 5032 3078 5079 venturus
3110 5025 3234 5081 inde
3268 5026 3531 5096 judicare
3575 5031 3730 5085 vivos
3773 5042 3824 5084 et

2202 5117 2450 5164 mortuos
2488 5127 2500 5161 :
2535 5121 2589 5164 et
2645 5112 2696 5165 in
2746 5111 3008 5183 Spiritum
3056 5126 3341 5188 sanctum,
3390 5123 3491 5189 qui
3539 5124 3613 5176 de
3664 5121 3821 5175 Patre

2202 5202 2471 5269 processit
2494 5204 2731 5273 proprie,
2758 5214 2810 5259 et
2837 5205 2977 5261 Deus
3004 5218 3089 5262 est
3121 5224 3282 5264 verus
3305 5210 3455 5265 sicut
3483 5212 3691 5268 Filius.
3719 5214 3823 5268 llos

2198 5300 2379 5345 autem
2409 5298 2498 5360 qui
2530 5292 2740 5358 dicunt,
2766 5307 2885 5350 erat
2915 5306 3129 5368 tempus
3159 5298 3378 5369 quando
3421 5317 3541 5357 nOn
3586 5315 3707 5357 erat
3739 5303 3823 5357 Fi-

2198 5382 2301 5437 lius
2343 5395 2528 5449 natus,
2563 5393 2620 5440 et
2665 5386 2974 5458 priusquam
3017 5404 3352 5458 nasceretur,
3383 5408 3503 5448 non
3543 5406 3694 5459 erat,
3735 5407 3825 5448 aut

2197 5476 2341 5547 quod
2374 5493 2437 5531 ex
2469 5478 2641 5534 nihilo
2668 5483 2843 5535 factus
2868 5482 2961 5546 sit,
2984 5493 3077 5538 aut
3112 5496 3274 5541 natus
3310 5489 3401 5551 sit,
3431 5498 3535 5543 aut
3579 5482 3823 5543 inutabio

2196 5569 2327 5635 lem,
2356 5581 2448 5623 aut
2475 5573 2891 5628 convertibilem
2927 5573 3124 5630 Filium
3168 5576 3262 5631 Dei
3290 5578 3492 5635 dicunt
3521 5594 3654 5635 esse
3681 5598 3695 5635 :
3725 5583 3823 5635 hos

2193 5662 2621 5719 anathematizat
2674 5663 2955 5720 Catholica
3001 5678 3058 5723 et
3106 5670 3421 5740 Apostolica
3494 5673 3758 5729 Ecclesia
3804 5691 3817 5725 :

2191 5755 2339 5835 quod
2382 5755 2521 5817 ﬁdes
2553 5757 2903 5821 iavisibilium
2948 5775 3131 5823 rerum
3171 5773 3275 5838 est,
3317 5777 3429 5852 non
3482 5766 3818 5856 visibilium.
