  <div class='ocr_page' id='page_1' title='image "/cluster/home/n/w/nwhite01/storage/ocr_20150623/30/hvd.32044096580535/098.png"; bbox 0 0 3926 6290; ppageno 0'>
   <div class='ocr_carea' id='block_1_1' title="bbox 222 312 301 372">
    <p class='ocr_par' dir='ltr' id='par_1_1' title="bbox 222 312 301 372">
     <span class='ocr_line' id='line_1_1' title="bbox 222 312 301 372; baseline -0.013 0"><span class='ocrx_word' id='word_1_1' title='bbox 222 312 301 372; x_wconf 75' lang='grc'><strong>177</strong></span> 
     </span>
    </p>
   </div>
   <div class='ocr_carea' id='block_1_2' title="bbox 783 294 2836 376">
    <p class='ocr_par' dir='ltr' id='par_1_2' title="bbox 783 294 2836 376">
     <span class='ocr_line' id='line_1_2' title="bbox 783 294 2836 376; baseline 0 -15"><span class='ocrx_word' id='word_1_2' title='bbox 783 301 1123 362; x_wconf 75' lang='lat' dir='ltr'><strong>EPISTOLA</strong></span> <span class='ocrx_word' id='word_1_3' title='bbox 1164 300 1341 375; x_wconf 81' lang='lat' dir='ltr'><strong>xvn,</strong></span> <span class='ocrx_word' id='word_1_4' title='bbox 1385 300 1519 363; x_wconf 72' lang='lat' dir='ltr'><strong>seu</strong></span> <span class='ocrx_word' id='word_1_5' title='bbox 1561 294 2005 359; x_wconf 78' lang='lat' dir='ltr'><strong>EXPLANATIO</strong></span> <span class='ocrx_word' id='word_1_6' title='bbox 2041 298 2257 370; x_wconf 84' lang='lat' dir='ltr'><strong>FlDEl,</strong></span> <span class='ocrx_word' id='word_1_7' title='bbox 2308 302 2401 360; x_wconf 67' lang='lat' dir='ltr'><strong>an</strong></span> <span class='ocrx_word' id='word_1_8' title='bbox 2423 302 2836 376; x_wconf 69' lang='lat' dir='ltr'><strong>fCYRlLLUM.</strong></span> 
     </span>
    </p>
   </div>
   <div class='ocr_carea' id='block_1_3' title="bbox 3349 308 3454 365">
    <p class='ocr_par' dir='ltr' id='par_1_3' title="bbox 3349 308 3454 365">
     <span class='ocr_line' id='line_1_3' title="bbox 3349 308 3454 365; baseline 0.01 -1"><span class='ocrx_word' id='word_1_9' title='bbox 3349 308 3454 365; x_wconf 74' lang='lat'><strong>{78</strong></span> 
     </span>
    </p>
   </div>
   <div class='ocr_carea' id='block_1_4' title="bbox 217 410 3454 494">
    <p class='ocr_par' dir='ltr' id='par_1_4' title="bbox 217 410 3454 494">
     <span class='ocr_line' id='line_1_4' title="bbox 217 410 3454 494; baseline -0.002 -10"><span class='ocrx_word' id='word_1_10' title='bbox 217 424 340 485; x_wconf 83' lang='lat' dir='ltr'><strong>Unde</strong></span> <span class='ocrx_word' id='word_1_11' title='bbox 369 418 536 479; x_wconf 77' lang='lat' dir='ltr'><strong>Ariani</strong></span> <span class='ocrx_word' id='word_1_12' title='bbox 571 418 900 477; x_wconf 87' lang='lat' dir='ltr'><strong>Salvatorem</strong></span> <span class='ocrx_word' id='word_1_13' title='bbox 942 417 1188 474; x_wconf 79' lang='lat' dir='ltr'><strong>videntes</strong></span> <span class='ocrx_word' id='word_1_14' title='bbox 1217 417 1272 474; x_wconf 92' lang='lat' dir='ltr'><strong>in</strong></span> <span class='ocrx_word' id='word_1_15' title='bbox 1298 431 1487 485; x_wconf 88' lang='lat' dir='ltr'><strong>carne,</strong></span> <span class='ocrx_word' id='word_1_16' title='bbox 1520 423 1741 487; x_wconf 89' lang='lat' dir='ltr'><strong>putave-</strong></span> <span class='ocrx_word' id='word_1_17' title='bbox 1766 410 2053 483; x_wconf 70' lang='lat' dir='ltr'><strong>A&#39;sciens,</strong></span> <span class='ocrx_word' id='word_1_18' title='bbox 2083 425 2140 471; x_wconf 90' lang='lat' dir='ltr'><strong>et</strong></span> <span class='ocrx_word' id='word_1_19' title='bbox 2170 415 2300 471; x_wconf 78' lang='lat' dir='ltr'><strong>Adre</strong></span> <span class='ocrx_word' id='word_1_20' title='bbox 2323 417 2377 471; x_wconf 90' lang='lat' dir='ltr'><strong>in</strong></span> <span class='ocrx_word' id='word_1_21' title='bbox 2400 417 2653 487; x_wconf 73' lang='lat' dir='ltr'><strong>paradiso</strong></span> <span class='ocrx_word' id='word_1_22' title='bbox 2682 418 2833 474; x_wconf 87' lang='lat' dir='ltr'><strong>visus</strong></span> <span class='ocrx_word' id='word_1_23' title='bbox 2863 426 2969 487; x_wconf 91' lang='lat' dir='ltr'><strong>est,</strong></span> <span class='ocrx_word' id='word_1_24' title='bbox 2999 430 3052 476; x_wconf 89' lang='lat' dir='ltr'><strong>et</strong></span> <span class='ocrx_word' id='word_1_25' title='bbox 3083 420 3136 476; x_wconf 93' lang='lat' dir='ltr'><strong>in</strong></span> <span class='ocrx_word' id='word_1_26' title='bbox 3168 420 3454 494; x_wconf 66' lang='lat' dir='ltr'><strong>praedesti-</strong></span> 
     </span>
    </p>
   </div>
   <div class='ocr_carea' id='block_1_5' title="bbox 213 510 1749 584">
    <p class='ocr_par' dir='ltr' id='par_1_5' title="bbox 213 510 1749 584">
     <span class='ocr_line' id='line_1_5' title="bbox 213 510 1749 584; baseline -0.007 -9"><span class='ocrx_word' id='word_1_27' title='bbox 213 526 311 576; x_wconf 88' lang='lat' dir='ltr'><strong>runt</strong></span> <span class='ocrx_word' id='word_1_28' title='bbox 336 517 442 584; x_wconf 85' lang='lat' dir='ltr'><strong>ejus</strong></span> <span class='ocrx_word' id='word_1_29' title='bbox 463 512 790 568; x_wconf 88' lang='lat' dir='ltr'><strong>divinitatem</strong></span> <span class='ocrx_word' id='word_1_30' title='bbox 827 511 988 567; x_wconf 88' lang='lat' dir='ltr'><strong>talem</strong></span> <span class='ocrx_word' id='word_1_31' title='bbox 1018 524 1142 566; x_wconf 86' lang='lat' dir='ltr'><strong>esse</strong></span> <span class='ocrx_word' id='word_1_32' title='bbox 1178 510 1393 581; x_wconf 89' lang='lat' dir='ltr'><strong>qualem</strong></span> <span class='ocrx_word' id='word_1_33' title='bbox 1421 518 1476 566; x_wconf 89' lang='lat' dir='ltr'><strong>et</strong></span> <span class='ocrx_word' id='word_1_34' title='bbox 1504 523 1749 575; x_wconf 88' lang='lat' dir='ltr'><strong>carnem,</strong></span> 
     </span>
    </p>
   </div>
   <div class='ocr_carea' id='block_1_6' title="bbox 216 603 1754 681">
    <p class='ocr_par' dir='ltr' id='par_1_6' title="bbox 216 603 1754 681">
     <span class='ocr_line' id='line_1_6' title="bbox 216 603 1754 681; baseline -0.001 -20"><span class='ocrx_word' id='word_1_35' title='bbox 216 609 491 681; x_wconf 75' lang='lat' dir='ltr'><strong>paSSlitilem,</strong></span> <span class='ocrx_word' id='word_1_36' title='bbox 528 615 583 661; x_wconf 90' lang='lat' dir='ltr'><strong>et</strong></span> <span class='ocrx_word' id='word_1_37' title='bbox 610 605 925 661; x_wconf 82' lang='lat' dir='ltr'><strong>mutabilem</strong></span> <span class='ocrx_word' id='word_1_38' title='bbox 950 646 965 671; x_wconf 91' lang='lat'><strong>,</strong></span> <span class='ocrx_word' id='word_1_39' title='bbox 1003 603 1455 673; x_wconf 87' lang='lat' dir='ltr'><strong>convertibilem,</strong></span> <span class='ocrx_word' id='word_1_40' title='bbox 1501 618 1754 675; x_wconf 89' lang='lat' dir='ltr'><strong>compre—</strong></span> 
     </span>
    </p>
   </div>
   <div class='ocr_carea' id='block_1_7' title="bbox 215 696 1753 769">
    <p class='ocr_par' dir='ltr' id='par_1_7' title="bbox 215 696 1753 769">
     <span class='ocr_line' id='line_1_7' title="bbox 215 696 1753 769; baseline -0.003 -11"><span class='ocrx_word' id='word_1_41' title='bbox 215 700 510 766; x_wconf 82' lang='lat' dir='ltr'><strong>hensibilem,</strong></span> <span class='ocrx_word' id='word_1_42' title='bbox 540 708 591 754; x_wconf 89' lang='lat' dir='ltr'><strong>et</strong></span> <span class='ocrx_word' id='word_1_43' title='bbox 612 698 766 769; x_wconf 90' lang='lat' dir='ltr'><strong>quasi</strong></span> <span class='ocrx_word' id='word_1_44' title='bbox 795 696 1209 764; x_wconf 79' lang='lat' dir='ltr'><strong>formidantem,</strong></span> <span class='ocrx_word' id='word_1_45' title='bbox 1238 697 1476 769; x_wconf 67' lang='lat' dir='ltr'><strong>et-quasi</strong></span> <span class='ocrx_word' id='word_1_46' title='bbox 1500 700 1753 754; x_wconf 88' lang='lat' dir='ltr'><strong>nescien-</strong></span> 
     </span>
    </p>
   </div>
   <div class='ocr_carea' id='block_1_8' title="bbox 212 790 1752 860">
    <p class='ocr_par' dir='ltr' id='par_1_8' title="bbox 212 790 1752 860">
     <span class='ocr_line' id='line_1_8' title="bbox 212 790 1752 860; baseline -0.003 -9"><span class='ocrx_word' id='word_1_47' title='bbox 212 808 295 851; x_wconf 84' lang='lat' dir='ltr'><strong>tem</strong></span> <span class='ocrx_word' id='word_1_48' title='bbox 328 793 508 856; x_wconf 89' lang='lat' dir='ltr'><strong>omnia,</strong></span> <span class='ocrx_word' id='word_1_49' title='bbox 540 800 593 845; x_wconf 93' lang='lat' dir='ltr'><strong>et</strong></span> <span class='ocrx_word' id='word_1_50' title='bbox 631 790 1013 860; x_wconf 84' lang='lat' dir='ltr'><strong>proﬁcientem</strong></span> <span class='ocrx_word' id='word_1_51' title='bbox 1063 799 1226 845; x_wconf 71' lang='lat' dir='ltr'><strong>aetate</strong></span> <span class='ocrx_word' id='word_1_52' title='bbox 1272 797 1329 845; x_wconf 90' lang='lat' dir='ltr'><strong>et</strong></span> <span class='ocrx_word' id='word_1_53' title='bbox 1372 790 1661 859; x_wconf 83' lang='lat' dir='ltr'><strong>sapientia,</strong></span> <span class='ocrx_word' id='word_1_54' title='bbox 1696 800 1752 846; x_wconf 90' lang='lat' dir='ltr'><strong>et</strong></span> 
     </span>
    </p>
   </div>
   <div class='ocr_carea' id='block_1_9' title="bbox 212 881 1749 953">
    <p class='ocr_par' dir='ltr' id='par_1_9' title="bbox 212 881 1749 953">
     <span class='ocr_line' id='line_1_9' title="bbox 212 881 1749 953; baseline -0.004 -11"><span class='ocrx_word' id='word_1_55' title='bbox 212 887 315 942; x_wconf 89' lang='lat' dir='ltr'><strong>nihil</strong></span> <span class='ocrx_word' id='word_1_56' title='bbox 346 884 609 938; x_wconf 81' lang='lat' dir='ltr'><strong>iacientem</strong></span> <span class='ocrx_word' id='word_1_57' title='bbox 639 898 707 938; x_wconf 75' lang='lat' dir='ltr'><strong>ex</strong></span> <span class='ocrx_word' id='word_1_58' title='bbox 746 898 828 947; x_wconf 88' lang='lat' dir='ltr'><strong>se,</strong></span> <span class='ocrx_word' id='word_1_59' title='bbox 859 893 915 938; x_wconf 91' lang='lat' dir='ltr'><strong>et</strong></span> <span class='ocrx_word' id='word_1_60' title='bbox 945 882 1275 953; x_wconf 83' lang='lat' dir='ltr'><strong>subjectum,</strong></span> <span class='ocrx_word' id='word_1_61' title='bbox 1301 890 1357 938; x_wconf 90' lang='lat' dir='ltr'><strong>et</strong></span> <span class='ocrx_word' id='word_1_62' title='bbox 1385 892 1637 938; x_wconf 86' lang='lat' dir='ltr'><strong>orantem</strong></span> <span class='ocrx_word' id='word_1_63' title='bbox 1680 881 1749 937; x_wconf 89' lang='lat' dir='ltr'><strong>ad</strong></span> 
     </span>
    </p>
   </div>
   <div class='ocr_carea' id='block_1_10' title="bbox 210 974 1753 1046">
    <p class='ocr_par' dir='ltr' id='par_1_10' title="bbox 210 974 1753 1046">
     <span class='ocr_line' id='line_1_10' title="bbox 210 974 1753 1046; baseline -0.003 -14"><span class='ocrx_word' id='word_1_64' title='bbox 210 980 400 1041; x_wconf 82' lang='lat' dir='ltr'><strong>Patrem,</strong></span> <span class='ocrx_word' id='word_1_65' title='bbox 424 985 471 1030; x_wconf 93' lang='lat' dir='ltr'><strong>et</strong></span> <span class='ocrx_word' id='word_1_66' title='bbox 499 975 699 1046; x_wconf 79' lang='lat' dir='ltr'><strong>gratias</strong></span> <span class='ocrx_word' id='word_1_67' title='bbox 738 983 1015 1045; x_wconf 84' lang='lat' dir='ltr'><strong>agentem,</strong></span> <span class='ocrx_word' id='word_1_68' title='bbox 1048 983 1101 1030; x_wconf 92' lang='lat' dir='ltr'><strong>et</strong></span> <span class='ocrx_word' id='word_1_69' title='bbox 1131 974 1408 1042; x_wconf 84' lang='lat' dir='ltr'><strong>edentem,</strong></span> <span class='ocrx_word' id='word_1_70' title='bbox 1443 984 1498 1028; x_wconf 90' lang='lat' dir='ltr'><strong>et</strong></span> <span class='ocrx_word' id='word_1_71' title='bbox 1539 974 1753 1044; x_wconf 82' lang='lat' dir='ltr'><strong>patien-</strong></span> 
     </span>
    </p>
   </div>
   <div class='ocr_carea' id='block_1_11' title="bbox 210 1067 1746 1138">
    <p class='ocr_par' dir='ltr' id='par_1_11' title="bbox 210 1067 1746 1138">
     <span class='ocr_line' id='line_1_11' title="bbox 210 1067 1746 1138; baseline -0.001 -15"><span class='ocrx_word' id='word_1_72' title='bbox 210 1078 310 1134; x_wconf 84' lang='lat' dir='ltr'><strong>teut,</strong></span> <span class='ocrx_word' id='word_1_73' title='bbox 333 1078 377 1122; x_wconf 84' lang='lat' dir='ltr'><strong>et</strong></span> <span class='ocrx_word' id='word_1_74' title='bbox 400 1068 797 1138; x_wconf 86' lang='lat' dir='ltr'><strong>lacrymantem,</strong></span> <span class='ocrx_word' id='word_1_75' title='bbox 826 1076 879 1122; x_wconf 88' lang='lat' dir='ltr'><strong>et</strong></span> <span class='ocrx_word' id='word_1_76' title='bbox 903 1076 1229 1137; x_wconf 83' lang='lat' dir='ltr'><strong>gementem,</strong></span> <span class='ocrx_word' id='word_1_77' title='bbox 1264 1076 1318 1121; x_wconf 92' lang='lat' dir='ltr'><strong>et</strong></span> <span class='ocrx_word' id='word_1_78' title='bbox 1348 1067 1746 1137; x_wconf 77' lang='lat' dir='ltr'><strong>quiescentem;</strong></span> 
     </span>
    </p>
   </div>
   <div class='ocr_carea' id='block_1_12' title="bbox 218 1159 1749 1231">
    <p class='ocr_par' dir='ltr' id='par_1_12' title="bbox 218 1159 1749 1231">
     <span class='ocr_line' id='line_1_12' title="bbox 218 1159 1749 1231; baseline 0 -15"><span class='ocrx_word' id='word_1_79' title='bbox 218 1163 266 1216; x_wconf 78' lang='lat' dir='ltr'><strong>Et</strong></span> <span class='ocrx_word' id='word_1_80' title='bbox 288 1170 527 1231; x_wconf 83' lang='lat' dir='ltr'><strong>postremo</strong></span> <span class='ocrx_word' id='word_1_81' title='bbox 550 1175 672 1230; x_wconf 79' lang='lat' dir='ltr'><strong>qua:</strong></span> <span class='ocrx_word' id='word_1_82' title='bbox 702 1167 829 1214; x_wconf 88' lang='lat' dir='ltr'><strong>sunt</strong></span> <span class='ocrx_word' id='word_1_83' title='bbox 856 1168 1123 1215; x_wconf 72' lang='lat' dir='ltr'><strong>creatura:</strong></span> <span class='ocrx_word' id='word_1_84' title='bbox 1161 1162 1402 1229; x_wconf 88' lang='lat' dir='ltr'><strong>pr0pria,</strong></span> <span class='ocrx_word' id='word_1_85' title='bbox 1436 1159 1553 1216; x_wconf 87' lang='lat' dir='ltr'><strong>haec</strong></span> <span class='ocrx_word' id='word_1_86' title='bbox 1593 1161 1749 1216; x_wconf 91' lang='lat' dir='ltr'><strong>carni</strong></span> 
     </span>
    </p>
   </div>
   <div class='ocr_carea' id='block_1_13' title="bbox 208 1250 1749 1323">
    <p class='ocr_par' dir='ltr' id='par_1_13' title="bbox 208 1250 1749 1323">
     <span class='ocr_line' id='line_1_13' title="bbox 208 1250 1749 1323; baseline -0.002 -13"><span class='ocrx_word' id='word_1_87' title='bbox 208 1262 365 1310; x_wconf 76' lang='lat' dir='ltr'><strong>rrcattc</strong></span> <span class='ocrx_word' id='word_1_88' title='bbox 386 1251 681 1308; x_wconf 85' lang='lat' dir='ltr'><strong>Salvatoris</strong></span> <span class='ocrx_word' id='word_1_89' title='bbox 709 1250 1033 1307; x_wconf 88' lang='lat' dir='ltr'><strong>ascribenda</strong></span> <span class='ocrx_word' id='word_1_90' title='bbox 1061 1261 1192 1307; x_wconf 90' lang='lat' dir='ltr'><strong>sunt</strong></span> <span class='ocrx_word' id='word_1_91' title='bbox 1236 1254 1443 1323; x_wconf 86' lang='lat' dir='ltr'><strong>utique,</strong></span> <span class='ocrx_word' id='word_1_92' title='bbox 1471 1268 1575 1307; x_wconf 88' lang='lat' dir='ltr'><strong>non</strong></span> <span class='ocrx_word' id='word_1_93' title='bbox 1607 1252 1749 1307; x_wconf 93' lang='lat' dir='ltr'><strong>divi-</strong></span> 
     </span>
    </p>
   </div>
   <div class='ocr_carea' id='block_1_14' title="bbox 210 1345 1745 1415">
    <p class='ocr_par' dir='ltr' id='par_1_14' title="bbox 210 1345 1745 1415">
     <span class='ocr_line' id='line_1_14' title="bbox 210 1345 1745 1415; baseline -0.001 -14"><span class='ocrx_word' id='word_1_94' title='bbox 210 1346 346 1410; x_wconf 83' lang='lat' dir='ltr'><strong>nitati,</strong></span> <span class='ocrx_word' id='word_1_95' title='bbox 373 1347 483 1414; x_wconf 87' lang='lat' dir='ltr'><strong>quia</strong></span> <span class='ocrx_word' id='word_1_96' title='bbox 505 1345 708 1415; x_wconf 89' lang='lat' dir='ltr'><strong>dicitur</strong></span> <span class='ocrx_word' id='word_1_97' title='bbox 740 1346 793 1399; x_wconf 90' lang='lat' dir='ltr'><strong>in</strong></span> <span class='ocrx_word' id='word_1_98' title='bbox 820 1345 1101 1413; x_wconf 78' lang='lat' dir='ltr'><strong>Scriptura</strong></span> <span class='ocrx_word' id='word_1_99' title='bbox 1133 1345 1274 1399; x_wconf 90' lang='lat' dir='ltr'><strong>Deus</strong></span> <span class='ocrx_word' id='word_1_100' title='bbox 1303 1355 1358 1400; x_wconf 91' lang='lat' dir='ltr'><strong>et</strong></span> <span class='ocrx_word' id='word_1_101' title='bbox 1392 1345 1575 1400; x_wconf 90' lang='lat' dir='ltr'><strong>homo.</strong></span> <span class='ocrx_word' id='word_1_102' title='bbox 1607 1345 1745 1413; x_wconf 87' lang='lat' dir='ltr'><strong>Quia</strong></span> 
     </span>
    </p>
   </div>
   <div class='ocr_carea' id='block_1_15' title="bbox 212 1437 1747 1509">
    <p class='ocr_par' dir='ltr' id='par_1_15' title="bbox 212 1437 1747 1509">
     <span class='ocr_line' id='line_1_15' title="bbox 212 1437 1747 1509; baseline 0 -16"><span class='ocrx_word' id='word_1_103' title='bbox 212 1454 309 1509; x_wconf 82' lang='lat' dir='ltr'><strong>ergo</strong></span> <span class='ocrx_word' id='word_1_104' title='bbox 326 1445 519 1507; x_wconf 83' lang='lat' dir='ltr'><strong>pmpter</strong></span> <span class='ocrx_word' id='word_1_105' title='bbox 548 1452 651 1493; x_wconf 86' lang='lat' dir='ltr'><strong>nos</strong></span> <span class='ocrx_word' id='word_1_106' title='bbox 683 1446 739 1491; x_wconf 89' lang='lat' dir='ltr'><strong>et</strong></span> <span class='ocrx_word' id='word_1_107' title='bbox 767 1438 929 1491; x_wconf 87' lang='lat' dir='ltr'><strong>homo</strong></span> <span class='ocrx_word' id='word_1_108' title='bbox 956 1437 1179 1502; x_wconf 83' lang='lat' dir='ltr'><strong>dicitur,</strong></span> <span class='ocrx_word' id='word_1_109' title='bbox 1205 1453 1312 1492; x_wconf 91' lang='lat' dir='ltr'><strong>non</strong></span> <span class='ocrx_word' id='word_1_110' title='bbox 1341 1437 1601 1493; x_wconf 87' lang='lat' dir='ltr'><strong>debemus</strong></span> <span class='ocrx_word' id='word_1_111' title='bbox 1625 1454 1747 1509; x_wconf 63' lang='lat' dir='ltr'><strong>qua:</strong></span> 
     </span>
    </p>
   </div>
   <div class='ocr_carea' id='block_1_16' title="bbox 209 1529 1746 1599">
    <p class='ocr_par' dir='ltr' id='par_1_16' title="bbox 209 1529 1746 1599">
     <span class='ocr_line' id='line_1_16' title="bbox 209 1529 1746 1599; baseline -0.001 -13"><span class='ocrx_word' id='word_1_112' title='bbox 209 1530 478 1586; x_wconf 82' lang='lat' dir='ltr'><strong>suntcatnis</strong></span> <span class='ocrx_word' id='word_1_113' title='bbox 516 1529 628 1583; x_wconf 86' lang='lat' dir='ltr'><strong>Deo</strong></span> <span class='ocrx_word' id='word_1_114' title='bbox 668 1530 965 1595; x_wconf 84' lang='lat' dir='ltr'><strong>ascribere,</strong></span> <span class='ocrx_word' id='word_1_115' title='bbox 999 1538 1199 1599; x_wconf 70' lang='lat' dir='ltr'><strong>etqure</strong></span> <span class='ocrx_word' id='word_1_116' title='bbox 1237 1538 1366 1583; x_wconf 91' lang='lat' dir='ltr'><strong>sunt</strong></span> <span class='ocrx_word' id='word_1_117' title='bbox 1410 1530 1526 1594; x_wconf 86' lang='lat' dir='ltr'><strong>Dei,</strong></span> <span class='ocrx_word' id='word_1_118' title='bbox 1559 1529 1746 1585; x_wconf 90' lang='lat' dir='ltr'><strong>carnis</strong></span> 
     </span>
    </p>
   </div>
   <div class='ocr_carea' id='block_1_17' title="bbox 205 1621 1738 1693">
    <p class='ocr_par' dir='ltr' id='par_1_17' title="bbox 205 1621 1738 1693">
     <span class='ocr_line' id='line_1_17' title="bbox 205 1621 1738 1693; baseline 0.001 -16"><span class='ocrx_word' id='word_1_119' title='bbox 205 1625 425 1679; x_wconf 84' lang='lat' dir='ltr'><strong>:estimare</strong></span> <span class='ocrx_word' id='word_1_120' title='bbox 445 1621 749 1693; x_wconf 84' lang='lat' dir='ltr'><strong>prepria.Si</strong></span> <span class='ocrx_word' id='word_1_121' title='bbox 773 1622 899 1693; x_wconf 91' lang='lat' dir='ltr'><strong>quid</strong></span> <span class='ocrx_word' id='word_1_122' title='bbox 922 1622 1086 1692; x_wconf 81' lang='lat' dir='ltr'><strong>igitur</strong></span> <span class='ocrx_word' id='word_1_123' title='bbox 1111 1622 1313 1687; x_wconf 87' lang='lat' dir='ltr'><strong>minus,</strong></span> <span class='ocrx_word' id='word_1_124' title='bbox 1338 1631 1430 1676; x_wconf 88' lang='lat' dir='ltr'><strong>aut</strong></span> <span class='ocrx_word' id='word_1_125' title='bbox 1450 1623 1738 1693; x_wconf 65' lang='lat' dir='ltr'><strong>inatquale,</strong></span> 
     </span>
    </p>
   </div>
   <div class='ocr_carea' id='block_1_18' title="bbox 202 1714 1736 1785">
    <p class='ocr_par' dir='ltr' id='par_1_18' title="bbox 202 1714 1736 1785">
     <span class='ocr_line' id='line_1_18' title="bbox 202 1714 1736 1785; baseline 0.001 -17"><span class='ocrx_word' id='word_1_126' title='bbox 202 1725 274 1769; x_wconf 86' lang='lat' dir='ltr'><strong>aut</strong></span> <span class='ocrx_word' id='word_1_127' title='bbox 309 1715 552 1785; x_wconf 81' lang='lat' dir='ltr'><strong>impotens</strong></span> <span class='ocrx_word' id='word_1_128' title='bbox 588 1714 791 1769; x_wconf 89' lang='lat' dir='ltr'><strong>dicitur</strong></span> <span class='ocrx_word' id='word_1_129' title='bbox 824 1714 875 1767; x_wconf 93' lang='lat' dir='ltr'><strong>in</strong></span> <span class='ocrx_word' id='word_1_130' title='bbox 924 1714 1231 1784; x_wconf 82' lang='lat' dir='ltr'><strong>Scriptura,</strong></span> <span class='ocrx_word' id='word_1_131' title='bbox 1262 1723 1356 1769; x_wconf 91' lang='lat' dir='ltr'><strong>aut</strong></span> <span class='ocrx_word' id='word_1_132' title='bbox 1404 1716 1736 1785; x_wconf 78' lang='lat' dir='ltr'><strong>subjectum,</strong></span> 
     </span>
    </p>
   </div>
   <div class='ocr_carea' id='block_1_19' title="bbox 1859 507 3449 577">
    <p class='ocr_par' dir='ltr' id='par_1_19' title="bbox 1859 507 3449 577">
     <span class='ocr_line' id='line_1_19' title="bbox 1859 507 3449 577; baseline 0.006 -16"><span class='ocrx_word' id='word_1_133' title='bbox 1859 507 2077 563; x_wconf 89' lang='lat' dir='ltr'><strong>natione</strong></span> <span class='ocrx_word' id='word_1_134' title='bbox 2105 507 2313 564; x_wconf 76' lang='lat' dir='ltr'><strong>carnali</strong></span> <span class='ocrx_word' id='word_1_135' title='bbox 2358 508 2534 564; x_wconf 84' lang='lat' dir='ltr'><strong>futura</strong></span> <span class='ocrx_word' id='word_1_136' title='bbox 2582 511 2873 565; x_wconf 88' lang='lat' dir='ltr'><strong>enuntians</strong></span> <span class='ocrx_word' id='word_1_137' title='bbox 2905 513 2977 577; x_wconf 91' lang='lat' dir='ltr'><strong>ei,</strong></span> <span class='ocrx_word' id='word_1_138' title='bbox 3010 521 3065 569; x_wconf 90' lang='lat' dir='ltr'><strong>et</strong></span> <span class='ocrx_word' id='word_1_139' title='bbox 3108 528 3231 569; x_wconf 92' lang='lat' dir='ltr'><strong>cum</strong></span> <span class='ocrx_word' id='word_1_140' title='bbox 3278 513 3449 571; x_wconf 89' lang='lat' dir='ltr'><strong>Jacob</strong></span> 
     </span>
    </p>
   </div>
   <div class='ocr_carea' id='block_1_20' title="bbox 1854 600 3452 678">
    <p class='ocr_par' dir='ltr' id='par_1_20' title="bbox 1854 600 3452 678">
     <span class='ocr_line' id='line_1_20' title="bbox 1854 600 3452 678; baseline 0.002 -20"><span class='ocrx_word' id='word_1_141' title='bbox 1854 600 2091 658; x_wconf 90' lang='lat' dir='ltr'><strong>luctatus</strong></span> <span class='ocrx_word' id='word_1_142' title='bbox 2134 609 2221 657; x_wconf 89' lang='lat' dir='ltr'><strong>est</strong></span> <span class='ocrx_word' id='word_1_143' title='bbox 2263 618 2275 655; x_wconf 93' lang='lat'>:</span> <span class='ocrx_word' id='word_1_144' title='bbox 2322 610 2377 658; x_wconf 89' lang='lat' dir='ltr'><strong>et</strong></span> <span class='ocrx_word' id='word_1_145' title='bbox 2407 602 2861 672; x_wconf 87' lang='lat' dir='ltr'><strong>quemadmodum</strong></span> <span class='ocrx_word' id='word_1_146' title='bbox 2912 605 3145 661; x_wconf 89' lang='lat' dir='ltr'><strong>humana</strong></span> <span class='ocrx_word' id='word_1_147' title='bbox 3186 605 3452 678; x_wconf 80' lang='lat' dir='ltr'><strong>fragilitas</strong></span> 
     </span>
    </p>
   </div>
   <div class='ocr_carea' id='block_1_21' title="bbox 1854 692 3451 762">
    <p class='ocr_par' dir='ltr' id='par_1_21' title="bbox 1854 692 3451 762">
     <span class='ocr_line' id='line_1_21' title="bbox 1854 692 3451 762; baseline 0.003 -14"><span class='ocrx_word' id='word_1_148' title='bbox 1854 706 2051 762; x_wconf 88' lang='lat' dir='ltr'><strong>capere</strong></span> <span class='ocrx_word' id='word_1_149' title='bbox 2096 700 2338 762; x_wconf 84' lang='lat' dir='ltr'><strong>poterat,</strong></span> <span class='ocrx_word' id='word_1_150' title='bbox 2371 692 2818 750; x_wconf 90' lang='lat' dir='ltr'><strong>condescendens</strong></span> <span class='ocrx_word' id='word_1_151' title='bbox 2876 695 3285 752; x_wconf 80' lang='lat' dir='ltr'><strong>inﬁrmitatibus</strong></span> <span class='ocrx_word' id='word_1_152' title='bbox 3330 712 3451 753; x_wconf 90' lang='lat' dir='ltr'><strong>om—</strong></span> 
     </span>
    </p>
   </div>
   <div class='ocr_carea' id='block_1_22' title="bbox 1856 782 3449 859">
    <p class='ocr_par' dir='ltr' id='par_1_22' title="bbox 1856 782 3449 859">
     <span class='ocr_line' id='line_1_22' title="bbox 1856 782 3449 859; baseline 0.004 -22"><span class='ocrx_word' id='word_1_153' title='bbox 1856 784 2029 849; x_wconf 89' lang='lat' dir='ltr'><strong>nium,</strong></span> <span class='ocrx_word' id='word_1_154' title='bbox 2060 782 2402 839; x_wconf 78' lang='lat' dir='ltr'><strong>diversorum</strong></span> <span class='ocrx_word' id='word_1_155' title='bbox 2437 799 2638 853; x_wconf 85' lang='lat' dir='ltr'><strong>genera</strong></span> <span class='ocrx_word' id='word_1_156' title='bbox 2682 786 2965 856; x_wconf 89' lang='lat' dir='ltr'><strong>approbat,</strong></span> <span class='ocrx_word' id='word_1_157' title='bbox 2990 786 3113 843; x_wconf 88' lang='lat' dir='ltr'><strong>aliis</strong></span> <span class='ocrx_word' id='word_1_158' title='bbox 3153 787 3208 842; x_wconf 92' lang='lat' dir='ltr'><strong>in</strong></span> <span class='ocrx_word' id='word_1_159' title='bbox 3252 788 3449 859; x_wconf 83' lang='lat' dir='ltr'><strong>gloria,</strong></span> 
     </span>
    </p>
   </div>
   <div class='ocr_carea' id='block_1_23' title="bbox 1857 877 3448 947">
    <p class='ocr_par' dir='ltr' id='par_1_23' title="bbox 1857 877 3448 947">
     <span class='ocr_line' id='line_1_23' title="bbox 1857 877 3448 947; baseline 0.003 -15"><span class='ocrx_word' id='word_1_160' title='bbox 1857 877 2067 933; x_wconf 90' lang='lat' dir='ltr'><strong>timoris</strong></span> <span class='ocrx_word' id='word_1_161' title='bbox 2094 878 2338 932; x_wconf 90' lang='lat' dir='ltr'><strong>omnium</strong></span> <span class='ocrx_word' id='word_1_162' title='bbox 2369 891 2554 943; x_wconf 87' lang='lat' dir='ltr'><strong>causa,</strong></span> <span class='ocrx_word' id='word_1_163' title='bbox 2586 878 2708 932; x_wconf 91' lang='lat' dir='ltr'><strong>aliis</strong></span> <span class='ocrx_word' id='word_1_164' title='bbox 2733 879 2787 934; x_wconf 89' lang='lat' dir='ltr'><strong>in</strong></span> <span class='ocrx_word' id='word_1_165' title='bbox 2812 879 3448 947; x_wconf 87' lang='lat' dir='ltr'><strong>humilitate,eminentis</strong></span> 
     </span>
    </p>
   </div>
   <div class='ocr_carea' id='block_1_24' title="bbox 1853 969 3451 1042">
    <p class='ocr_par' dir='ltr' id='par_1_24' title="bbox 1853 969 3451 1042">
     <span class='ocr_line' id='line_1_24' title="bbox 1853 969 3451 1042; baseline 0.004 -19"><span class='ocrx_word' id='word_1_166' title='bbox 1853 969 1974 1039; x_wconf 92' lang='lat' dir='ltr'><strong>ejus</strong></span> <span class='ocrx_word' id='word_1_167' title='bbox 2004 969 2261 1024; x_wconf 79' lang='lat' dir='ltr'><strong>bonitatis</strong></span> <span class='ocrx_word' id='word_1_168' title='bbox 2292 969 2673 1039; x_wconf 68' lang='lat' dir='ltr'><strong>agnoscendaa.</strong></span> <span class='ocrx_word' id='word_1_169' title='bbox 2706 970 2762 1025; x_wconf 92' lang='lat' dir='ltr'><strong>Si</strong></span> <span class='ocrx_word' id='word_1_170' title='bbox 2803 986 2931 1042; x_wconf 87' lang='lat' dir='ltr'><strong>ergo</strong></span> <span class='ocrx_word' id='word_1_171' title='bbox 2962 973 3326 1041; x_wconf 88' lang='lat' dir='ltr'><strong>sempiternus</strong></span> <span class='ocrx_word' id='word_1_172' title='bbox 3358 974 3451 1031; x_wconf 84' lang='lat' dir='ltr'><strong>Fi-</strong></span> 
     </span>
    </p>
   </div>
   <div class='ocr_carea' id='block_1_25' title="bbox 1854 1060 3443 1132">
    <p class='ocr_par' dir='ltr' id='par_1_25' title="bbox 1854 1060 3443 1132">
     <span class='ocr_line' id='line_1_25' title="bbox 1854 1060 3443 1132; baseline 0.004 -18"><span class='ocrx_word' id='word_1_173' title='bbox 1854 1060 1957 1115; x_wconf 87' lang='lat' dir='ltr'><strong>lius</strong></span> <span class='ocrx_word' id='word_1_174' title='bbox 1986 1060 2052 1114; x_wconf 89' lang='lat' dir='ltr'><strong>de</strong></span> <span class='ocrx_word' id='word_1_175' title='bbox 2082 1060 2242 1116; x_wconf 81' lang='lat' dir='ltr'><strong>Patre</strong></span> <span class='ocrx_word' id='word_1_176' title='bbox 2281 1068 2365 1116; x_wconf 87' lang='lat' dir='ltr'><strong>est</strong></span> <span class='ocrx_word' id='word_1_177' title='bbox 2403 1064 2637 1131; x_wconf 89' lang='lat' dir='ltr'><strong>genitus,</strong></span> <span class='ocrx_word' id='word_1_178' title='bbox 2673 1063 2871 1132; x_wconf 87' lang='lat' dir='ltr'><strong>quippe</strong></span> <span class='ocrx_word' id='word_1_179' title='bbox 2915 1072 2969 1116; x_wconf 92' lang='lat' dir='ltr'><strong>ct</strong></span> <span class='ocrx_word' id='word_1_180' title='bbox 3019 1064 3202 1119; x_wconf 84' lang='lat' dir='ltr'><strong>omnia</strong></span> <span class='ocrx_word' id='word_1_181' title='bbox 3240 1065 3443 1129; x_wconf 88' lang='lat' dir='ltr'><strong>sciens,</strong></span> 
     </span>
    </p>
   </div>
   <div class='ocr_carea' id='block_1_26' title="bbox 1853 1152 3445 1227">
    <p class='ocr_par' dir='ltr' id='par_1_26' title="bbox 1853 1152 3445 1227">
     <span class='ocr_line' id='line_1_26' title="bbox 1853 1152 3445 1227; baseline 0.006 -20"><span class='ocrx_word' id='word_1_182' title='bbox 1853 1152 2036 1207; x_wconf 88' lang='lat' dir='ltr'><strong>omnia</strong></span> <span class='ocrx_word' id='word_1_183' title='bbox 2072 1165 2283 1223; x_wconf 87' lang='lat' dir='ltr'><strong>potens,</strong></span> <span class='ocrx_word' id='word_1_184' title='bbox 2326 1165 2379 1209; x_wconf 89' lang='lat' dir='ltr'><strong>et</strong></span> <span class='ocrx_word' id='word_1_185' title='bbox 2412 1156 2594 1209; x_wconf 83' lang='lat' dir='ltr'><strong>omnia</strong></span> <span class='ocrx_word' id='word_1_186' title='bbox 2637 1158 2877 1223; x_wconf 81' lang='lat' dir='ltr'><strong>salvans,</strong></span> <span class='ocrx_word' id='word_1_187' title='bbox 2911 1159 3093 1213; x_wconf 89' lang='lat' dir='ltr'><strong>omnia</strong></span> <span class='ocrx_word' id='word_1_188' title='bbox 3135 1161 3445 1227; x_wconf 89' lang='lat' dir='ltr'><strong>continens,</strong></span> 
     </span>
    </p>
   </div>
   <div class='ocr_carea' id='block_1_27' title="bbox 1847 1244 3450 1322">
    <p class='ocr_par' dir='ltr' id='par_1_27' title="bbox 1847 1244 3450 1322">
     <span class='ocr_line' id='line_1_27' title="bbox 1847 1244 3450 1322; baseline 0.008 -25"><span class='ocrx_word' id='word_1_189' title='bbox 1847 1244 2119 1313; x_wconf 82' lang='lat' dir='ltr'><strong>judicans,</strong></span> <span class='ocrx_word' id='word_1_190' title='bbox 2153 1261 2347 1299; x_wconf 88' lang='lat' dir='ltr'><strong>crcans</strong></span> <span class='ocrx_word' id='word_1_191' title='bbox 2379 1263 2501 1301; x_wconf 88' lang='lat' dir='ltr'><strong>cum</strong></span> <span class='ocrx_word' id='word_1_192' title='bbox 2535 1248 2699 1303; x_wconf 82' lang='lat' dir='ltr'><strong>Patre</strong></span> <span class='ocrx_word' id='word_1_193' title='bbox 2737 1265 2956 1319; x_wconf 87' lang='lat' dir='ltr'><strong>semper</strong></span> <span class='ocrx_word' id='word_1_194' title='bbox 2979 1262 3032 1307; x_wconf 89' lang='lat' dir='ltr'><strong>et</strong></span> <span class='ocrx_word' id='word_1_195' title='bbox 3064 1252 3265 1322; x_wconf 79' lang='lat' dir='ltr'><strong>Spiritu</strong></span> <span class='ocrx_word' id='word_1_196' title='bbox 3292 1268 3450 1310; x_wconf 82' lang='lat' dir='ltr'><strong>Sanc-</strong></span> 
     </span>
    </p>
   </div>
   <div class='ocr_carea' id='block_1_28' title="bbox 1853 1339 3449 1417">
    <p class='ocr_par' dir='ltr' id='par_1_28' title="bbox 1853 1339 3449 1417">
     <span class='ocr_line' id='line_1_28' title="bbox 1853 1339 3449 1417; baseline 0.007 -25"><span class='ocrx_word' id='word_1_197' title='bbox 1853 1347 1929 1405; x_wconf 86' lang='lat' dir='ltr'><strong>tn,</strong></span> <span class='ocrx_word' id='word_1_198' title='bbox 1951 1342 2137 1409; x_wconf 86' lang='lat' dir='ltr'><strong>accipe</strong></span> <span class='ocrx_word' id='word_1_199' title='bbox 2172 1339 2337 1409; x_wconf 88' lang='lat' dir='ltr'><strong>igitttr</strong></span> <span class='ocrx_word' id='word_1_200' title='bbox 2374 1341 2517 1406; x_wconf 89' lang='lat' dir='ltr'><strong>quod</strong></span> <span class='ocrx_word' id='word_1_201' title='bbox 2551 1352 2799 1398; x_wconf 83' lang='lat' dir='ltr'><strong>creatura</strong></span> <span class='ocrx_word' id='word_1_202' title='bbox 2838 1345 2979 1401; x_wconf 84' lang='lat' dir='ltr'><strong>Deus</strong></span> <span class='ocrx_word' id='word_1_203' title='bbox 3008 1361 3171 1401; x_wconf 84' lang='lat' dir='ltr'><strong>verus</strong></span> <span class='ocrx_word' id='word_1_204' title='bbox 3210 1364 3316 1402; x_wconf 93' lang='lat' dir='ltr'><strong>non</strong></span> <span class='ocrx_word' id='word_1_205' title='bbox 3347 1363 3449 1417; x_wconf 88' lang='lat' dir='ltr'><strong>po-</strong></span> 
     </span>
    </p>
   </div>
   <div class='ocr_carea' id='block_1_29' title="bbox 1853 1439 3450 1505">
    <p class='ocr_par' dir='ltr' id='par_1_29' title="bbox 1853 1439 3450 1505">
     <span class='ocr_line' id='line_1_29' title="bbox 1853 1439 3450 1505; baseline 0.008 -21"><span class='ocrx_word' id='word_1_206' title='bbox 1853 1440 1959 1485; x_wconf 88' lang='lat' dir='ltr'><strong>test</strong></span> <span class='ocrx_word' id='word_1_207' title='bbox 1989 1446 2131 1496; x_wconf 79' lang='lat' dir='ltr'><strong>esse,</strong></span> <span class='ocrx_word' id='word_1_208' title='bbox 2165 1448 2341 1502; x_wconf 90' lang='lat' dir='ltr'><strong>neque</strong></span> <span class='ocrx_word' id='word_1_209' title='bbox 2371 1444 2620 1488; x_wconf 86' lang='lat' dir='ltr'><strong>creatura</strong></span> <span class='ocrx_word' id='word_1_210' title='bbox 2651 1447 2959 1492; x_wconf 86' lang='lat' dir='ltr'><strong>creaturam</strong></span> <span class='ocrx_word' id='word_1_211' title='bbox 2984 1439 3450 1505; x_wconf 86' lang='lat' dir='ltr'><strong>salvarc,diceute</strong></span> 
     </span>
    </p>
   </div>
   <div class='ocr_carea' id='block_1_30' title="bbox 1849 1522 3450 1603">
    <p class='ocr_par' dir='ltr' id='par_1_30' title="bbox 1849 1522 3450 1603">
     <span class='ocr_line' id='line_1_30' title="bbox 1849 1522 3450 1603; baseline 0.006 -24"><span class='ocrx_word' id='word_1_212' title='bbox 1849 1522 2130 1592; x_wconf 75' lang='lat' dir='ltr'><strong>Scriptura</strong></span> <span class='ocrx_word' id='word_1_213' title='bbox 2162 1542 2175 1577; x_wconf 85' lang='lat'><strong>:</strong></span> <span class='ocrx_word' id='word_1_214' title='bbox 2211 1522 2279 1578; x_wconf 88' lang='lat' dir='ltr'><strong>Et</strong></span> <span class='ocrx_word' id='word_1_215' title='bbox 2309 1525 2601 1597; x_wconf 84' lang='lat' dir='ltr'><strong>coluerunt,</strong></span> <span class='ocrx_word' id='word_1_216' title='bbox 2629 1539 2674 1581; x_wconf 81' lang='lat' dir='ltr'><strong>et</strong></span> <span class='ocrx_word' id='word_1_217' title='bbox 2697 1530 2978 1584; x_wconf 88' lang='lat' dir='ltr'><strong>servierunt</strong></span> <span class='ocrx_word' id='word_1_218' title='bbox 3002 1542 3253 1586; x_wconf 71' lang='lat' dir='ltr'><strong>creatura:</strong></span> <span class='ocrx_word' id='word_1_219' title='bbox 3280 1536 3450 1603; x_wconf 79' lang='lat' dir='ltr'><strong>potius</strong></span> 
     </span>
    </p>
   </div>
   <div class='ocr_carea' id='block_1_31' title="bbox 1848 1618 3447 1697">
    <p class='ocr_par' dir='ltr' id='par_1_31' title="bbox 1848 1618 3447 1697">
     <span class='ocr_line' id='line_1_31' title="bbox 1848 1618 3447 1697; baseline 0.009 -27"><span class='ocrx_word' id='word_1_220' title='bbox 1848 1634 2006 1687; x_wconf 89' lang='lat' dir='ltr'><strong>quam</strong></span> <span class='ocrx_word' id='word_1_221' title='bbox 2026 1618 2276 1683; x_wconf 80' lang='lat' dir='ltr'><strong>Creatori,</strong></span> <span class='ocrx_word' id='word_1_222' title='bbox 2296 1620 2381 1688; x_wconf 87' lang='lat' dir='ltr'><strong>qui</strong></span> <span class='ocrx_word' id='word_1_223' title='bbox 2402 1628 2473 1673; x_wconf 85' lang='lat' dir='ltr'><strong>cst</strong></span> <span class='ocrx_word' id='word_1_224' title='bbox 2502 1620 2797 1675; x_wconf 75' lang='lat' dir='ltr'><strong>benedictus</strong></span> <span class='ocrx_word' id='word_1_225' title='bbox 2824 1621 2961 1677; x_wconf 84' lang='lat' dir='ltr'><strong>Deus</strong></span> <span class='ocrx_word' id='word_1_226' title='bbox 2984 1625 3039 1677; x_wconf 88' lang='lat' dir='ltr'><strong>in</strong></span> <span class='ocrx_word' id='word_1_227' title='bbox 3061 1625 3447 1697; x_wconf 62' lang='lat' dir='ltr'><strong>steculamom.</strong></span> 
     </span>
    </p>
   </div>
   <div class='ocr_carea' id='block_1_32' title="bbox 1848 1710 3450 1791">
    <p class='ocr_par' dir='ltr' id='par_1_32' title="bbox 1848 1710 3450 1791">
     <span class='ocr_line' id='line_1_32' title="bbox 1848 1710 3450 1791; baseline 0.007 -26"><span class='ocrx_word' id='word_1_228' title='bbox 1848 1727 1889 1777; x_wconf 85' lang='grc' dir='ltr'><strong>ι,</strong></span> <span class='ocrx_word' id='word_1_229' title='bbox 1915 1711 2032 1783; x_wconf 65' lang='grc'><strong>25).</strong></span> <span class='ocrx_word' id='word_1_230' title='bbox 2068 1710 2234 1768; x_wconf 81' lang='lat' dir='ltr'><strong>Vides</strong></span> <span class='ocrx_word' id='word_1_231' title='bbox 2262 1711 2445 1783; x_wconf 81' lang='lat' dir='ltr'><strong>igitur,</strong></span> <span class='ocrx_word' id='word_1_232' title='bbox 2480 1714 2622 1783; x_wconf 90' lang='lat' dir='ltr'><strong>quod</strong></span> <span class='ocrx_word' id='word_1_233' title='bbox 2658 1716 2980 1787; x_wconf 85' lang='lat' dir='ltr'><strong>paganitatis</strong></span> <span class='ocrx_word' id='word_1_234' title='bbox 3024 1727 3110 1773; x_wconf 89' lang='lat' dir='ltr'><strong>est</strong></span> <span class='ocrx_word' id='word_1_235' title='bbox 3142 1720 3246 1775; x_wconf 92' lang='lat' dir='ltr'><strong>hoc</strong></span> <span class='ocrx_word' id='word_1_236' title='bbox 3277 1722 3450 1791; x_wconf 85' lang='lat' dir='ltr'><strong>magis</strong></span> 
     </span>
    </p>
   </div>
   <div class='ocr_carea' id='block_1_33' title="bbox 200 1802 3452 1882">
    <p class='ocr_par' dir='ltr' id='par_1_33' title="bbox 200 1802 3452 1882">
     <span class='ocr_line' id='line_1_33' title="bbox 200 1802 3452 1882; baseline 0.002 -21"><span class='ocrx_word' id='word_1_237' title='bbox 200 1818 269 1861; x_wconf 82' lang='lat' dir='ltr'><strong>aut</strong></span> <span class='ocrx_word' id='word_1_238' title='bbox 288 1808 480 1875; x_wconf 86' lang='lat' dir='ltr'><strong>humile,</strong></span> <span class='ocrx_word' id='word_1_239' title='bbox 511 1807 698 1862; x_wconf 88' lang='lat' dir='ltr'><strong>carnis</strong></span> <span class='ocrx_word' id='word_1_240' title='bbox 718 1806 839 1876; x_wconf 84' lang='lat' dir='ltr'><strong>ejus</strong></span> <span class='ocrx_word' id='word_1_241' title='bbox 864 1815 950 1862; x_wconf 92' lang='lat' dir='ltr'><strong>est</strong></span> <span class='ocrx_word' id='word_1_242' title='bbox 978 1816 1293 1876; x_wconf 67' lang='lat' dir='ltr'><strong>assumptaa.</strong></span> <span class='ocrx_word' id='word_1_243' title='bbox 1323 1807 1459 1874; x_wconf 86' lang='lat' dir='ltr'><strong>Quia</strong></span> <span class='ocrx_word' id='word_1_244' title='bbox 1492 1823 1624 1864; x_wconf 90' lang='lat' dir='ltr'><strong>vero</strong></span> <span class='ocrx_word' id='word_1_245' title='bbox 1654 1824 1746 1863; x_wconf 89' lang='lat' dir='ltr'><strong>na-</strong></span> <span class='ocrx_word' id='word_1_246' title='bbox 1774 1802 1827 1866; x_wconf 89' lang='lat' dir='ltr'><strong>B</strong></span> <span class='ocrx_word' id='word_1_247' title='bbox 1858 1818 2016 1874; x_wconf 86' lang='lat' dir='ltr'><strong>quam</strong></span> <span class='ocrx_word' id='word_1_248' title='bbox 2046 1804 2511 1861; x_wconf 81' lang='lat' dir='ltr'><strong>Christianitatis?</strong></span> <span class='ocrx_word' id='word_1_249' title='bbox 2540 1807 2604 1861; x_wconf 89' lang='lat' dir='ltr'><strong>Et</strong></span> <span class='ocrx_word' id='word_1_250' title='bbox 2634 1809 2779 1878; x_wconf 89' lang='lat' dir='ltr'><strong>quod</strong></span> <span class='ocrx_word' id='word_1_251' title='bbox 2809 1824 2920 1865; x_wconf 91' lang='lat' dir='ltr'><strong>non</strong></span> <span class='ocrx_word' id='word_1_252' title='bbox 2952 1818 3205 1882; x_wconf 89' lang='lat' dir='ltr'><strong>tempore</strong></span> <span class='ocrx_word' id='word_1_253' title='bbox 3242 1823 3327 1869; x_wconf 89' lang='lat' dir='ltr'><strong>est</strong></span> <span class='ocrx_word' id='word_1_254' title='bbox 3356 1832 3452 1869; x_wconf 85' lang='lat' dir='ltr'><strong>na-</strong></span> 
     </span>
    </p>
   </div>
   <div class='ocr_carea' id='block_1_34' title="bbox 201 1898 1748 1971">
    <p class='ocr_par' dir='ltr' id='par_1_34' title="bbox 201 1898 1748 1971">
     <span class='ocr_line' id='line_1_34' title="bbox 201 1898 1748 1971; baseline 0.001 -17"><span class='ocrx_word' id='word_1_255' title='bbox 201 1910 265 1954; x_wconf 83' lang='lat' dir='ltr'><strong>tus</strong></span> <span class='ocrx_word' id='word_1_256' title='bbox 289 1909 359 1954; x_wconf 86' lang='lat' dir='ltr'><strong>est</strong></span> <span class='ocrx_word' id='word_1_257' title='bbox 387 1899 447 1953; x_wconf 85' lang='lat' dir='ltr'><strong>de</strong></span> <span class='ocrx_word' id='word_1_258' title='bbox 474 1913 668 1965; x_wconf 85' lang='lat' dir='ltr'><strong>carne,</strong></span> <span class='ocrx_word' id='word_1_259' title='bbox 699 1908 753 1954; x_wconf 92' lang='lat' dir='ltr'><strong>et</strong></span> <span class='ocrx_word' id='word_1_260' title='bbox 783 1898 906 1969; x_wconf 87' lang='lat' dir='ltr'><strong>quia</strong></span> <span class='ocrx_word' id='word_1_261' title='bbox 940 1913 1065 1953; x_wconf 93' lang='lat' dir='ltr'><strong>cum</strong></span> <span class='ocrx_word' id='word_1_262' title='bbox 1109 1898 1422 1956; x_wconf 90' lang='lat' dir='ltr'><strong>hominibus</strong></span> <span class='ocrx_word' id='word_1_263' title='bbox 1449 1899 1668 1971; x_wconf 80' lang='lat' dir='ltr'><strong>triginta</strong></span> <span class='ocrx_word' id='word_1_264' title='bbox 1692 1909 1748 1956; x_wconf 89' lang='lat' dir='ltr'><strong>et</strong></span> 
     </span>
    </p>
   </div>
   <div class='ocr_carea' id='block_1_35' title="bbox 200 1994 1749 2067">
    <p class='ocr_par' dir='ltr' id='par_1_35' title="bbox 200 1994 1749 2067">
     <span class='ocr_line' id='line_1_35' title="bbox 200 1994 1749 2067; baseline 0.005 -22"><span class='ocrx_word' id='word_1_265' title='bbox 200 1994 295 2063; x_wconf 83' lang='lat' dir='ltr'><strong>plus</strong></span> <span class='ocrx_word' id='word_1_266' title='bbox 316 2008 470 2047; x_wconf 84' lang='lat' dir='ltr'><strong>annos</strong></span> <span class='ocrx_word' id='word_1_267' title='bbox 493 2003 855 2049; x_wconf 77' lang='lat' dir='ltr'><strong>conversatus</strong></span> <span class='ocrx_word' id='word_1_268' title='bbox 874 2005 979 2059; x_wconf 91' lang='lat' dir='ltr'><strong>est,</strong></span> <span class='ocrx_word' id='word_1_269' title='bbox 1003 2003 1058 2049; x_wconf 91' lang='lat' dir='ltr'><strong>et</strong></span> <span class='ocrx_word' id='word_1_270' title='bbox 1086 2010 1216 2050; x_wconf 83' lang='lat' dir='ltr'><strong>vere</strong></span> <span class='ocrx_word' id='word_1_271' title='bbox 1240 1995 1477 2051; x_wconf 88' lang='lat' dir='ltr'><strong>habebat</strong></span> <span class='ocrx_word' id='word_1_272' title='bbox 1506 1998 1621 2067; x_wconf 90' lang='lat' dir='ltr'><strong>pati</strong></span> <span class='ocrx_word' id='word_1_273' title='bbox 1650 2014 1662 2051; x_wconf 92' lang='lat'><strong>:</strong></span> <span class='ocrx_word' id='word_1_274' title='bbox 1692 2006 1749 2054; x_wconf 91' lang='lat' dir='ltr'><strong>et</strong></span> 
     </span>
    </p>
   </div>
   <div class='ocr_carea' id='block_1_36' title="bbox 201 2084 1749 2159">
    <p class='ocr_par' dir='ltr' id='par_1_36' title="bbox 201 2084 1749 2159">
     <span class='ocr_line' id='line_1_36' title="bbox 201 2084 1749 2159; baseline 0.005 -21"><span class='ocrx_word' id='word_1_275' title='bbox 201 2084 294 2139; x_wconf 85' lang='lat' dir='ltr'><strong>ideo</strong></span> <span class='ocrx_word' id='word_1_276' title='bbox 316 2094 361 2140; x_wconf 85' lang='lat' dir='ltr'><strong>rt</strong></span> <span class='ocrx_word' id='word_1_277' title='bbox 384 2085 734 2141; x_wconf 81' lang='lat' dir='ltr'><strong>vcrus&#39;homo</strong></span> <span class='ocrx_word' id='word_1_278' title='bbox 766 2096 988 2157; x_wconf 86' lang='lat' dir='ltr'><strong>propter</strong></span> <span class='ocrx_word' id='word_1_279' title='bbox 1010 2102 1230 2143; x_wconf 91' lang='lat' dir='ltr'><strong>carnem</strong></span> <span class='ocrx_word' id='word_1_280' title='bbox 1257 2089 1543 2159; x_wconf 90' lang='lat' dir='ltr'><strong>accipitur,</strong></span> <span class='ocrx_word' id='word_1_281' title='bbox 1573 2100 1629 2145; x_wconf 89' lang='lat' dir='ltr'><strong>et</strong></span> <span class='ocrx_word' id='word_1_282' title='bbox 1658 2106 1749 2146; x_wconf 82' lang='lat' dir='ltr'><strong>ve-</strong></span> 
     </span>
    </p>
   </div>
   <div class='ocr_carea' id='block_1_37' title="bbox 200 2176 1750 2254">
    <p class='ocr_par' dir='ltr' id='par_1_37' title="bbox 200 2176 1750 2254">
     <span class='ocr_line' id='line_1_37' title="bbox 200 2176 1750 2254; baseline 0.006 -25"><span class='ocrx_word' id='word_1_283' title='bbox 200 2192 269 2229; x_wconf 86' lang='lat' dir='ltr'><strong>rus</strong></span> <span class='ocrx_word' id='word_1_284' title='bbox 294 2176 417 2232; x_wconf 88' lang='lat' dir='ltr'><strong>Deus</strong></span> <span class='ocrx_word' id='word_1_285' title='bbox 452 2177 769 2233; x_wconf 85' lang='lat' dir='ltr'><strong>incarnatus</strong></span> <span class='ocrx_word' id='word_1_286' title='bbox 791 2188 895 2245; x_wconf 84' lang='lat' dir='ltr'><strong>est,</strong></span> <span class='ocrx_word' id='word_1_287' title='bbox 927 2179 979 2233; x_wconf 91' lang='lat' dir='ltr'><strong>in</strong></span> <span class='ocrx_word' id='word_1_288' title='bbox 1006 2194 1171 2235; x_wconf 89' lang='lat' dir='ltr'><strong>carne</strong></span> <span class='ocrx_word' id='word_1_289' title='bbox 1194 2195 1385 2251; x_wconf 90' lang='lat' dir='ltr'><strong>passus</strong></span> <span class='ocrx_word' id='word_1_290' title='bbox 1407 2191 1598 2237; x_wconf 89' lang='lat' dir='ltr'><strong>natura</strong></span> <span class='ocrx_word' id='word_1_291' title='bbox 1625 2197 1750 2254; x_wconf 84' lang='lat' dir='ltr'><strong>pas-</strong></span> 
     </span>
    </p>
   </div>
   <div class='ocr_carea' id='block_1_38' title="bbox 200 2266 1750 2343">
    <p class='ocr_par' dir='ltr' id='par_1_38' title="bbox 200 2266 1750 2343">
     <span class='ocr_line' id='line_1_38' title="bbox 200 2266 1750 2343; baseline 0.007 -22"><span class='ocrx_word' id='word_1_292' title='bbox 200 2266 328 2333; x_wconf 83' lang='lat' dir='ltr'><strong>sibili,</strong></span> <span class='ocrx_word' id='word_1_293' title='bbox 347 2284 440 2324; x_wconf 93' lang='lat' dir='ltr'><strong>non</strong></span> <span class='ocrx_word' id='word_1_294' title='bbox 465 2270 859 2326; x_wconf 83' lang='lat' dir='ltr'><strong>deitatis.ll:ec</strong></span> <span class='ocrx_word' id='word_1_295' title='bbox 882 2271 1027 2327; x_wconf 89' lang='lat' dir='ltr'><strong>enitn</strong></span> <span class='ocrx_word' id='word_1_296' title='bbox 1057 2288 1176 2343; x_wconf 75' lang='lat' dir='ltr'><strong>qua:</strong></span> <span class='ocrx_word' id='word_1_297' title='bbox 1205 2275 1313 2341; x_wconf 90' lang='lat' dir='ltr'><strong>pati</strong></span> <span class='ocrx_word' id='word_1_298' title='bbox 1333 2274 1597 2331; x_wconf 90' lang='lat' dir='ltr'><strong>debuerat</strong></span> <span class='ocrx_word' id='word_1_299' title='bbox 1620 2291 1750 2332; x_wconf 90' lang='lat' dir='ltr'><strong>caro</strong></span> 
     </span>
    </p>
   </div>
   <div class='ocr_carea' id='block_1_39' title="bbox 202 2352 1751 2439">
    <p class='ocr_par' dir='ltr' id='par_1_39' title="bbox 202 2352 1751 2439">
     <span class='ocr_line' id='line_1_39' title="bbox 202 2352 1751 2439; baseline 0.008 -26"><span class='ocrx_word' id='word_1_300' title='bbox 202 2360 393 2416; x_wconf 85' lang='lat' dir='ltr'><strong>hominis</strong></span> <span class='ocrx_word' id='word_1_301' title='bbox 421 2352 863 2435; x_wconf 67' lang='lat' dir='ltr'><strong>transgresso&#39;ris,</strong></span> <span class='ocrx_word' id='word_1_302' title='bbox 891 2380 990 2434; x_wconf 88' lang='lat' dir='ltr'><strong>pro</strong></span> <span class='ocrx_word' id='word_1_303' title='bbox 1019 2364 1331 2421; x_wconf 90' lang='lat' dir='ltr'><strong>hominibus</strong></span> <span class='ocrx_word' id='word_1_304' title='bbox 1360 2368 1468 2436; x_wconf 86' lang='lat' dir='ltr'><strong>pati</strong></span> <span class='ocrx_word' id='word_1_305' title='bbox 1496 2368 1751 2439; x_wconf 87' lang='lat' dir='ltr'><strong>dignatus</strong></span> 
     </span>
    </p>
   </div>
   <div class='ocr_carea' id='block_1_40' title="bbox 202 2454 1753 2527">
    <p class='ocr_par' dir='ltr' id='par_1_40' title="bbox 202 2454 1753 2527">
     <span class='ocr_line' id='line_1_40' title="bbox 202 2454 1753 2527; baseline 0.008 -20"><span class='ocrx_word' id='word_1_306' title='bbox 202 2454 410 2510; x_wconf 87' lang='lat' dir='ltr'><strong>estDeus</strong></span> <span class='ocrx_word' id='word_1_307' title='bbox 454 2472 549 2525; x_wconf 81' lang='lat' dir='ltr'><strong>per</strong></span> <span class='ocrx_word' id='word_1_308' title='bbox 596 2473 820 2512; x_wconf 88' lang='lat' dir='ltr'><strong>carnem</strong></span> <span class='ocrx_word' id='word_1_309' title='bbox 870 2459 1183 2527; x_wconf 87' lang='lat' dir='ltr'><strong>passibilcm</strong></span> <span class='ocrx_word' id='word_1_310' title='bbox 1221 2477 1234 2514; x_wconf 89' lang='lat'><strong>:</strong></span> <span class='ocrx_word' id='word_1_311' title='bbox 1270 2469 1328 2516; x_wconf 93' lang='lat' dir='ltr'><strong>ut</strong></span> <span class='ocrx_word' id='word_1_312' title='bbox 1364 2470 1421 2517; x_wconf 90' lang='lat' dir='ltr'><strong>et</strong></span> <span class='ocrx_word' id='word_1_313' title='bbox 1451 2462 1753 2519; x_wconf 60' lang='lat' dir='ltr'><strong>divinitatis</strong></span> 
     </span>
    </p>
   </div>
   <div class='ocr_carea' id='block_1_41' title="bbox 201 2546 1755 2628">
    <p class='ocr_par' dir='ltr' id='par_1_41' title="bbox 201 2546 1755 2628">
     <span class='ocr_line' id='line_1_41' title="bbox 201 2546 1755 2628; baseline 0.014 -33"><span class='ocrx_word' id='word_1_314' title='bbox 201 2546 291 2616; x_wconf 72' lang='lat' dir='ltr'><strong>ejus</strong></span> <span class='ocrx_word' id='word_1_315' title='bbox 316 2549 718 2604; x_wconf 89' lang='lat' dir='ltr'><strong>inenarrandam</strong></span> <span class='ocrx_word' id='word_1_316' title='bbox 758 2554 1056 2619; x_wconf 89' lang='lat' dir='ltr'><strong>potentiam</strong></span> <span class='ocrx_word' id='word_1_317' title='bbox 1101 2555 1152 2608; x_wconf 90' lang='lat' dir='ltr'><strong>in</strong></span> <span class='ocrx_word' id='word_1_318' title='bbox 1189 2571 1246 2610; x_wconf 92' lang='lat' dir='ltr'><strong>re</strong></span> <span class='ocrx_word' id='word_1_319' title='bbox 1281 2556 1486 2611; x_wconf 86' lang='lat' dir='ltr'><strong>visibili</strong></span> <span class='ocrx_word' id='word_1_320' title='bbox 1527 2558 1755 2628; x_wconf 63' lang='lat' dir='ltr'><strong>praedic-</strong></span> 
     </span>
    </p>
   </div>
   <div class='ocr_carea' id='block_1_42' title="bbox 202 2640 1754 2721">
    <p class='ocr_par' dir='ltr' id='par_1_42' title="bbox 202 2640 1754 2721">
     <span class='ocr_line' id='line_1_42' title="bbox 202 2640 1754 2721; baseline 0.012 -31"><span class='ocrx_word' id='word_1_321' title='bbox 202 2645 283 2691; x_wconf 85' lang='lat' dir='ltr'><strong>tam</strong></span> <span class='ocrx_word' id='word_1_322' title='bbox 302 2640 579 2697; x_wconf 83' lang='lat' dir='ltr'><strong>sentiamus</strong></span> <span class='ocrx_word' id='word_1_323' title='bbox 609 2659 624 2695; x_wconf 89' lang='lat'>:</span> <span class='ocrx_word' id='word_1_324' title='bbox 659 2653 711 2697; x_wconf 90' lang='lat' dir='ltr'><strong>et</strong></span> <span class='ocrx_word' id='word_1_325' title='bbox 740 2644 996 2699; x_wconf 84' lang='lat' dir='ltr'><strong>bonitatis</strong></span> <span class='ocrx_word' id='word_1_326' title='bbox 1022 2645 1140 2714; x_wconf 88' lang='lat' dir='ltr'><strong>ejus</strong></span> <span class='ocrx_word' id='word_1_327' title='bbox 1169 2646 1413 2714; x_wconf 81' lang='lat' dir='ltr'><strong>divitias,</strong></span> <span class='ocrx_word' id='word_1_328' title='bbox 1447 2649 1498 2703; x_wconf 92' lang='lat' dir='ltr'><strong>id</strong></span> <span class='ocrx_word' id='word_1_329' title='bbox 1535 2660 1639 2716; x_wconf 92' lang='lat' dir='ltr'><strong>est,</strong></span> <span class='ocrx_word' id='word_1_330' title='bbox 1658 2667 1754 2721; x_wconf 89' lang='lat' dir='ltr'><strong>per</strong></span> 
     </span>
    </p>
   </div>
   <div class='ocr_carea' id='block_1_43' title="bbox 202 2731 1755 2809">
    <p class='ocr_par' dir='ltr' id='par_1_43' title="bbox 202 2731 1755 2809">
     <span class='ocr_line' id='line_1_43' title="bbox 202 2731 1755 2809; baseline 0.014 -27"><span class='ocrx_word' id='word_1_331' title='bbox 202 2731 499 2801; x_wconf 77' lang='lat' dir='ltr'><strong>passionem,</strong></span> <span class='ocrx_word' id='word_1_332' title='bbox 532 2737 918 2793; x_wconf 86' lang='lat' dir='ltr'><strong>remissionem</strong></span> <span class='ocrx_word' id='word_1_333' title='bbox 972 2746 1319 2809; x_wconf 84' lang='lat' dir='ltr'><strong>peccatorum</strong></span> <span class='ocrx_word' id='word_1_334' title='bbox 1367 2742 1653 2801; x_wconf 86' lang='lat' dir='ltr'><strong>credentes</strong></span> <span class='ocrx_word' id='word_1_335' title='bbox 1697 2745 1755 2803; x_wconf 90' lang='lat' dir='ltr'><strong>in</strong></span> 
     </span>
    </p>
   </div>
   <div class='ocr_carea' id='block_1_44' title="bbox 198 2829 1341 2899">
    <p class='ocr_par' dir='ltr' id='par_1_44' title="bbox 198 2829 1341 2899">
     <span class='ocr_line' id='line_1_44' title="bbox 198 2829 1341 2899; baseline 0.016 -22"><span class='ocrx_word' id='word_1_336' title='bbox 198 2836 295 2878; x_wconf 81' lang='lat' dir='ltr'><strong>eum</strong></span> <span class='ocrx_word' id='word_1_337' title='bbox 317 2842 722 2899; x_wconf 78' lang='lat' dir='ltr'><strong>consequamur.</strong></span> <span class='ocrx_word' id='word_1_338' title='bbox 1337 2829 1341 2833; x_wconf 59' lang='grc'><em>’</em></span> 
     </span>
    </p>
   </div>
   <div class='ocr_carea' id='block_1_45' title="bbox 254 2916 1759 3005">
    <p class='ocr_par' dir='ltr' id='par_1_45' title="bbox 254 2916 1759 3005">
     <span class='ocr_line' id='line_1_45' title="bbox 254 2916 1759 3005; baseline 0.013 -36"><span class='ocrx_word' id='word_1_339' title='bbox 254 2916 306 2971; x_wconf 91' lang='grc'><strong>11.</strong></span> <span class='ocrx_word' id='word_1_340' title='bbox 330 2919 483 2987; x_wconf 83' lang='lat' dir='ltr'><strong>Quale</strong></span> <span class='ocrx_word' id='word_1_341' title='bbox 503 2934 586 2978; x_wconf 89' lang='lat' dir='ltr'><strong>est</strong></span> <span class='ocrx_word' id='word_1_342' title='bbox 614 2922 780 2992; x_wconf 83' lang='lat' dir='ltr'><strong>igitur</strong></span> <span class='ocrx_word' id='word_1_343' title='bbox 811 2926 1011 2981; x_wconf 90' lang='lat' dir='ltr'><strong>malum</strong></span> <span class='ocrx_word' id='word_1_344' title='bbox 1036 2927 1160 2996; x_wconf 89' lang='lat' dir='ltr'><strong>hoc,</strong></span> <span class='ocrx_word' id='word_1_345' title='bbox 1185 2937 1245 2984; x_wconf 94' lang='lat' dir='ltr'><strong>ut</strong></span> <span class='ocrx_word' id='word_1_346' title='bbox 1271 2930 1468 2987; x_wconf 86' lang='lat' dir='ltr'><strong>audeat</strong></span> <span class='ocrx_word' id='word_1_347' title='bbox 1495 2933 1614 3001; x_wconf 92' lang='lat' dir='ltr'><strong>quis</strong></span> <span class='ocrx_word' id='word_1_348' title='bbox 1634 2949 1759 3005; x_wconf 81' lang='lat' dir='ltr'><strong>gra-</strong></span> 
     </span>
    </p>
   </div>
   <div class='ocr_carea' id='block_1_46' title="bbox 197 3006 1755 3094">
    <p class='ocr_par' dir='ltr' id='par_1_46' title="bbox 197 3006 1755 3094">
     <span class='ocr_line' id='line_1_46' title="bbox 197 3006 1755 3094; baseline 0.015 -35"><span class='ocrx_word' id='word_1_349' title='bbox 197 3006 298 3061; x_wconf 79' lang='lat' dir='ltr'><strong>tiatu</strong></span> <span class='ocrx_word' id='word_1_350' title='bbox 324 3010 520 3067; x_wconf 89' lang='lat' dir='ltr'><strong>Domini</strong></span> <span class='ocrx_word' id='word_1_351' title='bbox 555 3016 734 3070; x_wconf 87' lang='lat' dir='ltr'><strong>nostri</strong></span> <span class='ocrx_word' id='word_1_352' title='bbox 760 3016 887 3071; x_wconf 86' lang='lat' dir='ltr'><strong>Jesu</strong></span> <span class='ocrx_word' id='word_1_353' title='bbox 919 3019 1143 3089; x_wconf 79' lang='lat' dir='ltr'><strong>Christi,</strong></span> <span class='ocrx_word' id='word_1_354' title='bbox 1171 3037 1333 3092; x_wconf 90' lang='lat' dir='ltr'><strong>quam</strong></span> <span class='ocrx_word' id='word_1_355' title='bbox 1368 3041 1465 3094; x_wconf 91' lang='lat' dir='ltr'><strong>pro</strong></span> <span class='ocrx_word' id='word_1_356' title='bbox 1490 3026 1648 3082; x_wconf 90' lang='lat' dir='ltr'><strong>nobis</strong></span> <span class='ocrx_word' id='word_1_357' title='bbox 1674 3026 1755 3082; x_wconf 76' lang='lat' dir='ltr'><strong>le-</strong></span> 
     </span>
    </p>
   </div>
   <div class='ocr_carea' id='block_1_47' title="bbox 195 3099 1758 3180">
    <p class='ocr_par' dir='ltr' id='par_1_47' title="bbox 195 3099 1758 3180">
     <span class='ocr_line' id='line_1_47' title="bbox 195 3099 1758 3180; baseline 0.013 -28"><span class='ocrx_word' id='word_1_358' title='bbox 195 3099 318 3157; x_wconf 81' lang='lat' dir='ltr'><strong>ritse</strong></span> <span class='ocrx_word' id='word_1_359' title='bbox 340 3104 646 3177; x_wconf 89' lang='lat' dir='ltr'><strong>humilians,</strong></span> <span class='ocrx_word' id='word_1_360' title='bbox 669 3117 725 3163; x_wconf 93' lang='lat' dir='ltr'><strong>ut</strong></span> <span class='ocrx_word' id='word_1_361' title='bbox 750 3124 848 3163; x_wconf 93' lang='lat' dir='ltr'><strong>nos</strong></span> <span class='ocrx_word' id='word_1_362' title='bbox 876 3111 1200 3180; x_wconf 81' lang='lat' dir='ltr'><strong>exaltetnnr,</strong></span> <span class='ocrx_word' id='word_1_363' title='bbox 1227 3114 1476 3171; x_wconf 91' lang='lat' dir='ltr'><strong>humanis</strong></span> <span class='ocrx_word' id='word_1_364' title='bbox 1504 3118 1758 3173; x_wconf 86' lang='lat' dir='ltr'><strong>sensibus</strong></span> 
     </span>
    </p>
   </div>
   <div class='ocr_carea' id='block_1_48' title="bbox 1853 1899 3451 1975">
    <p class='ocr_par' dir='ltr' id='par_1_48' title="bbox 1853 1899 3451 1975">
     <span class='ocr_line' id='line_1_48' title="bbox 1853 1899 3451 1975; baseline 0.006 -22"><span class='ocrx_word' id='word_1_365' title='bbox 1853 1909 1960 1965; x_wconf 92' lang='lat' dir='ltr'><strong>tus,</strong></span> <span class='ocrx_word' id='word_1_366' title='bbox 1992 1899 2087 1954; x_wconf 89' lang='lat' dir='ltr'><strong>sed</strong></span> <span class='ocrx_word' id='word_1_367' title='bbox 2111 1915 2327 1971; x_wconf 90' lang='lat' dir='ltr'><strong>semper</strong></span> <span class='ocrx_word' id='word_1_368' title='bbox 2355 1910 2515 1956; x_wconf 90' lang='lat' dir='ltr'><strong>natus</strong></span> <span class='ocrx_word' id='word_1_369' title='bbox 2545 1912 2663 1957; x_wconf 86' lang='lat' dir='ltr'><strong>erat</strong></span> <span class='ocrx_word' id='word_1_370' title='bbox 2691 1902 2758 1958; x_wconf 93' lang='lat' dir='ltr'><strong>de</strong></span> <span class='ocrx_word' id='word_1_371' title='bbox 2786 1903 2968 1970; x_wconf 85' lang='lat' dir='ltr'><strong>Patre,</strong></span> <span class='ocrx_word' id='word_1_372' title='bbox 2992 1904 3125 1961; x_wconf 90' lang='lat' dir='ltr'><strong>dicit</strong></span> <span class='ocrx_word' id='word_1_373' title='bbox 3156 1908 3451 1975; x_wconf 88' lang='lat' dir='ltr'><strong>Apostolus</strong></span> 
     </span>
    </p>
   </div>
   <div class='ocr_carea' id='block_1_49' title="bbox 1847 1990 3453 2072">
    <p class='ocr_par' dir='ltr' id='par_1_49' title="bbox 1847 1990 3453 2072">
     <span class='ocr_line' id='line_1_49' title="bbox 1847 1990 3453 2072; baseline 0.006 -25"><span class='ocrx_word' id='word_1_374' title='bbox 1847 1990 2042 2047; x_wconf 81' lang='lat' dir='ltr'><strong>beatus</strong></span> <span class='ocrx_word' id='word_1_375' title='bbox 2072 2008 2086 2045; x_wconf 89' lang='lat'><strong>:</strong></span> <span class='ocrx_word' id='word_1_376' title='bbox 2114 1990 2408 2047; x_wconf 77' lang='lat' dir='ltr'><strong>Inrisibilia</strong></span> <span class='ocrx_word' id='word_1_377' title='bbox 2434 1995 2569 2048; x_wconf 88' lang='lat' dir='ltr'><strong>enim</strong></span> <span class='ocrx_word' id='word_1_378' title='bbox 2609 1998 2722 2065; x_wconf 82' lang='lat' dir='ltr'><strong>eius</strong></span> <span class='ocrx_word' id='word_1_379' title='bbox 2750 2013 2783 2050; x_wconf 93' lang='lat' dir='ltr'><strong>a</strong></span> <span class='ocrx_word' id='word_1_380' title='bbox 2808 2006 3045 2051; x_wconf 86' lang='lat' dir='ltr'><strong>creatura</strong></span> <span class='ocrx_word' id='word_1_381' title='bbox 3074 2001 3252 2054; x_wconf 87' lang='lat' dir='ltr'><strong>mundi</strong></span> <span class='ocrx_word' id='word_1_382' title='bbox 3280 2019 3371 2072; x_wconf 86' lang='lat' dir='ltr'><strong>per</strong></span> <span class='ocrx_word' id='word_1_383' title='bbox 3390 2018 3453 2056; x_wconf 87' lang='lat' dir='ltr'><strong>ea</strong></span> 
     </span>
    </p>
   </div>
   <div class='ocr_carea' id='block_1_50' title="bbox 1849 2084 3458 2163">
    <p class='ocr_par' dir='ltr' id='par_1_50' title="bbox 1849 2084 3458 2163">
     <span class='ocr_line' id='line_1_50' title="bbox 1849 2084 3458 2163; baseline 0.006 -28"><span class='ocrx_word' id='word_1_384' title='bbox 1849 2100 1965 2155; x_wconf 73' lang='lat' dir='ltr'><strong>qua:</strong></span> <span class='ocrx_word' id='word_1_385' title='bbox 2012 2084 2152 2155; x_wconf 82' lang='lat' dir='ltr'><strong>facta</strong></span> <span class='ocrx_word' id='word_1_386' title='bbox 2196 2092 2335 2148; x_wconf 86' lang='lat' dir='ltr'><strong>sunt,</strong></span> <span class='ocrx_word' id='word_1_387' title='bbox 2380 2084 2641 2139; x_wconf 84' lang='lat' dir='ltr'><strong>intellecta</strong></span> <span class='ocrx_word' id='word_1_388' title='bbox 2685 2088 3103 2158; x_wconf 87' lang='lat' dir='ltr'><strong>conspiciuntur,</strong></span> <span class='ocrx_word' id='word_1_389' title='bbox 3144 2093 3458 2163; x_wconf 86' lang='lat' dir='ltr'><strong>sempiterna</strong></span> 
     </span>
    </p>
   </div>
   <div class='ocr_carea' id='block_1_51' title="bbox 1849 2177 3451 2255">
    <p class='ocr_par' dir='ltr' id='par_1_51' title="bbox 1849 2177 3451 2255">
     <span class='ocr_line' id='line_1_51' title="bbox 1849 2177 3451 2255; baseline 0.006 -25"><span class='ocrx_word' id='word_1_390' title='bbox 1849 2192 2051 2249; x_wconf 84' lang='lat' dir='ltr'><strong>quoque</strong></span> <span class='ocrx_word' id='word_1_391' title='bbox 2071 2177 2185 2247; x_wconf 85' lang='lat' dir='ltr'><strong>ejus</strong></span> <span class='ocrx_word' id='word_1_392' title='bbox 2213 2178 2378 2230; x_wconf 82' lang='lat' dir='ltr'><strong>virtus</strong></span> <span class='ocrx_word' id='word_1_393' title='bbox 2414 2186 2463 2232; x_wconf 87' lang='lat' dir='ltr'><strong>et</strong></span> <span class='ocrx_word' id='word_1_394' title='bbox 2491 2178 2738 2235; x_wconf 74' lang='lat' dir='ltr'><strong>divinitas</strong></span> <span class='ocrx_word' id='word_1_395' title='bbox 2760 2178 2952 2249; x_wconf 84' lang='lat' dir='ltr'><strong>(Ibid.,</strong></span> <span class='ocrx_word' id='word_1_396' title='bbox 2992 2181 3133 2254; x_wconf 70' lang='lat'><strong>20).!</strong></span> <span class='ocrx_word' id='word_1_397' title='bbox 3157 2184 3315 2239; x_wconf 84' lang='lat' dir='ltr'><strong>Vides</strong></span> <span class='ocrx_word' id='word_1_398' title='bbox 3347 2186 3451 2255; x_wconf 88' lang='lat' dir='ltr'><strong>igi-</strong></span> 
     </span>
    </p>
   </div>
   <div class='ocr_carea' id='block_1_52' title="bbox 1852 2269 3451 2346">
    <p class='ocr_par' dir='ltr' id='par_1_52' title="bbox 1852 2269 3451 2346">
     <span class='ocr_line' id='line_1_52' title="bbox 1852 2269 3451 2346; baseline 0.003 -20"><span class='ocrx_word' id='word_1_399' title='bbox 1852 2279 1962 2338; x_wconf 92' lang='lat' dir='ltr'><strong>tur,</strong></span> <span class='ocrx_word' id='word_1_400' title='bbox 1991 2271 2135 2341; x_wconf 90' lang='lat' dir='ltr'><strong>quod</strong></span> <span class='ocrx_word' id='word_1_401' title='bbox 2178 2269 2434 2326; x_wconf 89' lang='lat' dir='ltr'><strong>Christus</strong></span> <span class='ocrx_word' id='word_1_402' title='bbox 2474 2271 2644 2327; x_wconf 89' lang='lat' dir='ltr'><strong>Filius</strong></span> <span class='ocrx_word' id='word_1_403' title='bbox 2679 2274 2774 2330; x_wconf 92' lang='lat' dir='ltr'><strong>Dei</strong></span> <span class='ocrx_word' id='word_1_404' title='bbox 2817 2282 2920 2341; x_wconf 92' lang='lat' dir='ltr'><strong>est,</strong></span> <span class='ocrx_word' id='word_1_405' title='bbox 2956 2290 3063 2330; x_wconf 91' lang='lat' dir='ltr'><strong>non</strong></span> <span class='ocrx_word' id='word_1_406' title='bbox 3107 2278 3451 2346; x_wconf 89' lang='lat' dir='ltr'><strong>temporalis,</strong></span> 
     </span>
    </p>
   </div>
   <div class='ocr_carea' id='block_1_53' title="bbox 1853 2362 3452 2433">
    <p class='ocr_par' dir='ltr' id='par_1_53' title="bbox 1853 2362 3452 2433">
     <span class='ocr_line' id='line_1_53' title="bbox 1853 2362 3452 2433; baseline 0.003 -15"><span class='ocrx_word' id='word_1_407' title='bbox 1853 2362 1950 2419; x_wconf 91' lang='lat' dir='ltr'><strong>sed</strong></span> <span class='ocrx_word' id='word_1_408' title='bbox 1994 2362 2393 2433; x_wconf 88' lang='lat' dir='ltr'><strong>sempiternus?</strong></span> <span class='ocrx_word' id='word_1_409' title='bbox 2424 2364 2576 2431; x_wconf 87' lang='lat' dir='ltr'><strong>Quod</strong></span> <span class='ocrx_word' id='word_1_410' title='bbox 2616 2364 2684 2419; x_wconf 92' lang='lat' dir='ltr'><strong>de</strong></span> <span class='ocrx_word' id='word_1_411' title='bbox 2715 2366 3020 2422; x_wconf 87' lang='lat' dir='ltr'><strong>substantia</strong></span> <span class='ocrx_word' id='word_1_412' title='bbox 3052 2368 3235 2423; x_wconf 89' lang='lat' dir='ltr'><strong>divina</strong></span> <span class='ocrx_word' id='word_1_413' title='bbox 3270 2370 3452 2425; x_wconf 78' lang='lat' dir='ltr'><strong>Patris</strong></span> 
     </span>
    </p>
   </div>
   <div class='ocr_carea' id='block_1_54' title="bbox 1855 2458 3449 2534">
    <p class='ocr_par' dir='ltr' id='par_1_54' title="bbox 1855 2458 3449 2534">
     <span class='ocr_line' id='line_1_54' title="bbox 1855 2458 3449 2534; baseline 0.005 -23"><span class='ocrx_word' id='word_1_414' title='bbox 1855 2466 2016 2511; x_wconf 88' lang='lat' dir='ltr'><strong>natus</strong></span> <span class='ocrx_word' id='word_1_415' title='bbox 2061 2466 2144 2512; x_wconf 89' lang='lat' dir='ltr'><strong>est</strong></span> <span class='ocrx_word' id='word_1_416' title='bbox 2179 2471 2415 2527; x_wconf 91' lang='lat' dir='ltr'><strong>semper,</strong></span> <span class='ocrx_word' id='word_1_417' title='bbox 2440 2458 2558 2528; x_wconf 90' lang='lat' dir='ltr'><strong>ipse</strong></span> <span class='ocrx_word' id='word_1_418' title='bbox 2588 2459 2661 2513; x_wconf 87' lang='lat' dir='ltr'><strong>ait</strong></span> <span class='ocrx_word' id='word_1_419' title='bbox 2704 2459 2959 2515; x_wconf 83' lang='lat' dir='ltr'><strong>Salvator</strong></span> <span class='ocrx_word' id='word_1_420' title='bbox 3005 2461 3062 2516; x_wconf 92' lang='lat' dir='ltr'><strong>in</strong></span> <span class='ocrx_word' id='word_1_421' title='bbox 3112 2461 3449 2534; x_wconf 80' lang='lat' dir='ltr'><strong>Evangelio:</strong></span> 
     </span>
    </p>
   </div>
   <div class='ocr_carea' id='block_1_55' title="bbox 1859 2548 3455 2622">
    <p class='ocr_par' dir='ltr' id='par_1_55' title="bbox 1859 2548 3455 2622">
     <span class='ocr_line' id='line_1_55' title="bbox 1859 2548 3455 2622; baseline 0.004 -19"><span class='ocrx_word' id='word_1_422' title='bbox 1859 2548 2013 2617; x_wconf 85' lang='lat' dir='ltr'><strong>Quod</strong></span> <span class='ocrx_word' id='word_1_423' title='bbox 2052 2550 2287 2603; x_wconf 86' lang='lat' dir='ltr'><strong>nascitur</strong></span> <span class='ocrx_word' id='word_1_424' title='bbox 2319 2550 2381 2603; x_wconf 85' lang='lat' dir='ltr'><strong>de</strong></span> <span class='ocrx_word' id='word_1_425' title='bbox 2407 2566 2586 2616; x_wconf 88' lang='lat' dir='ltr'><strong>carne,</strong></span> <span class='ocrx_word' id='word_1_426' title='bbox 2612 2567 2736 2605; x_wconf 90' lang='lat' dir='ltr'><strong>caro</strong></span> <span class='ocrx_word' id='word_1_427' title='bbox 2766 2561 2882 2607; x_wconf 84' lang='lat' dir='ltr'><strong>est:</strong></span> <span class='ocrx_word' id='word_1_428' title='bbox 2905 2560 2954 2607; x_wconf 89' lang='lat' dir='ltr'><strong>et</strong></span> <span class='ocrx_word' id='word_1_429' title='bbox 2977 2554 3114 2622; x_wconf 85' lang='lat' dir='ltr'><strong>quod</strong></span> <span class='ocrx_word' id='word_1_430' title='bbox 3140 2556 3369 2609; x_wconf 86' lang='lat' dir='ltr'><strong>nascitur</strong></span> <span class='ocrx_word' id='word_1_431' title='bbox 3390 2556 3455 2610; x_wconf 84' lang='lat' dir='ltr'><strong>de</strong></span> 
     </span>
    </p>
   </div>
   <div class='ocr_carea' id='block_1_56' title="bbox 1857 2643 3452 2718">
    <p class='ocr_par' dir='ltr' id='par_1_56' title="bbox 1857 2643 3452 2718">
     <span class='ocr_line' id='line_1_56' title="bbox 1857 2643 3452 2718; baseline 0.005 -22"><span class='ocrx_word' id='word_1_432' title='bbox 1857 2643 2086 2715; x_wconf 83' lang='lat' dir='ltr'><strong>Spiritu,</strong></span> <span class='ocrx_word' id='word_1_433' title='bbox 2105 2643 2339 2714; x_wconf 78' lang='lat' dir='ltr'><strong>Spiritus</strong></span> <span class='ocrx_word' id='word_1_434' title='bbox 2366 2652 2465 2707; x_wconf 87' lang='lat' dir='ltr'><strong>est,</strong></span> <span class='ocrx_word' id='word_1_435' title='bbox 2483 2645 2726 2714; x_wconf 83' lang='lat' dir='ltr'><strong>quoniam</strong></span> <span class='ocrx_word' id='word_1_436' title='bbox 2757 2645 2898 2701; x_wconf 84' lang='lat' dir='ltr'><strong>Deus</strong></span> <span class='ocrx_word' id='word_1_437' title='bbox 2917 2646 3146 2716; x_wconf 83' lang='lat' dir='ltr'><strong>Spiritus</strong></span> <span class='ocrx_word' id='word_1_438' title='bbox 3177 2657 3247 2703; x_wconf 86' lang='lat' dir='ltr'><strong>est</strong></span> <span class='ocrx_word' id='word_1_439' title='bbox 3267 2648 3452 2718; x_wconf 82' lang='lat' dir='ltr'><strong>(Joan.</strong></span> 
     </span>
    </p>
   </div>
   <div class='ocr_carea' id='block_1_57' title="bbox 1856 2736 3453 2813">
    <p class='ocr_par' dir='ltr' id='par_1_57' title="bbox 1856 2736 3453 2813">
     <span class='ocr_line' id='line_1_57' title="bbox 1856 2736 3453 2813; baseline 0.003 -21"><span class='ocrx_word' id='word_1_440' title='bbox 1856 2752 1939 2805; x_wconf 83' lang='lat' dir='ltr'><strong>tu,</strong></span> <span class='ocrx_word' id='word_1_441' title='bbox 1962 2737 2037 2807; x_wconf 88' lang='lat'><strong>6).</strong></span> <span class='ocrx_word' id='word_1_442' title='bbox 2072 2738 2135 2792; x_wconf 83' lang='lat' dir='ltr'><strong>Et</strong></span> <span class='ocrx_word' id='word_1_443' title='bbox 2160 2736 2302 2808; x_wconf 93' lang='lat' dir='ltr'><strong>quod</strong></span> <span class='ocrx_word' id='word_1_444' title='bbox 2333 2753 2495 2792; x_wconf 91' lang='lat' dir='ltr'><strong>verus</strong></span> <span class='ocrx_word' id='word_1_445' title='bbox 2526 2748 2611 2793; x_wconf 88' lang='lat' dir='ltr'><strong>est</strong></span> <span class='ocrx_word' id='word_1_446' title='bbox 2642 2739 2816 2795; x_wconf 90' lang='lat' dir='ltr'><strong>Filius</strong></span> <span class='ocrx_word' id='word_1_447' title='bbox 2838 2741 2954 2807; x_wconf 91' lang='lat' dir='ltr'><strong>Dei,</strong></span> <span class='ocrx_word' id='word_1_448' title='bbox 2977 2742 3107 2797; x_wconf 89' lang='lat' dir='ltr'><strong>dicit</strong></span> <span class='ocrx_word' id='word_1_449' title='bbox 3134 2743 3453 2813; x_wconf 90' lang='lat' dir='ltr'><strong>Scriptura:</strong></span> 
     </span>
    </p>
   </div>
   <div class='ocr_carea' id='block_1_58' title="bbox 1826 2830 3455 2903">
    <p class='ocr_par' dir='ltr' id='par_1_58' title="bbox 1826 2830 3455 2903">
     <span class='ocr_line' id='line_1_58' title="bbox 1826 2830 3455 2903; baseline 0.002 -17"><span class='ocrx_word' id='word_1_450' title='bbox 1826 2830 1988 2892; x_wconf 46' lang='lat' dir='ltr'><strong>.Erat</strong></span> <span class='ocrx_word' id='word_1_451' title='bbox 2027 2833 2200 2885; x_wconf 84' lang='lat' dir='ltr'><strong>lumen</strong></span> <span class='ocrx_word' id='word_1_452' title='bbox 2228 2849 2421 2900; x_wconf 82' lang='lat' dir='ltr'><strong>verum,</strong></span> <span class='ocrx_word' id='word_1_453' title='bbox 2447 2833 2591 2903; x_wconf 86' lang='lat' dir='ltr'><strong>quod</strong></span> <span class='ocrx_word' id='word_1_454' title='bbox 2639 2832 2903 2888; x_wconf 81' lang='lat' dir='ltr'><strong>illuminat</strong></span> <span class='ocrx_word' id='word_1_455' title='bbox 2943 2850 3147 2889; x_wconf 87' lang='lat' dir='ltr'><strong>omnem</strong></span> <span class='ocrx_word' id='word_1_456' title='bbox 3194 2836 3455 2890; x_wconf 81' lang='lat' dir='ltr'><strong>hominem</strong></span> 
     </span>
    </p>
   </div>
   <div class='ocr_carea' id='block_1_59' title="bbox 1857 2923 3455 2995">
    <p class='ocr_par' dir='ltr' id='par_1_59' title="bbox 1857 2923 3455 2995">
     <span class='ocr_line' id='line_1_59' title="bbox 1857 2923 3455 2995; baseline 0.003 -18"><span class='ocrx_word' id='word_1_457' title='bbox 1857 2926 2144 2978; x_wconf 81' lang='lat' dir='ltr'><strong>venientem</strong></span> <span class='ocrx_word' id='word_1_458' title='bbox 2181 2924 2234 2977; x_wconf 86' lang='lat' dir='ltr'><strong>in</strong></span> <span class='ocrx_word' id='word_1_459' title='bbox 2271 2923 2409 2977; x_wconf 82' lang='lat' dir='ltr'><strong>hunc</strong></span> <span class='ocrx_word' id='word_1_460' title='bbox 2452 2924 2697 2977; x_wconf 87' lang='lat' dir='ltr'><strong>mundum</strong></span> <span class='ocrx_word' id='word_1_461' title='bbox 2726 2924 2904 2995; x_wconf 84' lang='lat' dir='ltr'><strong>(Joan.</strong></span> <span class='ocrx_word' id='word_1_462' title='bbox 2950 2942 2990 2990; x_wconf 88' lang='grc' dir='ltr'><strong>ι,</strong></span> <span class='ocrx_word' id='word_1_463' title='bbox 3022 2925 3099 2994; x_wconf 91' lang='grc'><strong>9).</strong></span> <span class='ocrx_word' id='word_1_464' title='bbox 3140 2926 3207 2980; x_wconf 79' lang='lat' dir='ltr'><strong>Et</strong></span> <span class='ocrx_word' id='word_1_465' title='bbox 3252 2927 3455 2981; x_wconf 90' lang='lat' dir='ltr'><strong>iterum</strong></span> 
     </span>
    </p>
   </div>
   <div class='ocr_carea' id='block_1_60' title="bbox 1862 3015 3457 3086">
    <p class='ocr_par' dir='ltr' id='par_1_60' title="bbox 1862 3015 3457 3086">
     <span class='ocr_line' id='line_1_60' title="bbox 1862 3015 3457 3086; baseline 0.003 -17"><span class='ocrx_word' id='word_1_466' title='bbox 1862 3015 1977 3086; x_wconf 89' lang='lat' dir='ltr'><strong>ipse</strong></span> <span class='ocrx_word' id='word_1_467' title='bbox 2011 3016 2350 3086; x_wconf 85' lang='lat' dir='ltr'><strong>Evangelista</strong></span> <span class='ocrx_word' id='word_1_468' title='bbox 2377 3017 2567 3072; x_wconf 90' lang='lat' dir='ltr'><strong>beatus</strong></span> <span class='ocrx_word' id='word_1_469' title='bbox 2594 3018 2834 3073; x_wconf 89' lang='lat' dir='ltr'><strong>Joannes</strong></span> <span class='ocrx_word' id='word_1_470' title='bbox 2860 3035 2872 3071; x_wconf 91' lang='lat'>:</span> <span class='ocrx_word' id='word_1_471' title='bbox 2908 3017 3013 3071; x_wconf 79' lang='lat' dir='ltr'><strong>llic</strong></span> <span class='ocrx_word' id='word_1_472' title='bbox 3036 3018 3281 3072; x_wconf 80' lang='lat' dir='ltr'><strong>estlesus</strong></span> <span class='ocrx_word' id='word_1_473' title='bbox 3303 3016 3457 3073; x_wconf 76' lang='lat' dir='ltr'><strong>Citri-</strong></span> 
     </span>
    </p>
   </div>
   <div class='ocr_carea' id='block_1_61' title="bbox 1859 3108 3457 3182">
    <p class='ocr_par' dir='ltr' id='par_1_61' title="bbox 1859 3108 3457 3182">
     <span class='ocr_line' id='line_1_61' title="bbox 1859 3108 3457 3182; baseline 0.004 -20"><span class='ocrx_word' id='word_1_474' title='bbox 1859 3117 1973 3163; x_wconf 84' lang='lat' dir='ltr'><strong>stus</strong></span> <span class='ocrx_word' id='word_1_475' title='bbox 2005 3108 2145 3163; x_wconf 88' lang='lat' dir='ltr'><strong>Deus</strong></span> <span class='ocrx_word' id='word_1_476' title='bbox 2180 3127 2349 3165; x_wconf 75' lang='lat' dir='ltr'><strong>uerus.</strong></span> <span class='ocrx_word' id='word_1_477' title='bbox 2383 3111 2447 3165; x_wconf 85' lang='lat' dir='ltr'><strong>Et</strong></span> <span class='ocrx_word' id='word_1_478' title='bbox 2486 3111 2629 3181; x_wconf 91' lang='lat' dir='ltr'><strong>quod</strong></span> <span class='ocrx_word' id='word_1_479' title='bbox 2672 3125 2891 3181; x_wconf 73' lang='lat' dir='ltr'><strong>Semper</strong></span> <span class='ocrx_word' id='word_1_480' title='bbox 2923 3121 3063 3181; x_wconf 84' lang='lat' dir='ltr'><strong>erat,</strong></span> <span class='ocrx_word' id='word_1_481' title='bbox 3096 3114 3171 3167; x_wconf 88' lang='lat' dir='ltr'><strong>ait</strong></span> <span class='ocrx_word' id='word_1_482' title='bbox 3201 3114 3316 3182; x_wconf 87' lang='lat' dir='ltr'><strong>ipse</strong></span> <span class='ocrx_word' id='word_1_483' title='bbox 3346 3132 3357 3167; x_wconf 87' lang='lat'><strong>:</strong></span> <span class='ocrx_word' id='word_1_484' title='bbox 3391 3111 3457 3168; x_wconf 84' lang='lat' dir='ltr'><strong>In</strong></span> 
     </span>
    </p>
   </div>
   <div class='ocr_carea' id='block_1_62' title="bbox 195 3188 1755 3282">
    <p class='ocr_par' dir='ltr' id='par_1_62' title="bbox 195 3199 1755 3282">
     <span class='ocr_line' id='line_1_62' title="bbox 195 3199 1755 3282; baseline 0.013 -36"><span class='ocrx_word' id='word_1_485' title='bbox 195 3204 237 3247; x_wconf 85' lang='lat' dir='ltr'><strong>et</strong></span> <span class='ocrx_word' id='word_1_486' title='bbox 261 3212 372 3252; x_wconf 84' lang='lat' dir='ltr'><strong>voce</strong></span> <span class='ocrx_word' id='word_1_487' title='bbox 393 3199 675 3265; x_wconf 58' lang='lat' dir='ltr'><strong>heretica,</strong></span> <span class='ocrx_word' id='word_1_488' title='bbox 702 3218 807 3257; x_wconf 89' lang='lat' dir='ltr'><strong>non</strong></span> <span class='ocrx_word' id='word_1_489' title='bbox 840 3204 1015 3259; x_wconf 91' lang='lat' dir='ltr'><strong>solum</strong></span> <span class='ocrx_word' id='word_1_490' title='bbox 1040 3222 1146 3262; x_wconf 92' lang='lat' dir='ltr'><strong>non</strong></span> <span class='ocrx_word' id='word_1_491' title='bbox 1173 3208 1501 3282; x_wconf 88' lang='lat' dir='ltr'><strong>intelligere,</strong></span> <span class='ocrx_word' id='word_1_492' title='bbox 1534 3211 1755 3281; x_wconf 89' lang='lat' dir='ltr'><strong>insuper</strong></span> 
     </span>
    </p>
   </div>
   <div class='ocr_carea' id='block_1_63' title="bbox 1860 3188 3457 3282">
    <p class='ocr_par' dir='ltr' id='par_1_63' title="bbox 1865 3202 3457 3273">
     <span class='ocr_line' id='line_1_63' title="bbox 1865 3202 3457 3273; baseline 0.003 -17"><span class='ocrx_word' id='word_1_493' title='bbox 1865 3202 2119 3273; x_wconf 86' lang='lat' dir='ltr'><strong>principio</strong></span> <span class='ocrx_word' id='word_1_494' title='bbox 2151 3212 2258 3256; x_wconf 82' lang='lat' dir='ltr'><strong>erat</strong></span> <span class='ocrx_word' id='word_1_495' title='bbox 2294 3202 2520 3257; x_wconf 79' lang='lat' dir='ltr'><strong>Verbum</strong></span> <span class='ocrx_word' id='word_1_496' title='bbox 2561 3214 2608 3257; x_wconf 87' lang='lat' dir='ltr'><strong>et</strong></span> <span class='ocrx_word' id='word_1_497' title='bbox 2648 3202 2869 3257; x_wconf 81' lang='lat' dir='ltr'><strong>Verbum</strong></span> <span class='ocrx_word' id='word_1_498' title='bbox 2899 3212 3008 3258; x_wconf 89' lang='lat' dir='ltr'><strong>erat</strong></span> <span class='ocrx_word' id='word_1_499' title='bbox 3026 3206 3169 3273; x_wconf 85' lang='lat' dir='ltr'><strong>apud</strong></span> <span class='ocrx_word' id='word_1_500' title='bbox 3199 3203 3384 3272; x_wconf 88' lang='lat' dir='ltr'><strong>Deum,</strong></span> <span class='ocrx_word' id='word_1_501' title='bbox 3409 3216 3457 3261; x_wconf 86' lang='lat' dir='ltr'><strong>et</strong></span> 
     </span>
    </p>
   </div>
   <div class='ocr_carea' id='block_1_64' title="bbox 194 3292 1756 3369">
    <p class='ocr_par' dir='ltr' id='par_1_64' title="bbox 194 3292 1756 3369">
     <span class='ocr_line' id='line_1_64' title="bbox 194 3292 1756 3369; baseline 0.01 -24"><span class='ocrx_word' id='word_1_502' title='bbox 194 3292 325 3345; x_wconf 87' lang='lat' dir='ltr'><strong>etiam</strong></span> <span class='ocrx_word' id='word_1_503' title='bbox 361 3296 683 3363; x_wconf 81' lang='lat' dir='ltr'><strong>periculosis</strong></span> <span class='ocrx_word' id='word_1_504' title='bbox 730 3297 1114 3369; x_wconf 85' lang='lat' dir='ltr'><strong>blasphemiis,</strong></span> <span class='ocrx_word' id='word_1_505' title='bbox 1146 3311 1199 3357; x_wconf 90' lang='lat' dir='ltr'><strong>ct</strong></span> <span class='ocrx_word' id='word_1_506' title='bbox 1250 3300 1317 3357; x_wconf 89' lang='lat' dir='ltr'><strong>ad</strong></span> <span class='ocrx_word' id='word_1_507' title='bbox 1368 3304 1581 3359; x_wconf 90' lang='lat' dir='ltr'><strong>irritum</strong></span> <span class='ocrx_word' id='word_1_508' title='bbox 1634 3320 1756 3361; x_wconf 89' lang='lat' dir='ltr'><strong>eam</strong></span> 
     </span>
    </p>
   </div>
   <div class='ocr_carea' id='block_1_65' title="bbox 194 3384 1758 3467">
    <p class='ocr_par' dir='ltr' id='par_1_65' title="bbox 194 3384 1758 3467">
     <span class='ocr_line' id='line_1_65' title="bbox 194 3384 1758 3467; baseline 0.012 -32"><span class='ocrx_word' id='word_1_509' title='bbox 194 3384 442 3455; x_wconf 82' lang='lat' dir='ltr'><strong>adducere,</strong></span> <span class='ocrx_word' id='word_1_510' title='bbox 466 3400 637 3462; x_wconf 90' lang='lat' dir='ltr'><strong>atque</strong></span> <span class='ocrx_word' id='word_1_511' title='bbox 676 3391 821 3447; x_wconf 92' lang='lat' dir='ltr'><strong>ultro</strong></span> <span class='ocrx_word' id='word_1_512' title='bbox 849 3391 897 3446; x_wconf 90' lang='lat' dir='ltr'><strong>ei</strong></span> <span class='ocrx_word' id='word_1_513' title='bbox 927 3392 1234 3458; x_wconf 89' lang='lat' dir='ltr'><strong>adversari,</strong></span> <span class='ocrx_word' id='word_1_514' title='bbox 1265 3394 1481 3451; x_wconf 87' lang='lat' dir='ltr'><strong>dicente</strong></span> <span class='ocrx_word' id='word_1_515' title='bbox 1512 3398 1758 3467; x_wconf 84' lang='lat' dir='ltr'><strong>Scriptu-</strong></span> 
     </span>
    </p>
   </div>
   <div class='ocr_carea' id='block_1_66' title="bbox 192 3480 1754 3560">
    <p class='ocr_par' dir='ltr' id='par_1_66' title="bbox 192 3480 1754 3560">
     <span class='ocr_line' id='line_1_66' title="bbox 192 3480 1754 3560; baseline 0.01 -30"><span class='ocrx_word' id='word_1_516' title='bbox 192 3491 269 3531; x_wconf 80' lang='lat' dir='ltr'><strong>ra:</strong></span> <span class='ocrx_word' id='word_1_517' title='bbox 299 3480 482 3537; x_wconf 81' lang='lat' dir='ltr'><strong>Scitote</strong></span> <span class='ocrx_word' id='word_1_518' title='bbox 510 3483 651 3537; x_wconf 84' lang='lat' dir='ltr'><strong>enim</strong></span> <span class='ocrx_word' id='word_1_519' title='bbox 688 3485 917 3555; x_wconf 81' lang='lat' dir='ltr'><strong>gratiam</strong></span> <span class='ocrx_word' id='word_1_520' title='bbox 948 3483 1156 3540; x_wconf 87' lang='lat' dir='ltr'><strong>Domini</strong></span> <span class='ocrx_word' id='word_1_521' title='bbox 1190 3488 1351 3541; x_wconf 82' lang='lat' dir='ltr'><strong>nostri</strong></span> <span class='ocrx_word' id='word_1_522' title='bbox 1377 3488 1502 3543; x_wconf 87' lang='lat' dir='ltr'><strong>Jesu</strong></span> <span class='ocrx_word' id='word_1_523' title='bbox 1538 3489 1754 3560; x_wconf 79' lang='lat' dir='ltr'><strong>Christi,</strong></span> 
     </span>
    </p>
   </div>
   <div class='ocr_carea' id='block_1_67' title="bbox 192 3575 1758 3653">
    <p class='ocr_par' dir='ltr' id='par_1_67' title="bbox 192 3575 1758 3653">
     <span class='ocr_line' id='line_1_67' title="bbox 192 3575 1758 3653; baseline 0.009 -29"><span class='ocrx_word' id='word_1_524' title='bbox 192 3575 395 3639; x_wconf 74' lang='lat' dir='ltr'><strong>quoniam</strong></span> <span class='ocrx_word' id='word_1_525' title='bbox 445 3577 589 3630; x_wconf 76' lang='lat' dir='ltr'><strong>dives</strong></span> <span class='ocrx_word' id='word_1_526' title='bbox 634 3592 749 3631; x_wconf 87' lang='lat' dir='ltr'><strong>cum</strong></span> <span class='ocrx_word' id='word_1_527' title='bbox 803 3589 954 3644; x_wconf 79' lang='lat' dir='ltr'><strong>esset,</strong></span> <span class='ocrx_word' id='word_1_528' title='bbox 980 3590 1189 3651; x_wconf 81' lang='lat' dir='ltr'><strong>propter</strong></span> <span class='ocrx_word' id='word_1_529' title='bbox 1231 3598 1324 3635; x_wconf 84' lang='lat' dir='ltr'><strong>nos</strong></span> <span class='ocrx_word' id='word_1_530' title='bbox 1363 3596 1560 3653; x_wconf 85' lang='lat' dir='ltr'><strong>pauper</strong></span> <span class='ocrx_word' id='word_1_531' title='bbox 1590 3584 1758 3653; x_wconf 81' lang='lat' dir='ltr'><strong>factus</strong></span> 
     </span>
    </p>
   </div>
   <div class='ocr_carea' id='block_1_68' title="bbox 191 3670 1755 3743">
    <p class='ocr_par' dir='ltr' id='par_1_68' title="bbox 191 3670 1755 3743">
     <span class='ocr_line' id='line_1_68' title="bbox 191 3670 1755 3743; baseline 0.013 -30"><span class='ocrx_word' id='word_1_532' title='bbox 191 3675 264 3724; x_wconf 79' lang='lat' dir='ltr'><strong>est,</strong></span> <span class='ocrx_word' id='word_1_533' title='bbox 288 3676 336 3718; x_wconf 74' lang='lat' dir='ltr'><strong>ut</strong></span> <span class='ocrx_word' id='word_1_534' title='bbox 372 3684 459 3722; x_wconf 87' lang='lat' dir='ltr'><strong>nos</strong></span> <span class='ocrx_word' id='word_1_535' title='bbox 492 3670 615 3739; x_wconf 85' lang='lat' dir='ltr'><strong>ejus</strong></span> <span class='ocrx_word' id='word_1_536' title='bbox 649 3679 951 3737; x_wconf 80' lang='lat' dir='ltr'><strong>paupertate</strong></span> <span class='ocrx_word' id='word_1_537' title='bbox 982 3671 1165 3727; x_wconf 86' lang='lat' dir='ltr'><strong>diuites</strong></span> <span class='ocrx_word' id='word_1_538' title='bbox 1195 3673 1477 3727; x_wconf 75' lang='lat' dir='ltr'><strong>existamus</strong></span> <span class='ocrx_word' id='word_1_539' title='bbox 1519 3675 1593 3743; x_wconf 86' lang='lat' dir='ltr'><strong>(ll</strong></span> <span class='ocrx_word' id='word_1_540' title='bbox 1634 3677 1755 3733; x_wconf 86' lang='lat' dir='ltr'><strong>Cor.</strong></span> 
     </span>
    </p>
   </div>
   <div class='ocr_carea' id='block_1_69' title="bbox 194 3759 1762 3835">
    <p class='ocr_par' dir='ltr' id='par_1_69' title="bbox 194 3759 1762 3835">
     <span class='ocr_line' id='line_1_69' title="bbox 194 3759 1762 3835; baseline 0.013 -31"><span class='ocrx_word' id='word_1_541' title='bbox 194 3768 283 3823; x_wconf 75' lang='lat' dir='ltr'><strong>rut,</strong></span> <span class='ocrx_word' id='word_1_542' title='bbox 311 3759 386 3830; x_wconf 85' lang='lat'><strong>9)?</strong></span> <span class='ocrx_word' id='word_1_543' title='bbox 410 3760 567 3815; x_wconf 80' lang='lat' dir='ltr'><strong>Absit</strong></span> <span class='ocrx_word' id='word_1_544' title='bbox 603 3762 765 3830; x_wconf 88' lang='lat' dir='ltr'><strong>igilttr</strong></span> <span class='ocrx_word' id='word_1_545' title='bbox 799 3763 853 3816; x_wconf 91' lang='lat' dir='ltr'><strong>in</strong></span> <span class='ocrx_word' id='word_1_546' title='bbox 882 3762 1023 3817; x_wconf 87' lang='lat' dir='ltr'><strong>Filio</strong></span> <span class='ocrx_word' id='word_1_547' title='bbox 1052 3764 1147 3818; x_wconf 90' lang='lat' dir='ltr'><strong>Dei</strong></span> <span class='ocrx_word' id='word_1_548' title='bbox 1173 3765 1377 3835; x_wconf 90' lang='lat' dir='ltr'><strong>aliquid</strong></span> <span class='ocrx_word' id='word_1_549' title='bbox 1413 3767 1529 3835; x_wconf 91' lang='lat' dir='ltr'><strong>plus</strong></span> <span class='ocrx_word' id='word_1_550' title='bbox 1554 3769 1762 3824; x_wconf 83' lang='lat' dir='ltr'><strong>minus-</strong></span> 
     </span>
    </p>
   </div>
   <div class='ocr_carea' id='block_1_70' title="bbox 192 3853 1758 3924">
    <p class='ocr_par' dir='ltr' id='par_1_70' title="bbox 192 3853 1758 3924">
     <span class='ocr_line' id='line_1_70' title="bbox 192 3853 1758 3924; baseline 0.011 -25"><span class='ocrx_word' id='word_1_551' title='bbox 192 3864 260 3912; x_wconf 79' lang='lat' dir='ltr'><strong>re,</strong></span> <span class='ocrx_word' id='word_1_552' title='bbox 284 3853 437 3907; x_wconf 89' lang='lat' dir='ltr'><strong>autin</strong></span> <span class='ocrx_word' id='word_1_553' title='bbox 468 3854 623 3918; x_wconf 89' lang='lat' dir='ltr'><strong>loco,</strong></span> <span class='ocrx_word' id='word_1_554' title='bbox 652 3864 744 3908; x_wconf 91' lang='lat' dir='ltr'><strong>aut</strong></span> <span class='ocrx_word' id='word_1_555' title='bbox 764 3854 818 3909; x_wconf 93' lang='lat' dir='ltr'><strong>in</strong></span> <span class='ocrx_word' id='word_1_556' title='bbox 852 3858 1091 3924; x_wconf 89' lang='lat' dir='ltr'><strong>potentia</strong></span> <span class='ocrx_word' id='word_1_557' title='bbox 1116 3867 1208 3911; x_wconf 90' lang='lat' dir='ltr'><strong>aut</strong></span> <span class='ocrx_word' id='word_1_558' title='bbox 1238 3857 1292 3911; x_wconf 93' lang='lat' dir='ltr'><strong>in</strong></span> <span class='ocrx_word' id='word_1_559' title='bbox 1324 3858 1684 3924; x_wconf 86' lang='lat' dir='ltr'><strong>scientia,aut</strong></span> <span class='ocrx_word' id='word_1_560' title='bbox 1705 3861 1758 3917; x_wconf 92' lang='lat' dir='ltr'><strong>in</strong></span> 
     </span>
    </p>
   </div>
   <div class='ocr_carea' id='block_1_71' title="bbox 191 3945 1758 4020">
    <p class='ocr_par' dir='ltr' id='par_1_71' title="bbox 191 3945 1758 4020">
     <span class='ocr_line' id='line_1_71' title="bbox 191 3945 1758 4020; baseline 0.011 -28"><span class='ocrx_word' id='word_1_561' title='bbox 191 3945 491 4017; x_wconf 68' lang='lat' dir='ltr'><strong>mqualitate,</strong></span> <span class='ocrx_word' id='word_1_562' title='bbox 533 3955 630 4002; x_wconf 89' lang='lat' dir='ltr'><strong>aut</strong></span> <span class='ocrx_word' id='word_1_563' title='bbox 659 3949 711 4001; x_wconf 92' lang='lat' dir='ltr'><strong>in</strong></span> <span class='ocrx_word' id='word_1_564' title='bbox 744 3957 1013 4020; x_wconf 85' lang='lat' dir='ltr'><strong>tempore,</strong></span> <span class='ocrx_word' id='word_1_565' title='bbox 1044 3959 1135 4004; x_wconf 91' lang='lat' dir='ltr'><strong>aut</strong></span> <span class='ocrx_word' id='word_1_566' title='bbox 1166 3950 1219 4005; x_wconf 92' lang='lat' dir='ltr'><strong>in</strong></span> <span class='ocrx_word' id='word_1_567' title='bbox 1267 3951 1604 4019; x_wconf 77' lang='lat' dir='ltr'><strong>subjeCtioue</strong></span> <span class='ocrx_word' id='word_1_568' title='bbox 1636 3969 1758 4009; x_wconf 91' lang='lat' dir='ltr'><strong>cum</strong></span> 
     </span>
    </p>
   </div>
   <div class='ocr_carea' id='block_1_72' title="bbox 188 4034 1762 4111">
    <p class='ocr_par' dir='ltr' id='par_1_72' title="bbox 188 4034 1762 4111">
     <span class='ocr_line' id='line_1_72' title="bbox 188 4034 1762 4111; baseline 0.011 -27"><span class='ocrx_word' id='word_1_569' title='bbox 188 4034 375 4103; x_wconf 81' lang='lat' dir='ltr'><strong>dicitur,</strong></span> <span class='ocrx_word' id='word_1_570' title='bbox 402 4039 517 4095; x_wconf 79' lang='lat' dir='ltr'><strong>haec</strong></span> <span class='ocrx_word' id='word_1_571' title='bbox 566 4050 627 4094; x_wconf 92' lang='lat' dir='ltr'><strong>ut</strong></span> <span class='ocrx_word' id='word_1_572' title='bbox 656 4040 925 4097; x_wconf 90' lang='lat' dir='ltr'><strong>divinitati</strong></span> <span class='ocrx_word' id='word_1_573' title='bbox 955 4042 1094 4111; x_wconf 85' lang='lat' dir='ltr'><strong>ejus,</strong></span> <span class='ocrx_word' id='word_1_574' title='bbox 1131 4060 1240 4098; x_wconf 89' lang='lat' dir='ltr'><strong>non</strong></span> <span class='ocrx_word' id='word_1_575' title='bbox 1281 4044 1434 4100; x_wconf 87' lang='lat' dir='ltr'><strong>carni</strong></span> <span class='ocrx_word' id='word_1_576' title='bbox 1482 4046 1762 4101; x_wconf 55' lang='lat' dir='ltr'><strong>ascrihan-</strong></span> 
     </span>
    </p>
   </div>
   <div class='ocr_carea' id='block_1_73' title="bbox 192 4130 1756 4208">
    <p class='ocr_par' dir='ltr' id='par_1_73' title="bbox 192 4130 1756 4208">
     <span class='ocr_line' id='line_1_73' title="bbox 192 4130 1756 4208; baseline 0.011 -32"><span class='ocrx_word' id='word_1_577' title='bbox 192 4134 277 4179; x_wconf 88' lang='lat' dir='ltr'><strong>tur.</strong></span> <span class='ocrx_word' id='word_1_578' title='bbox 303 4130 352 4184; x_wconf 88' lang='lat' dir='ltr'><strong>Si</strong></span> <span class='ocrx_word' id='word_1_579' title='bbox 381 4132 524 4187; x_wconf 87' lang='lat' dir='ltr'><strong>enim</strong></span> <span class='ocrx_word' id='word_1_580' title='bbox 553 4134 676 4203; x_wconf 85' lang='lat' dir='ltr'><strong>plus</strong></span> <span class='ocrx_word' id='word_1_581' title='bbox 700 4134 948 4189; x_wconf 89' lang='lat' dir='ltr'><strong>minusve</strong></span> <span class='ocrx_word' id='word_1_582' title='bbox 971 4144 1064 4189; x_wconf 89' lang='lat' dir='ltr'><strong>aut</strong></span> <span class='ocrx_word' id='word_1_583' title='bbox 1091 4135 1195 4189; x_wconf 86' lang='lat' dir='ltr'><strong>tale</strong></span> <span class='ocrx_word' id='word_1_584' title='bbox 1225 4135 1426 4204; x_wconf 86' lang='lat' dir='ltr'><strong>aliquid</strong></span> <span class='ocrx_word' id='word_1_585' title='bbox 1461 4137 1756 4208; x_wconf 89' lang='lat' dir='ltr'><strong>invenitur,</strong></span> 
     </span>
    </p>
   </div>
   <div class='ocr_carea' id='block_1_74' title="bbox 187 4227 1761 4302">
    <p class='ocr_par' dir='ltr' id='par_1_74' title="bbox 187 4227 1761 4302">
     <span class='ocr_line' id='line_1_74' title="bbox 187 4227 1761 4302; baseline 0.009 -27"><span class='ocrx_word' id='word_1_586' title='bbox 187 4235 383 4294; x_wconf 72' lang='lat' dir='ltr'><strong>excepto</strong></span> <span class='ocrx_word' id='word_1_587' title='bbox 411 4227 539 4294; x_wconf 89' lang='lat' dir='ltr'><strong>hoc,</strong></span> <span class='ocrx_word' id='word_1_588' title='bbox 590 4227 733 4299; x_wconf 87' lang='lat' dir='ltr'><strong>quod</strong></span> <span class='ocrx_word' id='word_1_589' title='bbox 765 4230 950 4296; x_wconf 79' lang='lat' dir='ltr'><strong>genuit</strong></span> <span class='ocrx_word' id='word_1_590' title='bbox 989 4230 1147 4285; x_wconf 81' lang='lat' dir='ltr'><strong>Pater</strong></span> <span class='ocrx_word' id='word_1_591' title='bbox 1190 4231 1407 4300; x_wconf 82' lang='lat' dir='ltr'><strong>Filium,</strong></span> <span class='ocrx_word' id='word_1_592' title='bbox 1438 4243 1493 4289; x_wconf 90' lang='lat' dir='ltr'><strong>et</strong></span> <span class='ocrx_word' id='word_1_593' title='bbox 1532 4244 1761 4302; x_wconf 81' lang='lat' dir='ltr'><strong>excepto</strong></span> 
     </span>
    </p>
   </div>
   <div class='ocr_carea' id='block_1_75' title="bbox 190 4315 1761 4393">
    <p class='ocr_par' dir='ltr' id='par_1_75' title="bbox 190 4315 1761 4393">
     <span class='ocr_line' id='line_1_75' title="bbox 190 4315 1761 4393; baseline 0.007 -24"><span class='ocrx_word' id='word_1_594' title='bbox 190 4315 293 4380; x_wconf 82' lang='lat' dir='ltr'><strong>hoc,</strong></span> <span class='ocrx_word' id='word_1_595' title='bbox 322 4322 462 4388; x_wconf 88' lang='lat' dir='ltr'><strong>quod</strong></span> <span class='ocrx_word' id='word_1_596' title='bbox 517 4320 695 4375; x_wconf 85' lang='lat' dir='ltr'><strong>Filius</strong></span> <span class='ocrx_word' id='word_1_597' title='bbox 726 4335 829 4375; x_wconf 90' lang='lat' dir='ltr'><strong>non</strong></span> <span class='ocrx_word' id='word_1_598' title='bbox 861 4337 889 4375; x_wconf 89' lang='lat' dir='ltr'><strong>a</strong></span> <span class='ocrx_word' id='word_1_599' title='bbox 924 4324 1218 4393; x_wconf 85' lang='lat' dir='ltr'><strong>semetipso</strong></span> <span class='ocrx_word' id='word_1_600' title='bbox 1250 4336 1407 4378; x_wconf 88' lang='lat' dir='ltr'><strong>natus</strong></span> <span class='ocrx_word' id='word_1_601' title='bbox 1435 4335 1540 4388; x_wconf 90' lang='lat' dir='ltr'><strong>est,</strong></span> <span class='ocrx_word' id='word_1_602' title='bbox 1566 4325 1661 4379; x_wconf 88' lang='lat' dir='ltr'><strong>sed</strong></span> <span class='ocrx_word' id='word_1_603' title='bbox 1693 4325 1761 4380; x_wconf 89' lang='lat' dir='ltr'><strong>de</strong></span> 
     </span>
    </p>
   </div>
   <div class='ocr_carea' id='block_1_76' title="bbox 188 4404 1763 4485">
    <p class='ocr_par' dir='ltr' id='par_1_76' title="bbox 188 4404 1763 4485">
     <span class='ocr_line' id='line_1_76' title="bbox 188 4404 1763 4485; baseline 0.008 -27"><span class='ocrx_word' id='word_1_604' title='bbox 188 4404 324 4464; x_wconf 81' lang='lat' dir='ltr'><strong>Patre</strong></span> <span class='ocrx_word' id='word_1_605' title='bbox 349 4424 510 4468; x_wconf 89' lang='lat' dir='ltr'><strong>natus</strong></span> <span class='ocrx_word' id='word_1_606' title='bbox 549 4423 631 4466; x_wconf 87' lang='lat' dir='ltr'><strong>est</strong></span> <span class='ocrx_word' id='word_1_607' title='bbox 666 4415 910 4484; x_wconf 82' lang='lat' dir='ltr'><strong>prOprie,</strong></span> <span class='ocrx_word' id='word_1_608' title='bbox 937 4430 1041 4469; x_wconf 92' lang='lat' dir='ltr'><strong>non</strong></span> <span class='ocrx_word' id='word_1_609' title='bbox 1077 4416 1127 4469; x_wconf 93' lang='lat' dir='ltr'><strong>in</strong></span> <span class='ocrx_word' id='word_1_610' title='bbox 1183 4423 1446 4485; x_wconf 85' lang='lat' dir='ltr'><strong>tempore,</strong></span> <span class='ocrx_word' id='word_1_611' title='bbox 1476 4418 1569 4472; x_wconf 89' lang='lat' dir='ltr'><strong>sed</strong></span> <span class='ocrx_word' id='word_1_612' title='bbox 1618 4433 1763 4474; x_wconf 86' lang='lat' dir='ltr'><strong>scm-</strong></span> 
     </span>
    </p>
   </div>
   <div class='ocr_carea' id='block_1_77' title="bbox 188 4505 1755 4570">
    <p class='ocr_par' dir='ltr' id='par_1_77' title="bbox 188 4505 1755 4570">
     <span class='ocr_line' id='line_1_77' title="bbox 188 4505 1755 4570; baseline 0.004 -11"><span class='ocrx_word' id='word_1_613' title='bbox 188 4514 283 4567; x_wconf 78' lang='lat' dir='ltr'><strong>pcr.</strong></span> <span class='ocrx_word' id='word_1_614' title='bbox 311 4519 411 4559; x_wconf 91' lang='lat' dir='ltr'><strong>non</strong></span> <span class='ocrx_word' id='word_1_615' title='bbox 458 4505 705 4570; x_wconf 86' lang='lat' dir='ltr'><strong>aliunde,</strong></span> <span class='ocrx_word' id='word_1_616' title='bbox 731 4507 825 4563; x_wconf 85' lang='lat' dir='ltr'><strong>sed</strong></span> <span class='ocrx_word' id='word_1_617' title='bbox 860 4507 927 4563; x_wconf 89' lang='lat' dir='ltr'><strong>de</strong></span> <span class='ocrx_word' id='word_1_618' title='bbox 967 4523 1066 4562; x_wconf 84' lang='lat' dir='ltr'><strong>sua</strong></span> <span class='ocrx_word' id='word_1_619' title='bbox 1106 4510 1449 4564; x_wconf 88' lang='lat' dir='ltr'><strong>substantia:</strong></span> <span class='ocrx_word' id='word_1_620' title='bbox 1487 4509 1627 4566; x_wconf 81' lang='lat' dir='ltr'><strong>forte</strong></span> <span class='ocrx_word' id='word_1_621' title='bbox 1666 4526 1755 4565; x_wconf 88' lang='lat' dir='ltr'><strong>se-</strong></span> 
     </span>
    </p>
   </div>
   <div class='ocr_carea' id='block_1_78' title="bbox 1863 3294 3456 3367">
    <p class='ocr_par' dir='ltr' id='par_1_78' title="bbox 1863 3294 3456 3367">
     <span class='ocr_line' id='line_1_78' title="bbox 1863 3294 3456 3367; baseline 0.004 -19"><span class='ocrx_word' id='word_1_622' title='bbox 1863 3294 2004 3349; x_wconf 87' lang='lat' dir='ltr'><strong>Deus</strong></span> <span class='ocrx_word' id='word_1_623' title='bbox 2039 3305 2146 3349; x_wconf 81' lang='lat' dir='ltr'><strong>erat</strong></span> <span class='ocrx_word' id='word_1_624' title='bbox 2183 3294 2403 3349; x_wconf 83' lang='lat' dir='ltr'><strong>Verbum</strong></span> <span class='ocrx_word' id='word_1_625' title='bbox 2433 3295 2613 3365; x_wconf 85' lang='lat' dir='ltr'><strong>(Joan.</strong></span> <span class='ocrx_word' id='word_1_626' title='bbox 2642 3311 2681 3359; x_wconf 87' lang='grc' dir='ltr'><strong>ι,</strong></span> <span class='ocrx_word' id='word_1_627' title='bbox 2718 3297 2796 3366; x_wconf 83' lang='lat' dir='ltr'><strong>l).</strong></span> <span class='ocrx_word' id='word_1_628' title='bbox 2830 3296 2901 3350; x_wconf 85' lang='lat' dir='ltr'><strong>Et</strong></span> <span class='ocrx_word' id='word_1_629' title='bbox 2935 3297 3076 3367; x_wconf 87' lang='lat' dir='ltr'><strong>quod</strong></span> <span class='ocrx_word' id='word_1_630' title='bbox 3109 3298 3456 3367; x_wconf 85' lang='lat' dir='ltr'><strong>omnipotens</strong></span> 
     </span>
    </p>
   </div>
   <div class='ocr_carea' id='block_1_79' title="bbox 1862 3386 3459 3458">
    <p class='ocr_par' dir='ltr' id='par_1_79' title="bbox 1862 3386 3459 3458">
     <span class='ocr_line' id='line_1_79' title="bbox 1862 3386 3459 3458; baseline 0.001 -16"><span class='ocrx_word' id='word_1_631' title='bbox 1862 3398 1947 3442; x_wconf 89' lang='lat' dir='ltr'><strong>est</strong></span> <span class='ocrx_word' id='word_1_632' title='bbox 1974 3386 2143 3442; x_wconf 80' lang='lat' dir='ltr'><strong>Filius</strong></span> <span class='ocrx_word' id='word_1_633' title='bbox 2168 3388 2410 3440; x_wconf 88' lang='lat' dir='ltr'><strong>omnium</strong></span> <span class='ocrx_word' id='word_1_634' title='bbox 2441 3396 2677 3454; x_wconf 89' lang='lat' dir='ltr'><strong>creator,</strong></span> <span class='ocrx_word' id='word_1_635' title='bbox 2713 3386 2787 3440; x_wconf 88' lang='lat' dir='ltr'><strong>ait</strong></span> <span class='ocrx_word' id='word_1_636' title='bbox 2808 3387 2923 3455; x_wconf 92' lang='lat' dir='ltr'><strong>ipsc</strong></span> <span class='ocrx_word' id='word_1_637' title='bbox 2952 3386 3297 3458; x_wconf 88' lang='lat' dir='ltr'><strong>Evangelista</strong></span> <span class='ocrx_word' id='word_1_638' title='bbox 3328 3389 3459 3443; x_wconf 87' lang='lat' dir='ltr'><strong>bea-</strong></span> 
     </span>
    </p>
   </div>
   <div class='ocr_carea' id='block_1_80' title="bbox 1838 3469 3458 3550">
    <p class='ocr_par' dir='ltr' id='par_1_80' title="bbox 1838 3469 3458 3550">
     <span class='ocr_line' id='line_1_80' title="bbox 1838 3469 3458 3550; baseline 0.002 -18"><span class='ocrx_word' id='word_1_639' title='bbox 1838 3469 1951 3532; x_wconf 37' lang='lat' dir='ltr'><strong>‘tus</strong></span> <span class='ocrx_word' id='word_1_640' title='bbox 1976 3496 1987 3530; x_wconf 91' lang='lat'><strong>:</strong></span> <span class='ocrx_word' id='word_1_641' title='bbox 2027 3478 2215 3532; x_wconf 85' lang='lat' dir='ltr'><strong>Omnia</strong></span> <span class='ocrx_word' id='word_1_642' title='bbox 2240 3495 2331 3550; x_wconf 86' lang='lat' dir='ltr'><strong>per</strong></span> <span class='ocrx_word' id='word_1_643' title='bbox 2356 3479 2527 3549; x_wconf 82' lang='lat' dir='ltr'><strong>ipsum</strong></span> <span class='ocrx_word' id='word_1_644' title='bbox 2556 3479 2695 3549; x_wconf 78' lang='lat' dir='ltr'><strong>facta</strong></span> <span class='ocrx_word' id='word_1_645' title='bbox 2722 3488 2861 3533; x_wconf 85' lang='lat' dir='ltr'><strong>sunt.</strong></span> <span class='ocrx_word' id='word_1_646' title='bbox 2891 3478 2946 3535; x_wconf 90' lang='lat' dir='ltr'><strong>Si</strong></span> <span class='ocrx_word' id='word_1_647' title='bbox 2987 3494 3116 3549; x_wconf 84' lang='lat' dir='ltr'><strong>ergo</strong></span> <span class='ocrx_word' id='word_1_648' title='bbox 3151 3480 3332 3535; x_wconf 87' lang='lat' dir='ltr'><strong>omnia</strong></span> <span class='ocrx_word' id='word_1_649' title='bbox 3362 3496 3458 3550; x_wconf 87' lang='lat' dir='ltr'><strong>per</strong></span> 
     </span>
    </p>
   </div>
   <div class='ocr_carea' id='block_1_81' title="bbox 1863 3570 3459 3647">
    <p class='ocr_par' dir='ltr' id='par_1_81' title="bbox 1863 3570 3459 3647">
     <span class='ocr_line' id='line_1_81' title="bbox 1863 3570 3459 3647; baseline 0.004 -23"><span class='ocrx_word' id='word_1_650' title='bbox 1863 3570 2037 3641; x_wconf 87' lang='lat' dir='ltr'><strong>ipsum</strong></span> <span class='ocrx_word' id='word_1_651' title='bbox 2080 3570 2218 3626; x_wconf 78' lang='lat' dir='ltr'><strong>facta</strong></span> <span class='ocrx_word' id='word_1_652' title='bbox 2257 3583 2409 3640; x_wconf 92' lang='lat' dir='ltr'><strong>sunt,</strong></span> <span class='ocrx_word' id='word_1_653' title='bbox 2442 3572 2679 3627; x_wconf 80' lang='lat' dir='ltr'><strong>visibilia</strong></span> <span class='ocrx_word' id='word_1_654' title='bbox 2722 3583 2777 3627; x_wconf 92' lang='lat' dir='ltr'><strong>et</strong></span> <span class='ocrx_word' id='word_1_655' title='bbox 2814 3572 3105 3630; x_wconf 88' lang='lat' dir='ltr'><strong>invisibilia</strong></span> <span class='ocrx_word' id='word_1_656' title='bbox 3139 3594 3151 3629; x_wconf 88' lang='lat'><strong>:</strong></span> <span class='ocrx_word' id='word_1_657' title='bbox 3183 3578 3459 3647; x_wconf 87' lang='lat' dir='ltr'><strong>quomodo</strong></span> 
     </span>
    </p>
   </div>
   <div class='ocr_carea' id='block_1_82' title="bbox 1863 3665 3459 3738">
    <p class='ocr_par' dir='ltr' id='par_1_82' title="bbox 1863 3665 3459 3738">
     <span class='ocr_line' id='line_1_82' title="bbox 1863 3665 3459 3738; baseline 0.003 -20"><span class='ocrx_word' id='word_1_658' title='bbox 1863 3665 1993 3721; x_wconf 87' lang='lat' dir='ltr'><strong>dicit</strong></span> <span class='ocrx_word' id='word_1_659' title='bbox 2025 3676 2151 3722; x_wconf 89' lang='lat' dir='ltr'><strong>ante</strong></span> <span class='ocrx_word' id='word_1_660' title='bbox 2192 3667 2502 3736; x_wconf 89' lang='lat' dir='ltr'><strong>passionem</strong></span> <span class='ocrx_word' id='word_1_661' title='bbox 2546 3667 2818 3734; x_wconf 79' lang='lat' dir='ltr'><strong>Salvator,</strong></span> <span class='ocrx_word' id='word_1_662' title='bbox 2849 3668 2993 3738; x_wconf 92' lang='lat' dir='ltr'><strong>quod</strong></span> <span class='ocrx_word' id='word_1_663' title='bbox 3033 3670 3098 3721; x_wconf 85' lang='lat' dir='ltr'><strong>(Ie</strong></span> <span class='ocrx_word' id='word_1_664' title='bbox 3130 3670 3215 3722; x_wconf 88' lang='lat' dir='ltr'><strong>die</strong></span> <span class='ocrx_word' id='word_1_665' title='bbox 3248 3680 3295 3723; x_wconf 88' lang='lat' dir='ltr'><strong>et</strong></span> <span class='ocrx_word' id='word_1_666' title='bbox 3329 3669 3459 3723; x_wconf 74' lang='lat' dir='ltr'><strong>liora</strong></span> 
     </span>
    </p>
   </div>
   <div class='ocr_carea' id='block_1_83' title="bbox 1864 3760 3459 3830">
    <p class='ocr_par' dir='ltr' id='par_1_83' title="bbox 1864 3760 3459 3830">
     <span class='ocr_line' id='line_1_83' title="bbox 1864 3760 3459 3830; baseline 0 -17"><span class='ocrx_word' id='word_1_667' title='bbox 1864 3775 2013 3813; x_wconf 87' lang='lat' dir='ltr'><strong>nemo</strong></span> <span class='ocrx_word' id='word_1_668' title='bbox 2037 3760 2200 3818; x_wconf 87' lang='lat' dir='ltr'><strong>novit.</strong></span> <span class='ocrx_word' id='word_1_669' title='bbox 2226 3776 2384 3829; x_wconf 84' lang='lat' dir='ltr'><strong>neque</strong></span> <span class='ocrx_word' id='word_1_670' title='bbox 2426 3760 2597 3830; x_wconf 67' lang='lat' dir='ltr'><strong>angeli</strong></span> <span class='ocrx_word' id='word_1_671' title='bbox 2627 3760 2893 3825; x_wconf 73' lang='lat' dir='ltr'><strong>cmlorum,</strong></span> <span class='ocrx_word' id='word_1_672' title='bbox 2919 3776 3082 3830; x_wconf 87' lang='lat' dir='ltr'><strong>neque</strong></span> <span class='ocrx_word' id='word_1_673' title='bbox 3110 3760 3251 3826; x_wconf 81' lang='lat' dir='ltr'><strong>[ilius</strong></span> <span class='ocrx_word' id='word_1_674' title='bbox 3290 3762 3459 3813; x_wconf 80' lang='lat' dir='ltr'><strong>Itami-</strong></span> 
     </span>
    </p>
   </div>
   <div class='ocr_carea' id='block_1_84' title="bbox 1864 3848 3457 3921">
    <p class='ocr_par' dir='ltr' id='par_1_84' title="bbox 1864 3848 3457 3921">
     <span class='ocr_line' id='line_1_84' title="bbox 1864 3848 3457 3921; baseline 0.002 -18"><span class='ocrx_word' id='word_1_675' title='bbox 1864 3852 1943 3904; x_wconf 87' lang='lat' dir='ltr'><strong>nis</strong></span> <span class='ocrx_word' id='word_1_676' title='bbox 1974 3851 2077 3904; x_wconf 81' lang='lat' dir='ltr'><strong>nisi</strong></span> <span class='ocrx_word' id='word_1_677' title='bbox 2116 3848 2310 3905; x_wconf 84' lang='lat' dir='ltr'><strong>Pater?</strong></span> <span class='ocrx_word' id='word_1_678' title='bbox 2330 3850 2634 3905; x_wconf 79' lang='lat' dir='ltr'><strong>Attendens</strong></span> <span class='ocrx_word' id='word_1_679' title='bbox 2666 3850 2827 3920; x_wconf 89' lang='lat' dir='ltr'><strong>igitur</strong></span> <span class='ocrx_word' id='word_1_680' title='bbox 2854 3850 3033 3916; x_wconf 88' lang='lat' dir='ltr'><strong>vides,</strong></span> <span class='ocrx_word' id='word_1_681' title='bbox 3060 3850 3201 3919; x_wconf 89' lang='lat' dir='ltr'><strong>quod</strong></span> <span class='ocrx_word' id='word_1_682' title='bbox 3236 3861 3457 3921; x_wconf 89' lang='lat' dir='ltr'><strong>propter</strong></span> 
     </span>
    </p>
   </div>
   <div class='ocr_carea' id='block_1_85' title="bbox 1864 3940 3458 4012">
    <p class='ocr_par' dir='ltr' id='par_1_85' title="bbox 1864 3940 3458 4012">
     <span class='ocr_line' id='line_1_85' title="bbox 1864 3940 3458 4012; baseline 0.001 -17"><span class='ocrx_word' id='word_1_683' title='bbox 1864 3942 2148 3996; x_wconf 85' lang='lat' dir='ltr'><strong>utilitatem</strong></span> <span class='ocrx_word' id='word_1_684' title='bbox 2190 3943 2500 4008; x_wconf 85' lang='lat' dir='ltr'><strong>hominum,</strong></span> <span class='ocrx_word' id='word_1_685' title='bbox 2556 3940 2691 3995; x_wconf 78' lang='lat' dir='ltr'><strong>dixit</strong></span> <span class='ocrx_word' id='word_1_686' title='bbox 2734 3957 2795 3995; x_wconf 91' lang='lat' dir='ltr'><strong>se</strong></span> <span class='ocrx_word' id='word_1_687' title='bbox 2848 3943 3181 3995; x_wconf 86' lang='lat' dir='ltr'><strong>nescientem</strong></span> <span class='ocrx_word' id='word_1_688' title='bbox 3222 3942 3458 4012; x_wconf 81' lang='lat' dir='ltr'><strong>pra~ﬁni-</strong></span> 
     </span>
    </p>
   </div>
   <div class='ocr_carea' id='block_1_86' title="bbox 1865 4033 3458 4105">
    <p class='ocr_par' dir='ltr' id='par_1_86' title="bbox 1865 4033 3458 4105">
     <span class='ocr_line' id='line_1_86' title="bbox 1865 4033 3458 4105; baseline 0 -15"><span class='ocrx_word' id='word_1_689' title='bbox 1865 4034 2093 4099; x_wconf 88' lang='lat' dir='ltr'><strong>tionem,</strong></span> <span class='ocrx_word' id='word_1_690' title='bbox 2126 4051 2195 4089; x_wconf 93' lang='lat' dir='ltr'><strong>ne</strong></span> <span class='ocrx_word' id='word_1_691' title='bbox 2235 4034 2658 4105; x_wconf 83' lang='lat' dir='ltr'><strong>negligentiores</strong></span> <span class='ocrx_word' id='word_1_692' title='bbox 2684 4033 2987 4090; x_wconf 79' lang='lat' dir='ltr'><strong>efﬁciantur</strong></span> <span class='ocrx_word' id='word_1_693' title='bbox 3015 4034 3285 4090; x_wconf 89' lang='lat' dir='ltr'><strong>homines.</strong></span> <span class='ocrx_word' id='word_1_694' title='bbox 3322 4038 3458 4091; x_wconf 74' lang='lat' dir='ltr'><strong>Nam</strong></span> 
     </span>
    </p>
   </div>
   <div class='ocr_carea' id='block_1_87' title="bbox 1864 4128 3460 4202">
    <p class='ocr_par' dir='ltr' id='par_1_87' title="bbox 1864 4128 3460 4202">
     <span class='ocr_line' id='line_1_87' title="bbox 1864 4128 3460 4202; baseline 0.003 -19"><span class='ocrx_word' id='word_1_695' title='bbox 1864 4139 1919 4183; x_wconf 89' lang='lat' dir='ltr'><strong>et</strong></span> <span class='ocrx_word' id='word_1_696' title='bbox 1950 4128 2275 4184; x_wconf 66' lang='lat' dir='ltr'><strong>humilitatis</strong></span> <span class='ocrx_word' id='word_1_697' title='bbox 2315 4144 2428 4183; x_wconf 73' lang='lat' dir='ltr'><strong>sum</strong></span> <span class='ocrx_word' id='word_1_698' title='bbox 2465 4144 2623 4185; x_wconf 88' lang='lat' dir='ltr'><strong>causa</strong></span> <span class='ocrx_word' id='word_1_699' title='bbox 2656 4128 2759 4184; x_wconf 92' lang='lat' dir='ltr'><strong>hoc</strong></span> <span class='ocrx_word' id='word_1_700' title='bbox 2792 4129 2929 4184; x_wconf 84' lang='lat' dir='ltr'><strong>dixit</strong></span> <span class='ocrx_word' id='word_1_701' title='bbox 2969 4140 3191 4202; x_wconf 89' lang='lat' dir='ltr'><strong>propter</strong></span> <span class='ocrx_word' id='word_1_702' title='bbox 3236 4148 3460 4187; x_wconf 87' lang='lat' dir='ltr'><strong>carnem</strong></span> 
     </span>
    </p>
   </div>
   <div class='ocr_carea' id='block_1_88' title="bbox 1866 4220 3459 4292">
    <p class='ocr_par' dir='ltr' id='par_1_88' title="bbox 1866 4220 3459 4292">
     <span class='ocr_line' id='line_1_88' title="bbox 1866 4220 3459 4292; baseline 0.005 -18"><span class='ocrx_word' id='word_1_703' title='bbox 1866 4220 2213 4289; x_wconf 88' lang='lat' dir='ltr'><strong>passibilcm,</strong></span> <span class='ocrx_word' id='word_1_704' title='bbox 2243 4222 2367 4291; x_wconf 88' lang='lat' dir='ltr'><strong>quia</strong></span> <span class='ocrx_word' id='word_1_705' title='bbox 2402 4224 2572 4292; x_wconf 83' lang='lat' dir='ltr'><strong>quasi_</strong></span> <span class='ocrx_word' id='word_1_706' title='bbox 2598 4222 2763 4276; x_wconf 89' lang='lat' dir='ltr'><strong>hmuo</strong></span> <span class='ocrx_word' id='word_1_707' title='bbox 2807 4223 3119 4279; x_wconf 88' lang='lat' dir='ltr'><strong>hominibus</strong></span> <span class='ocrx_word' id='word_1_708' title='bbox 3151 4224 3459 4290; x_wconf 86' lang='lat' dir='ltr'><strong>videbatur,</strong></span> 
     </span>
    </p>
   </div>
   <div class='ocr_carea' id='block_1_89' title="bbox 1865 4314 3464 4387">
    <p class='ocr_par' dir='ltr' id='par_1_89' title="bbox 1865 4314 3464 4387">
     <span class='ocr_line' id='line_1_89' title="bbox 1865 4314 3464 4387; baseline 0.003 -20"><span class='ocrx_word' id='word_1_709' title='bbox 1865 4322 1921 4367; x_wconf 89' lang='lat' dir='ltr'><strong>et</strong></span> <span class='ocrx_word' id='word_1_710' title='bbox 1950 4327 2111 4368; x_wconf 89' lang='lat' dir='ltr'><strong>causa</strong></span> <span class='ocrx_word' id='word_1_711' title='bbox 2140 4314 2385 4369; x_wconf 91' lang='lat' dir='ltr'><strong>utilitatis</strong></span> <span class='ocrx_word' id='word_1_712' title='bbox 2406 4316 2644 4368; x_wconf 87' lang='lat' dir='ltr'><strong>omnium</strong></span> <span class='ocrx_word' id='word_1_713' title='bbox 2672 4317 2837 4370; x_wconf 89' lang='lat' dir='ltr'><strong>tacuit</strong></span> <span class='ocrx_word' id='word_1_714' title='bbox 2866 4332 2878 4369; x_wconf 89' lang='lat'><strong>:</strong></span> <span class='ocrx_word' id='word_1_715' title='bbox 2905 4331 2991 4371; x_wconf 90' lang='lat' dir='ltr'><strong>res</strong></span> <span class='ocrx_word' id='word_1_716' title='bbox 3016 4317 3237 4386; x_wconf 89' lang='lat' dir='ltr'><strong>quidem</strong></span> <span class='ocrx_word' id='word_1_717' title='bbox 3270 4334 3464 4387; x_wconf 86' lang='lat' dir='ltr'><strong>geren-</strong></span> 
     </span>
    </p>
   </div>
   <div class='ocr_carea' id='block_1_90' title="bbox 1866 4402 3463 4477">
    <p class='ocr_par' dir='ltr' id='par_1_90' title="bbox 1866 4402 3463 4477">
     <span class='ocr_line' id='line_1_90' title="bbox 1866 4402 3463 4477; baseline 0.003 -19"><span class='ocrx_word' id='word_1_718' title='bbox 1866 4402 1963 4458; x_wconf 90' lang='lat' dir='ltr'><strong>das</strong></span> <span class='ocrx_word' id='word_1_719' title='bbox 1981 4404 2033 4458; x_wconf 92' lang='lat' dir='ltr'><strong>in</strong></span> <span class='ocrx_word' id='word_1_720' title='bbox 2053 4406 2252 4460; x_wconf 73' lang='lat' dir='ltr'><strong>smculo</strong></span> <span class='ocrx_word' id='word_1_721' title='bbox 2275 4408 2604 4461; x_wconf 89' lang='lat' dir='ltr'><strong>annuntians</strong></span> <span class='ocrx_word' id='word_1_722' title='bbox 2625 4416 2785 4477; x_wconf 89' lang='lat' dir='ltr'><strong>atque</strong></span> <span class='ocrx_word' id='word_1_723' title='bbox 2816 4422 3166 4475; x_wconf 88' lang='lat' dir='ltr'><strong>enumerans,</strong></span> <span class='ocrx_word' id='word_1_724' title='bbox 3195 4409 3339 4464; x_wconf 78' lang='lat' dir='ltr'><strong>diem</strong></span> <span class='ocrx_word' id='word_1_725' title='bbox 3368 4426 3463 4463; x_wconf 90' lang='lat' dir='ltr'><strong>au-</strong></span> 
     </span>
    </p>
   </div>
   <div class='ocr_carea' id='block_1_91' title="bbox 1867 4499 3463 4573">
    <p class='ocr_par' dir='ltr' id='par_1_91' title="bbox 1867 4499 3463 4573">
     <span class='ocr_line' id='line_1_91' title="bbox 1867 4499 3463 4573; baseline 0.005 -22"><span class='ocrx_word' id='word_1_726' title='bbox 1867 4505 1977 4552; x_wconf 84' lang='lat' dir='ltr'><strong>tem</strong></span> <span class='ocrx_word' id='word_1_727' title='bbox 2006 4508 2058 4552; x_wconf 89' lang='lat' dir='ltr'><strong>et</strong></span> <span class='ocrx_word' id='word_1_728' title='bbox 2080 4499 2266 4553; x_wconf 91' lang='lat' dir='ltr'><strong>horam</strong></span> <span class='ocrx_word' id='word_1_729' title='bbox 2287 4516 2390 4553; x_wconf 92' lang='lat' dir='ltr'><strong>non</strong></span> <span class='ocrx_word' id='word_1_730' title='bbox 2412 4499 2777 4570; x_wconf 88' lang='lat' dir='ltr'><strong>cisaperiens.</strong></span> <span class='ocrx_word' id='word_1_731' title='bbox 2795 4500 2949 4567; x_wconf 91' lang='lat' dir='ltr'><strong>Quod</strong></span> <span class='ocrx_word' id='word_1_732' title='bbox 2967 4518 3095 4571; x_wconf 85' lang='lat' dir='ltr'><strong>ergo</strong></span> <span class='ocrx_word' id='word_1_733' title='bbox 3109 4517 3207 4573; x_wconf 90' lang='lat' dir='ltr'><strong>pro</strong></span> <span class='ocrx_word' id='word_1_734' title='bbox 3233 4504 3463 4559; x_wconf 86' lang='lat' dir='ltr'><strong>utilitate</strong></span> 
     </span>
    </p>
   </div>
   <div class='ocr_carea' id='block_1_92' title="bbox 184 4584 3464 4671">
    <p class='ocr_par' dir='ltr' id='par_1_92' title="bbox 184 4584 3464 4671">
     <span class='ocr_line' id='line_1_92' title="bbox 184 4584 3464 4671; baseline 0.005 -32"><span class='ocrx_word' id='word_1_735' title='bbox 184 4593 393 4650; x_wconf 81' lang='lat' dir='ltr'><strong>cundum</strong></span> <span class='ocrx_word' id='word_1_736' title='bbox 422 4597 655 4652; x_wconf 76' lang='lat' dir='ltr'><strong>verbum</strong></span> <span class='ocrx_word' id='word_1_737' title='bbox 688 4612 900 4659; x_wconf 54' lang='lat' dir='ltr'><strong>eorum.</strong></span> <span class='ocrx_word' id='word_1_738' title='bbox 933 4607 1026 4653; x_wconf 67' lang='lat' dir='ltr'><strong>aut,</strong></span> <span class='ocrx_word' id='word_1_739' title='bbox 1055 4598 1329 4665; x_wconf 62' lang='lat' dir='ltr'><strong>invidens,</strong></span> <span class='ocrx_word' id='word_1_740' title='bbox 1363 4610 1458 4654; x_wconf 62' lang='lat' dir='ltr'><strong>aut</strong></span> <span class='ocrx_word' id='word_1_741' title='bbox 1486 4600 1757 4671; x_wconf 69' lang='lat' dir='ltr'><strong>impotens</strong></span> <span class='ocrx_word' id='word_1_742' title='bbox 1787 4584 1843 4646; x_wconf 83' lang='lat' dir='ltr'><strong>D</strong></span> <span class='ocrx_word' id='word_1_743' title='bbox 1870 4601 2055 4647; x_wconf 88' lang='lat' dir='ltr'><strong>nostra</strong></span> <span class='ocrx_word' id='word_1_744' title='bbox 2090 4596 2274 4660; x_wconf 87' lang='lat' dir='ltr'><strong>tacuit,</strong></span> <span class='ocrx_word' id='word_1_745' title='bbox 2302 4602 2357 4649; x_wconf 91' lang='lat' dir='ltr'><strong>et</strong></span> <span class='ocrx_word' id='word_1_746' title='bbox 2381 4610 2439 4649; x_wconf 82' lang='lat' dir='ltr'><strong>SC</strong></span> <span class='ocrx_word' id='word_1_747' title='bbox 2464 4594 2787 4662; x_wconf 81' lang='lat' dir='ltr'><strong>humiliavit,</strong></span> <span class='ocrx_word' id='word_1_748' title='bbox 2823 4610 2931 4652; x_wconf 89' lang='grc'><strong>11011</strong></span> <span class='ocrx_word' id='word_1_749' title='bbox 2963 4598 3223 4653; x_wconf 84' lang='lat' dir='ltr'><strong>debemus</strong></span> <span class='ocrx_word' id='word_1_750' title='bbox 3246 4599 3390 4653; x_wconf 91' lang='lat' dir='ltr'><strong>ultro</strong></span> <span class='ocrx_word' id='word_1_751' title='bbox 3414 4600 3464 4654; x_wconf 87' lang='lat' dir='ltr'><strong>ei</strong></span> 
     </span>
    </p>
   </div>
   <div class='ocr_carea' id='block_1_93' title="bbox 186 4682 1760 4765">
    <p class='ocr_par' dir='ltr' id='par_1_93' title="bbox 186 4682 1760 4765">
     <span class='ocr_line' id='line_1_93' title="bbox 186 4682 1760 4765; baseline 0.008 -28"><span class='ocrx_word' id='word_1_752' title='bbox 186 4682 322 4741; x_wconf 78' lang='lat' dir='ltr'><strong>Pater</strong></span> <span class='ocrx_word' id='word_1_753' title='bbox 349 4698 591 4758; x_wconf 89' lang='lat' dir='ltr'><strong>putatur,</strong></span> <span class='ocrx_word' id='word_1_754' title='bbox 624 4690 851 4761; x_wconf 84' lang='lat' dir='ltr'><strong>insuper</strong></span> <span class='ocrx_word' id='word_1_755' title='bbox 881 4691 1044 4747; x_wconf 88' lang='lat' dir='ltr'><strong>etiam</strong></span> <span class='ocrx_word' id='word_1_756' title='bbox 1076 4703 1130 4745; x_wconf 91' lang='lat' dir='ltr'><strong>ct</strong></span> <span class='ocrx_word' id='word_1_757' title='bbox 1160 4694 1476 4762; x_wconf 88' lang='lat' dir='ltr'><strong>temporalis</strong></span> <span class='ocrx_word' id='word_1_758' title='bbox 1506 4696 1760 4765; x_wconf 84' lang='lat' dir='ltr'><strong>agnosci-</strong></span> 
     </span>
    </p>
   </div>
   <div class='ocr_carea' id='block_1_94' title="bbox 186 4780 1756 4856">
    <p class='ocr_par' dir='ltr' id='par_1_94' title="bbox 186 4780 1756 4856">
     <span class='ocr_line' id='line_1_94' title="bbox 186 4780 1756 4856; baseline 0.009 -26"><span class='ocrx_word' id='word_1_759' title='bbox 186 4785 272 4833; x_wconf 88' lang='lat' dir='ltr'><strong>tur.</strong></span> <span class='ocrx_word' id='word_1_760' title='bbox 294 4780 502 4838; x_wconf 83' lang='lat' dir='ltr'><strong>Etcum</strong></span> <span class='ocrx_word' id='word_1_761' title='bbox 528 4792 715 4855; x_wconf 85' lang='lat' dir='ltr'><strong>aperte</strong></span> <span class='ocrx_word' id='word_1_762' title='bbox 735 4783 839 4840; x_wconf 89' lang='lat' dir='ltr'><strong>hoc</strong></span> <span class='ocrx_word' id='word_1_763' title='bbox 861 4793 1002 4840; x_wconf 78' lang='lat' dir='ltr'><strong>vetet</strong></span> <span class='ocrx_word' id='word_1_764' title='bbox 1021 4786 1300 4856; x_wconf 88' lang='lat' dir='ltr'><strong>Scriptura</strong></span> <span class='ocrx_word' id='word_1_765' title='bbox 1326 4794 1381 4840; x_wconf 90' lang='lat' dir='ltr'><strong>et</strong></span> <span class='ocrx_word' id='word_1_766' title='bbox 1406 4795 1756 4844; x_wconf 82' lang='lat' dir='ltr'><strong>exsecretur:</strong></span> 
     </span>
    </p>
   </div>
   <div class='ocr_carea' id='block_1_95' title="bbox 185 4876 1763 4951">
    <p class='ocr_par' dir='ltr' id='par_1_95' title="bbox 185 4876 1763 4951">
     <span class='ocr_line' id='line_1_95' title="bbox 185 4876 1763 4951; baseline 0.007 -27"><span class='ocrx_word' id='word_1_767' title='bbox 185 4876 434 4936; x_wconf 86' lang='lat' dir='ltr'><strong>quomodo</strong></span> <span class='ocrx_word' id='word_1_768' title='bbox 467 4878 824 4947; x_wconf 86' lang='lat' dir='ltr'><strong>temporalem</strong></span> <span class='ocrx_word' id='word_1_769' title='bbox 858 4880 1050 4943; x_wconf 87' lang='lat' dir='ltr'><strong>Deum,</strong></span> <span class='ocrx_word' id='word_1_770' title='bbox 1080 4880 1538 4951; x_wconf 88' lang='lat' dir='ltr'><strong>quemadmodum</strong></span> <span class='ocrx_word' id='word_1_771' title='bbox 1572 4881 1763 4937; x_wconf 86' lang='lat' dir='ltr'><strong>Genti-</strong></span> 
     </span>
    </p>
   </div>
   <div class='ocr_carea' id='block_1_96' title="bbox 185 4961 1761 5041">
    <p class='ocr_par' dir='ltr' id='par_1_96' title="bbox 185 4961 1761 5041">
     <span class='ocr_line' id='line_1_96' title="bbox 185 4961 1761 5041; baseline 0.008 -25"><span class='ocrx_word' id='word_1_772' title='bbox 185 4961 250 5019; x_wconf 84' lang='lat' dir='ltr'><strong>les</strong></span> <span class='ocrx_word' id='word_1_773' title='bbox 278 4979 631 5037; x_wconf 84' lang='lat' dir='ltr'><strong>venerantur,</strong></span> <span class='ocrx_word' id='word_1_774' title='bbox 665 4970 765 5041; x_wconf 89' lang='lat' dir='ltr'><strong>ipsi</strong></span> <span class='ocrx_word' id='word_1_775' title='bbox 796 4973 958 5027; x_wconf 90' lang='lat' dir='ltr'><strong>etiam</strong></span> <span class='ocrx_word' id='word_1_776' title='bbox 988 4972 1239 5027; x_wconf 87' lang='lat' dir='ltr'><strong>similiter</strong></span> <span class='ocrx_word' id='word_1_777' title='bbox 1262 4972 1531 5027; x_wconf 84' lang='lat' dir='ltr'><strong>adorant?</strong></span> <span class='ocrx_word' id='word_1_778' title='bbox 1554 4972 1684 5028; x_wconf 86' lang='lat' dir='ltr'><strong>Nam</strong></span> <span class='ocrx_word' id='word_1_779' title='bbox 1715 4973 1761 5028; x_wconf 91' lang='lat' dir='ltr'><strong>si</strong></span> 
     </span>
    </p>
   </div>
   <div class='ocr_carea' id='block_1_97' title="bbox 185 5062 1766 5135">
    <p class='ocr_par' dir='ltr' id='par_1_97' title="bbox 185 5062 1766 5135">
     <span class='ocr_line' id='line_1_97' title="bbox 185 5062 1766 5135; baseline 0.007 -25"><span class='ocrx_word' id='word_1_780' title='bbox 185 5062 485 5129; x_wconf 82' lang='lat' dir='ltr'><strong>temporalis</strong></span> <span class='ocrx_word' id='word_1_781' title='bbox 510 5071 617 5128; x_wconf 88' lang='lat' dir='ltr'><strong>est,</strong></span> <span class='ocrx_word' id='word_1_782' title='bbox 646 5078 750 5119; x_wconf 89' lang='lat' dir='ltr'><strong>nec</strong></span> <span class='ocrx_word' id='word_1_783' title='bbox 776 5079 939 5118; x_wconf 90' lang='lat' dir='ltr'><strong>verus</strong></span> <span class='ocrx_word' id='word_1_784' title='bbox 966 5073 1147 5135; x_wconf 84' lang='lat' dir='ltr'><strong>potest</strong></span> <span class='ocrx_word' id='word_1_785' title='bbox 1175 5079 1300 5120; x_wconf 90' lang='lat' dir='ltr'><strong>esse</strong></span> <span class='ocrx_word' id='word_1_786' title='bbox 1329 5082 1341 5117; x_wconf 90' lang='lat'><strong>:</strong></span> <span class='ocrx_word' id='word_1_787' title='bbox 1374 5072 1431 5121; x_wconf 87' lang='lat' dir='ltr'><strong>et</strong></span> <span class='ocrx_word' id='word_1_788' title='bbox 1459 5066 1503 5118; x_wconf 93' lang='lat' dir='ltr'><strong>si</strong></span> <span class='ocrx_word' id='word_1_789' title='bbox 1532 5080 1639 5120; x_wconf 91' lang='lat' dir='ltr'><strong>non</strong></span> <span class='ocrx_word' id='word_1_790' title='bbox 1673 5082 1766 5121; x_wconf 86' lang='lat' dir='ltr'><strong>ve-</strong></span> 
     </span>
    </p>
   </div>
   <div class='ocr_carea' id='block_1_98' title="bbox 185 5155 1768 5227">
    <p class='ocr_par' dir='ltr' id='par_1_98' title="bbox 185 5155 1768 5227">
     <span class='ocr_line' id='line_1_98' title="bbox 185 5155 1768 5227; baseline 0.006 -24"><span class='ocrx_word' id='word_1_791' title='bbox 185 5162 405 5215; x_wconf 84' lang='lat' dir='ltr'><strong>rus,ncc</strong></span> <span class='ocrx_word' id='word_1_792' title='bbox 450 5164 646 5225; x_wconf 86' lang='lat' dir='ltr'><strong>potens</strong></span> <span class='ocrx_word' id='word_1_793' title='bbox 685 5155 887 5211; x_wconf 86' lang='lat' dir='ltr'><strong>omnia.</strong></span> <span class='ocrx_word' id='word_1_794' title='bbox 922 5157 987 5212; x_wconf 84' lang='lat' dir='ltr'><strong>Et</strong></span> <span class='ocrx_word' id='word_1_795' title='bbox 1029 5156 1159 5226; x_wconf 88' lang='lat' dir='ltr'><strong>quid</strong></span> <span class='ocrx_word' id='word_1_796' title='bbox 1203 5157 1316 5227; x_wconf 91' lang='lat' dir='ltr'><strong>jam</strong></span> <span class='ocrx_word' id='word_1_797' title='bbox 1363 5157 1488 5212; x_wconf 86' lang='lat' dir='ltr'><strong>huic</strong></span> <span class='ocrx_word' id='word_1_798' title='bbox 1530 5158 1621 5212; x_wconf 88' lang='lat' dir='ltr'><strong>tali</strong></span> <span class='ocrx_word' id='word_1_799' title='bbox 1653 5157 1768 5213; x_wconf 89' lang='lat' dir='ltr'><strong>Deo</strong></span> 
     </span>
    </p>
   </div>
   <div class='ocr_carea' id='block_1_99' title="bbox 184 5244 1764 5322">
    <p class='ocr_par' dir='ltr' id='par_1_99' title="bbox 184 5244 1764 5322">
     <span class='ocr_line' id='line_1_99' title="bbox 184 5244 1764 5322; baseline 0.006 -26"><span class='ocrx_word' id='word_1_800' title='bbox 184 5244 501 5301; x_wconf 85' lang='lat' dir='ltr'><strong>credendum</strong></span> <span class='ocrx_word' id='word_1_801' title='bbox 532 5257 635 5316; x_wconf 89' lang='lat' dir='ltr'><strong>est,</strong></span> <span class='ocrx_word' id='word_1_802' title='bbox 663 5250 752 5321; x_wconf 89' lang='lat' dir='ltr'><strong>qui</strong></span> <span class='ocrx_word' id='word_1_803' title='bbox 776 5260 894 5305; x_wconf 88' lang='lat' dir='ltr'><strong>erat</strong></span> <span class='ocrx_word' id='word_1_804' title='bbox 914 5250 1225 5322; x_wconf 89' lang='lat' dir='ltr'><strong>aliquando,</strong></span> <span class='ocrx_word' id='word_1_805' title='bbox 1243 5251 1462 5322; x_wconf 91' lang='lat' dir='ltr'><strong>quando</strong></span> <span class='ocrx_word' id='word_1_806' title='bbox 1491 5265 1599 5305; x_wconf 89' lang='lat' dir='ltr'><strong>non</strong></span> <span class='ocrx_word' id='word_1_807' title='bbox 1624 5263 1764 5320; x_wconf 84' lang='lat' dir='ltr'><strong>erat,</strong></span> 
     </span>
    </p>
   </div>
   <div class='ocr_carea' id='block_1_100' title="bbox 186 5339 1765 5413">
    <p class='ocr_par' dir='ltr' id='par_1_100' title="bbox 186 5339 1765 5413">
     <span class='ocr_line' id='line_1_100' title="bbox 186 5339 1765 5413; baseline 0.009 -27"><span class='ocrx_word' id='word_1_808' title='bbox 186 5345 229 5387; x_wconf 81' lang='lat' dir='ltr'><strong>et</strong></span> <span class='ocrx_word' id='word_1_809' title='bbox 252 5352 313 5393; x_wconf 76' lang='lat' dir='ltr'><strong>ex</strong></span> <span class='ocrx_word' id='word_1_810' title='bbox 349 5339 526 5395; x_wconf 88' lang='lat' dir='ltr'><strong>nihilo</strong></span> <span class='ocrx_word' id='word_1_811' title='bbox 560 5350 721 5395; x_wconf 90' lang='lat' dir='ltr'><strong>natus</strong></span> <span class='ocrx_word' id='word_1_812' title='bbox 744 5350 849 5406; x_wconf 81' lang='lat' dir='ltr'><strong>est,</strong></span> <span class='ocrx_word' id='word_1_813' title='bbox 880 5342 1097 5400; x_wconf 85' lang='lat' dir='ltr'><strong>dicente</strong></span> <span class='ocrx_word' id='word_1_814' title='bbox 1125 5344 1406 5413; x_wconf 84' lang='lat' dir='ltr'><strong>Scriptura</strong></span> <span class='ocrx_word' id='word_1_815' title='bbox 1443 5363 1455 5400; x_wconf 91' lang='lat'>:</span> <span class='ocrx_word' id='word_1_816' title='bbox 1486 5346 1545 5401; x_wconf 88' lang='lat' dir='ltr'><strong>Si</strong></span> <span class='ocrx_word' id='word_1_817' title='bbox 1577 5347 1765 5400; x_wconf 83' lang='lat' dir='ltr'><strong>audie-</strong></span> 
     </span>
    </p>
   </div>
   <div class='ocr_carea' id='block_1_101' title="bbox 186 5431 1767 5510">
    <p class='ocr_par' dir='ltr' id='par_1_101' title="bbox 186 5431 1767 5510">
     <span class='ocr_line' id='line_1_101' title="bbox 186 5431 1767 5510; baseline 0.008 -32"><span class='ocrx_word' id='word_1_818' title='bbox 186 5431 248 5481; x_wconf 82' lang='lat' dir='ltr'><strong>ris</strong></span> <span class='ocrx_word' id='word_1_819' title='bbox 267 5449 362 5497; x_wconf 81' lang='lat' dir='ltr'><strong>me,</strong></span> <span class='ocrx_word' id='word_1_820' title='bbox 384 5431 577 5500; x_wconf 72' lang='lat' dir='ltr'><strong>Israel,</strong></span> <span class='ocrx_word' id='word_1_821' title='bbox 596 5452 699 5488; x_wconf 89' lang='lat' dir='ltr'><strong>non</strong></span> <span class='ocrx_word' id='word_1_822' title='bbox 714 5437 808 5489; x_wconf 89' lang='lat' dir='ltr'><strong>erit</strong></span> <span class='ocrx_word' id='word_1_823' title='bbox 834 5438 887 5489; x_wconf 87' lang='lat' dir='ltr'><strong>in</strong></span> <span class='ocrx_word' id='word_1_824' title='bbox 909 5447 953 5490; x_wconf 87' lang='lat' dir='ltr'><strong>te</strong></span> <span class='ocrx_word' id='word_1_825' title='bbox 971 5436 1109 5490; x_wconf 87' lang='lat' dir='ltr'><strong>Dens</strong></span> <span class='ocrx_word' id='word_1_826' title='bbox 1123 5453 1295 5491; x_wconf 83' lang='lat' dir='ltr'><strong>recens</strong></span> <span class='ocrx_word' id='word_1_827' title='bbox 1315 5436 1489 5510; x_wconf 76' lang='lat' dir='ltr'><strong>(Psal.</strong></span> <span class='ocrx_word' id='word_1_828' title='bbox 1512 5437 1767 5508; x_wconf 74' lang='lat' dir='ltr'><strong>Lxxx,9)?</strong></span> 
     </span>
    </p>
   </div>
   <div class='ocr_carea' id='block_1_102' title="bbox 186 5521 1771 5597">
    <p class='ocr_par' dir='ltr' id='par_1_102' title="bbox 186 5521 1771 5597">
     <span class='ocr_line' id='line_1_102' title="bbox 186 5521 1771 5597; baseline 0.004 -20"><span class='ocrx_word' id='word_1_829' title='bbox 186 5521 234 5575; x_wconf 86' lang='lat' dir='ltr'><strong>Si</strong></span> <span class='ocrx_word' id='word_1_830' title='bbox 256 5540 383 5597; x_wconf 83' lang='lat' dir='ltr'><strong>ergo</strong></span> <span class='ocrx_word' id='word_1_831' title='bbox 414 5526 555 5583; x_wconf 88' lang='lat' dir='ltr'><strong>Dens</strong></span> <span class='ocrx_word' id='word_1_832' title='bbox 596 5543 809 5593; x_wconf 84' lang='lat' dir='ltr'><strong>recens,</strong></span> <span class='ocrx_word' id='word_1_833' title='bbox 844 5544 953 5584; x_wconf 92' lang='lat' dir='ltr'><strong>non</strong></span> <span class='ocrx_word' id='word_1_834' title='bbox 990 5530 1154 5586; x_wconf 90' lang='lat' dir='ltr'><strong>debet</strong></span> <span class='ocrx_word' id='word_1_835' title='bbox 1182 5545 1349 5584; x_wconf 76' lang='lat' dir='ltr'><strong>verus</strong></span> <span class='ocrx_word' id='word_1_836' title='bbox 1379 5531 1548 5586; x_wconf 91' lang='lat' dir='ltr'><strong>credi.</strong></span> <span class='ocrx_word' id='word_1_837' title='bbox 1583 5531 1641 5586; x_wconf 92' lang='lat' dir='ltr'><strong>Si</strong></span> <span class='ocrx_word' id='word_1_838' title='bbox 1674 5547 1771 5584; x_wconf 87' lang='lat' dir='ltr'><strong>an-</strong></span> 
     </span>
    </p>
   </div>
   <div class='ocr_carea' id='block_1_103' title="bbox 187 5620 1767 5693">
    <p class='ocr_par' dir='ltr' id='par_1_103' title="bbox 187 5620 1767 5693">
     <span class='ocr_line' id='line_1_103' title="bbox 187 5620 1767 5693; baseline 0.008 -28"><span class='ocrx_word' id='word_1_839' title='bbox 187 5622 283 5670; x_wconf 83' lang='lat' dir='ltr'><strong>tem</strong></span> <span class='ocrx_word' id='word_1_840' title='bbox 312 5620 680 5688; x_wconf 85' lang='lat' dir='ltr'><strong>sempiternus</strong></span> <span class='ocrx_word' id='word_1_841' title='bbox 702 5640 715 5676; x_wconf 92' lang='lat'>:</span> <span class='ocrx_word' id='word_1_842' title='bbox 737 5622 935 5693; x_wconf 89' lang='lat' dir='ltr'><strong>quippe</strong></span> <span class='ocrx_word' id='word_1_843' title='bbox 960 5621 1045 5677; x_wconf 90' lang='lat' dir='ltr'><strong>hic</strong></span> <span class='ocrx_word' id='word_1_844' title='bbox 1073 5622 1433 5693; x_wconf 77' lang='lat' dir='ltr'><strong>sempiternus</strong></span> <span class='ocrx_word' id='word_1_845' title='bbox 1465 5624 1607 5678; x_wconf 89' lang='lat' dir='ltr'><strong>Deus</strong></span> <span class='ocrx_word' id='word_1_846' title='bbox 1629 5633 1767 5688; x_wconf 89' lang='lat' dir='ltr'><strong>erat,</strong></span> 
     </span>
    </p>
   </div>
   <div class='ocr_carea' id='block_1_104' title="bbox 186 5708 1773 5786">
    <p class='ocr_par' dir='ltr' id='par_1_104' title="bbox 186 5708 1773 5786">
     <span class='ocr_line' id='line_1_104' title="bbox 186 5708 1773 5786; baseline 0.006 -26"><span class='ocrx_word' id='word_1_847' title='bbox 186 5708 268 5776; x_wconf 91' lang='lat' dir='ltr'><strong>qui</strong></span> <span class='ocrx_word' id='word_1_848' title='bbox 308 5709 636 5780; x_wconf 78' lang='lat' dir='ltr'><strong>loquebatur</strong></span> <span class='ocrx_word' id='word_1_849' title='bbox 666 5713 720 5769; x_wconf 90' lang='lat' dir='ltr'><strong>in</strong></span> <span class='ocrx_word' id='word_1_850' title='bbox 761 5714 1014 5769; x_wconf 89' lang='lat' dir='ltr'><strong>omnibus</strong></span> <span class='ocrx_word' id='word_1_851' title='bbox 1045 5714 1267 5779; x_wconf 85' lang='lat' dir='ltr'><strong>sanctis,</strong></span> <span class='ocrx_word' id='word_1_852' title='bbox 1298 5724 1353 5769; x_wconf 91' lang='lat' dir='ltr'><strong>et</strong></span> <span class='ocrx_word' id='word_1_853' title='bbox 1400 5714 1572 5786; x_wconf 69' lang='lat' dir='ltr'><strong>legem</strong></span> <span class='ocrx_word' id='word_1_854' title='bbox 1619 5713 1773 5770; x_wconf 86' lang='lat' dir='ltr'><strong>dedit</strong></span> 
     </span>
    </p>
   </div>
   <div class='ocr_carea' id='block_1_105' title="bbox 191 5796 1769 5880">
    <p class='ocr_par' dir='ltr' id='par_1_105' title="bbox 191 5796 1769 5880">
     <span class='ocr_line' id='line_1_105' title="bbox 191 5796 1769 5880; baseline 0.004 -24"><span class='ocrx_word' id='word_1_855' title='bbox 191 5796 347 5875; x_wconf 68' lang='lat' dir='ltr'><strong>Moysi</strong></span> <span class='ocrx_word' id='word_1_856' title='bbox 391 5803 450 5859; x_wconf 88' lang='lat' dir='ltr'><strong>in</strong></span> <span class='ocrx_word' id='word_1_857' title='bbox 497 5814 679 5864; x_wconf 83' lang='lat' dir='ltr'><strong>monte</strong></span> <span class='ocrx_word' id='word_1_858' title='bbox 721 5806 883 5876; x_wconf 84' lang='lat' dir='ltr'><strong>Sina,</strong></span> <span class='ocrx_word' id='word_1_859' title='bbox 914 5812 972 5863; x_wconf 84' lang='lat' dir='ltr'><strong>et</strong></span> <span class='ocrx_word' id='word_1_860' title='bbox 1010 5805 1191 5865; x_wconf 84' lang='lat' dir='ltr'><strong>omnia</strong></span> <span class='ocrx_word' id='word_1_861' title='bbox 1242 5814 1466 5880; x_wconf 84' lang='lat' dir='ltr'><strong>potens,</strong></span> <span class='ocrx_word' id='word_1_862' title='bbox 1496 5815 1552 5865; x_wconf 89' lang='lat' dir='ltr'><strong>et</strong></span> <span class='ocrx_word' id='word_1_863' title='bbox 1588 5805 1769 5864; x_wconf 82' lang='lat' dir='ltr'><strong>omnia</strong></span> 
     </span>
    </p>
   </div>
   <div class='ocr_carea' id='block_1_106' title="bbox 1870 4687 3466 4762">
    <p class='ocr_par' dir='ltr' id='par_1_106' title="bbox 1870 4687 3466 4762">
     <span class='ocr_line' id='line_1_106' title="bbox 1870 4687 3466 4762; baseline 0.003 -21"><span class='ocrx_word' id='word_1_864' title='bbox 1870 4702 1991 4741; x_wconf 91' lang='lat' dir='ltr'><strong>esse</strong></span> <span class='ocrx_word' id='word_1_865' title='bbox 2013 4687 2209 4757; x_wconf 89' lang='lat' dir='ltr'><strong>ingrati</strong></span> <span class='ocrx_word' id='word_1_866' title='bbox 2244 4704 2257 4740; x_wconf 91' lang='lat'><strong>:</strong></span> <span class='ocrx_word' id='word_1_867' title='bbox 2283 4698 2336 4744; x_wconf 89' lang='lat' dir='ltr'><strong>et</strong></span> <span class='ocrx_word' id='word_1_868' title='bbox 2367 4703 2473 4743; x_wconf 90' lang='lat' dir='ltr'><strong>non</strong></span> <span class='ocrx_word' id='word_1_869' title='bbox 2496 4688 2668 4743; x_wconf 88' lang='lat' dir='ltr'><strong>solum</strong></span> <span class='ocrx_word' id='word_1_870' title='bbox 2694 4704 2801 4743; x_wconf 90' lang='lat' dir='ltr'><strong>non</strong></span> <span class='ocrx_word' id='word_1_871' title='bbox 2827 4688 3215 4761; x_wconf 87' lang='lat' dir='ltr'><strong>iutelligentes,</strong></span> <span class='ocrx_word' id='word_1_872' title='bbox 3246 4693 3466 4762; x_wconf 86' lang='lat' dir='ltr'><strong>insuper</strong></span> 
     </span>
    </p>
   </div>
   <div class='ocr_carea' id='block_1_107' title="bbox 1870 4778 3464 4852">
    <p class='ocr_par' dir='ltr' id='par_1_107' title="bbox 1870 4778 3464 4852">
     <span class='ocr_line' id='line_1_107' title="bbox 1870 4778 3464 4852; baseline 0.003 -19"><span class='ocrx_word' id='word_1_873' title='bbox 1870 4779 2033 4833; x_wconf 90' lang='lat' dir='ltr'><strong>etiam</strong></span> <span class='ocrx_word' id='word_1_874' title='bbox 2056 4778 2282 4833; x_wconf 83' lang='lat' dir='ltr'><strong>Judaico</strong></span> <span class='ocrx_word' id='word_1_875' title='bbox 2322 4794 2495 4845; x_wconf 89' lang='lat' dir='ltr'><strong>more,</strong></span> <span class='ocrx_word' id='word_1_876' title='bbox 2527 4789 2581 4834; x_wconf 90' lang='lat' dir='ltr'><strong>et</strong></span> <span class='ocrx_word' id='word_1_877' title='bbox 2626 4782 2899 4836; x_wconf 89' lang='lat' dir='ltr'><strong>hominem</strong></span> <span class='ocrx_word' id='word_1_878' title='bbox 2930 4782 3288 4850; x_wconf 64' lang='lat' dir='ltr'><strong>a&#39;stimantes,</strong></span> <span class='ocrx_word' id='word_1_879' title='bbox 3314 4783 3464 4852; x_wconf 56' lang='lat' dir='ltr'><strong>ejuse</strong></span> 
     </span>
    </p>
   </div>
   <div class='ocr_carea' id='block_1_108' title="bbox 1870 4869 3463 4944">
    <p class='ocr_par' dir='ltr' id='par_1_108' title="bbox 1870 4869 3463 4944">
     <span class='ocr_line' id='line_1_108' title="bbox 1870 4869 3463 4944; baseline 0.004 -21"><span class='ocrx_word' id='word_1_880' title='bbox 1870 4869 1993 4925; x_wconf 90' lang='lat' dir='ltr'><strong>dem</strong></span> <span class='ocrx_word' id='word_1_881' title='bbox 2026 4871 2200 4925; x_wconf 85' lang='lat' dir='ltr'><strong>aetatis</strong></span> <span class='ocrx_word' id='word_1_882' title='bbox 2232 4882 2280 4925; x_wconf 88' lang='lat' dir='ltr'><strong>et</strong></span> <span class='ocrx_word' id='word_1_883' title='bbox 2314 4872 2639 4939; x_wconf 76' lang='lat' dir='ltr'><strong>ignorantiae</strong></span> <span class='ocrx_word' id='word_1_884' title='bbox 2673 4882 2729 4927; x_wconf 89' lang='lat' dir='ltr'><strong>et</strong></span> <span class='ocrx_word' id='word_1_885' title='bbox 2766 4873 3100 4943; x_wconf 76' lang='lat' dir='ltr'><strong>impotentia:</strong></span> <span class='ocrx_word' id='word_1_886' title='bbox 3144 4875 3463 4944; x_wconf 80' lang='lat' dir='ltr'><strong>participem</strong></span> 
     </span>
    </p>
   </div>
   <div class='ocr_carea' id='block_1_109' title="bbox 1866 4964 3469 5036">
    <p class='ocr_par' dir='ltr' id='par_1_109' title="bbox 1866 4964 3469 5036">
     <span class='ocr_line' id='line_1_109' title="bbox 1866 4964 3469 5036; baseline 0.004 -19"><span class='ocrx_word' id='word_1_887' title='bbox 1866 4964 2172 5033; x_wconf 90' lang='lat' dir='ltr'><strong>judicanles</strong></span> <span class='ocrx_word' id='word_1_888' title='bbox 2202 4965 2473 5035; x_wconf 91' lang='lat' dir='ltr'><strong>quomodo</strong></span> <span class='ocrx_word' id='word_1_889' title='bbox 2502 4967 2699 5022; x_wconf 68' lang='lat' dir='ltr'><strong>Judaei.</strong></span> <span class='ocrx_word' id='word_1_890' title='bbox 2724 4968 2880 5036; x_wconf 88' lang='lat' dir='ltr'><strong>Quod</strong></span> <span class='ocrx_word' id='word_1_891' title='bbox 2901 4984 3006 5024; x_wconf 88' lang='lat' dir='ltr'><strong>non</strong></span> <span class='ocrx_word' id='word_1_892' title='bbox 3031 4969 3282 5024; x_wconf 90' lang='lat' dir='ltr'><strong>divinitas</strong></span> <span class='ocrx_word' id='word_1_893' title='bbox 3311 4980 3469 5023; x_wconf 87' lang='lat' dir='ltr'><strong>natu-</strong></span> 
     </span>
    </p>
   </div>
   <div class='ocr_carea' id='block_1_110' title="bbox 1871 5053 3462 5129">
    <p class='ocr_par' dir='ltr' id='par_1_110' title="bbox 1871 5053 3462 5129">
     <span class='ocr_line' id='line_1_110' title="bbox 1871 5053 3462 5129; baseline 0.004 -20"><span class='ocrx_word' id='word_1_894' title='bbox 1871 5053 2060 5110; x_wconf 88' lang='lat' dir='ltr'><strong>raliter</strong></span> <span class='ocrx_word' id='word_1_895' title='bbox 2106 5056 2433 5125; x_wconf 89' lang='lat' dir='ltr'><strong>patiebatur,</strong></span> <span class='ocrx_word' id='word_1_896' title='bbox 2469 5054 2564 5113; x_wconf 84' lang='lat' dir='ltr'><strong>sed</strong></span> <span class='ocrx_word' id='word_1_897' title='bbox 2604 5074 2755 5127; x_wconf 88' lang='lat' dir='ltr'><strong>caro,</strong></span> <span class='ocrx_word' id='word_1_898' title='bbox 2800 5060 2917 5129; x_wconf 91' lang='lat' dir='ltr'><strong>ipse</strong></span> <span class='ocrx_word' id='word_1_899' title='bbox 2960 5059 3198 5115; x_wconf 88' lang='lat' dir='ltr'><strong>ostendit</strong></span> <span class='ocrx_word' id='word_1_900' title='bbox 3237 5060 3462 5127; x_wconf 70' lang='lat' dir='ltr'><strong>Judmis,</strong></span> 
     </span>
    </p>
   </div>
   <div class='ocr_carea' id='block_1_111' title="bbox 1870 5147 3468 5229">
    <p class='ocr_par' dir='ltr' id='par_1_111' title="bbox 1870 5147 3468 5229">
     <span class='ocr_line' id='line_1_111' title="bbox 1870 5147 3468 5229; baseline 0.005 -26"><span class='ocrx_word' id='word_1_901' title='bbox 1870 5147 2056 5205; x_wconf 88' lang='lat' dir='ltr'><strong>dicens</strong></span> <span class='ocrx_word' id='word_1_902' title='bbox 2088 5168 2101 5203; x_wconf 87' lang='lat'><strong>:</strong></span> <span class='ocrx_word' id='word_1_903' title='bbox 2128 5150 2323 5206; x_wconf 80' lang='lat' dir='ltr'><strong>Solvite</strong></span> <span class='ocrx_word' id='word_1_904' title='bbox 2355 5151 2452 5205; x_wconf 85' lang='lat' dir='ltr'><strong>hoc</strong></span> <span class='ocrx_word' id='word_1_905' title='bbox 2495 5152 2764 5223; x_wconf 83' lang='lat' dir='ltr'><strong>templum,</strong></span> <span class='ocrx_word' id='word_1_906' title='bbox 2789 5163 2836 5207; x_wconf 89' lang='lat' dir='ltr'><strong>et</strong></span> <span class='ocrx_word' id='word_1_907' title='bbox 2877 5155 2930 5207; x_wconf 86' lang='lat' dir='ltr'><strong>in</strong></span> <span class='ocrx_word' id='word_1_908' title='bbox 2973 5154 3134 5209; x_wconf 85' lang='lat' dir='ltr'><strong>tribus</strong></span> <span class='ocrx_word' id='word_1_909' title='bbox 3163 5154 3344 5211; x_wconf 88' lang='lat' dir='ltr'><strong>diebus</strong></span> <span class='ocrx_word' id='word_1_910' title='bbox 3376 5174 3468 5229; x_wconf 76' lang='lat' dir='ltr'><strong>ego</strong></span> 
     </span>
    </p>
   </div>
   <div class='ocr_carea' id='block_1_112' title="bbox 1870 5244 3466 5318">
    <p class='ocr_par' dir='ltr' id='par_1_112' title="bbox 1870 5244 3466 5318">
     <span class='ocr_line' id='line_1_112' title="bbox 1870 5244 3466 5318; baseline 0.006 -23"><span class='ocrx_word' id='word_1_911' title='bbox 1870 5244 2129 5299; x_wconf 73' lang='lat' dir='ltr'><strong>suscitato</strong></span> <span class='ocrx_word' id='word_1_912' title='bbox 2161 5246 2293 5299; x_wconf 67' lang='lat' dir='ltr'><strong>illud</strong></span> <span class='ocrx_word' id='word_1_913' title='bbox 2320 5245 2500 5315; x_wconf 79' lang='lat' dir='ltr'><strong>(Joan.</strong></span> <span class='ocrx_word' id='word_1_914' title='bbox 2534 5263 2593 5313; x_wconf 85' lang='lat' dir='ltr'><strong>ll,</strong></span> <span class='ocrx_word' id='word_1_915' title='bbox 2627 5247 2735 5318; x_wconf 81' lang='grc'><strong>19).</strong></span> <span class='ocrx_word' id='word_1_916' title='bbox 2767 5247 2833 5302; x_wconf 77' lang='lat' dir='ltr'><strong>Et</strong></span> <span class='ocrx_word' id='word_1_917' title='bbox 2864 5250 2949 5302; x_wconf 88' lang='lat' dir='ltr'><strong>cui</strong></span> <span class='ocrx_word' id='word_1_918' title='bbox 2981 5248 3083 5305; x_wconf 89' lang='lat' dir='ltr'><strong>hoc</strong></span> <span class='ocrx_word' id='word_1_919' title='bbox 3108 5249 3331 5306; x_wconf 82' lang='lat' dir='ltr'><strong>dubium</strong></span> <span class='ocrx_word' id='word_1_920' title='bbox 3360 5262 3466 5317; x_wconf 74' lang='lat' dir='ltr'><strong>est,</strong></span> 
     </span>
    </p>
   </div>
   <div class='ocr_carea' id='block_1_113' title="bbox 1872 5339 3467 5411">
    <p class='ocr_par' dir='ltr' id='par_1_113' title="bbox 1872 5339 3467 5411">
     <span class='ocr_line' id='line_1_113' title="bbox 1872 5339 3467 5411; baseline 0.002 -17"><span class='ocrx_word' id='word_1_921' title='bbox 1872 5339 2014 5408; x_wconf 89' lang='lat' dir='ltr'><strong>quod</strong></span> <span class='ocrx_word' id='word_1_922' title='bbox 2047 5340 2187 5394; x_wconf 88' lang='lat' dir='ltr'><strong>Dens</strong></span> <span class='ocrx_word' id='word_1_923' title='bbox 2238 5340 2339 5395; x_wconf 91' lang='lat' dir='ltr'><strong>hoc</strong></span> <span class='ocrx_word' id='word_1_924' title='bbox 2384 5342 2619 5408; x_wconf 88' lang='lat' dir='ltr'><strong>dicebat,</strong></span> <span class='ocrx_word' id='word_1_925' title='bbox 2650 5342 2700 5396; x_wconf 91' lang='lat' dir='ltr'><strong>id</strong></span> <span class='ocrx_word' id='word_1_926' title='bbox 2737 5352 2840 5411; x_wconf 91' lang='lat' dir='ltr'><strong>est,</strong></span> <span class='ocrx_word' id='word_1_927' title='bbox 2866 5341 3041 5398; x_wconf 87' lang='lat' dir='ltr'><strong>Filius</strong></span> <span class='ocrx_word' id='word_1_928' title='bbox 3080 5344 3176 5401; x_wconf 88' lang='lat' dir='ltr'><strong>Dei</strong></span> <span class='ocrx_word' id='word_1_929' title='bbox 3207 5354 3467 5409; x_wconf 83' lang='lat' dir='ltr'><strong>aeternus,</strong></span> 
     </span>
    </p>
   </div>
   <div class='ocr_carea' id='block_1_114' title="bbox 1875 5430 3471 5505">
    <p class='ocr_par' dir='ltr' id='par_1_114' title="bbox 1875 5430 3471 5505">
     <span class='ocr_line' id='line_1_114' title="bbox 1875 5430 3471 5505; baseline 0.003 -18"><span class='ocrx_word' id='word_1_930' title='bbox 1875 5430 2111 5487; x_wconf 79' lang='lat' dir='ltr'><strong>Verbum</strong></span> <span class='ocrx_word' id='word_1_931' title='bbox 2146 5433 2333 5487; x_wconf 72' lang='lat' dir='ltr'><strong>vivens</strong></span> <span class='ocrx_word' id='word_1_932' title='bbox 2359 5433 2557 5499; x_wconf 78' lang='lat' dir='ltr'><strong>Patris,</strong></span> <span class='ocrx_word' id='word_1_933' title='bbox 2584 5444 2631 5488; x_wconf 87' lang='lat' dir='ltr'><strong>ct</strong></span> <span class='ocrx_word' id='word_1_934' title='bbox 2665 5435 2929 5505; x_wconf 78' lang='lat' dir='ltr'><strong>sapientia</strong></span> <span class='ocrx_word' id='word_1_935' title='bbox 2958 5437 3072 5495; x_wconf 87' lang='lat' dir='ltr'><strong>Dei.</strong></span> <span class='ocrx_word' id='word_1_936' title='bbox 3100 5446 3153 5490; x_wconf 86' lang='lat' dir='ltr'><strong>ct</strong></span> <span class='ocrx_word' id='word_1_937' title='bbox 3178 5439 3341 5490; x_wconf 68' lang='lat' dir='ltr'><strong>\il‘llh‘</strong></span> <span class='ocrx_word' id='word_1_938' title='bbox 3376 5436 3471 5491; x_wconf 83' lang='lat' dir='ltr'><strong>Dei</strong></span> 
     </span>
    </p>
   </div>
   <div class='ocr_carea' id='block_1_115' title="bbox 1876 5530 3473 5601">
    <p class='ocr_par' dir='ltr' id='par_1_115' title="bbox 1876 5530 3473 5601">
     <span class='ocr_line' id='line_1_115' title="bbox 1876 5530 3473 5601; baseline 0.001 -19"><span class='ocrx_word' id='word_1_939' title='bbox 1876 5537 2076 5584; x_wconf 77' lang='lat' dir='ltr'><strong>:ctrrna</strong></span> <span class='ocrx_word' id='word_1_940' title='bbox 2106 5538 2159 5584; x_wconf 87' lang='lat' dir='ltr'><strong>et</strong></span> <span class='ocrx_word' id='word_1_941' title='bbox 2209 5530 2563 5601; x_wconf 87' lang='lat' dir='ltr'><strong>sempiterna,</strong></span> <span class='ocrx_word' id='word_1_942' title='bbox 2598 5542 2649 5585; x_wconf 88' lang='lat' dir='ltr'><strong>et</strong></span> <span class='ocrx_word' id='word_1_943' title='bbox 2704 5534 2881 5601; x_wconf 72' lang='lat' dir='ltr'><strong>imago</strong></span> <span class='ocrx_word' id='word_1_944' title='bbox 2930 5533 3021 5587; x_wconf 87' lang='lat' dir='ltr'><strong>Dei</strong></span> <span class='ocrx_word' id='word_1_945' title='bbox 3074 5531 3473 5593; x_wconf 73' lang='lat' dir='ltr'><strong>invisiltifis,ab</strong></span> 
     </span>
    </p>
   </div>
   <div class='ocr_carea' id='block_1_116' title="bbox 1877 5620 3475 5689">
    <p class='ocr_par' dir='ltr' id='par_1_116' title="bbox 1877 5620 3475 5689">
     <span class='ocr_line' id='line_1_116' title="bbox 1877 5620 3475 5689; baseline 0.001 -14"><span class='ocrx_word' id='word_1_946' title='bbox 1877 5620 2135 5676; x_wconf 87' lang='lat' dir='ltr'><strong>invisibili</strong></span> <span class='ocrx_word' id='word_1_947' title='bbox 2170 5633 2349 5689; x_wconf 89' lang='lat' dir='ltr'><strong>natus,</strong></span> <span class='ocrx_word' id='word_1_948' title='bbox 2383 5638 2489 5677; x_wconf 88' lang='lat' dir='ltr'><strong>non</strong></span> <span class='ocrx_word' id='word_1_949' title='bbox 2520 5623 2727 5680; x_wconf 81' lang='lat' dir='ltr'><strong>factus?</strong></span> <span class='ocrx_word' id='word_1_950' title='bbox 2753 5625 2916 5681; x_wconf 87' lang='lat' dir='ltr'><strong>Facta</strong></span> <span class='ocrx_word' id='word_1_951' title='bbox 2949 5633 3125 5678; x_wconf 81' lang='lat' dir='ltr'><strong>autem</strong></span> <span class='ocrx_word' id='word_1_952' title='bbox 3158 5632 3241 5675; x_wconf 89' lang='lat' dir='ltr'><strong>est</strong></span> <span class='ocrx_word' id='word_1_953' title='bbox 3262 5638 3387 5677; x_wconf 88' lang='lat' dir='ltr'><strong>caro</strong></span> <span class='ocrx_word' id='word_1_954' title='bbox 3418 5634 3475 5677; x_wconf 87' lang='lat' dir='ltr'><strong>et</strong></span> 
     </span>
    </p>
   </div>
   <div class='ocr_carea' id='block_1_117' title="bbox 1874 5705 3477 5787">
    <p class='ocr_par' dir='ltr' id='par_1_117' title="bbox 1874 5705 3477 5787">
     <span class='ocr_line' id='line_1_117' title="bbox 1874 5705 3477 5787; baseline 0.001 -19"><span class='ocrx_word' id='word_1_955' title='bbox 1874 5712 2164 5785; x_wconf 89' lang='lat' dir='ltr'><strong>plasmata,</strong></span> <span class='ocrx_word' id='word_1_956' title='bbox 2200 5714 2250 5769; x_wconf 92' lang='lat' dir='ltr'><strong>iu</strong></span> <span class='ocrx_word' id='word_1_957' title='bbox 2303 5729 2406 5785; x_wconf 89' lang='lat' dir='ltr'><strong>qua</strong></span> <span class='ocrx_word' id='word_1_958' title='bbox 2459 5705 2600 5770; x_wconf 62' lang='lat' dir='ltr'><strong>De&#39;us</strong></span> <span class='ocrx_word' id='word_1_959' title='bbox 2638 5726 2773 5784; x_wconf 87' lang='lat' dir='ltr'><strong>crat,</strong></span> <span class='ocrx_word' id='word_1_960' title='bbox 2809 5730 2967 5787; x_wconf 87' lang='lat' dir='ltr'><strong>quam</strong></span> <span class='ocrx_word' id='word_1_961' title='bbox 3004 5722 3059 5768; x_wconf 92' lang='lat' dir='ltr'><strong>et</strong></span> <span class='ocrx_word' id='word_1_962' title='bbox 3103 5712 3323 5769; x_wconf 87' lang='lat' dir='ltr'><strong>indutus</strong></span> <span class='ocrx_word' id='word_1_963' title='bbox 3357 5722 3477 5769; x_wconf 87' lang='lat' dir='ltr'><strong>erat</strong></span> 
     </span>
    </p>
   </div>
   <div class='ocr_carea' id='block_1_118' title="bbox 1878 5803 3475 5880">
    <p class='ocr_par' dir='ltr' id='par_1_118' title="bbox 1878 5803 3475 5880">
     <span class='ocr_line' id='line_1_118' title="bbox 1878 5803 3475 5880; baseline -0.001 -18"><span class='ocrx_word' id='word_1_964' title='bbox 1878 5814 2102 5879; x_wconf 90' lang='lat' dir='ltr'><strong>propter</strong></span> <span class='ocrx_word' id='word_1_965' title='bbox 2134 5806 2559 5863; x_wconf 78' lang='lat' dir='ltr'><strong>invisibilitatem</strong></span> <span class='ocrx_word' id='word_1_966' title='bbox 2616 5816 2672 5865; x_wconf 84' lang='lat' dir='ltr'><strong>ct</strong></span> <span class='ocrx_word' id='word_1_967' title='bbox 2721 5803 3206 5880; x_wconf 74' lang='lat' dir='ltr'><strong>impossibilitatem</strong></span> <span class='ocrx_word' id='word_1_968' title='bbox 3250 5804 3475 5862; x_wconf 88' lang='lat' dir='ltr'><strong>visionis</strong></span> 
     </span>
    </p>
   </div>
  </div>
