4030 6294
437 283 544 342 179

1454 274 1514 336 s.
1557 275 1949 351 Htsaoxvtn
1984 276 2273 353 OPERUM
2312 277 2679 359 usurtssa.

3640 281 3747 355 180

437 401 666 453 nostrae.
694 389 882 465 Neque
913 392 1059 450 enim
1089 391 1421 450 intrinsecus
1443 403 1564 451 erat
1593 394 1790 465 solum,
1825 394 1920 451 sed
1951 410 2046 450 ex-
2070 394 2128 485 is
2150 410 2256 451 non
2286 394 2550 465 imparem
2579 414 2592 451 :
2618 395 2783 452 solvit
2805 396 3193 468 interpretans,
3217 407 3273 457 et
3298 400 3431 469 dicit
3457 417 3468 453 :
3496 399 3624 469 Ideo
3652 419 3747 456 au-

449 488 724 543 trinsecus
753 494 811 542 et
855 485 1213 553 intrinsecus,
1237 494 1293 541 et
1336 486 1389 541 in
1432 487 1588 543 cmlis
1617 496 1672 543 et
1717 489 1767 542 in
1798 496 2048 555 terra,et

443 583 628 637 omnia
660 581 947 637 continens
988 580 1328 651 implensque
1368 583 1573 637 omnia.
1598 581 1743 637 Nihil
1782 597 1912 654 ergo
1942 584 2045 637 im-

443 674 744 747 perfectum
776 674 828 729 in
874 672 1013 728 Filio
1053 673 1172 739 Dei,
1209 675 1342 731 nihil
1384 676 1675 748 inaequale,
1704 677 1839 732 nihil
1869 678 2045 748 impo-

446 780 591 834 tens,
616 767 746 823 nihil
779 765 1100 836 temporale,
1118 767 1251 822 nihil
1284 768 1619 839 incognitum
1650 789 1664 826 :
1690 771 1871 826 omnia
1894 786 2044 838 vera,

446 860 628 917 omnia
652 859 954 931 possibilia,
989 860 1173 915 omnia
1197 862 1661 932 ingentia,omnia
1691 865 1921 934 aequalia
1949 865 2051 920 Pa-

441 953 535 1018 tri,
569 951 786 1008 dicente
815 950 1104 1007 Salvatore
1132 969 1147 1007 :
1183 952 1353 1008 Nemo
1398 956 1539 1008 novit
1571 953 1771 1010 Filium
1804 958 1904 1011 nisi
1944 956 2051 1012 Pa-

442 1057 518 1099 ter
548 1054 637 1100 :et
664 1061 814 1099 nemo
844 1046 982 1099 novit
1012 1045 1358 1103 Patrem‘nisi
1389 1045 1438 1100 F
1443 1049 1588 1115 ilius,
1621 1058 1669 1105 et
1709 1051 1797 1104 cui
1834 1052 2049 1105 voluerit

444 1139 623 1193 Filius
669 1138 903 1195 revelare
935 1139 1156 1208 (Matth.
1190 1156 1265 1210 xi,
1315 1143 1431 1212 27).
1471 1142 1637 1199 Vides
1678 1145 2048 1214 aequalitatem

445 1231 572 1285 Filii
607 1230 676 1285 ad
711 1228 1122 1287 Patrem?Cum
1154 1248 1284 1305 ergo
1316 1234 1531 1290 Patrem
1565 1238 1716 1291 novit
1754 1238 1943 1305 Filius,
1969 1239 2048 1294 in-

447 1323 838 1390 enarr'andum,
872 1333 927 1380 et
958 1324 1473 1395 incompreliensum
1504 1327 1647 1383 diem
1679 1329 1856 1384 nescit
1884 1338 1937 1385 et
1955 1332 2051 1384 ho-

442 1434 561 1472 ram
591 1432 752 1487 quam
800 1417 919 1487 ipse
951 1417 1115 1473 fecit?
1143 1419 1304 1475 Absit
1331 1436 1361 1474 a
1402 1422 1655 1476 sensibus
1684 1423 1882 1478 nostris
1923 1424 2044 1479 hoc.

442 1511 647 1565 lterum
695 1511 812 1578 ipse
838 1510 1090 1566 Salvator
1111 1511 1243 1567 dicit
1270 1528 1284 1569 :
1317 1512 1398 1567 Da
1423 1512 1552 1581 illis,
1589 1512 1774 1579 Pater,
1805 1523 1859 1568 ut
1886 1516 2050 1570 Itono-

441 1603 647 1672 ri/iceut
692 1599 895 1656 Filium
935 1604 1070 1658 sicut
1118 1604 1463 1675 honoriﬁcant
1506 1604 1715 1659 Patrem
1757 1606 1933 1678 (Joau.
1969 1624 2043 1679 vr,

443 1697 563 1767 25).
596 1697 845 1767 ZEqualis
884 1696 1051 1768 igitur
1093 1698 1205 1753 Deo
1238 1708 1323 1755 est
1364 1698 1536 1754 Filius
1577 1699 1799 1766 deitate,
1831 1701 2047 1758 dicente

2150 496 2251 542 tem
2277 488 2418 543 vobis
2466 489 2596 555 dixi,
2636 490 2882 561 quoniam
2934 489 3025 545 ille
3063 492 3127 546 de
3171 510 3281 547 meo
3336 494 3552 563 accipiet
3583 494 3747 565 :quia
3822 554 3827 559 ,

2150 582 2327 636 omnia
2344 600 2461 654 quia
2490 582 2666 638 Patris
2698 595 2841 652 sunt,
2893 603 3005 639 mea
3050 595 3193 643 sunt.
3226 588 3282 642 Si
3326 589 3490 656 igitur
3528 604 3589 642 ea
3626 603 3747 659 qua)

2150 675 2350 744 Patris,
2383 692 2446 732 ea
2488 676 2611 733 Filii
2658 687 2806 745 sunt,
2858 689 2913 732 et
2945 680 3127 734 omnia
3160 697 3278 749 qua!
3325 679 3443 736 Filii
3479 689 3633 747 Sunt,
3685 694 3747 733 ca

2151 770 2333 823 omnia
2381 768 2619 837 Spiritus
2662 771 2833 824 sancti
2876 781 3026 834 sunt,
3077 772 3209 825 nihil
3241 787 3372 841 ergo
3404 773 3456 826 in
3496 772 3749 827 omnibus

2149 858 2302 915 deest
2333 859 2496 927 Filio,
2530 860 2677 932 quod
2723 876 2830 915 non
2876 864 3105 919 attineat
3143 864 3210 917 ad
3240 864 3360 934 ejus
3390 872 3739 934 potestatem,
3832 864 3836 867 ’

2151 951 2286 1006 nihil
2314 951 2458 1023 quod
2488 969 2594 1007 non
2624 952 2692 1009 ab
2732 968 2797 1008 eo
2834 952 3035 1009 factum
3084 955 3179 1021 sit,
3233 966 3287 1011 et
3341 954 3459 1025 ejus
3506 966 3638 1011 nuttt
3685 971 3751 1010 ac

2154 1045 2533 1100 moderamine
2583 1061 2689 1100 non
2738 1056 2976 1115 regatur.
3024 1046 3157 1101 Cum
3191 1063 3321 1116 ergo
3361 1047 3539 1103 omnia
3584 1047 3751 1103 Filius

2155 1133 2353 1189 habeat
2382 1134 2436 1190 in
2468 1145 2758 1206 potestate,
2794 1137 2846 1191 in
2889 1138 3143 1191 onmibns
3172 1140 3307 1192 nihil
3348 1141 3396 1195 ei
3438 1140 3610 1195 deest.
3644 1141 3753 1195 llo-

2152 1244 2273 1283 rum
2320 1228 2488 1299 igitur
2533 1231 2775 1285 omnium
2826 1230 2989 1287 habet
3033 1241 3357 1301 potestatem
3416 1243 3469 1290 et
3514 1233 3751 1303 Spiritus

2152 1329 2399 1389 sanctus,
2429 1337 2657 1392 quorum
2684 1333 2736 1378 et
2770 1323 2957 1378 Filius.
2988 1323 3081 1380 Sic
3106 1326 3251 1381 enim
3281 1326 3415 1381 dicit
3445 1326 3512 1382 dc
3543 1327 3751 1395 Spiritu

2151 1412 2400 1470 Salvator
2428 1433 2440 1469 :
2475 1415 2579 1469 Ille
2595 1416 2857 1487 judicabit
2886 1420 3130 1472 mundum
3164 1430 3210 1474 et
3242 1421 3527 1482 convincet,
3572 1430 3623 1474 et
3649 1422 3749 1473 do-

2151 1511 2279 1565 cebit
2312 1512 2376 1565 de
2407 1521 2617 1578 peccato
2640 1522 2685 1566 et
2716 1513 2780 1566 de
2805 1514 3047 1585 justitia,
3093 1524 3141 1569 et
3180 1515 3245 1569 de
3267 1516 3491 1589 judicio.
3528 1515 3603 1571 De
3637 1534 3753 1586 pec-

2150 1612 2267 1657 cato
2297 1603 2525 1673 quidem,
2558 1605 2699 1675 quod
2731 1621 2830 1657 non
2861 1605 3188 1660 crediderunt
3220 1606 3273 1660 iu
3305 1624 3426 1662 me:
3456 1608 3518 1661 de
3538 1610 3752 1682 justitia

2148 1697 2601 1765 autem,quouiam
2624 1696 2752 1749 vado
2781 1698 2851 1749 ad
2876 1695 3085 1751 Patrem
3115 1715 3281 1752 meum
3306 1715 3326 1753 .'
3347 1699 3409 1753 de
3424 1701 3631 1772 judicio
3651 1718 3746 1754 au-

445 1794 710 1863 Apostolo
742 1810 755 1847 :
792 1793 899 1858 Qui
925 1809 1041 1847 cum
1078 1794 1131 1848 in
1175 1798 1343 1865 forma
1370 1794 1465 1849 Dei
1494 1802 1643 1861 esset,
1671 1811 1775 1849 non
1802 1797 2046 1867 rapinam

2152 1795 2249 1840 tem
2276 1828 2291 1854 ,
2346 1787 2489 1854 quod
2541 1787 2782 1857 princeps
2826 1789 2981 1855 Itujus
3017 1791 3204 1844 mundi
3234 1794 3351 1863 jam
3372 1792 3650 1864 judicatus
3681 1800 3752 1847 est

447 1885 733 1939 arbitratus
764 1892 837 1938 est
863 1898 977 1938 cum
1002 1893 1131 1938 esset
1165 1886 1381 1956 aequalis
1430 1884 1561 1950 Deo,
1592 1886 1682 1940 sed
1720 1888 2049 1955 semetipsum

448 1978 736 2033 exiuanivit
761 1980 986 2049 formam
1025 1977 1157 2032 servi
1179 1979 1459 2045 accipiens,
1490 1977 1779 2033 humiliavit
1807 1996 1860 2034 se
1890 1996 2051 2049 usque

447 2070 515 2123 ad
549 2078 786 2137 mortem,
822 2078 1037 2124 mortem
1067 2080 1242 2123 autem
1276 2072 1443 2124 crucis
1475 2069 1651 2139 (Phil.
1678 2087 1734 2136 ιι,
1765 2072 1819 2140 6,
1844 2072 1922 2138 7).
1954 2071 2049 2126 Vi-

450 2161 547 2218 des
577 2162 720 2233 quod
747 2170 1040 2231 utrumque
1072 2161 1355 2233 Scriptura
1404 2177 1511 2216 non
1555 2163 1789 2233 abneget
1818 2162 1874 2217 in
1906 2161 2050 2216 Filio

449 2255 580 2323 Dei,
626 2264 682 2309 et
720 2254 865 2326 quod
907 2254 1003 2308 Dei
1042 2264 1126 2309 est
1178 2256 1356 2309 virtus
1401 2256 1824 2325 omnipotentis,
1868 2255 2048 2312 omnia

449 2348 695 2412 scientis,
723 2347 905 2402 omnia
945 2348 1296 2417 complentis,
1333 2348 1513 2401 omnia
1552 2348 1903 2413 continentis,
1928 2362 2048 2401 om-

449 2440 538 2493 nia
583 2439 864 2505 habentis,
913 2440 1095 2493 omnia
1144 2436 1352 2503 dantis,
1389 2438 1720 2507 iudicantis,
1764 2440 2048 2505 salvantis,

450 2534 729 2587 creantis:
765 2541 821 2587 et
850 2532 993 2603 quod
1036 2541 1235 2587 creatae
1267 2542 1473 2587 natura:
1514 2542 1617 2598 est,
1652 2533 1702 2587 id
1734 2541 1839 2602 est,
1872 2535 2054 2590 carnis

452 2627 592 2696 ejus,
616 2634 671 2681 et
706 2626 963 2695 patientis
994 2635 1049 2681 et
1071 2626 1357 2695 plorantis,
1388 2636 1441 2681 et
1472 2629 1624 2697 quasi
1652 2629 1967 2695 nescientis,
1996 2637 2052 2684 et

451 2720 606 2790 quasi
642 2734 753 2774 non
780 2720 1018 2789 potentis
1059 2720 1263 2785 omnia,
1294 2721 1451 2791 quasi
1481 2721 1737 2791 subjecti,
1768 2729 1823 2776 et
1851 2731 2049 2777 caetera

447 2812 578 2866 huic
606 2810 838 2865 similia?
866 2810 982 2865 Non
1021 2826 1154 2881 ergo
1182 2810 1351 2867 debet
1389 2826 1511 2867 esse
1551 2813 1799 2868 confusio
1842 2829 2049 2879 rerum,

448 2904 699 2974 quamvis
721 2903 1053 2974 conjunctim
1076 2919 1167 2959 res
1196 2905 1446 2959 mortalis
1475 2906 1766 2960 immortali
1791 2907 1899 2961 Deo
1920 2922 2053 2961 con-

358 2992 365 2999 ’
448 2998 630 3066 juncta
656 3006 738 3052 est
778 3006 1002 3067 propter
1035 3008 1275 3052 nostram
1308 2998 1538 3073 salutem
1572 3008 1665 3063 ;et
1701 2999 1772 3052 ita
1811 2998 2054 3053 creditur

450 3099 507 3145 et
539 3099 661 3159 post
699 3089 1013 3159 passionem
1054 3089 1324 3159 corporis,
1354 3090 1407 3144 in
1456 3105 1562 3160 quo
1598 3092 1853 3161 apparuit
1895 3092 1949 3147 in
1984 3108 2051 3148 eo

2155 1877 2364 1949 (Joan.
2424 1894 2538 1945 xu,
2590 1880 2625 1935 8
2671 1882 2870 1950 seqq).
2907 1880 3068 1936 Vides
3112 1884 3278 1952 igitur
3326 1884 3468 1954 quod
3517 1883 3753 1955 Spiritus

2152 1980 2371 2027 sanctus
2404 1972 2686 2027 annuntiat
2724 1972 2941 2038 Filium,
2978 1982 3034 2029 et
3060 1974 3218 2030 docet
3261 1974 3329 2031 de
3368 1976 3503 2031 Filio
3536 1985 3632 2031 :et
3662 1975 3753 2031 Fi-

2152 2064 2257 2120 lius
2287 2065 2354 2121 de
2382 2065 2548 2122 Patre
2579 2074 2635 2122 et
2661 2065 2869 2134 Spiritu
2898 2077 3091 2122 sancto
3120 2085 3133 2121 :
3167 2077 3221 2124 et
3265 2070 3499 2138 Spiritus
3534 2080 3751 2125 sanctus

2153 2155 2312 2211 docet
2342 2156 2411 2212 de
2440 2154 2601 2212 Patre
2630 2168 2684 2213 ct
2717 2157 2784 2213 de
2815 2157 2989 2213 Filio?
3012 2158 3251 2213 Trinitas
3283 2161 3446 2231 igitur
3476 2161 3599 2229 quia
3625 2176 3749 2216 vera

2154 2261 2259 2314 est,
2289 2250 2651 2306 inenarranda
2682 2262 2791 2321 est,
2822 2251 3119 2307 invisibilis
3149 2263 3254 2319 est,
3280 2252 3623 2324 omnipotens
3646 2263 3749 2322 est,

2156 2356 2279 2396 sese
2309 2342 2589 2411 prmdicat,
2626 2357 2748 2398 sese
2778 2342 3063 2398 annuntiat
3101 2342 3392 2413 dignanter
3420 2345 3568 2400 omni
3598 2360 3753 2400 crea-

2155 2444 2311 2503 turm,
2338 2435 2535 2490 visibili
2568 2444 2620 2489 et
2654 2437 2930 2503 invisibili,
2963 2451 3067 2491 non
3098 2438 3297 2491 valenti
3322 2436 3630 2508 dignanter,
3662 2446 3753 2492 aut

2156 2546 2401 2595 narrare,
2424 2540 2517 2585 aut
2539 2532 2747 2597 mirari,
2780 2542 2871 2585 aut
2894 2530 3382 2600 comprehendere,
3407 2541 3501 2585 aut
3525 2532 3754 2586 investi-

2153 2640 2304 2695 gare,
2350 2626 2920 2695 autqucmadirodum
2952 2634 3037 2680 est
3066 2626 3318 2680 humanis
3345 2641 3461 2680 eam
3504 2625 3701 2681 sensib:
3726 2640 3753 2680 s

2155 2734 2444 2788 occupare.
2476 2718 2703 2774 Constat
2732 2718 2897 2789 igitur
2926 2718 3187 2773 inﬁrmari
3223 2720 3516 2783 hominem,
3549 2728 3753 2775 saneta:

2155 2812 2591 2882 veneranda-quc
2623 2812 2906 2867 Trinitatis
2949 2813 3000 2865 in
3044 2813 3349 2867 enarranda
3390 2812 3594 2883 gloria,
3635 2826 3753 2866 ma-

2148 2906 2384 2977 jestate,
2434 2916 2528 2959 aut
2575 2906 2841 2975 potentia.
2897 2905 3067 2975 llujus
3118 2905 3281 2976 igitur
3317 2904 3424 2959 vim
3469 2903 3752 2960 Trinitatis

2156 3000 2397 3055 narratio
2428 2999 2616 3070 glorire
2664 2999 2710 3054 si
2758 3000 3004 3064 excedit,
3054 3009 3259 3070 quanto
3306 2999 3480 3069 magis
3527 2998 3750 3053 frustra-

2156 3092 2380 3159 lnmtur,
2411 3091 2504 3163 qui
2532 3091 2737 3147 audent
2781 3093 2922 3147 inter
2951 3091 3167 3146 Patrem
3196 3101 3250 3146 et
3282 3091 3501 3159 Filium,
3537 3099 3592 3146 et
3632 3090 3754 3161 Spi-

451 3180 615 3237 etiam
648 3195 980 3252 permanens
1011 3180 1063 3235 in
1098 3190 1421 3251 perpetuum
1453 3192 1555 3248 ;ut
1586 3191 1642 3239 et
1682 3181 1761 3238 illi
1801 3184 1890 3252 qui
1924 3198 2049 3239 cru-
2075 3180 2122 3249 C
2155 3186 2319 3242 ritum
2348 3195 2621 3250 sanctum,
2653 3192 2746 3238 aut
2776 3184 2975 3251 locum,
3010 3195 3101 3238 aut
3127 3192 3364 3255 tempus,
3398 3192 3493 3237 aut
3519 3184 3750 3254 aliquam

449 3273 746 3329 cilixerunt
770 3288 895 3329 eum
937 3274 1242 3344 aspiciant,
1270 3282 1327 3330 et
1356 3275 1749 3345 impassibilem
1781 3275 1894 3331 suis
1922 3293 2054 3331 con-

447 3366 728 3438 spectibus
749 3365 869 3436 ejus
890 3375 1103 3421 naturae
1124 3366 1324 3422 divina:
1347 3382 1443 3436 per
1463 3367 1746 3422 materiam
1777 3368 2053 3439 conSpici-

448 3460 613 3515 bilem
637 3467 1017 3524 contueantur,
1032 3458 1365 3529 etjudicium
1387 3458 1684 3515 visibiliter
1707 3460 2048 3529 terminetur,

448 3561 506 3609 ct
541 3553 787 3625 mysterii
833 3560 1044 3608 secreta
1088 3552 1320 3609 scientia
1375 3554 1674 3621 reveletur,
1698 3562 1754 3609 et
1792 3556 2051 3625 potentia:

448 3646 857 3717 ejus.majestas
884 3655 940 3705 et
968 3646 1183 3703 bonitas
1211 3662 1243 3702 a
1266 3648 1477 3703 cunctis
1504 3648 1819 3705 hominibus
1847 3664 2052 3721 cogno-

447 3748 650 3794 SCc'lllll‘.

524 3830 610 3885 Ill.
651 3831 789 3899 Quid
818 3831 962 3903 quod
993 3838 1049 3888 et
1086 3829 1348 3903 Spiritum
1380 3838 1628 3887 sanctum
1658 3846 1846 3887 verum
1878 3831 2049 3887 Deum

450 3926 760 3982 invenimus
790 3926 842 3981 in
872 3927 1173 3996 Scriptura,
1206 3937 1263 3982 et
1293 3926 1360 3981 de
1386 3926 1547 3982 Patre
1573 3928 1790 3997 proprie
1817 3942 1958 3993 esse,
1992 3935 2051 3983 et

449 4034 573 4074 cum
605 4020 767 4075 Patre
793 4030 848 4075 et
880 4018 1015 4074 Filio
1032 4035 1272 4090 semper,
1294 4020 1459 4075 sedet
1481 4036 1738 4090 regnare,
1764 4030 2044 4090 etcreare,

449 4122 505 4168 et
529 4113 729 4182 ubique
760 4127 900 4180 esse,
939 4124 995 4167 et
1038 4113 1274 4179 salvare,
1315 4122 1371 4167 et
1398 4112 1695 4177 viviticare,
1743 4121 1796 4169 et
1825 4125 2047 4183 peccata

448 4205 743 4271 dimittere,
776 4214 832 4260 et
875 4206 1056 4259 omnia
1090 4206 1337 4276 implere,
1393 4215 1449 4260 et
1477 4207 1841 4276 sanetilicare,
1877 4219 1932 4263 et
1960 4208 2046 4279 ju-

451 4298 657 4361 dicare,
701 4304 757 4352 et
783 4297 1004 4365 docere,
1038 4307 1093 4353 et
1124 4298 1306 4351 omnia
1337 4298 1500 4365 scire,
1528 4309 1583 4353 et
1607 4299 1914 4356 inhabitare
1946 4318 1960 4354 :
1993 4314 2048 4356 et

449 4391 905 4463 quemadmodum
941 4392 1109 4447 Filius
1140 4392 1261 4458 Dei,
1313 4393 1383 4447 ita
1428 4402 1483 4449 et
1516 4393 1752 4463 Spiritus
1800 4405 2043 4467 sanctus,

447 4501 679 4554 persona
714 4486 868 4541 tertia
898 4486 1040 4541 sicut
1079 4486 1202 4542 Filii
1228 4495 1282 4542 et
1310 4486 1529 4543 Patris?
1564 4488 1697 4543 Tres
1741 4488 1887 4545 enim
1919 4506 2044 4560 per-

2158 3293 2377 3335 causam
2406 3278 2701 3334 humanam
2732 3293 2977 3349 ponere:
3010 3280 3102 3352 qui
3137 3294 3247 3335 non
3293 3279 3467 3335 solum
3506 3277 3633 3350 quid
3682 3277 3755 3333 sit

2156 3374 2296 3428 Deus
2326 3387 2433 3427 non
2463 3370 2887 3428 intellexerunt:
2914 3371 3010 3427 sed
3034 3387 3132 3428 nec
3156 3372 3320 3428 etiam
3346 3369 3472 3441 quid
3499 3368 3567 3425 sit
3589 3371 3752 3425 homo

2154 3465 2439 3522 attendere
2463 3465 2795 3534 potuerunt?
2824 3463 2970 3520 Nihil
3000 3479 3132 3535 ergo
3172 3464 3227 3519 in
3259 3463 3527 3519 Trinitate
3547 3462 3753 3518 subita-

2153 3575 2342 3627 neum,
2391 3558 2530 3614 nihil
2584 3558 2994 3628 nuperrimum,
3047 3556 3181 3612 nihil
3237 3557 3559 3628 temporale,
3615 3556 3751 3611 nihil

2154 3653 2450 3723 impotens,
2480 3650 2612 3706 nihil
2644 3651 2845 3716 minus,
2887 3649 3021 3704 nihil
3053 3650 3319 3721 inchuale
3351 3666 3366 3707 :
3393 3648 3633 3705 Trinitas
3660 3665 3751 3705 ve-

2152 3744 2417 3809 neranda,
2448 3744 2811 3814 deprecanda,
2842 3741 3084 3797 Trinitas
3114 3741 3495 3803 inenarranda.
3528 3741 3751 3796 investi-

2150 3838 2347 3909 ganda,
2380 3834 2970 3907 incomprehendenda.
3008 3834 3075 3891 Et
3096 3835 3239 3905 quod
3272 3834 3621 3889 invisibilium
3653 3849 3744 3889 re-

2151 3947 2272 3986 rum
2305 3930 2438 3985 ﬁdes
2460 3940 2565 3991 est,
2600 3928 2759 3983 nobis
2788 3927 2917 3983 dicit
2937 3925 3232 3997 Apostolus
3261 3943 3275 3980 :
3309 3925 3403 3980 Est
3430 3934 3600 3981 autem
3620 3928 3750 3996 ﬁdes

2151 4024 2523 4096 sperandarum
2553 4021 2863 4088 substantia,
2896 4037 3070 4075 rerum
3114 4018 3451 4073 iuvisibilium
3478 4021 3746 4074 examina-

2153 4120 2255 4173 trix
2285 4122 2303 4190 (
2330 4117 2463 4173 Heb.
2500 4133 2577 4186 xi,
2612 4118 2631 4171 1
2672 4114 2711 4186 ).
2742 4114 2799 4169 In
2831 4113 2934 4170 hac
2959 4115 3103 4169 enim
3132 4113 3499 4168 testimonium
3529 4128 3746 4167 merue-

2150 4221 2279 4267 runt
2319 4211 2588 4267 seniores.
2622 4208 2690 4263 Et
2722 4209 2913 4263 iterum
2944 4206 2997 4261 in
3039 4205 3371 4278 Evangelio:
3402 4204 3569 4258 Deum
3599 4221 3749 4258 nemo

2151 4307 2275 4359 vidit
2300 4321 2562 4377 umquam.
2595 4303 2662 4357 Et
2706 4304 2898 4356 iterum
2925 4316 2942 4354 :
2976 4301 3202 4373 Spiritus
3233 4300 3322 4353 ubi
3349 4299 3455 4353 vult
3480 4299 3663 4370 spirat,
3698 4306 3746 4350 et

2150 4414 2319 4453 vocem
2346 4399 2457 4471 ejus
2486 4396 2659 4463 audis,
2691 4395 2781 4449 sed
2808 4395 2974 4449 nescis
3000 4394 3139 4448 unde
3168 4394 3362 4463 veniat,
3393 4402 3562 4458 etquo
3591 4392 3746 4446 vadat

2152 4493 2336 4565 (Joan.
2368 4509 2407 4555 ι,
2441 4491 2536 4556 18;
2578 4505 2659 4556 ιιι,
2698 4489 2787 4560 8).
2832 4488 2987 4556 Quod
3026 4488 3172 4542 Deus
3210 4495 3295 4542 est
3329 4485 3586 4557 Spiritus,
3615 4485 3745 4541 dicit

444 4592 596 4634 sonas
626 4588 752 4635 sunt
778 4579 974 4650 quibus
1019 4580 1314 4645 credimus,
1358 4596 1485 4635 vere
1515 4582 1750 4652 :equales
1780 4600 1791 4638 :
1820 4583 2039 4652 divinze,
2070 4572 2126 4634 Ι)
2152 4585 2343 4641 beatus
2370 4582 2567 4637 Petrus
2594 4581 2872 4651 apostolus
2898 4596 2911 4635 :
2947 4578 3015 4635 Ut
3043 4578 3169 4649 quid
3197 4579 3437 4633 mentitus
3481 4594 3536 4631 es
3564 4576 3741 4643 Spiri-

444 4672 715 4743 nniusque
742 4673 1080 4742 substantiae,
1107 4675 1158 4728 id
1194 4683 1297 4741 est,
1323 4674 1389 4730 dc
1420 4675 1580 4730 Patre
1611 4675 1803 4741 Filius,
1836 4687 1891 4734 et
1920 4679 2041 4747 Spi-

444 4768 584 4824 ritus
612 4776 835 4823 sanctus
869 4770 1091 4839 proprie
1119 4778 1172 4823 et
1196 4784 1326 4824 vere
1353 4769 1421 4824 de
1450 4769 1606 4825 Patre
1629 4769 1879 4842 Filioque
1916 4786 2042 4843 pro-

446 4863 610 4922 cedit.
636 4863 879 4918 Primum
908 4863 1074 4933 igitur
1101 4865 1286 4934 accipe
1316 4864 1459 4936 quod
1492 4864 1559 4919 de
1589 4864 1747 4920 Patre
1776 4874 1859 4920 est
1904 4880 2041 4936 pro—

446 4962 563 5027 prie
594 4960 833 5029 Spiritus
863 4971 1110 5027 sanctus,
1141 4960 1353 5015 dicente
1383 4960 1663 5030 Scriptura
1689 4978 1701 5015 :
1737 4960 1902 5015 Verbo
1936 4961 2042 5016 Do-

440 5053 568 5106 mini
591 5053 703 5107 catli
725 5054 921 5121 ﬁrmati
942 5062 1081 5122 sunt,
1110 5062 1155 5108 et
1186 5055 1373 5126 spiritu
1402 5055 1505 5109 oris
1533 5056 1643 5127 ejus
1672 5056 1839 5109 omnis
1879 5056 2041 5110 virtus

442 5145 661 5209 eorum(
694 5142 893 5197 Psalm.
933 5160 1105 5211 xxxii,
1137 5144 1214 5217 6).
1249 5145 1317 5200 Et
1369 5144 1620 5200 Salvator
1647 5146 1755 5199 ait:
1788 5144 1918 5199 Cum
1944 5162 2041 5199 au-

443 5248 545 5289 tent
577 5240 767 5291 venerit
808 5237 1137 5306 Paraclrtus,
1172 5240 1402 5313 Spiritus
1428 5240 1653 5294 veritatis
1680 5240 1768 5311 qui
1796 5240 1858 5293 de
1882 5240 2041 5296 Patre

438 5328 692 5398 procedit,
726 5327 819 5382 ille
844 5330 906 5384 de
940 5347 1051 5385 meo
1080 5332 1315 5403 accipiet,
1341 5332 1589 5400 quoniam
1626 5332 1737 5400 ipse
1765 5347 1845 5384 me
1872 5331 2035 5404 glori-

444 5422 641 5489 ﬁcabit,
691 5429 740 5476 et
784 5424 988 5477 veniens
1023 5425 1350 5479 annuntiabit
1394 5423 1755 5491 vobis(Joau.
1784 5439 1872 5487 xv,
1901 5421 2034 5495 26).

444 5519 503 5569 lit
552 5516 715 5571 solvit
763 5519 949 5573 statim
999 5519 1364 5589 interpretans
1400 5516 1694 5580 Dominus,
1742 5517 2039 5573 ostendens

441 5610 675 5674 primum
706 5608 925 5679 quidem
956 5610 1100 5679 quod
1130 5624 1365 5679 persona
1410 5610 1481 5664 sit
1517 5608 1756 5679 Spiritus
1786 5620 2031 5679 sanctus,

438 5704 631 5757 umens
658 5719 673 5757 :
701 5700 803 5757 Ille
831 5702 894 5757 de
915 5719 1023 5757 meo
1052 5704 1292 5774 accipiet.
1317 5702 1390 5758 Et
1409 5712 1468 5759 ut
1496 5718 1565 5759 ne
1600 5702 1761 5759 sicuti
1788 5716 2031 5767 servum,

434 5804 534 5877 out
561 5802 889 5863 creaturam,
918 5805 1009 5855 aut
1035 5796 1250 5855 Patrem
1280 5804 1556 5869 putemus,
1584 5804 1860 5856 monstret
1889 5793 2034 5853 Patri

2148 4677 2227 4732 tui
2256 4682 2452 4742 sancto,
2488 4674 2729 4728 Anauia.’
2759 4672 2880 4728 Non
2910 4688 2963 4727 cs
3013 4672 3254 4726 mentitus
3303 4669 3617 4735 hominibus,
3649 4668 3742 4723 sed

2145 4768 2439 4840 Deo(Act.
2491 4784 2546 4834 τ’,
2578 4769 2633 4837 4,
2679 4768 2712 4823 5
2753 4765 2797 4839 ).
2839 4766 2957 4822 Non
2990 4765 3127 4820 dixit
3160 4764 3303 4819 Patri
3349 4773 3404 4819 et
3432 4763 3594 4829 Filio,
3643 4761 3737 4818 sed

2146 4866 2368 4935 Spiritui
2414 4872 2625 4919 sancto.
2657 4860 2826 4917 Vides
2864 4860 3027 4931 igitur
3050 4858 3194 4931 quod
3226 4857 3371 4913 Deus
3401 4866 3484 4913 est
3509 4857 3740 4926 Spiritus

2143 4968 2385 5012 sanctus.
2415 4956 2481 5011 Et
2507 4953 2650 5026 quod
2672 4953 2870 5023 ubique
2893 4964 2993 5015 est,
3018 4951 3148 5006 dicit
3171 4960 3394 5005 sanctus
3417 4949 3687 5019 Pr0pheta
3722 4966 3736 5004 :

2149 5051 2265 5118 Quo
2312 5051 2510 5123 fugiam
2539 5067 2569 5102 a
2600 5048 2788 5115 spiritu
2819 5056 2935 5113 tuo,
2982 5043 3244 5099 Domine?
3273 5052 3363 5097 aut
3391 5061 3423 5097 a
3469 5044 3603 5114 facie
3649 5052 3740 5097 tua

2144 5162 2245 5212 quo
2275 5142 2462 5198 vadam
2506 5139 2747 5213 (Psalm.
2790 5155 3054 5204 cxxxvnt,
3104 5136 3203 5209 7)?
3255 5136 3324 5192 Et
3366 5136 3507 5208 quod
3556 5137 3739 5190 omnia

2143 5237 2382 5308 complet
2408 5235 2644 5305 Spiritus
2668 5236 2805 5288 sicut
2834 5233 3028 5301 Filius,
3059 5231 3133 5286 ait
3165 5230 3471 5301 Propheta:
3504 5230 3739 5297 Spiritus

2142 5331 2353 5385 Domini
2374 5329 2588 5397 replevit
2614 5328 2789 5382 orbem
2820 5338 3075 5381 terrarum
3099 5324 3255 5400 (Sap.
3277 5325 3549 5395 xv,7).Et
3580 5326 3649 5380 ita
3682 5326 3735 5381 in

2144 5424 2294 5480 Actis
2334 5421 2704 5492 apostolorum
2738 5438 2750 5473 :
2785 5418 2911 5473 Hau:
2948 5418 3075 5473 dicit
3119 5418 3347 5492 Spiritus
3364 5417 3557 5492 jubens
3586 5433 3605 5472 :
3639 5418 3740 5475 Se-

2140 5526 2322 5591 parale
2370 5516 2499 5571 mihi
2528 5513 2825 5569 Barnabam
2871 5522 2919 5568 et
2965 5511 3193 5566 Paulum
3238 5513 3293 5566 in
3322 5529 3450 5579 Opus
3489 5514 3560 5565 ad
3597 5513 3739 5582 quod

2137 5610 2624 5665 vocavieosmittere
2642 5607 2659 5677 (
2679 5607 2855 5661 Actor.
2879 5620 2999 5674 xm,
3022 5604 3101 5675 Ξ).
3128 5604 3195 5661 Et
3224 5604 3423 5660 iterum
3445 5602 3691 5674 Apostoli
3718 5622 3734 5659 :

2139 5701 2351 5757 Placuit
2379 5700 2601 5773 Spiritui
2633 5698 2851 5767 Sancto,
2886 5706 2933 5754 et
2956 5697 3102 5752 nobis
3136 5696 3335 5771 (Actor.
3370 5712 3467 5765 xv,
3504 5694 3623 5770 28).
3665 5696 3735 5755 Et

2136 5793 2194 5851 in
2224 5792 2366 5852 libro
2396 5792 2706 5865 Regnorum
2736 5790 2869 5851 dicit
2905 5790 3054 5850 Deus
3080 5788 3135 5847 in
3162 5788 3378 5849 Judzeos
3411 5804 3424 5843 :
3466 5787 3735 5862 Regnave-
