3926 6290
528 241 643 303 183

1563 238 1623 298 S.
1665 238 2052 300 HIERONYMI
2091 238 2381 302 ορεῐιωί
2422 241 2790 304 MANTISSA.

3675 262 3759 320 184

530 357 777 419 oratoris
813 353 1204 430 eloquentiam.
1244 354 1317 413 Et
1344 364 1405 412 ut
1438 353 1683 413 breviter
1710 357 1917 428 signem
1948 400 1963 425 ,
2000 365 2132 429 puto
2159 365 2212 428 Α
2236 360 2437 418 accola:
2457 363 2626 419 eremi
2651 372 2799 435 sunt,
2819 362 3223 437 cmjesteslillos
3242 365 3455 435 choros,
3478 384 3564 441 per
3581 376 3763 434 eosdem

535 462 596 511 te
623 452 942 523 Quintiliani
971 450 1364 508 controversia:
1394 449 1695 518 recordari,
1724 450 1778 506 in
1801 466 1904 521 qua
1930 466 2138 522 pauper

532 559 796 609 causatur
820 594 835 619 ,
876 550 1071 605 dolens
1099 547 1168 604 ob
1193 547 1470 603 interitum
1502 562 1664 617 apum
1691 589 1706 614 ,
1744 546 1907 603 ﬁeres
1934 547 2002 603 ab
2033 548 2135 603 im-

535 645 924 717 potentissime
969 641 1137 698 divite
1176 650 1503 697 venenatos.
1552 641 1684 697 Esto
1735 640 1853 697 htcc
1895 640 2135 712 jucunda

533 738 689 802 sint,
732 742 789 789 et
821 747 1008 789 aurem
1039 732 1345 803 composito
1371 731 1509 803 pede
1541 731 1861 799 mulceant,
1910 730 2039 803 quid
2070 732 2136 787 ad

535 828 826 885 diaconum
868 826 995 901 [AL
1038 834 1170 881 tacet
1215 824 1347 897 quid
1374 824 1442 881 ad
1472 823 1801 898 diaconum]
1828 866 1843 889 ,
1892 823 2023 894 quid
2069 822 2141 879 ad

534 921 805 977 Ecclesiae
838 928 1181 975 sacramenta
1207 962 1222 987 ,
1268 917 1397 990 quid
1437 918 1505 974 ad
1538 928 1751 989 tempus
1779 918 2007 975 Pascha:
2031 931 2141 989 quo

534 1032 709 1090 agnus
737 1016 1043 1084 occiditur,
1075 1031 1201 1072 cum
1242 1015 1509 1072 accinctis
1539 1014 1741 1072 lumbis
1783 1030 1981 1071 carnes
2018 1030 2142 1071 cum

537 1109 756 1165 ossibus
782 1110 1126 1163 devorantur
1157 1126 1172 1162 :
1201 1122 1326 1163 cum
1357 1115 1573 1163 tacente
1600 1107 1881 1178 episcopo,
1914 1115 1971 1163 et
2000 1122 2145 1176 pres-

537 1206 751 1277 byteris
781 1205 833 1259 in
861 1203 1133 1275 plebeium
1170 1202 1573 1274 quodammodo
1621 1202 1825 1258 cultum
1864 1200 2101 1257 redactis
2124 1243 2140 1269 ,
2178 1232 2181 1233 ν

534 1298 728 1355 Levita
759 1296 1023 1367 loquitur,
1054 1294 1320 1365 docetque
1346 1294 1492 1366 quod
1524 1309 1662 1366 pene
1695 1309 1801 1350 non
1833 1291 2061 1348 didicit:
2088 1300 2146 1349 et

536 1389 903 1448 festivissime
928 1388 1231 1461 praedicans
1264 1396 1513 1459 tempore
1541 1430 1556 1453 ,
1612 1397 1729 1443 toto
1770 1386 1969 1443 dehinc
2002 1400 2147 1440 anno

535 1482 814 1555 iustitium
837 1481 988 1537 vocis
1006 1481 1129 1551 ejus
1149 1479 1442 1537 indicitur?
1470 1479 1711 1537 Videsne
1733 1495 1895 1551 quam
1914 1478 2144 1551 grandia

537 1576 687 1633 sint?
708 1573 968 1645 intelligis
988 1582 1042 1630 te
1062 1573 1305 1629 difﬁcilia
1326 1573 1630 1644 postulare.
1645 1572 1705 1629 In
1729 1571 1922 1629 eodem
1947 1573 2148 1643 quippe

541 1674 821 1724 momento
843 1676 900 1722 et
923 1665 1267 1737 prmdicanda
1294 1666 1645 1721 conscribere
1669 1706 1685 1730 .
1718 1672 1775 1719 et
1796 1679 1894 1719 cur
1915 1664 1986 1719 ita
2010 1679 2151 1733 prm-

2241 454 2488 525 erupissc
2515 457 2761 512 tramites
2786 497 2801 524 ,
2846 456 3040 513 iisdem
3072 458 3327 517 institisse
3354 465 3594 534 vestigiis.
3640 467 3695 523 Et
3720 480 3767 525 ut

2240 546 2457 619 longam
2509 548 2813 604 orationem
2867 550 3191 619 compendio
3243 551 3471 608 breviem
3527 558 3767 628 (epistola

2241 640 2441 711 quippe
2483 642 2678 697 librum
2721 642 2974 701 redolere
3012 659 3117 700 non
3165 644 3359 717 debet)
3401 657 3487 703 aut
3522 665 3664 720 parva
3693 666 3767 709 aut

2242 751 2437 807 magna
2501 746 2673 805 sunt,
2731 753 2851 808 quae
2903 738 3003 795 tibi
3048 739 3347 796 deserenda
3396 742 3677 800 suademus.
3724 747 3769 803 Si

2244 842 2409 899 parva
2435 870 2453 895 ,
2505 845 2613 886 non
2658 830 2883 888 difﬁcile
2932 841 3089 902 putes
3137 847 3303 902 parva
3347 845 3684 894 contemnere.
3725 841 3768 895 Si

2245 937 2440 993 magna
2464 967 2479 992 ,
2529 922 2735 993 majora
2775 925 2987 995 magnis
3029 925 3250 995 praemia
3283 937 3647 996 praeparantur.
3687 931 3772 987 Sed

2245 1015 2385 1071 dicis
2410 1034 2424 1070 :
2456 1015 2591 1071 Volo
2623 1016 2771 1087 prius
2799 1026 3088 1088 paternum
3116 1033 3211 1073 rus
3236 1017 3466 1074 vendere
3484 1060 3498 1085 ,
3528 1028 3582 1075 et
3606 1021 3776 1092 exiguis

2245 1108 2549 1179 sumptibus
2577 1110 2920 1182 congregatis
2942 1150 2959 1177 ,
2994 1111 3110 1166 sive
3138 1110 3388 1167 viaticum
3416 1113 3512 1167 vite
3537 1121 3781 1179 sternere.

2246 1204 2362 1258 sive
2391 1201 2445 1257 in
2478 1217 2775 1273 pauperum
2803 1218 2891 1260 me
2920 1204 3235 1260 alimoniam
3277 1219 3592 1276 prmparare.
3629 1208 3685 1261 Et
3715 1208 3783 1263 hic

2249 1296 2632 1367 Evangelicam
2664 1297 2791 1353 audi
2817 1298 3145 1354 sententiam
3172 1314 3186 1353 :
3216 1298 3279 1354 Si
3309 1298 3381 1353 vis
3410 1303 3647 1371 perfectus
3673 1317 3784 1367 esse,

2246 1390 2409 1457 uade,
2440 1390 2600 1445 reside
2627 1392 2807 1444 omnia
2833 1406 2953 1463 quae
2976 1390 3134 1445 habes
3160 1430 3175 1456 ,
3207 1399 3257 1446 et
3292 1391 3362 1444 da
3400 1392 3714 1463 pauperibus,
3752 1405 3787 1446 et

2248 1482 2384 1549 ueni,
2416 1489 2466 1535 et
2491 1497 2699 1553 sequere
2727 1498 2807 1538 me
2834 1482 3049 1555 (Matth.
3078 1498 3191 1550 ιιι,
3214 1482 3331 1553 21).
3364 1482 3543 1538 Plures
3565 1484 3663 1552 jam
3690 1486 3789 1538 anni

2248 1580 2375 1627 sunt
2399 1572 2544 1643 quod
2574 1573 2790 1645 cmpisti
2829 1574 3037 1631 servire
3076 1575 3206 1630 Deo.
3256 1575 3407 1631 Mens
3439 1574 3692 1629 Christum
3722 1590 3791 1630 se-

2250 1680 2423 1735 quens
2450 1680 2559 1720 non
2603 1665 2697 1721 diu
2731 1666 2915 1721 saaculi
2942 1666 3175 1721 sustinet
3214 1680 3391 1731 onus,
3427 1680 3523 1721 nec
3552 1680 3607 1722 se
3630 1665 3794 1735 patitur

540 1759 725 1815 dicata
756 1758 866 1813 sint
891 1758 1094 1814 docere
1118 1802 1132 1825 ,
1168 1756 1422 1815 omnium
1466 1755 1851 1813 difﬁcillimum
1879 1766 1983 1812 est.
2014 1755 2148 1811 Nam
2180 1752 2230 1813 B
2254 1759 2561 1816 istiusmodi
2592 1759 2826 1817 vinculis
2854 1760 3083 1833 alligari.
3124 1761 3268 1828 Quin
3299 1762 3473 1832 potius
3504 1761 3793 1826 timendum,

540 1851 681 1907 illttd
711 1865 849 1923 pene
890 1866 977 1908 me
1013 1849 1318 1922 praeteriit,
1367 1848 1515 1920 quod
1545 1849 1745 1905 divinis
1775 1849 1945 1918 magis
1983 1863 2147 1919 quam

542 1948 803 2004 humanis
838 1946 1067 2003 vocibus
1098 1946 1478 2002 disserendum
1519 1952 1625 2001 est.
1670 1943 1816 2015 Lege
1855 1944 2151 2000 Pentateu-

541 2042 706 2099 chutn
733 2084 747 2109 ,
796 2040 1220 2098 lnstrumentum
1256 2053 1518 2111 percurre
1556 2045 1712 2095 vetus
1743 2054 1760 2092 :
1794 2052 2059 2109 nusquam
2092 2037 2147 2092 in

546 2134 647 2191 Dei
678 2132 966 2191 sacriﬁciis
997 2132 1159 2188 mella
1187 2173 1203 2197 ,
1246 2146 1511 2203 nusquam
1542 2146 1687 2188 certe
1716 2146 1905 2193 usum.
1940 2130 2035 2186 sed
2065 2130 2148 2185 lu—

542 2243 833 2284 cernarum
874 2225 1075 2283 lumina
1102 2268 1119 2295 ,
1157 2232 1215 2282 et
1255 2225 1381 2282 oleo
1408 2224 1554 2281 fotos
1591 2224 1807 2281 videbis
1853 2223 2144 2293 igniculos.

517 2318 671 2387 Quid
704 2334 912 2377 causer
938 2318 1008 2374 de
1039 2317 1213 2374 veteri
1242 2316 1639 2373 Testamento?
1677 2316 1856 2372 Novos
1882 2330 2147 2386 percurre

540 2411 737 2469 libros.
773 2410 872 2477 lli,
899 2418 959 2464 ut
988 2409 1206 2480 opinor,
1235 2416 1361 2464 sunt
1389 2407 1686 2479 Evangelia
1715 2414 1972 2479 quatuor,
2008 2422 2145 2477 apo-

542 2506 809 2562 stolorum
836 2504 1028 2569 Actus,
1050 2502 1328 2573 Epistolas,
1348 2502 1575 2559 Joannis
1600 2501 1974 2572 Apocalypsis.
1999 2500 2145 2557 Nihil

540 2607 744 2671 praeter
772 2596 911 2663 ista;
942 2594 1204 2666 numquid
1234 2594 1433 2651 alicubi
1465 2596 1694 2651 cereus?
1725 2595 1919 2651 Nonne
1947 2595 1999 2649 in
2038 2595 2144 2651 ﬁne

542 2689 654 2765 [ΑΙ.
688 2686 825 2760 ﬁde]
864 2688 1145 2759 Evangelii
1173 2686 1489 2745 dctonantis
1519 2687 1662 2744 inter
1687 2696 1894 2757 septem
1936 2686 2143 2743 cande-

538 2782 693 2838 labra
718 2790 773 2837 et
796 2781 1047 2837 lucernas
1068 2794 1284 2848 aureas,
1304 2794 1538 2851 sponsus
1559 2780 1837 2836 revelatur
1860 2779 2143 2835 incedens?

537 2877 623 2934 Ad
649 2876 767 2933 lucc
792 2874 1190 2947 respondebis:
1215 2874 1286 2930 Et
1309 2889 1411 2946 ego
1440 2891 1471 2930 a
1501 2884 1553 2930 te
1575 2874 1692 2930 ﬁeri
1723 2873 1929 2929 idcirco
1956 2882 2143 2944 postu-

535 2969 678 3037 lavi,
711 2968 837 3040 quia
866 2967 1003 3025 scivi
1033 2982 1157 3023 esse
1182 2965 1407 3022 difﬁcile
1429 2967 1571 3037 quod
1603 2966 1873 3037 petebam.
1921 2965 2143 3022 Leviter

539 3065 723 3120 omnis
745 3065 973 3121 solvitur
1001 3062 1261 3134 quaestio,
1294 3069 1350 3116 et
1381 3075 1479 3133 par
1508 3062 1622 3132 pari
1649 3060 1887 3116 refertur
1913 3067 2137 3116 senten-

2253 1868 2324 1909 ne
2352 1852 2479 1908 dum
2506 1854 2724 1908 occasio
2748 1852 3107 1909 distribuendi
3134 1853 3445 1924 patrimonii
3470 1851 3796 1923 praetenditur,

2252 1945 2382 2001 dum
2426 1961 2534 2001 non
2574 1946 2658 2001 vis
2702 1959 2818 2001 rem
2863 1946 3087 2017 majoris
3116 1944 3281 2017 pretii
3310 1945 3533 2000 minoris
3560 1943 3796 2008 vendere,

2253 2038 2326 2095 sit
2356 2039 2803 2110 impedimentum
2840 2040 2895 2095 in
2939 2040 3222 2111 proposito
3261 2048 3375 2095 tuo.
3418 2039 3605 2095 Decem
3630 2036 3798 2105 aliquid

2251 2141 2490 2203 emptum
2520 2142 2605 2188 est
2633 2132 2957 2201 nummulis,
2992 2132 3078 2188 vel
3104 2148 3274 2188 unum
3304 2133 3531 2188 libenter
3557 2130 3799 2200 accipitur,

2250 2222 2381 2279 dum
2410 2238 2497 2279 me
2525 2223 2595 2278 ad
2630 2223 2875 2294 praelium
2915 2224 3265 2280 festinantem
3313 2223 3477 2279 nullte
3514 2221 3805 2293 prrcpcdiant

2249 2332 2438 2372 morae.
2469 2316 2753 2373 Matthxus
2780 2316 2980 2373 sedens
3007 2315 3075 2371 ad
3104 2318 3379 2373 teloneum
3409 2315 3553 2371 audit
3580 2332 3590 2366 :
3620 2314 3806 2384 Sequere

2248 2426 2329 2465 me
2357 2408 2583 2478 (Matth.
2619 2424 2705 2480 ιι,
2733 2410 2818 2481 9).
2848 2409 3121 2481 Numquid
3151 2410 3306 2481 prius
3332 2406 3609 2465 ratiocinia
3632 2422 3803 2475 suppu-

2249 2504 2420 2571 tavit,
2462 2513 2517 2559 et
2546 2518 2797 2561 reversus
2823 2504 3047 2560 domum
3077 2519 3306 2560 suorum
3340 2517 3532 2572 passus
3561 2509 3640 2558 est
3663 2501 3807 2569 Iacry-

2246 2611 2389 2663 mas,
2420 2596 2863 2669 praediorumque
2891 2598 3147 2653 auctione
3175 2597 3476 2666 sollicitus,
3508 2607 3802 2664 nequaquam

2246 2691 2423 2763 potuit
2453 2691 2662 2746 Domini
2708 2691 2861 2761 sequi
2899 2689 3125 2760 vestigia
3154 2736 3169 2761 ,
3223 2690 3332 2746 nisi
3374 2689 3557 2745 mundi
3592 2703 3648 2743 se
3680 2685 3807 2758 prius

2245 2798 2417 2840 onere
2448 2784 2751 2840 liberaret?
2790 2785 2885 2840 llle
2926 2784 3233 2855 discipulus
3274 2784 3370 2855 qui
3408 2782 3708 2839 renuntiare
3732 2792 3807 2845 pa.

2244 2875 2490 2932 rentibus
2517 2883 2644 2931 ante
2670 2877 2945 2947 cupiebat,
2976 2891 3111 2933 voce
3136 2875 3449 2932 Salvatoris
3478 2874 3728 2942 arguitur.
3757 2870 3811 2924 Et

2244 2977 2391 3025 certe
2419 2968 2648 3023 multum
2674 2978 2757 3025 est
2784 2968 2926 3024 inter
2946 2982 3095 3035 eum,
3128 2968 3292 3038 cujus
3319 2965 3503 3023 brevis
3528 2964 3592 3018 ad
3620 2963 3808 3017 domum

2241 3077 2497 3119 recursus
2540 3062 2721 3117 statim
2748 3061 2965 3118 venturi
2995 3062 3425 3133 reprehenditur
3453 3101 3469 3127 ,
3514 3069 3568 3116 et
3611 3068 3697 3123 te,
3735 3054 3813 3125 qui

537 3161 642 3217 tia.
688 3160 758 3216 Et
794 3175 900 3232 ego
937 3132 1034 3215 me
1064 3158 1269 3214 idcirco
1306 3132 1487 3213 facere
1523 3155 1723 3211 debere
1760 3170 1867 3209 non
1894 3154 2136 3226 putabo',
2165 3132 2213 3197 ο
2248 3162 2399 3208 tanto
2424 3153 2535 3223 jam
2564 3162 2810 3223 tempore
2832 3192 2849 3219 ,
2880 3161 2973 3207 aut
3014 3132 3123 3208 non
3159 3153 3359 3209 vendis
3388 3161 3479 3207 tua
3504 3196 3518 3221 ,
3550 3148 3685 3221 quod
3721 3148 3811 3201 cito

541 3256 667 3327 quia
708 3270 823 3312 rem
864 3253 1243 3311 difﬁcillimam
1287 3250 1578 3322 postulasti
1624 3264 1642 3307 :
1684 3257 1921 3305 attamen
1974 3263 2043 3304 ne
2086 3256 2141 3304 te

540 3349 821 3408 causando
851 3348 1099 3405 diﬁ‘eram
1124 3387 1140 3415 ,
1181 3346 1227 3401 si
1262 3359 1447 3401 coram
1477 3344 1682 3416 pariter
1710 3342 1971 3399 fuerimus
1991 3386 2005 3411 ,
2046 3356 2141 3395 au-

541 3444 662 3500 dies
688 3442 944 3498 universa
973 3454 1095 3512 quas
1137 3438 1371 3495 sentiam
1402 3454 1418 3493 :
1449 3444 1510 3492 ut
1542 3436 1589 3492 si
1616 3435 1747 3506 quid
1783 3433 1926 3490 forte
1958 3434 2140 3489 nesci-

542 3552 700 3602 mus,
728 3536 783 3592 in
812 3546 903 3591 tua
935 3548 1067 3589 aure
1091 3532 1375 3589 moriatur.
1409 3529 1544 3586 Nam
1570 3528 1660 3600 qui
1692 3528 1902 3597 scribit,
1936 3528 2141 3583 multos

543 3631 715 3686 sumit
760 3628 972 3699 iudices
1003 3643 1017 3683 :
1046 3625 1190 3683 alius
1230 3624 1285 3680 in
1324 3622 1551 3680 alterius
1590 3623 1722 3677 livet
1759 3636 1824 3677 ac
1862 3629 2140 3691 grassatur

543 3722 847 3793 ingenium.
893 3719 989 3775 llle
1020 3719 1066 3774 si
1096 3732 1237 3774 unus
1266 3730 1448 3772 sermo
1479 3714 1713 3771 defuerit
1739 3754 1755 3780 ,
1802 3712 1958 3783 quasi
1992 3711 2139 3767 clauo

541 3813 667 3868 dam
699 3810 1100 3867 oratiunculam
1129 3806 1362 3878 diﬁ'ugit.
1407 3805 1565 3861 Alius
1598 3805 1642 3859 si
1676 3803 1945 3874 paululum
1972 3816 2031 3858 se
2061 3802 2140 3857 lo-

540 3903 758 3975 quentis
779 3902 1080 3958 cothurnus
1102 3898 1383 3966 extulerit,
1397 3912 1505 3955 non
1524 3896 1900 3968 presbyterum
1923 3892 2140 3950 latrabit

538 4013 685 4069 esse,
719 3997 814 4054 sed
844 3996 1143 4053 rhetorem.

610 4091 678 4147 ll.
719 4090 903 4161 llaque
930 4089 978 4145 si
1003 4089 1089 4144 vis
1116 4098 1170 4144 te
1196 4086 1330 4143 mihi
1360 4086 1465 4141 boc
1485 4082 1711 4156 obligari
1738 4097 1984 4149 munere,
2018 4080 2140 4136 Pla-

540 4186 788 4245 centinas
819 4184 1043 4242 delicias
1071 4178 1266 4238 desere
1291 4222 1307 4247 ,
1339 4189 1550 4235 sectare
1590 4177 1823 4234 Abraha:
1850 4176 2093 4231 habitum
2117 4215 2135 4243 ,

539 4280 792 4350 relinque
821 4278 997 4334 natale
1026 4275 1229 4343 solum,
1260 4273 1567 4345 spretisque
1591 4270 1817 4326 urbibus
1838 4269 1902 4323 ad
1926 4268 2139 4323 deserta

538 4372 736 4432 secede
762 4417 777 4441 ,
826 4380 889 4427 ut
926 4369 1103 4441 possis
1140 4382 1300 4424 orare
1343 4381 1467 4420 cum
1506 4362 1747 4419 Christo.
1782 4362 1897 4417 Erit
1921 4360 2139 4432 quidem

538 4466 712 4522 durus
742 4473 799 4521 et
826 4461 1074 4518 mucidus
1100 4501 1116 4528 ,
1160 4468 1215 4515 et
1253 4456 1589 4514 hordeaceus
1632 4453 1770 4509 forte
1808 4452 1986 4523 panis.
2027 4450 2133 4508 Sed

2243 3256 2398 3317 potes
2429 3246 2611 3301 facere
2634 3287 2649 3313 ,
2680 3255 2773 3301 aut
2801 3261 2909 3302 non
2936 3246 3245 3303 contemnis
3295 3264 3311 3301 :
3364 3245 3465 3303 sed
3491 3243 3639 3301 vides
3666 3239 3813 3298 multa

2243 3336 2344 3392 tibi
2375 3336 2768 3407 impedimento
2798 3350 2921 3393 esse
2951 3351 3019 3392 ne
3046 3336 3238 3393 facias.

2313 3429 2403 3509 ill.
2444 3428 2579 3486 Cum
2610 3429 2727 3486 htee
2754 3430 2986 3501 legeris,
3020 3430 3087 3485 ad
3116 3430 3332 3504 asylum
3368 3430 3593 3487 Romuli
3631 3425 3817 3498 fugies,

2240 3530 2298 3576 et
2323 3510 2617 3578 Commdim
2654 3523 3030 3580 conscendens
3056 3538 3205 3579 aram
3232 3565 3248 3589 ,
3294 3526 3469 3581 verba
3502 3522 3709 3580 Domini
3733 3535 3820 3574 sa:-

2242 3613 2438 3670 vicntis
2465 3614 2678 3671 eludes.
2726 3615 3035 3685 Diaconus,
3084 3615 3302 3688 inquies
3328 3659 3343 3683 ,
3386 3616 3677 3675 ecclesiam
3722 3621 3821 3669 tuto

2240 3707 2502 3766 deserere
2530 3725 2637 3765 non
2669 3724 2890 3780 possum
2931 3729 2944 3764 :
2975 3726 3170 3768 vereor
3198 3728 3273 3769 ne
3305 3712 3584 3769 incurram
3616 3710 3819 3766 sacrile-

2239 3799 2409 3871 gium,
2443 3801 2489 3856 si
2518 3802 2707 3857 altaria
2737 3802 3136 3874 derelinquam.
3166 3803 3324 3875 Euge
3352 3848 3369 3871 ,
3401 3821 3559 3861 meus
3584 3847 3598 3869 ,
3625 3802 3739 3875 plus
3764 3798 3822 3852 de

2238 3900 2293 3951 te
2319 3903 2612 3951 exacturus
2638 3910 2757 3951 sum
2779 3936 2796 3963 ,
2830 3896 2877 3951 si
2907 3895 2975 3952 ad
3005 3896 3173 3953 vitam
3202 3898 3500 3965 monachi,
3534 3895 3713 3954 clerici
3738 3892 3823 3946 ali-

2238 3988 2367 4059 quid
2390 3986 2663 4057 dignitatis
2685 3989 2893 4045 accedit
2918 4006 2929 4042 :
2959 3990 3002 4045 si
3031 3991 3085 4045 in
3114 3992 3427 4061 apostolico
3456 4002 3610 4049 stans
3631 3989 3822 4051 ordine,

2238 4080 2482 4151 quotidie
2507 4080 2709 4137 Christi
2739 4096 2939 4152 corpus
2975 4082 3063 4153 pia
3090 4083 3237 4154 plebi
3272 4082 3641 4141 famulatione
3663 4079 3825 4137 distri-

2239 4170 2381 4228 buis.
2415 4170 2523 4228 Sed
2551 4173 2864 4243 considera,
2892 4175 3147 4241 obsecro,
3186 4177 3325 4233 satis
3355 4192 3486 4233 esse
3515 4175 3732 4231 difﬁcile
3759 4172 3827 4226 lo-

2239 4278 2362 4321 cum
2391 4264 2654 4335 Stepbani
2699 4266 2926 4338 implere
2960 4269 3046 4324 vel
3084 4270 3236 4328 Pauli
3264 4309 3283 4335 ,
3326 4271 3387 4326 in
3432 4270 3677 4342 angelico
3699 4279 3829 4321 stare

2238 4356 2549 4412 ministerio
2572 4398 2587 4424 ,
2634 4366 2689 4413 et
2721 4360 2949 4429 populos
2979 4359 3334 4431 subjacentes
3366 4364 3591 4419 cadenti
3617 4362 3829 4430 desuper

2240 4460 2395 4507 veste
2420 4450 2728 4523 despicere.
2759 4452 3063 4511 Prctiosum
3091 4464 3178 4511 est
3200 4461 3593 4528 margaritum,
3620 4456 3711 4513 sed
3736 4456 3832 4509 cito

538 4558 834 4616 delicatum
878 4553 1105 4610 militem
1149 4567 1245 4606 rex
1290 4565 1395 4604 non
1425 4556 1588 4603 amat.
1622 4545 1922 4603 Jerusalem
1949 4584 1965 4610 ,
2013 4558 2134 4615 qure
2163 4516 2212 4576 D
2239 4543 2506 4613 frangitur
2533 4584 2547 4610 ,
2594 4543 2935 4615 fractumque
2968 4563 3075 4602 non
3109 4558 3290 4616 potest
3325 4516 3659 4625 instaurari.
3689 4547 3833 4605 Navis

536 4651 775 4709 similam
801 4659 855 4706 et
881 4647 1010 4712 mel,
1044 4655 1101 4705 et
1126 4644 1306 4699 oleum
1342 4641 1729 4707 manducavit,
1763 4636 2134 4693 fornicationis

537 4746 786 4819 arguitur
836 4761 850 4800 :
904 4757 1010 4798 non
1042 4738 1185 4811 quod
1223 4738 1351 4792 mali
1394 4738 1504 4791 sint
1530 4735 1635 4791 cibi
1663 4775 1680 4802 ,
1726 4748 1865 4804 quos
1906 4739 2133 4802 paterna

537 4839 785 4910 indulget
826 4832 1151 4897 clementia;
1198 4830 1293 4886 sed
1335 4828 1478 4899 quod
1525 4825 1707 4882 mollis
1752 4824 2026 4895 prmliator
2063 4821 2131 4877 ad

536 4933 769 5002 primam
792 4928 974 4985 statim
997 4925 1168 4981 aciem
1187 4922 1518 4985 concidat.et
1541 4929 1659 4989 post
1686 4919 1933 4973 umbram
1959 4916 2128 4971 solem

533 5028 684 5083 ferre
715 5040 821 5081 n0n
845 5031 1046 5094 queat:
1080 5026 1207 5089 post
1232 5016 1512 5071 sudarium
1535 5014 1741 5085 galeam
1776 5013 1931 5067 oneri
1958 5013 2135 5081 potius

537 5130 771 5191 reputet,
795 5135 957 5190 quam
983 5114 1255 5173 tutamini.
1278 5110 1438 5181 Quod
1459 5112 1502 5167 si
1526 5110 1678 5167 exire
1699 5109 1936 5179 cupienti
1961 5119 2136 5164 mater

536 5211 756 5268 obsistit
796 5212 849 5265 in
892 5210 1079 5265 limine
1105 5250 1120 5273 ,
1172 5206 1397 5277 loquere
1442 5202 1494 5258 ei
1539 5202 1723 5258 verbis
1758 5200 1969 5256 Domini
2004 5202 2077 5255 tni
2115 5218 2128 5256 :

536 5303 708 5358 Mater
733 5309 779 5354 et
809 5317 923 5354 mea
950 5302 1132 5370 fratres
1164 5297 1264 5351 mei
1294 5296 1348 5349 1ιὶ
1376 5303 1493 5349 sunt
1523 5294 1611 5361 qui
1649 5294 1851 5362 faciunt
1891 5292 2132 5347 volunta-

533 5408 634 5449 tem
663 5393 844 5448 Patris
877 5392 1009 5455 mei,
1041 5391 1127 5458 qui
1156 5391 1207 5442 in
1237 5388 1380 5443 uelis
1410 5396 1506 5442 est.
1536 5386 1594 5441 Si
1622 5386 1927 5441 vernacula:
1955 5430 1970 5454 ,
2004 5402 2126 5440 eum

532 5488 733 5559 quibus
755 5484 992 5542 nutritus
1019 5496 1079 5537 es
1104 5523 1118 5546 ,
1150 5482 1279 5536 ﬁere
1299 5523 1315 5549 ,
1344 5493 1395 5537 et
1427 5480 1640 5551 paterni
1666 5482 1806 5535 ruris
1836 5480 2124 5545 memoria,

532 5582 706 5652 ipsius
730 5593 947 5652 quoque
973 5577 1165 5631 domus
1204 5573 1424 5655 anguli,
1473 5582 1529 5628 et
1570 5581 1775 5628 secreta
1806 5572 2042 5627 retinere
2073 5580 2125 5628 te

531 5678 817 5746 cmperint,
849 5674 900 5729 in
929 5672 1125 5743 quibus
1154 5669 1328 5724 infans
1355 5668 1633 5723 volutatus
1656 5684 1736 5733 es,
1766 5667 1942 5723 lusisti
1965 5684 2121 5737 puer,

526 5766 964 5831 adolescentulus
991 5761 1249 5825 lascivisti
1278 5778 1287 5815 ε
1314 5762 1601 5823 recordare
1625 5775 1836 5838 omnes,
1862 5761 1954 5835 qui
1979 5776 2120 5821 nunc

2240 4636 2488 4705 quamvis
2518 4635 2589 4690 sit
2618 4637 2789 4702 rudis,
2820 4646 2877 4693 et
2897 4638 3087 4695 solidis
3107 4642 3324 4697 conﬁxa
3349 4643 3551 4711 clavis,
3585 4650 3835 4697 tumentes

2240 4728 2436 4785 fluctus
2472 4729 2705 4785 tabulata
2739 4745 2846 4786 non
2884 4733 3125 4789 sentiant
3166 4751 3180 4787 :
3223 4736 3341 4789 cito
3390 4746 3576 4791 tamen
3623 4737 3666 4791 si
3708 4733 3837 4804 peri«

2237 4821 2424 4876 culoso
2468 4823 2719 4893 navigat,
2765 4822 3072 4893 perforatur
3114 4841 3129 4880 :
3180 4833 3237 4880 et
3277 4826 3420 4883 licet
3468 4828 3647 4899 plenis
3672 4826 3833 4881 ventis

2237 4912 2507 4969 lucrosius
2536 4913 2602 4968 ad
2634 4922 2817 4984 Optata
2847 4918 3132 4985 perveniat
3159 4933 3175 4972 :
3209 4926 3399 4975 tamen
3445 4923 3623 4992 magis
3659 4931 3837 4974 secura

2243 5017 2371 5061 sunt
2405 5022 2523 5076 qua:
2564 5009 2895 5078 tranquilla;
2938 5017 2995 5065 et
3023 5020 3081 5064 ut
3108 5011 3356 5079 apertius
3386 5014 3617 5085 loquar,
3656 5013 3771 5083 plus
3796 5022 3841 5064 te

2239 5104 2458 5174 quidem
2500 5103 2636 5160 dicis
2681 5106 2880 5160 habere
2919 5104 3227 5173 mercedis,
3279 5108 3328 5161 si
3380 5109 3439 5163 in
3492 5110 3673 5165 media
3714 5105 3839 5161 urbe

2237 5199 2541 5254 consistens
2569 5239 2584 5265 ,
2630 5199 3022 5256 monachorum
3062 5201 3226 5257 vitam
3258 5203 3513 5260 vietites.
3564 5206 3695 5260 lltcc
3722 5213 3839 5257 sunt

2236 5306 2364 5346 vera
2396 5308 2517 5359 qua:
2543 5291 2681 5348 dicis
2702 5334 2716 5359 ,
2750 5292 2844 5347 sed
2876 5308 2980 5348 non
3018 5304 3125 5349 tam
3157 5294 3322 5350 facile
3351 5298 3658 5367 explentur
3686 5310 3840 5367 opere

2233 5398 2393 5453 quam
2422 5383 2586 5440 dicto.
2619 5385 2684 5441 Ut
2711 5388 2854 5443 enim
2884 5396 3080 5443 cretera
3114 5390 3571 5461 praetermittam,
3602 5407 3723 5462 qua:
3751 5405 3843 5445 nos

2232 5478 2302 5531 ab
2330 5479 2632 5533 austeriorc
2660 5479 2765 5535 vita
2797 5480 3103 5544 retrahunt,
3133 5481 3263 5536 illud
3292 5482 3569 5551 inferam,
3604 5484 3672 5540 ad
3697 5483 3841 5550 cujus

2230 5571 2695 5643 comparationem
2728 5573 2891 5628 etiam
2934 5589 3056 5642 quae
3100 5573 3584 5633 dissimulaverim
3613 5622 3629 5645 ,
3686 5580 3843 5632 immo

2230 5666 2506 5720 timuerim
2553 5668 2774 5731 dicere,
2829 5665 3119 5738 intelliges.
3181 5668 3341 5724 Alius
3398 5669 3638 5726 barbam
3690 5670 3839 5726 Cil‘dll

2232 5760 2517 5839 aequaliter
2566 5771 2622 5821 et
2677 5762 3010 5824 hilaritatem
3057 5763 3276 5836 frontis,
3339 5764 3551 5825 nitenti
3611 5769 3839 5843 desuper
