3926 6290
243 243 329 305 183

847 240 1189 302 Εριετοιπι
1228 243 1416 306 XVIII.
1459 243 1553 307 AD
1587 246 1777 308 Ριιάεε

1880 244 2030 315 ιυΜ,
2076 242 2167 305 οε
2204 243 2436 307 CEREO
2472 245 2838 309 PASCHALI.

3401 250 3508 313 186

233 376 365 421 conta
388 358 636 433 protegit.
654 358 733 416 Tu
755 358 801 416 si
822 360 1332 431 paululum,utnos
1359 364 1599 423 solemus
1625 366 1806 423 facere
1832 364 1885 426 A
1911 363 2008 419 illa
2054 363 2301 434 quotidie
2356 365 2534 437 cogita
2562 407 2578 432 ,
2630 372 2800 422 tracta
2824 408 2840 433 ,
2894 364 3145 424 desidera
3178 406 3195 432 .
3252 374 3307 423 et
3350 367 3509 438 quasi

233 455 509 525 rusticani,
559 454 818 526 capillum
864 469 1037 526 usque
1081 456 1148 511 ad
1187 467 1367 515 cutem
1406 461 1757 533 persequeris
1782 505 1798 531 ,

232 552 378 607 risum
395 548 668 619 praebebis
687 547 966 605 omnibus.
987 549 1143 616 Quod
1167 550 1213 606 si
1236 553 1380 623 pulla
1404 552 1566 609 fuerit
1591 555 1798 627 tunica,

231 642 376 700 etiam
408 641 856 711 pratereuntium
886 640 1075 711 digitis
1101 641 1473 699 denotaberis.
1504 643 1680 713 Cave,
1717 645 1803 702 in-

228 750 367 807 quam
391 776 407 802 ,
438 744 500 790 ut
526 749 635 790 non
663 734 871 792 stricta:
894 736 1005 791 sint
1028 736 1218 808 caliga:
1244 753 1314 794 ne
1343 754 1501 795 crura
1530 756 1641 797 non
1670 756 1800 798 ean-

231 829 517 886 deant.Nisi
543 828 815 887 formosus
838 831 1031 895 fueris,
1052 842 1275 888 sanctus
1298 850 1419 891 esse
1442 851 1548 891 non
1570 839 1796 907 poteris.

228 923 409 993 Aliquis
433 921 629 979 invitat
652 923 721 979 de
752 922 1114 993 optimatibus
1143 925 1209 979 ad
1245 927 1532 994 prandium
1558 969 1574 994 ,
1607 945 1798 985 omnes

229 1015 399 1070 votivis
422 1025 659 1086 pergunt
680 1015 859 1072 feriis:
882 1026 1031 1073 certe
1053 1028 1146 1071 aut
1170 1019 1405 1074 eundum
1437 1021 1531 1075 tibi
1558 1032 1642 1077 est
1659 1064 1675 1091 ,
1704 1033 1798 1079 aut

226 1107 527 1177 negandum.
562 1106 620 1163 Si
646 1106 783 1163 ieris
809 1148 825 1172 ,
856 1118 952 1162 aut
978 1108 1191 1166 eisdem
1222 1113 1462 1168 vesceris
1489 1115 1630 1169 cibis
1657 1156 1673 1179 ,
1704 1125 1797 1172 aut

221 1202 349 1257 aliis.
389 1201 445 1257 Si
505 1201 631 1256 aliis
660 1241 676 1265 ,
727 1202 1084 1257 convivarum
1124 1203 1472 1261 offendentur
1519 1208 1686 1262 oculi.
1737 1209 1793 1262 Si

222 1292 408 1360 iisdem,
438 1293 589 1362 perit
615 1292 967 1349 abstinentia.
998 1294 1153 1362 Quod
1182 1296 1226 1351 si
1258 1296 1338 1352 ire
1369 1298 1633 1363 nolueris,
1666 1308 1794 1353 tunc

224 1389 368 1444 miser
401 1387 450 1442 in
498 1386 734 1458 prandio
772 1386 1105 1443 comederis.
1154 1387 1237 1443 Ad
1280 1387 1524 1460 singulas
1553 1404 1794 1461 quasque

221 1480 399 1551 phialas
439 1490 502 1535 et
547 1479 788 1536 delibuta
832 1480 1013 1536 mellis
1051 1480 1175 1536 vina
1207 1483 1505 1552 potaberis.
1540 1482 1696 1537 Alius
1737 1484 1789 1538 in

218 1584 342 1632 tuum
367 1573 581 1629 vultum
608 1573 975 1639 cavillabitur,
1005 1574 1098 1629 ille
1130 1574 1404 1630 incessum
1436 1575 1671 1643 ridebit,
1702 1578 1792 1633 hic

213 1664 448 1721 habitum.
503 1665 569 1719 Et
600 1664 907 1721 imitatum
949 1665 1174 1721 forsitan
1202 1665 1520 1722 Judworum
1552 1686 1564 1721 :
1603 1667 1791 1723 Nonne

1906 456 2144 530 quodam
2202 472 2425 513 carcere
2482 456 2739 513 detentus
2803 458 3044 514 exclama
3097 477 3113 515 :
3188 457 3305 514 lien
3378 476 3506 527 me,

1905 551 2029 621 quia
2080 550 2425 622 peregrinatio
2476 566 2588 604 mea
2637 550 2949 623 prolongata
3004 550 3127 606 est!
3185 549 3251 605 Et
3313 549 3365 605 in
3411 566 3509 621 pa-

1905 641 2148 697 radisum
2196 652 2376 697 mente
2423 643 2831 710 conscendens,
2884 642 3048 698 toties
3093 642 3144 697 in
3199 650 3343 698 terra
3395 657 3503 698 non

1903 736 2062 799 eris,
2133 736 2349 804 quoties
2411 744 2615 791 terram
2687 734 3026 805 despexeris.
3081 736 3285 792 Eadem
3346 735 3505 791 nobis

1902 837 2054 883 certe
2102 843 2226 882 cum
2273 828 2359 883 his
2404 830 2495 899 qui
2549 828 2797 884 habitant
2840 845 2938 900 per
2981 830 3200 886 deserta
3254 832 3506 888 conditio

1901 931 2009 975 est.
2046 920 2210 977 Iidem
2238 920 2417 989 oculi,
2464 920 2689 976 totidem
2722 937 2938 978 manus.
2962 922 3183 979 'lisdem
3215 923 3505 979 infirmita—

1902 1014 2068 1079 tibus,
2097 1014 2182 1069 vel
2216 1014 2509 1069 virtutibus
2535 1014 2900 1084 subjaccmus.
2962 1014 3021 1071 Si
3071 1026 3123 1070 te
3159 1031 3311 1087 aqua:
3343 1025 3504 1086 potus

1899 1118 2081 1173 vexat,
2114 1107 2297 1176 quanti
2338 1107 2658 1173 nobiliores,
2686 1124 2790 1163 non
2838 1107 3016 1163 dicam
3070 1107 3191 1163 vina
3226 1110 3503 1178 nesciunt,

1900 1208 1953 1252 ct
1983 1200 2230 1253 carnium
2279 1198 2532 1270 ignorant
2577 1200 2750 1269 cibos,
2782 1199 2876 1255 sed
2908 1199 3087 1255 infuso
3112 1210 3319 1255 tantum
3349 1202 3497 1273 legu-

1900 1290 2043 1345 mine
2072 1292 2478 1346 sustentantur?
2525 1292 2581 1348 Si
2617 1291 2935 1347 balnearum
2968 1302 3020 1349 te
3053 1293 3263 1349 lavacra
3291 1295 3495 1351 sollici-

1900 1388 2035 1447 tant,
2071 1383 2258 1451 quanti
2283 1382 2551 1451 principes
2574 1384 2877 1449 civitatum,
2902 1384 3016 1440 sive
3038 1384 3109 1439 ob
3136 1386 3346 1457 culpam
3372 1404 3500 1457 pro-

1899 1474 2096 1542 priant,
2128 1475 2243 1529 sive
2265 1477 2334 1529 ob
2362 1475 2638 1543 invidiam,
2694 1476 2762 1531 ad
2818 1477 3023 1532 insulas
3053 1477 3343 1547 deportati,
3373 1479 3492 1536 sine

1898 1568 2121 1634 prannio
2153 1566 2439 1636 futuraque
2482 1568 2738 1624 mercede
2777 1569 2987 1639 absque
3021 1570 3256 1630 ;balneis
3303 1586 3491 1638 persc-

1894 1659 2129 1712 verant?
2155 1659 2324 1713 Nemo
2352 1659 2403 1714 id
2432 1662 2757 1716 necessitate
2788 1662 2896 1731 pati
2955 1678 3061 1717 non
3098 1671 3301 1733 potest,
3345 1661 3489 1732 quod

213 1760 398 1827 me“,
432 1759 722 1830 inquiem,
759 1759 903 1830 tum
928 1760 1116 1831 [ah-ty
1150 1760 1345 1815 Νοηηε
1374 1762 1561 1833 [ωτι-εδ
1597 1765 1712 1835 ej“,
1743 1775 1790 1819 ει
1822 1758 1869 1817 Β
1896 1765 1994 1819 pro
2026 1750 2135 1804 Deo
2164 1752 2439 1807 voluntate
2472 1756 2576 1822 pati
2613 1752 2899 1808 detrectat.
2946 1753 3184 1811 llabcbis
3230 1754 3487 1810 cellulam

208 1868 385 1907 sorores
404 1853 555 1921 apud
579 1869 670 1907 nos
694 1861 815 1907 sunt
836 1851 1052 1924 (Matth.
1070 1869 1187 1921 xut,
1211 1853 1341 1925 55)?
1359 1855 1475 1925 Ego
1501 1855 1654 1912 illum
1681 1872 1791 1912 mc-

211 1946 325 2002 mini
347 1954 475 2002 ante
516 1955 593 2002 tot
616 1945 789 2003 ferme
811 1961 983 2003 annos
1005 1946 1136 2003 illud
1163 1947 1356 2005 fecisse
1378 1958 1557 2020 turpe,
1584 1951 1791 2007 dixisse

208 2040 413 2110 turpius.
462 2038 623 2095 Alius
654 2040 833 2098 furem
871 2042 1132 2096 clamabit
1168 2030 1225 2097 et
1262 2042 1536 2099 mtecbum
1563 2087 1579 2113 ,
1622 2058 1789 2115 seque

203 2131 404 2187 sceleris
426 2132 607 2203 finget
625 2130 794 2189 fuisse
817 2133 1161 2204 participem.
1183 2132 1375 2191 Omnia
1398 2136 1603 2206 pariter
1624 2151 1788 2207 prau-

203 2223 277 2278 dia
299 2225 687 2281 consonabunt
714 2267 729 2292 ,
778 2235 833 2283 et
874 2227 928 2281 in
968 2235 1024 2283 te
1068 2227 1432 2284 temulentum
1478 2229 1784 2286 convivium

199 2319 537 2375 dissolvetur.
567 2319 732 2388 Quod
762 2320 808 2375 si
839 2320 1039 2376 vilibus
1069 2320 1401 2377 abstinueris
1422 2322 1699 2391 carnibus,
1730 2332 1787 2379 et

199 2427 289 2466 non
324 2413 529 2468 crebro
573 2413 811 2469 balneas
848 2412 1287 2484 frequentaveris
1313 2454 1329 2480 ,
1380 2422 1510 2470 tunc
1545 2416 1656 2471 fere
1687 2430 1785 2487 per

194 2518 365 2561 omnes
384 2506 681 2560 columnas
706 2504 987 2561 Manicbtei
1016 2505 1113 2561 tibi
1144 2504 1331 2561 titulus
1367 2506 1690 2563 ascribetur.
1723 2506 1783 2564 Si

194 2596 456 2653 volucrum
488 2596 734 2652 edulium
762 2594 1114 2662 refutaveris,
1142 2606 1197 2653 et
1224 2596 1456 2653 tenellae
1475 2598 1779 2665 columbas,

190 2704 507 2760 crassusque
530 2699 775 2746 turtures
797 2691 1077 2762 expetenti
1100 2691 1305 2761 gutturi
1324 2691 1513 2747 durior
1528 2690 1780 2748 dominus

189 2784 537 2856 denegaveris
564 2825 581 2851 ,
625 2783 902 2855 sacrilegii
928 2784 1134 2840 crimen
1163 2786 1435 2855 alligetur.
1470 2784 1779 2854 Statimque

185 2879 314 2931 aient
346 2895 361 2932 :
392 2877 463 2931 lli
501 2886 635 2932 sunt
663 2875 756 2947 qui
794 2885 1103 2933 creatorem
1148 2876 1333 2932 mundi
1375 2886 1773 2934 contemnunt:

185 2966 233 3023 in
257 2984 384 3024 usus
414 2978 643 3025 nostros
673 2967 815 3023 facta
846 2979 974 3023 sunt
1004 2970 1210 3025 omnia.
1242 2968 1463 3035 Audivi,
1496 2978 1636 3026 teste
1666 2970 1775 3025 Do-

182 3060 338 3126 mino,
372 3076 486 3116 non
518 3062 782 3126 mentior,
815 3059 1104 3131 quemdam
1134 3042 1187 3116 in
1216 3076 1370 3116 suam
1400 3062 1577 3132 gulam
1599 3061 1773 3118 diser-

1895 1860 2014 1915 qu:e
2042 1854 2093 1899 te
2123 1846 2297 1900 solum
2326 1847 2525 1915 capiat.
2561 1848 2729 1901 lmmo
2762 1864 2868 1904 non
2900 1849 3011 1906 eris
3043 1849 3216 1919 solus,
3240 1849 3489 1921 angelica

1892 1944 2070 1993 tecum
2098 1938 2252 1993 turba
2284 1939 2606 1994 versabitur.
2632 1941 2736 1995 Tot
2763 1941 2923 2008 socii,
2970 1951 3099 2013 quot
3141 1942 3336 1996 sancti.
3386 1942 3488 1997 Le-

1888 2046 1984 2100 ges
2002 2031 2378 2100 Evangelium,
2410 2035 3041 2091 coofabulabiturtecum
3079 2036 3257 2093 Jesus.
3300 2036 3490 2107 Repli-

1887 2123 2037 2178 eabis
2057 2125 2332 2193 apostolos
2363 2126 2443 2180 vel
2477 2127 2793 2195 prophetas.
2855 2127 3125 2198 Numquid
3159 2129 3361 2199 poteris
3392 2140 3480 2184 ta-

1887 2215 1992 2272 leru
2016 2215 2181 2271 alium
2205 2217 2309 2273 tuis
2336 2218 2681 2272 sermonibus
2704 2220 2903 2276 habere
2932 2221 3283 2276 consortem?
3313 2221 3482 2276 Terra

1884 2321 2097 2375 sumus,
2128 2308 2457 2368 ctciniszct
2487 2325 2582 2380 per
2620 2311 2801 2365 omnia
2850 2322 3127 2367 momenta
3176 2312 3245 2367 de
3294 2321 3481 2369 nostra

1884 2400 2063 2456 salute
2084 2402 2359 2472 suspensi,
2392 2402 2654 2457 continuo
2683 2404 2734 2457 in
2792 2405 3068 2474 pulverem
3121 2405 3480 2461 dissolvendi.

1883 2493 2023 2562 Quid
2048 2504 2409 2551 retrectantus
2459 2497 2529 2553 de
2579 2499 2905 2555 necessitate
2932 2499 3133 2577 facere
3174 2502 3479 2558 virtutem?

1883 2583 2047 2641 Certe
2094 2587 2421 2660 quandoque
2468 2591 2808 2646 moriundum
2860 2602 2968 2659 est,
3041 2601 3099 2649 et
3147 2596 3482 2651 stercoribus

1881 2679 2041 2750 plena
2070 2680 2273 2746 vitalia,
2306 2698 2426 2752 quae
2450 2698 2550 2738 nos
2585 2683 2828 2753 quotidie
2878 2693 3083 2741 nostra:
3129 2696 3481 2742 commonent

1881 2770 2132 2837 vilitatis,
2175 2773 2227 2828 in
2278 2774 2513 2831 similem
2548 2776 2888 2845 pum-dinem
2929 2794 3093 2835 omne
3114 2794 3297 2835 secum
3329 2788 3477 2836 trac-

1880 2872 2001 2919 tura
2029 2874 2155 2920 sunt
2174 2880 2395 2936 corpus.
2418 2868 2590 2936 Quam
2621 2870 2730 2925 cito
2760 2870 2946 2927 mundi
2976 2871 3345 2943 relinquamus
3375 2891 3477 2928 an-

1877 2958 2086 3028 gustias
2116 3000 2132 3025 ,
2168 2968 2225 3015 et
2266 2960 2313 3014 si
2360 2961 2503 3019 forte
2534 2963 2605 3019 ob
2633 2966 3026 3027 continentiam
3082 2967 3249 3039 (quod
3294 2977 3474 3023 tamen

1878 3062 2005 3104 raro
2035 3050 2254 3123 accidit)
2282 3051 2468 3109 dolere
2522 3059 2890 3123 stomachum,
2941 3071 3179 3116 testuare
3230 3060 3477 3117 febribus

182 3159 322 3218 tum,
372 3166 503 3207 cum
544 3168 633 3209 me
669 3166 890 3208 rumore
916 3153 1267 3228 cognovisset
1307 3152 1771 3209 esculentioribus
1798 3135 1846 3201 C
1876 3142 2228 3211 θωρετὶηιιιεο
2260 3155 2543 3216 Ρθτβθιυω
2591 3149 2717 3202 νίκη
2761 3151 2982 3219 iamiam
3031 3153 3279 3207 morbum
3322 3165 3477 3224 pulc-

176 3245 302 3301 cibis
343 3246 677 3313 abstinere;
722 3246 932 3303 dixisse
970 3262 987 3302 :
1033 3246 1304 3317 Numquid
1338 3248 1612 3317 porcellus
1650 3246 1773 3303 ideo

178 3338 336 3395 factus
366 3349 479 3404 est,
515 3348 578 3394 ut
605 3347 820 3410 togatus
854 3339 907 3394 in
935 3347 1128 3395 senatu
1159 3340 1495 3395 sententiam
1526 3339 1772 3396 diceret?

176 3431 283 3500 Quo
301 3433 568 3489 videlicet
588 3448 678 3488 me
700 3432 944 3488 stultitia:
966 3432 1383 3501 condemnaret,
1404 3434 1495 3505 qui
1519 3444 1770 3504 putarem

172 3540 229 3580 ea
256 3542 375 3595 quae
404 3534 545 3581 sunt
574 3526 629 3579 in
660 3509 942 3580 hominum
973 3541 1106 3581 usus
1130 3534 1314 3581 creata
1340 3566 1355 3592 ,
1389 3541 1497 3580 non
1526 3540 1767 3583 sumere.

171 3618 288 3674 Haec
324 3628 382 3676 et
422 3619 743 3675 istiusmodi
784 3634 908 3674 cum
947 3618 1111 3673 vitam
1159 3620 1213 3673 in
1260 3618 1488 3674 urbibus
1530 3619 1773 3675 lacerent

170 3709 377 3777 bonam,
412 3709 556 3782 quid
584 3709 776 3777 facies,
810 3709 1001 3775 frater,
1034 3710 1087 3763 in
1118 3709 1335 3764 medio?
1363 3718 1459 3764 aut
1482 3709 1648 3773 vitiis,
1676 3718 1773 3765 aut

166 3801 497 3860 anathemati
530 3802 672 3857 colla
697 3802 989 3858 submittes
1020 3818 1034 3856 :
1079 3801 1133 3857 id
1164 3811 1248 3859 est
1274 3845 1289 3871 ,
1338 3812 1431 3857 aut
1469 3802 1770 3859 sectaberis

163 3911 276 3963 qua:
315 3905 453 3951 sunt
501 3894 741 3951 adversa
770 3894 1126 3951 continentia:
1166 3912 1180 3947 :
1230 3904 1325 3950 attt
1365 3898 1408 3951 si
1449 3894 1633 3952 facere
1670 3914 1771 3951 nu-

166 3988 329 4045 lueris
351 4030 370 4055 ,
410 3990 539 4061 ipse
566 3988 941 4045 damnaberis.
982 3989 1352 4047 Praetermitto
1378 3991 1599 4046 crebras
1625 3992 1770 4047 salu-

161 4084 392 4139 lationes
418 4123 436 4149 ,
483 4080 751 4149 obsequia
787 4091 1163 4137 matronarum
1193 4124 1210 4148 ,
1258 4082 1545 4152 variaSque
1585 4084 1769 4140 illece-

158 4172 278 4228 bras
308 4220 323 4244 ,
368 4175 581 4246 quibus
612 4174 779 4229 etiam
820 4173 1136 4246 rigidissimi
1168 4174 1517 4230 emolliuntur
1556 4176 1765 4244 animi,

156 4275 208 4321 et
246 4269 479 4324 sireneo
521 4276 691 4322 cantu
733 4266 803 4322 ad
835 4267 1115 4338 naufragia
1149 4267 1542 4337 pertrahuntur
1574 4286 1588 4324 :
1621 4268 1765 4339 quod

155 4358 217 4413 ad
260 4361 565 4429 speciosas
601 4374 846 4431 quasque
894 4359 1101 4415 formas
1144 4359 1335 4416 oculus
1374 4374 1521 4430 sa‘pe
1568 4361 1767 4417 invitus

153 4451 520 4516 abstrahitur,
548 4452 693 4522 quod
715 4466 873 4507 aures
897 4451 1157 4509 obscaena
1181 4452 1324 4507 dicta
1358 4452 1591 4521 feriunt;
1622 4469 1764 4509 nunc

154 4542 281 4599 illud
310 4520 581 4615 affirmo,
600 4544 747 4616 quod
774 4545 987 4602 etiarnsi
1014 4546 1116 4601 ista
1145 4562 1250 4601 non
1278 4555 1487 4611 essent,
1519 4546 1585 4600 ad
1614 4562 1765 4602 com-
1789 4520 1845 4582 Ῑ)

153 4638 507 4705 parationem
540 4645 649 4691 tarn
677 4636 912 4708 ingentis
944 4637 1072 4693 boni
1097 4680 1112 4706 ,
1144 4638 1354 4692 minora
1382 4636 1636 4693 deserere
1669 4639 1766 4692 de-

151 4731 372 4783 bueras.
978 4804 979 4807 η

214 4820 310 4876 ιν.
357 4820 524 4877 Adde
554 4821 699 4893 quod
737 4822 1001 4878 diaconus
1038 4838 1099 4881 es
1125 4868 1140 4894 ,
1184 4824 1279 4879 sed
1321 4824 1583 4881 abscessu
1628 4833 1720 4879 tuo
1745 4865 1761 4892 ,

149 4915 403 4970 ecclesiae
434 4914 633 4969 damna
664 4932 772 4970 non
805 4916 1063 4971 sentient.
1095 4916 1279 4971 llclias
1312 4915 1444 4971 vixit
1471 4916 1523 4969 in
1550 4932 1763 4972 eremo.

148 5006 437 5064 fieliseum
469 5008 866 5079 PrOphetarum
899 5023 1124 5066 secutus
1154 5022 1235 5066 est
1260 5013 1482 5067 eborns.
1522 5014 1623 5067 Pra
1641 5029 1762 5067 eur-

143 5116 235 5155 sor
264 5100 498 5157 Domini
527 5102 771 5160 Joannes
807 5104 1046 5162 nutritus
1076 5106 1126 5160 in
1160 5107 1455 5161 solitudine
1482 5149 1495 5169 ,
1546 5108 1614 5162 ad
1662 5109 1765 5164 hoc

143 5193 374 5250 tandem
409 5193 699 5251 descendit
724 5198 792 5251 ad
821 5196 1075 5253 Jordanis
1104 5199 1271 5267 ripas,
1307 5208 1365 5251 ιιι
1394 5200 1632 5269 populos
1672 5216 1762 5254 ar-

134 5296 334 5353 gueret
359 5287 734 5353 confluentes,
764 5298 821 5344 et
846 5288 1143 5359 pharisaeus
1171 5290 1506 5361 intelligens,
1532 5291 1764 5347 clericos

134 5378 467 5437 Iudaeorum
507 5383 894 5451 generationes
933 5370 1530 5454 vipereas‘denotaret.
1573 5384 1759 5455 Nuper

134 5471 377 5545 lgypti
415 5472 632 5527 deserta
662 5473 847 5529 vidisti
891 5491 904 5525 :
958 5474 1183 5529 intuitus
1213 5490 1273 5531 es
1327 5477 1627 5546 angelicam
1676 5476 1757 5531 fa-

132 5568 382 5623 miliarn.
442 5566 637 5633 Quanti
670 5568 744 5623 ibi
776 5570 937 5623 flores
966 5570 1137 5625 sunt?
1179 5585 1341 5641 quam
1377 5570 1756 5640 spiritualibus

132 5662 380 5729 gemmis
421 5670 573 5729 prata
605 5663 935 5717 vernantia?
980 5662 1169 5718 Vidisti
1201 5673 1345 5720 serta
1372 5705 1388 5729 ,
1422 5663 1613 5734 quibus
1645 5664 1756 5719 Do-

130 5756 323 5811 minus
357 5763 687 5812 coronatur.
714 5754 812 5812 llle
839 5756 939 5813 tibi
967 5756 1019 5813 iu
1045 5766 1267 5830 pectere
1294 5759 1434 5829 ignis
1458 5767 1743 5823 exmstuet.

1876 3247 2020 3300 mus,
2072 3236 2395 3309 plenamque
2466 3239 2775 3297 victoriam.
2854 3244 2989 3313 Quia
3045 3245 3323 3316 Scriptura
3372 3248 3474 3302 do-

1872 3338 2030 3382 cente
2049 3331 2448 3400 cognoscimus,
2501 3332 2703 3388 nullum
2758 3346 2883 3390 ante
2931 3336 3054 3393 vita:
3110 3338 3268 3408 hujus
3310 3337 3471 3395 finem

1876 3420 2033 3489 plene
2074 3420 2289 3477 beatum
2319 3438 2443 3481 esse
2474 3425 2785 3484 dicendum.
2820 3429 3014 3497 Quanti
3044 3432 3097 3486 in
3130 3432 3324 3487 mediis
3354 3434 3474 3505 opi-

1872 3512 1994 3578 bus,
2017 3524 2067 3571 et
2094 3514 2234 3571 inter
2259 3516 2453 3573 infulas
2474 3518 2786 3575 consulatus
2832 3523 3113 3590 repentina
3144 3533 3319 3581 morte
3342 3525 3473 3580 sub-

1872 3607 2228 3663 traCtisuut?
2282 3608 2466 3680 Nuper
2506 3612 2801 3683 imperator
2857 3615 3284 3686 Valentinianus,
3343 3636 3467 3673 cum

1871 3699 2131 3755 adversus
2157 3700 2453 3770 Sarmatas,
2486 3704 2810 3777 Quadosque
2841 3714 3062 3776 ptopter
3095 3710 3256 3781 lllyrii
3289 3723 3475 3766 vasta-

1873 3788 2075 3847 tionem
2118 3793 2171 3849 in
2211 3796 2536 3851 consistorio
2592 3814 2769 3855 saevus
2802 3801 3141 3868 infremeret,
3194 3817 3246 3858 et
3302 3808 3468 3860 tutius

1869 3884 2051 3953 gentis
2079 3885 2346 3941 excidium
2381 3888 2586 3956 rigidus
2633 3889 2953 3955 minaretur,
2998 3895 3257 3962 sanguine
3287 3911 3469 3951 erum-

1868 3986 2033 4048 pente
2062 3978 2384 4050 discrepuit.
2417 3981 2556 4050 Quid
2589 3983 2777 4054 loquar
2807 3985 2873 4039 de
2900 3988 3064 4041 fratre
3112 3988 3248 4057 ejus,
3300 4006 3460 4057 quem

1869 4080 2055 4125 contra
2082 4072 2265 4143 regale
2328 4073 2597 4144 faSIigium
2648 4076 2893 4132 Thracia:
2946 4080 3080 4151 ignis
3134 4082 3469 4137 absorbuit?

1868 4161 2110 4218 Necdum
2137 4180 2311 4221 annus
2347 4168 2651 4239 completus
2681 4182 2784 4239 est,
2822 4188 2929 4241 quo
2981 4175 3277 4245 principem
3335 4174 3472 4231 Gra-

1873 4256 2098 4326 tianum,
2122 4257 2387 4327 prodente
2413 4262 2653 4317 exercitu
2685 4279 2801 4329 suo,
2832 4276 2957 4321 ante
2991 4266 3127 4321 fmila
3151 4270 3463 4339 captivitas,

1869 4351 2069 4409 dehinc
2095 4355 2457 4413 miserabilior
2481 4364 2755 4431 oppressit
2796 4363 3066 4417 interitus.
3123 4363 3210 4430 Et,
3253 4375 3312 4420 ιιι
3367 4367 3467 4421 ista

1871 4458 2102 4516 taceam,
2154 4450 2319 4506 etiam
2373 4454 2466 4523 qui
2517 4455 2791 4510 conmmni
2844 4456 2948 4510 fine
2994 4457 3291 4526 perierunt,
3348 4470 3470 4530 post

1869 4550 2101 4597 mortem
2156 4544 2271 4613 pari
2324 4560 2449 4600 cum
2505 4548 2757 4603 omnibus
2810 4550 3121 4605 conditione
3168 4553 3466 4609 sociantur.

1867 4636 2310 4708 Quotusquisque
2331 4656 2517 4695 eorum
2551 4641 2603 4695 iu
2628 4641 2715 4698 die
2736 4642 2926 4711 judicii
2958 4645 3179 4700 minimo
3236 4646 3304 4701 de
3353 4662 3470 4703 rno-

1869 4726 2056 4783 nacbis
2083 4730 2525 4798 comparabitur?
2553 4732 2840 4788 Sectemur
2869 4734 3060 4791 saltem
3094 4736 3463 4803 mulierculas,

1868 4835 2031 4875 sexus
2070 4836 2170 4876 nos
2197 4822 2390 4876 doceat
2422 4824 2708 4879 infirmior.
2762 4824 2988 4894 Quantm
3014 4827 3216 4883 divitiis
3266 4830 3468 4899 pariter

1866 4923 1918 4967 ct
1952 4914 2235 4969 nobilitate
2261 4918 2527 4984 pollentes
2580 4919 2733 4987 (nolo
2778 4924 2921 4975 enim
2949 4921 3210 4979 vocabula
3258 4923 3464 4991 dicere,

1869 5022 1937 5062 ne
1962 5007 2167 5063 adulari
2198 5009 2408 5081 videar)
2454 5012 2659 5067 relictis
2708 5014 3072 5081 facultatibus,
3120 5018 3465 5086 pignoribus-

1867 5120 1971 5173 que
2010 5108 2356 5173 contemptis.
2407 5108 2460 5161 id
2492 5109 2632 5163 factu
2676 5109 2833 5164 facile
2878 5111 3283 5179 judir-avorunt,
3318 5115 3466 5184 quod

1869 5204 1923 5249 ιιι
1954 5199 2173 5265 proprio
2205 5199 2402 5268 putasti
2434 5200 2626 5254 timore
2653 5199 2911 5256 difficile?
2939 5202 2990 5256 ΙιΙ
3042 5203 3110 5257 de
3167 5207 3310 5261 cerei
3349 5222 3471 5262 car-

1868 5294 2011 5349 ntine
2041 5294 2211 5348 disce.
2257 5295 2387 5349 illud
2422 5297 2515 5349 tibi
2569 5298 2636 5352 de
2669 5297 2826 5351 variis
2852 5297 3073 5353 floribus
3102 5300 3281 5355 lumen
3307 5317 3465 5355 excr-

1868 5401 1954 5439 na.
1992 5385 2123 5440 Esto
2167 5395 2223 5441 ct
2259 5387 2373 5456 ipse
2402 5389 2535 5457 apis.
2590 5388 2854 5443 Debborae
2902 5391 3183 5446 victoriam
3224 5395 3457 5447 imitare.

1866 5476 2075 5531 Baracb
2111 5489 2290 5533 tecum
2323 5482 2561 5537 Sisaram
2611 5492 2986 5553 persequatur,
3030 5493 3085 5538 ct
3136 5486 3363 5537 liberato
3389 5484 3465 5538 ls-

1865 5572 2000 5637 rael,
2030 5570 2280 5627 Jndicum
2312 5588 2532 5629 carmen
2576 5575 2904 5645 iugctuiues,
2953 5588 3009 5632 ιιι
3050 5576 3249 5632 Christi
3299 5580 3461 5633 mella

1863 5677 2181 5731 componas.
2206 5663 2262 5720 Si
2291 5665 2369 5720 sic
2414 5666 2719 5735 lampadem
2775 5684 3069 5739 pra'paras,
3118 5685 3319 5740 sponso
3370 5688 3465 5728 ve-

1865 5758 2048 5819 niente
2071 5773 2182 5819 non
2205 5758 2464 5830 dormies,
2490 5761 2798 5820 cubiculum
2824 5764 2966 5839 regis
2998 5762 3247 5821 intrabis.
3305 5764 3465 5832 Plura
