3926 6290
503 303 607 362 I87
1519 296 1580 358 ε.
1622 296 2012 358 BIERONYMI
2049 295 2337 359 OPERUM
2375 295 2779 359 MAN'I'ISSA.‘
3667 311 3757 374 {38

501 435 627 478 cum
656 416 840 476 dicere
862 415 1097 483 vellem,‘
1133 421 1187 472 et
1232 423 1286 471 te
1337 430 1548 473 mecum
1585 414 1674 471 tali
1725 414 2104 473 exhortatione
2129 417 2184 479 Α
2209 415 2292 473 los
2314 415 2536 476 occidit.
2581 415 2821 473 Panther
2870 414 3042 488 pardo
3082 415 3277 475 similis
3309 426 3412 488 est,
3469 429 3520 479 et
3546 434 3620 482 est
3644 433 3758 488 varii

506 515 764 580 retinere,
795 513 976 568 subito
998 510 1301 566 nuntiatum
1339 517 1442 578 est,
1467 508 1669 564 asellos
1701 523 1821 564 esse
1867 507 2103 564 conduc-
2206 508 2428 577 coloris,
2454 517 2509 564 et
2532 507 2698 564 mitis.
2733 510 2790 568 Si
2837 519 3115 567 saturatus
3148 511 3332 579 fuerit,
3387 513 3549 573 tribus
3599 519 3759 580 diebus

511 615 620 675 tos,
655 606 747 678 qui
781 621 866 661 me
895 605 1120 659 Romam
1154 618 1323 673 usque
1365 603 1763 673 pertraherent.
1809 601 1998 673 itaque
2030 603 2106 657 in~
2207 600 2428 655 dormit.
2463 600 2592 656 Post
2619 603 2836 658 tertium
2869 603 3009 658 diem
3033 603 3174 659 levat
3203 618 3262 660 se
3292 612 3346 660 et
3375 606 3584 678 clamat,
3628 625 3674 668 et
3692 617 3757 671 sic

507 703 651 756 vitus
681 697 1010 754 Plat-entiam
1037 707 1086 752 te
1108 698 1352 762 remitto,
1388 696 1487 750 sub
1514 711 1576 750 ea
1603 693 1919 751 conditione
1941 710 2103 765 quam
2207 691 2429 748 odorem
2457 706 2678 748 suavem
2721 695 2938 761 emittit,
2989 703 3044 750 et
3090 705 3359 752 convocat
3405 713 3584 756 omnes
3620 704 3759 773 feras,

510 796 677 862 nosti,
704 802 760 847 ut
786 791 999 862 qu0ties
1027 789 1146 845 haec
1177 790 1402 862 legeris,
1437 787 1532 843 tibi
1560 787 1700 842 scias
1719 801 1837 843 esse
1859 802 1966 858 quo
1985 788 2104 858 pol-

510 887 691 944 Iicitus
719 899 800 952 es,
827 883 1180 939 veniendum.

591 1074 615 1101 ιι
645 1061 888 1118 Pelicani
916 1076 1035 1117 cum
1066 1075 1192 1116 suos
1215 1074 1243 1114 a
1264 1067 1516 1129 serpente
1538 1057 1678 1114 filios
1696 1057 1930 1124 occisos,
1955 1071 2104 1112 mor-

509 1166 633 1213 tuos
664 1155 976 1222 inveniunt,
1007 1154 1213 1224 lugent,
1247 1161 1302 1207 ct
1323 1167 1382 1208 se
1410 1163 1461 1207 ct
1491 1151 1774 1207 sualatera
1801 1151 2107 1220 percutiunt

509 1259 566 1306 et
590 1251 850 1320 sanguine
887 1262 1120 1302 excusso
1148 1247 1212 1300 ad
1238 1261 1464 1316 corpora
1495 1257 1828 1302 mortuorum
1855 1245 1933 1300 sic
1963 1244 2108 1300 revi-

510 1345 748 1401 viscunt.
795 1342 989 1414 Aquila
1020 1341 1235 1412 quando
1281 1341 1540 1407 senuerit,
1590 1350 1884 1412 gravantur
1934 1339 2107 1410 ipsius

511 1453 703 1508 penna:
731 1445 782 1490 et
810 1434 974 1500 oculi,
1006 1435 1306 1504 quaeritque
1336 1431 1560 1497 fontem,
1617 1440 1671 1486 et
1691 1433 1852 1502 erigit
1879 1447 2102 1500 pennas,

510 1541 564 1587 ct
587 1529 792 1599 colligit
818 1530 868 1583 in
897 1544 958 1582 se
985 1529 1246 1597 calorem,
1307 1536 1362 1582 et
1389 1527 1470 1582 sic
1496 1526 1638 1580 oculi
1664 1526 1784 1596 ejus
1810 1534 2103 1580 sanantur:

512 1633 566 1680 ct
589 1624 640 1678 in
673 1621 874 1676 fontem
909 1635 968 1675 se
996 1628 1074 1674 ter
1127 1620 1340 1690 mergit,
1369 1618 1398 1657 δ
1423 1628 1478 1674 et
1529 1620 1598 1674 ita
1659 1618 1724 1673 ad
1767 1617 2106 1688 juventutem

510 1715 673 1772 redit.
711 1713 940 1769 thuix
969 1713 1084 1768 avis
1106 1722 1190 1768 est
1231 1713 1285 1767 in
1341 1713 1509 1781 India,
1567 1719 1623 1767 et
1669 1727 1764 1781 per
1784 1712 2108 1782 quingentos

2208 800 2327 855 qua:
2360 784 2531 842 odore
2552 785 2846 851 ducuntur,
2893 796 2947 841 et
2998 795 3083 842 est
3107 788 3359 843 omnibus
3397 789 3521 846 feris
3561 794 3760 865 amicus,

2209 888 2407 949 praeter
2435 879 2661 933 draconi
2687 889 2740 935 et
2769 880 2967 950 aspidi.
2999 881 3240 936 Testudo
3270 881 3497 951 marina,
3543 903 3654 958 qua:
3692 901 3762 947 est

2211 969 2433 1040 grandis
2464 979 2737 1040 tamquam
2765 973 2963 1037 insula,
3011 971 3136 1028 dum
3184 974 3417 1045 emergit
3463 991 3520 1032 se
3560 979 3621 1034 de
3650 981 3762 1049 alto,

2211 1063 2457 1119 ostendit
2486 1078 2545 1118 se
2575 1061 2628 1118 in
2654 1065 2772 1134 ipso
2820 1065 2954 1120 mari
3001 1073 3278 1137 tamquam
3330 1078 3553 1138 petram,
3604 1088 3690 1128 nec
3715 1089 3764 1130 se

2211 1163 2392 1209 movet
2420 1154 2567 1222 inde,
2593 1155 2948 1226 quoadusque
2991 1156 3243 1212 homines
3283 1173 3449 1213 naves
3494 1161 3667 1231 ligent.
3712 1165 3766 1220 Et

2210 1261 2330 1301 cum
2361 1245 2478 1302 haec
2507 1249 2765 1313 senserit,
2797 1250 2963 1303 trahit
2992 1265 3053 1306 se
3075 1250 3127 1304 in
3160 1251 3350 1305 altum.
3387 1250 3491 1308 Sed
3512 1269 3624 1309 cum
3661 1271 3769 1312 esu-

2211 1338 2387 1409 rierit,
2419 1339 2696 1410 aperitos,
2729 1350 2784 1396 et
2815 1341 3017 1396 bonum
3050 1343 3276 1398 odorem
3303 1343 3483 1400 reddit
3507 1362 3521 1400 :
3545 1347 3606 1401 ad
3631 1363 3766 1418 quem

2210 1433 2392 1486 caeteri
2424 1433 2602 1502 pisces
2631 1434 2987 1504 colliguntur.
3023 1434 3224 1490 Perdix
3282 1436 3458 1491 aliena
3507 1453 3602 1493 ova
3641 1441 3766 1496 cale-

2210 1525 2359 1592 facit,
2384 1526 2608 1595 perditis
2631 1527 2764 1580 suis.
2789 1527 2894 1582 Sed
2921 1542 3044 1582 cum
3073 1530 3351 1584 creverint
3375 1529 3530 1599 pulli,
3569 1547 3628 1588 ex
3658 1534 3768 1587 nido

2212 1617 2451 1683 evolant,
2481 1625 2539 1672 et
2563 1617 2629 1673 ad
2654 1630 2909 1688 parentes
2953 1633 3084 1674 suos
3117 1619 3372 1688 redeunt,
3403 1621 3670 1678 mentitum
3691 1640 3769 1694 pa-

2177 1731 2182 1735 ’
2215 1715 2424 1762 rcntem
2455 1709 2791 1764 omittentes.
2822 1709 3084 1765 Perdices
3110 1711 3212 1764 sibi
3241 1711 3586 1779 insidiantur,
3636 1727 3684 1770 et
3725 1717 3764 1770 si

515 1823 686 1863 annos
715 1806 781 1860 de
805 1806 1011 1860 Libano
1041 1805 1232 1874 implet
1267 1820 1325 1859 se
1351 1804 1702 1866 aromatibus,
1729 1811 1785 1858 et
1813 1803 1890 1858 sic
1926 1803 2106 1858 nidifi-
2137 1812 2182 1873 Β
2212 1798 2442 1854 afferant
2471 1799 2592 1854 illos
2615 1800 2682 1855 ad
2713 1801 2910 1855 silvam
2939 1803 3029 1872 qui
3061 1818 3154 1857 eos
3187 1803 3412 1872 habent,
3438 1819 3617 1862 vocem
3641 1808 3774 1862 emit-

509 1915 598 1958 cat
627 1914 648 1942 ε
679 1901 947 1957 sacerdoti
981 1899 1376 1969 lIeliopolitano
1407 1912 1596 1953 mense
1644 1897 1968 1964 Famenoth,
2015 1906 2108 1952 aut

517 1992 802 2049 Farmuth.
833 1991 1026 2062 Implet
1060 2006 1210 2046 aram
1256 1990 1510 2045 sacerdos
1562 1990 1877 2054 sarmentis,
1928 1998 1983 2044 et
2036 1989 2109 2045 ibi

524 2087 733 2143 confert
758 2085 978 2156 phmnix
1018 2095 1282 2150 aromata,
1312 2094 1364 2139 ct
1398 2084 1658 2138 electrum
1693 2098 1805 2138 arae
1854 2084 2102 2155 imponit.

517 2180 584 2234 Et
617 2180 793 2248 primo
824 2176 953 2231 solis
977 2186 1120 2242 ortu,
1157 2176 1379 2246 phoenix
1410 2175 1628 2245 quidem
1661 2185 1842 2229 movet
1873 2191 2105 2245 pennas,

515 2272 646 2326 solis
679 2286 805 2325 vero
822 2270 1004 2324 calore
1030 2269 1351 2325 accenditur
1381 2268 1668 2333 electrum,
1699 2277 1752 2322 et
1770 2268 1850 2324 sic
1869 2284 2106 2324 exurun-

516 2373 605 2418 tur
655 2375 921 2429 aromata,
971 2370 1027 2417 et
1056 2362 1166 2430 ipsa
1201 2360 1421 2430 plimnix
1462 2359 1790 2414 incenditur.
1856 2359 2108 2414 Crastino

516 2455 605 2511 die
629 2455 698 2510 de
727 2454 911 2509 cinere
939 2453 1179 2524 gignitur
1212 2450 1454 2506 vermis:
1504 2451 1744 2505 secundo
1794 2465 1996 2519 pennas
2027 2450 2107 2505 ef-

519 2547 644 2614 fert,
670 2548 833 2601 tertio
856 2545 923 2599 ad
951 2545 1223 2614 antiquam
1252 2543 1394 2597 redit
1433 2551 1697 2611 naturam,
1734 2553 1788 2599 et
1810 2545 1887 2598 sic
1916 2543 1982 2598 ad
2011 2559 2108 2598 sua

514 2641 630 2696 loca
650 2640 959 2696 revertitur.
979 2639 1186 2710 Anguis
1215 2638 1430 2709 quando
1453 2637 1718 2702 senuerit,
1754 2639 1925 2707 perdit
1949 2654 2109 2710 aspe-

515 2746 660 2791 ctttm
698 2753 712 2790 :
753 2745 807 2790 et
842 2734 886 2789 si
941 2733 1179 2788 voluerit
1213 2731 1393 2788 redire
1433 2732 1498 2786 ad
1546 2735 1910 2801 juventutem,
1962 2734 2108 2804 jeju-

516 2836 610 2882 nat
657 2826 1015 2898 quadraginta
1069 2825 1278 2891 diebus,
1343 2831 1400 2878 ut
1441 2824 1650 2878 laxetur
1681 2823 1836 2894 pellis
1863 2825 1980 2893 ejus
2011 2843 2022 2876 :
2054 2833 2110 2880 et

519 2921 599 2976 sic
630 2932 915 2993 angustum
947 2919 1187 2974 foramen
1220 2918 1466 2988 inquirit,
1498 2928 1558 2973 ut
1587 2919 1713 2973 dum
1743 2920 1927 2973 nititur
1957 2919 2108 2976 exire

513 3012 660 3080 inde,
690 3012 888 3082 pellem
911 3010 1208 3066 senectutis
1231 3009 1481 3064 dimittat.
1519 3008 1753 3065 Colubcr
1797 3010 1863 3063 ad
1916 3010 2110 3064 biben-

512 3108 640 3162 dum
666 3107 913 3174 veniens,
945 3107 997 3160 in
1029 3121 1166 3176 aqua
1199 3121 1462 3160 venenum
1492 3103 1732 3172 deponit,
1762 3120 1830 3158 ne
1866 3120 1986 3157 eum
2008 3119 2104 3158 ve-

512 3216 714 3255 nenum
736 3213 872 3269 aqua
904 3208 1218 3253 concretum
1251 3197 1482 3251 occidat.
1513 3193 1538 3232 ἀ
1585 3195 1795 3251 Nudum
1824 3196 2097 3251 hominem
2127 3204 2172 3266 (ζ

513 3293 688 3359 timet,
721 3291 972 3346 vestitum
1013 3291 1376 3362 persequitur,
1419 3299 1582 3359 caput
1610 3299 1786 3345 tamen
1814 3306 1970 3345 suum
2008 3306 2102 3347 ce-

513 3384 589 3438 lat
639 3382 856 3453 quando
901 3383 1217 3452 percutitur,
1277 3381 1368 3436 uhi
1395 3381 1496 3436 scit
1524 3395 1643 3436 esse
1670 3389 1898 3436 mortem
1925 3395 2101 3436 suam.

511 3478 746 3550 Serpens
767 3477 984 3548 quidem
1019 3477 1063 3531 si
1092 3474 1258 3531 semel
1281 3475 1492 3529 calamo
1531 3475 1880 3544 percutiatur,
1931 3473 2103 3528 mori-

516 3582 605 3627 tur
637 3589 651 3626 :
684 3573 765 3627 sin
791 3587 920 3627 vero
941 3574 1134 3627 iterum
1165 3570 1518 3640 percutiatur,
1549 3570 1921 3625 confirmatur.
1968 3569 2106 3625 Bru-

513 3665 639 3721 mali
670 3674 915 3733 tempore
947 3663 1207 3736 infirmior
1239 3663 1490 3730 efﬁcitur,
1551 3673 1603 3717 et
1633 3678 1665 3717 a
1696 3663 1963 3718 soricibus
2013 3663 2106 3718 de-

511 3755 762 3811 vincitur.
793 3755 961 3826 Igitur
985 3767 1110 3810 ante
1136 3754 1368 3810 hiemem
1395 3757 1540 3809 circa
1564 3770 1624 3810 se
1645 3755 1850 3825 colligit
1869 3765 2104 3826 segetes,

514 3857 573 3902 nt
622 3847 728 3902 illis
782 3862 964 3903 escam
1016 3847 1278 3917 praebeat.
1338 3845 1551 3916 Vipera:
1585 3861 1683 3916 per
1713 3861 1774 3901 os
1803 3847 2002 3901 Coituttt
2032 3847 2108 3899 fa-

509 3941 680 4004 ciunt,
710 3939 931 3995 masculi
957 3951 1185 3995 mortem
1239 3949 1614 4001 contemnunt,
1663 3942 1758 3994 sed
1817 3939 2014 3995 femina
2048 3940 2101 3994 in

512 4032 631 4103 ipso
658 4033 822 4096 coitu,
853 4033 966 4086 sive
996 4047 1185 4102 magna
1211 4030 1494 4086 dulcedine
1523 4031 1814 4101 exagitata,
1863 4030 1979 4086 sive
2013 4030 2100 4085 fu-

511 4125 616 4178 turi
647 4124 869 4195 przcscia
898 4125 1151 4193 periculi,
1191 4124 1318 4178 dum
1378 4124 1635 4179 absorbet
1686 4140 1894 4192 semen,
1943 4134 2104 4197 caput

509 4217 734 4271 masculi
754 4218 1046 4286 abscindit,
1073 4228 1127 4272 et
1156 4222 1233 4274 sic
1263 4235 1384 4274 eum
1415 4219 1633 4273 occidit.
1688 4219 1793 4274 Sed
1820 4235 1942 4274 cum
1974 4235 2104 4273 con-

508 4312 736 4381 ceperit,
769 4311 977 4367 viscera
1012 4311 1157 4365 illius
1179 4312 1245 4365 ab
1273 4311 1404 4380 ipsis
1433 4327 1571 4381 quos
1601 4312 1872 4379 concepit,
1919 4327 2103 4367 come-

505 4403 726 4472 duntur,
762 4414 817 4459 et
860 4405 938 4459 sic
973 4414 1199 4459 matrem
1233 4403 1508 4459 occidunt.
1568 4403 1834 4460 Formiae
1874 4422 1995 4476 quae
2021 4406 2098 4461 nil

503 4512 740 4573 portant,
767 4519 876 4560 non
905 4503 1124 4573 rapiunt
1154 4519 1317 4557 onera
1348 4517 1534 4559 earum
1568 4520 1688 4573 quae
1722 4512 1967 4574 portant:
1997 4504 2092 4558 sed

503 4611 623 4651 curn
649 4596 1003 4667 deposuerint
1034 4598 1292 4664 triticum,
1343 4596 1586 4652 dividunt
1617 4613 1800 4664 grana,
1843 4599 2098 4653 timentes
2123 4586 2177 4648 I)

503 4708 572 4749 ne
600 4693 642 4748 si
677 4693 835 4748 fuerit
865 4693 1066 4764 pluvia,
1097 4693 1406 4748 florescant.
1441 4693 1642 4764 Vulpes
1699 4695 1745 4748 si
1775 4692 1870 4750 diu
1895 4696 2089 4763 esurit,

499 4789 711 4842 volutat
751 4801 810 4841 se
843 4786 898 4842 in
931 4787 1171 4856 pulvere,
1201 4795 1256 4842 et
1287 4785 1434 4858 fingit
1490 4802 1548 4842 se
1604 4799 1896 4842 mortuam.
1953 4788 2094 4858 Ergo

498 4883 730 4938 volatilia
761 4882 1007 4948 veniunt,
1039 4891 1094 4937 et
1114 4882 1237 4936 dum
1265 4882 1450 4936 volunt
1477 4882 1623 4937 illam
1653 4882 1965 4948 comedere,
2000 4897 2092 4936 co-

500 4975 806 5031 meduntur.
869 4973 1162 5046 Vulpecula
1184 4989 1306 5030 cum
1337 4975 1608 5046 leporibus
1640 4975 1795 5043 ludit,
1837 4985 1892 5031 et
1924 4973 2001 5030 sic
2027 4974 2088 5029 il-

574 5190 598 5218 α
629 5182 736 5236 Nos
766 5183 976 5247 isthacc,
1005 5196 1124 5252 quze
1147 5183 1402 5236 continua
1429 5180 1570 5252 serie
1595 5181 1966 5248 superioribus
1994 5197 2090 5235 an-

502 5256 1001 5320 nectebanturcum
1028 5251 1158 5306 nihil
1185 5263 1364 5306 tamen
1400 5251 1463 5305 ad
1497 5268 1555 5306 ea
1593 5255 1953 5319 pertinerent,
1979 5253 2091 5306 dis-

500 5327 784 5380 travirnns.
824 5325 896 5378 De
923 5325 1172 5378 l'elicano
1209 5324 1441 5377 fabulam
1470 5330 1683 5379 veteres
1706 5323 1949 5395 plerique
1978 5325 2090 5392 jac-

503 5409 616 5451 tant
651 5399 813 5451 etiam
847 5396 1332 5450 ineredihiliorem.

574 5467 600 5506 δ
631 5468 808 5522 Verus
833 5467 1053 5522 Hieron.
1090 5469 1142 5519 in
1176 5481 1294 5535 cap.
1327 5462 1450 5520 Isai.
1485 5481 1550 5519 λι
1579 5481 1591 5518 :
1627 5465 1814 5520 Crebro
1837 5466 2084 5533 diximus,

501 5539 808 5607 Aquilnrum
829 5548 1131 5592 senectutem
1162 5539 1456 5591 reviviscere
1479 5539 1758 5590 mutatione
1780 5555 2085 5605 pemtartutt.

505 5612 599 5664 llis
650 5623 828 5663 autent
878 5609 1435 5678 Pseudo-Ilteronytni
1489 5609 1636 5676 paria
1686 5609 1850 5664 habet
1897 5609 2088 5663 Eusta-

505 5682 650 5736 thius
679 5681 735 5734 in
767 5685 1106 5737 tlexamcron
1131 5694 1187 5749 p.
1218 5678 1307 5746 27,
1332 5687 1388 5732 ut
1413 5679 1548 5733 alios
1574 5680 1837 5736 omittam.

583 5763 603 5790 ε
641 5751 1024 5807 Emendandus
1078 5753 1253 5815 locus,
1301 5749 1744 5821 supplendusque
1792 5755 1878 5809 cxi
1906 5760 2092 5807 vetere

507 5821 866 5895 Lugdunensi
903 5823 1153 5881 Editione
1179 5823 1275 5891 ita,
1309 5832 1358 5878 et
1387 5822 1463 5878 sic
1492 5823 1745 5892 nidiﬁcat.
1804 5824 1873 5882 Et
1898 5821 2094 5881 indicat

2214 1901 2331 1947 tunt
2356 1893 2630 1959 absconsi,
2658 1903 2714 1949 et
2742 1896 2820 1949 sic
2846 1896 3029 1951 czeteri
3059 1898 3309 1963 veniunt,
3370 1906 3426 1954 et
3451 1900 3644 1955 retibus
3688 1915 3764 1955 ca-

2212 1985 2433 2054 piuntur
2463 2001 2478 2038 :
2514 1985 2636 2055 plus
2660 1985 2890 2055 pedibus
2932 2003 3093 2057 quam
3140 1990 3337 2059 pennis
3381 1991 3586 2062 fugiunt
3631 2007 3774 2046 aucu-

2210 2084 2424 2145 pantes.
2475 2075 2546 2131 Et
2593 2076 2640 2132 si
2691 2078 2885 2132 adhoc
2919 2079 3083 2135 fuerit
3115 2090 3173 2134 ut
3210 2081 3517 2150 capiantur,
3566 2083 3774 2138 similem

2211 2167 2311 2222 sibi
2352 2168 2539 2223 colore
2588 2169 2823 2238 lapidem
2855 2182 3128 2240 quaerunt,
3179 2183 3235 2228 et
3265 2175 3338 2228 ibi
3363 2190 3424 2231 se
3459 2175 3668 2247 supinos
3693 2192 3770 2245 po-

2212 2269 2364 2315 nunt.
2395 2260 2594 2316 antur
2621 2277 2743 2317 cum
2775 2265 3005 2334 coeperit
3050 2282 3150 2320 ova
3205 2268 3393 2335 cdere,
3457 2271 3674 2339 primum
3719 2269 3775 2324 de

2213 2361 2354 2408 terra
2377 2353 2545 2408 India:
2574 2363 2597 2392 ε
2621 2354 2933 2410 Instintiurn
2959 2359 3147 2422 sumit,
3173 2366 3228 2413 ct
3257 2368 3346 2415 est
3375 2372 3639 2430 tamquam
3663 2375 3773 2425 nux,

2210 2456 2264 2499 et
2296 2446 2442 2501 intus
2464 2447 2628 2503 habet
2653 2450 2857 2518 aliquid
2883 2452 3026 2521 quod
3057 2466 3331 2518 movetur,
3383 2463 3438 2509 et
3468 2470 3647 2508 sonum
3672 2454 3776 2507 red-

2211 2537 2311 2592 dit.
2347 2539 2457 2594 IIoc
2487 2541 2588 2595 sibi
2620 2542 2845 2612 apponit
2875 2563 2888 2599 :
2913 2555 2963 2600 et
2993 2546 3192 2602 multos
3216 2548 3436 2616 quidem
3469 2549 3588 2602 facit
3617 2539 3770 2611 foetus,

2211 2649 2351 2688 unus
2382 2649 2518 2688 vero
2543 2646 2807 2691 remanet.
2835 2637 2968 2693 Nam
2995 2656 3116 2694 eum
3144 2657 3248 2694 non
3281 2641 3572 2697 habuerint
3594 2656 3769 2704 escam,

2212 2726 2514 2782 observant
2535 2743 2594 2784 se
2624 2729 2979 2798 dormientes,
3002 2743 3054 2786 et
3077 2733 3378 2788 comedunt
3398 2750 3456 2789 se
3477 2749 3641 2803 usque
3660 2733 3766 2786 dum
3797 2803 3802 2809 .

2211 2833 2353 2873 unus
2382 2831 2688 2876 remaneat.
2719 2823 3138 2894 Myrmicoleon,
3200 2829 3267 2880 ab
3317 2837 3448 2881 ante
3493 2826 3596 2892 leo,
3642 2833 3772 2880 retro

2183 2909 2458 2979 ’formica,
2483 2913 2551 2968 de
2574 2913 2782 2971 duabus
2811 2916 2942 2972 feris
2969 2918 3232 2973 nascitur.
3289 2919 3433 2974 Esca
3471 2935 3597 2975 vero
3628 2920 3775 2988 ipsius

2210 3003 2262 3059 in
2297 3005 2487 3074 primis
2515 3015 2602 3061 est
2632 3007 2715 3063 Iac
2741 3011 2954 3073 matris,
2995 3011 3176 3078 idest,
3229 3011 3493 3068 formicae.
3551 3011 3775 3067 Nutritur

2209 3098 2352 3152 enim
2388 3106 2561 3153 mater
2592 3099 2864 3170 legumine
2887 3113 3157 3173 tamquam
3189 3104 3443 3160 formica.

2311 3209 2629 3266 MONITUM
2681 3211 2748 3266 IN
2797 3214 3182 3270 EPISTOLAM
3240 3215 3678 3284 SEQUENTEM.

2277 3301 2648 3378 Cogngominem
2668 3306 2789 3361 huic
2819 3309 3008 3362 librant
3031 3311 3239 3378 scripsit
3286 3310 3627 3372 Novatianus,
3655 3307 3774 3378 quod

2205 3391 2270 3428 ea:
2296 3376 2543 3454 catalogo
2558 3387 2762 3454 constat
2787 3396 2806 3434 :
2839 3397 2931 3434 nec
2961 3397 3119 3452 porro
3140 3376 3359 3451 defuere
3413 3376 3682 3454 quiultune
3707 3379 3772 3448 ip-

2205 3463 2328 3522 sum_
2353 3445 2651 3522 Novatiano
2677 3445 2978 3522 tribuerent,
3019 3445 3340 3522 quamquam
3371 3445 3473 3507 non
3498 3445 3773 3522 Maniclui'm

2206 3516 2379 3580 modo,
2406 3519 2495 3572 sed
2521 3529 2568 3572 et
2595 3519 2804 3576 Ariona:
2830 3516 3082 3578 heereseos
3107 3516 3298 3578 mentio
3333 3531 3592 3580 occurrat.
3636 3521 3773 3576 Eras-

2206 3605 2320 3664 mus
2347 3590 2420 3664 ait
2449 3605 2468 3643 :
2495 3589 2561 3643 Ut
2589 3591 2779 3664 librum
2806 3592 2944 3647 hunc
2975 3596 3141 3664 fateor
3166 3596 3300 3650 lrctu
3360 3614 3462 3650 non
3505 3595 3769 3664 indignum,

2207 3661 2279 3711 ita
2308 3661 2494 3730 stylus,
2525 3671 2576 3714 ut
2603 3662 2737 3717 nihil
2758 3669 2826 3718 sit
2851 3661 3018 3731 aliud,
3039 3668 3422 3721 euidentissime
3440 3661 3663 3719 declarat
3687 3679 3773 3715 non

2205 3747 2315 3785 esse
2339 3734 2590 3807 scriptum
2630 3733 2694 3787 ab
2748 3735 3086 3807 Hieronymo.
3133 3737 3422 3807 Inscriptio
3466 3737 3681 3790 variabat
3728 3734 3774 3785 in

2206 3802 2587 3874 exemplaribus
2625 3820 2642 3858 :
2694 3807 2747 3859 in
2783 3808 2902 3862 aliis
2947 3802 3064 3860 'erat
3120 3802 3320 3864 titulus
3346 3810 3417 3864 ad
3468 3809 3771 3865 Terentiam.

2207 3872 2259 3952 in
2282 3872 2401 3952 aliis
2431 3875 2494 3927 ad
2518 3874 2860 3952 'I‘herasiam.
2897 3876 3095 3933 Deinde
3119 3881 3174 3934 in
3212 3886 3329 3952 ipso
3369 3880 3622 3934 t'olumine
3648 3874 3774 3952 nulla

2207 3944 2268 4010 ﬁt
2291 3944 2450 4019 ullius
2470 3946 2544 4019 rei
2595 3953 2811 4019 mentio,
2864 3967 2981 4019 qum
3031 3944 3280 4019 pertineat
3322 3953 3406 4005 vel
3450 3952 3518 4002 ad
3555 3946 3775 4019 eumqu

2206 4017 2428 4092 scripsit,
2455 4017 2532 4092 uel
2560 4017 2628 4069 ad
2652 4035 2734 4092 eos
2755 4017 2940 4089 quibus
2971 4017 3183 4091 scripsit
3205 4040 3224 4077 :
3246 4040 3363 4076 cum
3395 4018 3684 4092 hujusmodi
3704 4032 3774 4092 so-

2207 4086 2310 4166 leat
2333 4086 2784 4166 admiscere‘divus
2813 4086 3180 4162 literariyuius,
3215 4086 3506 4166 praesertim
3527 4094 3576 4144 in
3603 4089 3775 4166 princi-

2205 4161 2290 4235 pio
2320 4161 2443 4235 etin
2465 4159 2585 4227 ﬁne.
2613 4159 2880 4216 Postremo
2908 4159 3026 4216 cuni
3047 4166 3110 4217 sit
3131 4159 3341 4235 justum
3369 4159 3695 4235 t-olnmen,_et
3721 4161 3775 4211 de

2207 4228 2388 4281 celebri
2434 4240 2776 4306 argumento,
2815 4247 2985 4286 tamen
3021 4228 3274 4306 nusquam
3305 4238 3500 4289 citutur
3521 4232 3581 4287 ab
3607 4231 3775 4306 Hiero-

2205 4316 2376 4368 nymo,
2409 4306 2495 4364 qui
2520 4311 2691 4354 tamen
2715 4304 2797 4356 illi
2819 4320 2928 4357 mos
2959 4314 3030 4359 est
3061 4311 3112 4359 in
3131 4304 3363 4362 ere-teris.
3387 4308 3676 4361 Siexstaret
3703 4305 3773 4353 in-

2207 4378 2305 4446 (lex
2324 4387 2532 4443 cperunt
2552 4373 2897 4446 Tertulliani,
2937 4379 3172 4446 fortassis
3222 4381 3357 4433 inter
3384 4379 3527 4432 illius
3557 4374 3772 4428 lucubra-

2207 4443 2366 4566 tilolnes
2393 4445 2732 4515 reperiretur;
2776 4464 2897 4502 nam
2938 4443 3149 4518 phrasis
3177 4450 3240 4506 ab
3264 4452 3409 4505 illius
3435 4463 3660 4505 sermone
3682 4459 3774 4498 non

2207 4530 2234 4565 a
2287 4525 2464 4566 torret.

2206 4525 2464 4570 αωιοννει.

2725 4608 3063 4668 EPISTULA
3117 4613 3265 4670 XIX.

2664 4703 2743 4760 De
2769 4722 2886 4760 vera
2915 4708 3323 4763 circumcisione.

2273 4796 2314 4851 Ι.
2352 4794 2647 4866 Superiore
2684 4799 2914 4869 epistola
2943 4815 3101 4871 quam
3135 4818 3202 4856 ex
3230 4817 3318 4856 me
3344 4797 3668 4856 consultatio
3692 4807 3773 4849 ve-

2200 4899 2308 4944 stra
2339 4889 2698 4960 deprompsit,
2729 4907 2887 4961 quam
2911 4899 2966 4946 et
2991 4892 3056 4946 ad
3080 4901 3226 4947 tttuut
3250 4903 3304 4948 et
3325 4893 3533 4948 sororis
3560 4900 3654 4944 tu:e
3682 4899 3772 4940 nos

2200 4996 2322 5035 men
2346 4980 2487 5048 misi,
2511 4981 2776 5038 rationem
2803 4983 3234 5041 circumcisionis
3257 4985 3447 5056 rapide
3474 4975 3771 5043 transcurri,

2199 5188 2478 5253 sacerdoti,
2507 5199 2614 5245 etc.

2266 5255 2292 5296 ά
2323 5259 2511 5314 Isidor.
2543 5264 2576 5316 I.
2615 5276 2710 5315 stt.
2740 5259 2946 5333 Origin.
2981 5277 3031 5318 c.
3075 5261 3108 5316 ὦ
3140 5280 3155 5318 :
3205 5262 3401 5319 Fertur
3445 5271 3611 5317 autem
3651 5254 3774 5330 quod

2194 5345 2402 5405 serpens
2417 5333 2679 5405 hominem
2708 5334 2905 5386 nudum.
2927 5351 3030 5387 non
3053 5337 3119 5388 sit
3139 5352 3299 5389 ausus
3324 5336 3594 5405 attingere.

2267 5411 2290 5438 θ
2318 5402 2517 5458 Eadem
2551 5406 2664 5458 fere
2690 5405 2757 5458 ad
2793 5405 3016 5459 verbum
3049 5409 3116 5461 de
3141 5407 3356 5472 vulture
3381 5402 3544 5461 tradit
3594 5403 3773 5456 Eusta-

2199 5472 2342 5545 thius
2374 5473 2426 5528 in
2460 5477 2844 5531 llexamcrou:
2890 5477 2982 5545 qui
3035 5493 3142 5531 non
3193 5476 3498 5532 Instintium
3557 5473 3770 5544 lapidein

2197 5543 2346 5596 illum
2372 5556 2546 5619 vocat,
2575 5546 2667 5600 scd
2703 5543 2940 5610 εὖτοκίοιί,
2995 5563 3059 5602 ex
3093 5565 3160 5604 eo
3183 5549 3328 5617 quod
3363 5560 3544 5619 partus
3584 5543 3770 5614 promo-

2191 5623 2293 5689 vet.
2324 5616 2429 5670 Alii
2462 5619 2729 5674 ὠκυτόκιον
2761 5621 3034 5688 appellant
3067 5635 3080 5673 :
3128 5616 3218 5689 qui
3250 5616 3389 5688 lapis
3436 5622 3766 5689 atatim;_85tt

2194 5687 2313 5740 sive
2340 5689 2625 5754 aquilinus.
2655 5687 2998 5761 Hincirnalitn
3029 5706 3126 5761 pro
3147 5687 3492 5756 ‘lnstintium,
3523 5687 3659 5761 quod
3687 5700 3771 5737 nn-

2196 5772 2320 5812 meu
2347 5761 2491 5843 nihil.
2498 5771 2614 5889 1est,
2647 5769 2742 5818 aut
2769 5759 3066 5835 Eutociuni,
3090 5771 3184 5822 aut
3215 5763 3520 5834 Ocytoct'um
3545 5759 3630 5818 ιιίο
3649 5771 3769 5830 (1³0·

2196 5844 2301 5889 (me
2324 5845 2491 5889 resert
2536 5848 2575 5888 ι.

2195 5844 2301 5900 que
2324 5844 2575 5889 rescribi.
