3926 6290
158 276 251 334 189

939 273 1275 334 EPISTOLA
1313 273 1460 348 XIX.
1499 272 1590 346 DE
1631 264 1821 348 VEBA
1859 271 2410 344 CIRCUMCISIONE.

3317 282 3422 346 190

153 394 388 469 quoniam
418 391 726 464 procinctus
765 388 984 447 itineris
1036 391 1168 460 mei,
1226 391 1280 458 in
1319 406 1427 461 quo
1472 389 1715 460 confecta
1745 386 1800 449 Α
1826 391 2121 467 promissa?
2143 411 2207 450 ex
2228 397 2412 468 quibus
2439 396 2594 453 etiam
2622 403 2698 454 est
2727 397 2968 456 Christus
2996 397 3283 455 secundum
3302 415 3420 454 car-

154 498 242 550 est,
271 502 373 541 non
403 485 573 540 solum
605 483 655 538 ei
678 483 864 538 limam
891 483 1102 547 nitoris,
1136 498 1322 539 verum
1379 484 1544 539 etiam
1596 499 1716 554 per-

155 579 420 636 fectionem
443 577 620 645 operis
659 575 874 643 invidit,
934 577 1059 632 licet
1110 593 1197 632 me
1242 588 1293 632 et
1344 577 1431 631 illa
1473 588 1719 633 terreant

154 687 256 742 qua:
281 671 543 724 limantur.
575 668 729 736 Quod
751 669 794 723 si
826 683 934 721 non
962 667 1171 735 placent
1224 669 1408 738 polita,
1460 669 1719 723 formidat

155 766 343 821 animus
364 765 605 834 cogitare
635 762 766 834 quid
807 762 997 831 jndicii
1050 772 1361 817 mercantur
1416 762 1666 818 informia
1701 781 1713 817 :

152 860 439 929 quamquam
463 872 564 926 ego
598 857 745 912 illam
780 857 975 910 nonad
1004 856 1250 926 judicum
1289 856 1570 922 subsellia,
1620 855 1713 911 scd

151 954 205 1008 ad
248 951 526 1007 faventium
576 950 710 1006 mihi
764 966 1025 1006 coronam
1091 951 1394 1007 transmisi.
1474 951 1716 1022 Denique

153 1059 248 1100 mea
270 1043 528 1098 sententia
563 1058 671 1097 non
705 1043 997 1113 prodisset,
1032 1042 1133 1097 nisi
1172 1042 1364 1098 fuisset
1403 1059 1498 1114 per
1529 1059 1625 1098 vos
1647 1043 1714 1098 de

151 1145 335 1191 secreto
359 1133 726 1200 vereenudim,
757 1134 908 1190 velut
941 1151 1100 1188 manu
1147 1135 1383 1206 quadam
1433 1135 1714 1190 charitatis

151 1229 334 1284 educta.
390 1227 497 1284 Sed
544 1231 804 1298 quoniam
859 1227 969 1298 jam
1026 1229 1170 1282 illam
1202 1228 1488 1284 meliorem
1537 1231 1714 1285 lacere

152 1337 243 1376 non
271 1336 499 1391 possum,
535 1322 735 1388 placuit
762 1320 916 1386 mihi,
951 1329 1010 1376 nt
1039 1321 1206 1376 semel
1244 1322 1501 1376 emissum
1558 1339 1712 1390 repe-

153 1424 258 1467 tens
277 1411 403 1481 apud
432 1421 486 1467 te
515 1412 745 1466 verbum
770 1421 1146 1478 retractat-em,
1172 1415 1326 1483 cujus
1363 1416 1713 1470 conversatio

149 1504 546 1559 circumcisionis
569 1512 656 1560 est
700 1505 1100 1576 interpretatio,
1153 1516 1208 1562 ct
1241 1508 1350 1561 vita
1385 1508 1550 1567 totius
1579 1508 1714 1580 legis

151 1601 407 1655 enarratio.
446 1601 528 1654 Ex
551 1615 618 1654 eo
642 1601 914 1670 siquidem
945 1602 1026 1656 lex
1057 1602 1266 1658 videtur
1295 1604 1549 1669 obscura,
1579 1619 1714 1676 quo-

149 1693 265 1745 niam
292 1707 443 1746 rarus
469 1692 521 1744 in
551 1706 659 1761 quo
681 1692 1017 1760 conSpicitnr
1042 1694 1265 1748 exisdt:
1297 1695 1390 1750 Dei
1418 1695 1561 1749 enim
1589 1711 1712 1748 vcr-

147 1787 250 1840 bum
287 1786 385 1839 vita
439 1794 566 1850 est,
615 1795 670 1841 et
722 1802 822 1854 nos
879 1787 1038 1842 aliter
1095 1787 1326 1843 vivendo
1384 1805 1546 1860 quam
1602 1789 1705 1843 vita

146 1884 251 1940 est,
293 1877 516 1931 verbum
580 1877 671 1932 liei
721 1876 949 1932 facimus
1004 1879 1319 1935 obscurum.
1381 1879 1534 1948 Quod
1570 1881 1611 1934 si
1643 1896 1706 1936 ea

146 1970 232 2022 vita
268 1983 375 2036 qua:
423 1968 608 2023 solum
658 1969 768 2022 vita
824 1979 908 2023 est
961 1970 1262 2025 viveremus
1297 2013 1310 2036 ,
1359 1971 1707 2028 enarratione

145 2061 252 2130 legis
278 2062 382 2130 ejus
409 2077 554 2131 opus
587 2077 691 2116 non
717 2069 855 2123 erat,
893 2078 1052 2134 quam
1099 2063 1315 2118 facilius
1354 2073 1474 2118 erat
1520 2064 1707 2119 videre

142 2168 272 2224 quam
302 2153 442 2223 loqui
485 2171 497 2207 ι
531 2154 978 2225 quandoquidem
1029 2173 1131 2210 non
1162 2157 1214 2210 in
1243 2173 1479 2210 sermone
1523 2167 1596 2210 est
1627 2174 1706 2212 re-

143 2263 271 2318 gnum
291 2245 402 2311 Dei,
436 2249 536 2303 sed
552 2250 604 2301 in
627 2249 812 2302 virtute
835 2250 875 2320 (I
902 2247 1021 2304 Cor.
1047 2267 1118 2315 tv,
1149 2250 1262 2322 20).
1295 2251 1462 2334 hjtibis
1487 2267 1617 2321 ergo
1639 2268 1703 2308 ex

144 2343 401 2400 abundanti
436 2346 571 2401 licet
601 2347 741 2418 apud
774 2354 824 2402 te
854 2347 1176 2413 dissertare,
1236 2349 1377 2420 quod
1415 2349 1706 2405 didicimus

141 2435 273 2501 inte,
303 2438 392 2492 tibi
418 2438 663 2506 prodere
703 2437 847 2509 quod
883 2440 1039 2494 nobis
1071 2441 1177 2494 vita
1201 2449 1287 2494 tua
1319 2441 1589 2511 prazstitit,
1638 2457 1706 2498 ne

140 2528 588 2584 essetobscnrum.
636 2529 739 2584 Sed
790 2530 916 2601 quid
971 2546 1167 2586 novum
1221 2531 1514 2603 loquimur,
1540 2532 1585 2587 si
1615 2543 1709 2588 aut

140 2620 328 2690 tuquod
356 2621 601 2677 locuturi
627 2637 814 2677 sumus
859 2623 964 2677 hoc
1009 2622 1170 2690 vivis,
1219 2634 1312 2679 aut
1363 2626 1407 2682 si
1463 2624 1602 2696 apud
1653 2633 1708 2682 te

145 2713 262 2783 quod
289 2715 339 2795 in
363 2723 415 2771 te
445 2715 744 2772 didicimus
773 2716 878 2772 hoc
906 2716 1179 2788 loquimur
1213 2733 1226 2771 :
1257 2732 1380 2771 cum
1412 2725 1465 2772 et
1497 2732 1706 2772 memor

136 2819 289 2860 eorum
313 2824 434 2878 qua:
476 2808 724 2863 meminit
750 2811 954 2863 monita
982 2825 1086 2863 non
1115 2815 1360 2882 qttmrat,
1402 2818 1457 2864 et
1512 2807 1706 2864 doctus

136 2911 222 2951 non
248 2913 302 2953 ea
333 2915 462 2970 qua:
488 2902 598 2970 jam
625 2900 790 2956 callet
813 2902 1046 2972 inquirat
1075 2902 1099 2957 ‘l

189 2993 243 3050 ll.
281 2995 356 3052 Tu
403 2996 666 3067 quidem,
717 2997 826 3052 filia
871 2996 1246 3061 dilectissima,
1289 2995 1708 3052 circumcisione

133 3084 244 3141 rivis
270 3107 281 3142 :
305 3087 436 3143 mihi
477 3098 654 3142 tamen
688 3089 1024 3160 propositum
1055 3098 1138 3143 est
1168 3087 1294 3142 illud
1327 3096 1502 3143 tecum
1537 3087 1703 3159 loqui,

1823 503 1970 552 nent,
2013 489 2104 561 qui
2146 501 2219 544 est
2263 491 2558 547 benedictus
2602 495 2655 548 in
2679 494 2891 548 scrcula.
2924 494 3081 549 Absit
3113 509 3274 563 ergo,
3309 501 3360 548 ut
3393 507 3423 548 a

1821 582 2018 650 quibus
2044 584 2207 639 etiam
2241 585 2408 638 lilium
2443 585 2737 641 secundum
2767 586 3038 642 hominem
3063 586 3231 640 voluit
3263 585 3415 652 oriri,

1821 673 1901 728 eis
1944 690 2048 729 non
2098 677 2252 746 p'cna
2287 677 2498 731 ratione
2547 678 2809 732 conderet
2853 686 3256 733 testamentum.
3308 675 3415 731 Sed

1821 767 2077 832 quoniam
2110 777 2217 821 tam
2258 768 2540 823 evidenter
2569 777 2784 824 constat
2824 769 3002 823 omnia
3033 769 3279 824 ordinata
3326 783 3422 835 |‘8|‘

1821 858 1989 914 Deum
2025 861 2179 928 plena
2207 875 2330 916 esse
2358 864 2611 925 rationis,
2643 874 2694 916 ut
2729 871 3005 917 asscrtore
3041 878 3146 915 non
3176 869 3370 932 egeant
3397 877 3413 920 ς

1818 952 2096 1007 videamus
2143 954 2284 1009 unde
2329 954 2556 1024 digressi
2587 970 2797 1021 sumus,
2839 970 2958 1026 quae
2998 969 3159 1009 causa
3207 963 3315 1017 est,
3359 964 3418 1010 ut

1818 1060 1936 1101 eam
1971 1055 2176 1117 partem
2208 1049 2473 1118 corporis,
2502 1063 2622 1117 qua:
2648 1048 2910 1103 secretior
2939 1056 2992 1102 et
3022 1047 3289 1102 occultior
3309 1057 3415 1112 est,

1817 1149 1908 1194 aut
1933 1156 2052 1194 eam
2083 1157 2204 1212 qua:
2233 1157 2260 1193 a
2295 1141 2498 1196 Graecis
2528 1147 2701 1216 φύσις,
2735 1155 2764 1193 a
2797 1139 2955 1195 nobis
2983 1139 3179 1195 dicitur
3203 1151 3408 1206 natura,

1816 1231 1881 1285 ad
1915 1232 2413 1288 circumcidendum
2445 1233 2705 1286 Dominus
2749 1231 2978 1302 elegerit
3027 1245 3042 1286 :
3081 1231 3170 1302 qui
3227 1231 3415 1300 utique

1815 1323 1886 1378 ob
1915 1324 2124 1394 signum
2168 1340 2275 1394 quo
2302 1324 2518 1380 volebat
2551 1324 2781 1378 famulos
2812 1338 2942 1377 suos
2973 1323 3025 1378 in
3053 1323 3287 1378 Abrahae
3327 1338 3415 1378 se-

1814 1419 1960 1473 mine
1987 1421 2222 1484 censeri,
2259 1417 2308 1472 id
2345 1419 2606 1488 potuisset
2631 1417 2854 1488 eligere,
2877 1416 3018 1487 quod
3049 1417 3102 1470 in
3129 1417 3413 1486 prepatulo

1815 1514 2052 1581 positum
2083 1512 2152 1566 ah
2181 1511 2434 1566 omnibus
2461 1522 2780 1565 cerneretur
2802 1551 2816 1576 ,
2862 1522 2914 1564 et
2944 1509 3053 1563 alio
3082 1511 3300 1564 nomine
3322 1525 3418 1564 vo-

1813 1614 2068 1660 caretur:
2102 1603 2189 1658 ubi
2231 1618 2331 1659 nec
2362 1603 2413 1658 in
2457 1603 2612 1673 signo
2659 1601 2992 1669 obscuritas,
3030 1617 3128 1657 nec
3171 1601 3417 1657 conlusio

1815 1707 1958 1751 esset
1984 1697 2035 1750 in
2069 1698 2311 1752 nomine.

1889 1790 1975 1846 lll.
2017 1790 2122 1844 Sed
2169 1803 2400 1860 utraque
2446 1791 2625 1860 imago
2658 1787 2922 1843 rationem
2953 1785 3135 1842 habuit
3183 1784 3416 1858 gemina:

1813 1884 2060 1938 veritatis
2088 1900 2102 1937 :
2134 1898 2294 1952 quam
2321 1882 2447 1937 dum
2483 1882 2674 1950 loquar
2705 1880 2958 1950 impende
2988 1878 3324 1947 patientiam,
3360 1885 3418 1932 ut

1810 1992 1933 2047 qua:
1969 1975 2445 2030 circumcisionem
2479 1973 2623 2028 illam
2659 1974 2710 2027 in
2741 1975 2846 2027 vita
2879 1983 2964 2026 tua
2994 1985 3098 2024 non
3132 1985 3254 2025 esse
3290 1984 3410 2024 cre-

1809 2067 2005 2138 debas,
2041 2084 2186 2123 nunc
2216 2067 2377 2121 vitam
2413 2077 2562 2122 luant
2600 2066 2652 2120 in
2687 2066 2778 2120 illa
2826 2065 3243 2119 circumcisione
3281 2077 3408 2117 con-

1810 2142 2028 2230 spicias.
2064 2163 2140 2215 Ac
2165 2160 2398 2230 primum
2430 2159 2497 2214 de
2528 2157 2810 2214 secretiori
2837 2165 2989 2227 parte
3011 2157 3259 2226 corporis
3284 2155 3413 2224 quid

1811 2252 2095 2322 figurabat,
2121 2251 2365 2307 adverte.
2391 2251 2524 2306 illud
2556 2252 2674 2305 sine
2704 2249 2868 2304 dubio
2895 2249 3035 2317 quod
3067 2247 3409 2318 postmodum

1811 2346 2074 2400 Dominus
2119 2344 2478 2410 monstravit,
2530 2359 2599 2398 ne
2637 2343 2902 2413 justitiam
2935 2349 3174 2394 nostram
3226 2353 3409 2393 coram

1811 2438 2120 2493 hominibus
2149 2436 2475 2502 faceremus,
2505 2436 2599 2492 sed
2630 2436 2682 2490 in
2715 2437 2930 2490 occulto
2959 2448 3143 2489 coram
3174 2447 3240 2487 eo
3266 2431 3404 2498 solo,

1809 2533 1894 2587 cni
1922 2533 2022 2587 soli
2053 2531 2186 2586 nihil
2220 2534 2493 2587 occultum
2523 2539 2640 2597 est,
2668 2540 2721 2586 et
2750 2545 2907 2601 quem
2938 2529 3111 2583 solum
3148 2540 3408 2582 remune-

1810 2634 2046 2679 ratorem
2078 2623 2346 2679 bonorum
2383 2625 2633 2678 novimus
2671 2637 2793 2678 esse
2835 2624 3116 2676 laetorum.
3150 2618 3284 2674 Nam
3317 2617 3410 2674 hic

1811 2727 1996 2770 noswa
2036 2715 2379 2769 circumcisio
2419 2729 2523 2769 non
2555 2715 2818 2769 videtur:
2861 2690 3117 2780 quoniam
3163 2710 3408 2765 stultitia:

1808 2808 2077 2864 velamine
2101 2808 2252 2863 velut.
2280 2815 2431 2862 veste
2477 2806 2675 2878 tegitur
2704 2805 2962 2861 mundiali
3001 2821 3016 2858 :
3047 2803 3160 2858 Nec
3205 2818 3335 2857 sane
3375 2817 3408 2858 a

1810 2901 1972 2958 nobis
2003 2916 2336 2974 magnopere
2363 2898 2780 2955 desiderandum
2822 2907 2936 2965 est,
2977 2907 3033 2952 ut
3077 2895 3413 2966 contempla-

1811 2995 1949 3051 tioni
1973 2996 2216 3052 omnium
2246 2974 2592 3050 circumcisio
2623 3003 2813 3064 aperte
2834 2991 3132 3062 suhjaeeat,
3163 3006 3230 3045 ne
3263 3004 3408 3045 mer-

1811 3106 1899 3146 ces
1929 3089 2110 3162 operis
2147 3104 2287 3160 pene
2322 3103 2418 3144 eos
2447 3088 2549 3153 sit,
2579 3101 2714 3158 quos
2741 3087 2991 3140 volumus
3024 3084 3165 3140 hanc
3195 3082 3406 3145 videre,

133 3195 271 3250 quare
297 3198 399 3238 non
458 3183 511 3237 in
551 3182 747 3252 digito,
797 3198 904 3238 non
955 3182 1005 3236 in
1035 3197 1197 3249 aure,
1243 3180 1415 3237 aliave
1455 3181 1704 3251 corporis
1731 3156 1783 3227 ο
1812 3185 2022 3239 dicente
2055 3183 2321 3238 Domino:
2353 3181 2518 3235 Amen
2544 3181 2662 3234 dico
2688 3178 2850 3244 vobis,
2884 3185 3183 3245 receperunt
3210 3191 3407 3229 merce-

133 3282 258 3341 parte
297 3274 386 3329 ﬁat
423 3273 786 3344 circumcisio
827 3273 1165 3340 Judtcorum,
1197 3289 1317 3344 qua:
1360 3273 1544 3344 utique
1587 3271 1707 3328 sine

133 3368 310 3422 ratione
335 3383 455 3422 esse
488 3367 794 3435 diceretur,
827 3369 869 3422 si
898 3384 926 3422 a
958 3367 1074 3423 Deo
1118 3368 1334 3422 inventa
1382 3382 1487 3421 non
1536 3375 1702 3422 esset.

132 3455 248 3512 Nihil
281 3460 422 3514 enim
454 3459 583 3514 sine
614 3459 824 3515 ratione
851 3459 909 3514 fit
940 3475 1036 3529 per
1062 3459 1228 3515 Deum
1259 3475 1274 3513 :
1309 3457 1436 3514 nihil
1465 3459 1702 3524 casibus,

129 3560 176 3601 ut
198 3560 369 3619 gentes
398 3553 722 3622 loquuntur,
755 3551 1014 3617 fortuitis,
1045 3551 1175 3606 nihil
1208 3551 1442 3622 denique
1473 3550 1704 3606 fortuna:

132 3639 172 3693 in
196 3643 278 3696 illo
306 3645 604 3699 temeritati
633 3645 782 3698 licet.
811 3643 917 3713 lpsi
949 3644 1090 3698 enim
1115 3646 1241 3699 caeci
1265 3652 1409 3710 sunt,
1439 3643 1529 3714 qui
1556 3643 1700 3697 illam

128 3747 282 3805 putant
322 3738 533 3794 habere
563 3736 770 3808 aliquid
817 3737 1118 3806 potestatis.
1167 3737 1312 3792 Deus
1356 3744 1560 3800 autem,
1609 3734 1700 3804 qui

128 3828 219 3896 ipse
245 3831 375 3884 ratio
401 3841 516 3892 est,
568 3840 625 3882 ut
669 3828 798 3882 nihil
845 3843 950 3882 non
978 3828 1134 3898 plena
1170 3829 1380 3882 ratione
1408 3824 1697 3882 formavit:

125 3919 181 3973 ita
208 3922 328 3976 nihil
360 3923 429 3977 ab
455 3921 688 3977 homine
711 3921 826 3975 fieri
859 3922 976 3975 sine
1009 3921 1218 3975 ratione
1243 3919 1540 3974 mandavit.
1568 3919 1697 3971 Nam

124 4014 159 4066 si
185 4016 438 4071 elementa
485 4032 611 4085 qua:
640 4015 913 4071 cernimus
947 4023 1090 4068 tanta
1126 4015 1334 4069 ratione
1362 4013 1610 4082 digessit,
1643 4021 1702 4067 ut

124 4115 238 4159 terra
267 4109 378 4162 haec
400 4117 578 4176 esset,
603 4122 941 4178 superquam
971 4107 1178 4175 reliqua
1208 4116 1578 4170 moverentur,
1599 4103 1700 4157 im-

122 4200 338 4272 mobilis,
379 4212 437 4256 ut
467 4215 738 4270 aquarum
767 4216 917 4254 vente
957 4200 1236 4256 altioribus
1265 4198 1537 4252 montibus
1567 4211 1701 4251 con-

121 4290 384 4357 derentur,
433 4310 464 4348 a
519 4291 721 4364 quibus
770 4303 886 4346 orta
936 4291 1153 4347 fiumina
1205 4291 1330 4344 dntn
1385 4306 1479 4360 per
1528 4289 1696 4344 multa

123 4386 266 4452 spatia
311 4388 619 4443 decurrunt
671 4386 806 4453 late,
855 4385 1076 4456 potandi
1129 4399 1284 4439 usum
1333 4400 1430 4453 per
1476 4398 1692 4437 onmem

122 4487 318 4534 tractant
368 4494 572 4535 cursus
632 4479 716 4535 sui
767 4478 1132 4533 animantibus
1187 4477 1510 4532 exhiberem
1562 4495 1574 4531 :
1636 4485 1694 4529 nt

1809 3276 1924 3330 dent
1953 3292 2102 3330 suam
2135 3272 2353 3346 (Matth.
2379 3289 2454 3337 vt,
2482 3271 2541 3343 2)
2576 3289 2590 3327 :
2623 3273 2719 3327 sed
2755 3272 2821 3326 ita
2849 3269 3115 3338 modeste,
3151 3269 3220 3323 ita
3253 3282 3407 3323 vere-

1807 3368 1984 3423 cunde
2014 3365 2259 3423 habenda
2290 3375 2393 3435 est,
2428 3374 2483 3421 et
2505 3364 2733 3420 velanda
2761 3363 2910 3434 juxta
2936 3378 3055 3417 eam
3091 3360 3403 3431 imaginem,

1807 3477 1964 3531 quam
1991 3459 2374 3516 abundantiori
2399 3458 2606 3514 honore
2629 3458 2910 3523 vestimns,
2938 3453 3258 3511 utvidentes
3281 3469 3400 3508 eam

1809 3571 1913 3609 non
1947 3555 2194 3619 videant,
2240 3553 2335 3609 sed
2370 3566 2677 3624 quaarcntcs
2723 3553 3093 3622 rimantesque
3123 3551 3271 3604 intus
3303 3562 3402 3601 nos

1800 3647 1958 3717 juxta
1991 3645 2348 3716 Apostolum,
2390 3660 2526 3716 quos
2564 3643 2890 3701 seductores
2921 3649 3142 3713 putant,
3175 3653 3400 3695 veraces

1804 3754 1927 3794 esse
1958 3739 2263 3794 fateantur:
2297 3754 2434 3810 quos
2465 3736 2595 3792 nihil
2645 3736 2846 3792 habere
2873 3734 3189 3794 credebant,
3215 3731 3397 3785 omnia

1805 3832 2086 3903 possidere
2108 3841 2446 3902 cognoscant
2478 3847 2492 3886 :
2526 3845 2662 3900 quos
2686 3829 2822 3884 mori
2848 3828 3189 3898 judicabant,
3216 3826 3397 3880 vivere

1804 3924 1857 3978 in
1885 3934 2150 3979 aeternum
2197 3929 2464 3978 testentur
2494 3921 2534 3992 (l
2567 3922 2688 3975 Cor.
2721 3936 2795 3987 vt,
2827 3919 2905 3990 9).
2938 3918 3062 3972 l—ltec
3101 3926 3184 3972 est
3225 3916 3397 3987 gloria

1802 4015 2234 4071 circumcisionis
2262 4016 2491 4068 occultse
2526 4033 2538 4066 :
2575 4014 2691 4067 lucc
2722 4016 2892 4082 partis
2922 4009 3244 4066 verecunda:
3288 4010 3396 4064 illis

1800 4108 1866 4162 ad
1890 4108 2209 4174 videndum,
2237 4109 2393 4162 nobis
2416 4108 2468 4161 in
2495 4117 2686 4162 nostro
2713 4120 2945 4176 corpore
2968 4119 3074 4159 non
3100 4103 3352 4159 vercnd:c
3380 4121 3394 4158 :

1799 4202 1903 4256 hoc
1932 4201 2300 4256 testimonium
2337 4202 2630 4271 gloriosum
2658 4215 2780 4255 cum
2805 4199 3059 4254 conversi
3089 4213 3274 4253 amare
3299 4213 3396 4256 cn-

1799 4298 1986 4365 pinnt,
2020 4309 2157 4365 quos
2185 4294 2368 4350 odisse
2411 4294 2738 4364 gaudebant.
2774 4293 2925 4348 Unde
2973 4309 3078 4348 non
3125 4294 3178 4347 in
3225 4308 3396 4348 carne

1799 4388 2009 4457 palam,
2039 4386 2136 4441 sed
2174 4387 2228 4441 in
2263 4388 2477 4443 oceulto
2508 4386 2689 4441 cordis
2729 4385 2900 4440 Jndmi
2946 4401 3068 4441 esse
3106 4385 3390 4450 debemus,

1799 4497 1906 4534 non
1936 4480 2133 4542 littera,
2159 4479 2253 4533 sed
2299 4481 2512 4550 spiritu.
2545 4477 2676 4533 Nam
2711 4478 2893 4533 littera
2932 4477 3107 4533 oculis
3148 4478 3394 4548 snbjacct

120 4567 263 4637 ipsum
287 4587 443 4627 mare
475 4571 632 4642 aquis
655 4570 1009 4624 inﬂuentibus
1041 4585 1146 4624 non
1179 4577 1478 4634 excrescat,
1504 4566 1599 4623 sed
1631 4577 1690 4622 ut

1805 4575 1999 4629 nostris
2033 4590 2048 4627 :
2081 4573 2304 4643 spiritus
2337 4573 2492 4626 nobis
2524 4572 2804 4626 carnalem
2838 4571 3036 4642 refugit
3059 4580 3338 4642 aspectum
3374 4587 3389 4627 :

119 4662 242 4720 velut
268 4675 462 4721 venter
506 4664 726 4736 quidam
765 4665 982 4718 laticum
1013 4679 1180 4735 aquas
1215 4664 1363 4718 sitire
1393 4663 1638 4719 videatur
1671 4680 1684 4718 :

120 4771 171 4809 ne
196 4757 270 4812 vel
303 4757 550 4813 fontibus
576 4759 628 4812 in
656 4766 920 4812 :cternum
949 4756 1318 4824 manantibus,
1346 4757 1427 4812 vel
1451 4757 1689 4811 ﬂumini-

118 4847 196 4904 bus
221 4856 333 4907 sine
361 4853 474 4908 line
504 4851 853 4906 currentibus
876 4896 889 4919 ,
920 4850 1000 4905 vel
1035 4850 1234 4920 pluviis
1269 4851 1491 4906 assidue
1524 4866 1687 4906 ruen-

117 4946 264 5010 tibs.
296 4959 568 5020 perpetuo
609 4957 751 5002 terra
801 4945 1008 5000 diluvio
1049 4953 1361 5016 tegeretur:
1398 4954 1456 5000 ut
1486 4944 1683 5000 caelum

115 5053 281 5108 prator
307 5043 708 5116 plenitudinem
756 5041 898 5096 illam
941 5040 1079 5096 lucis
1125 5039 1176 5095 in
1227 5041 1361 5104 sole,
1407 5040 1686 5095 nocturnis

112 5137 245 5189 etiam
275 5137 551 5192 sideribus
590 5137 852 5199 radiaret,
896 5149 964 5190 ne
1010 5133 1152 5204 quod
1199 5142 1409 5204 tempus
1455 5149 1686 5204 egenum

112 5223 300 5284 luminis
331 5230 684 5284 haberemus.
719 5225 776 5284 Si
812 5242 942 5297 ergo
975 5229 1089 5281 haec
1118 5225 1448 5293 transitoria,
1483 5238 1540 5281 ut
1571 5227 1687 5297 ipse

111 5319 166 5372 ait
191 5337 203 5376 :
229 5322 423 5376 Caelum
447 5332 493 5375 et
524 5333 664 5376 terra
695 5321 987 5375 transibunt
1016 5319 1232 5389 (Matth.
1268 5336 1424 5388 xxrv,
1459 5321 1576 5392 55),
1607 5322 1685 5376 sic

109 5415 338 5481 sapientia
372 5415 695 5485 descripsit,
737 5423 796 5468 ut
839 5415 1000 5469 aliter
1028 5429 1090 5468 ea
1123 5430 1229 5468 non
1280 5416 1521 5484 potuisse
1563 5427 1683 5468 esse

109 5507 408 5576 credamus;
465 5508 589 5579 quid
641 5507 889 5564 homines
939 5507 1123 5578 ipsus,
1177 5521 1276 5576 pro
1322 5507 1518 5578 quibus
1566 5507 1682 5563 haec

109 5609 225 5652 nunc
253 5601 324 5655 ita
354 5600 707 5669 excogitavit,
733 5598 1022 5667 ordinavit,
1049 5599 1303 5664 instituit,
1335 5599 1452 5654 sine
1472 5599 1681 5654 ratione

108 5685 222 5745 lorte
247 5691 435 5748 vivere
463 5692 706 5761 permisit
733 5708 747 5750 :
778 5708 997 5764 quorum
1019 5690 1232 5764 adoptio
1253 5699 1327 5746 est
1356 5690 1609 5763 ﬁliorum,
1633 5701 1679 5747 et

107 5779 273 5855 gloria,
303 5796 351 5842 et
379 5783 788 5858 Testamentum,
814 5795 861 5842 et
887 5785 1170 5860 legislatio,
1198 5793 1246 5842 et
1276 5784 1596 5860 obsequium,
1629 5794 1680 5842 et

1796 4679 1854 4723 ut
1881 4668 1998 4722 laus
2024 4667 2178 4738 juxta
2209 4666 2528 4735 Apostolttm
2564 4681 2628 4720 ex
2665 4665 2810 4732 Deo,
2846 4680 2951 4720 non
2981 4681 3046 4721 ex
3080 4665 3393 4720 hominibus

1791 4761 2106 4832 acquiratur
2132 4777 2146 4815 :
2179 4775 2464 4814 vereamur
2492 4767 2672 4814 autem
2701 4759 2894 4816 audire
2924 4776 2953 4814 a
2987 4760 3215 4814 Domino
3240 4778 3252 4812 :
3283 4759 3392 4815 Po-

1790 4853 1945 4925 pulus
1968 4852 2051 4906 hic
2074 4851 2228 4905 labiis
2254 4867 2332 4905 nte
2352 4850 2596 4917 honorat,
2619 4867 2711 4906 cor
2736 4862 2911 4906 autem
2939 4869 3114 4906 eorum
3147 4853 3298 4924 longe
3317 4860 3392 4905 cst

1789 4963 1821 5000 a
1844 4964 1923 5001 me
1945 4945 2163 5017 (Matth.
2198 4961 2287 5009 xv,
2319 4945 2398 5014 8).
2429 4946 2590 5001 Juxta
2621 4947 2771 5002 illum
2794 4947 2884 5017 qui
2913 4947 3055 5018 quod
3082 4946 3388 5017 pertinebat

1789 5038 1856 5092 ad
1885 5037 2047 5103 labia,
2081 5036 2399 5107 magistrum
2431 5038 2632 5095 bonum
2663 5038 2730 5095 de
2762 5039 2904 5095 bono
2941 5040 3267 5108 quaesiturus
3294 5053 3392 5110 ap-

1791 5129 1958 5200 pellat
1997 5144 2011 5182 :
2049 5129 2138 5184 cui
2167 5138 2320 5184 vetus
2353 5129 2462 5194 lex,
2497 5130 2549 5186 id
2597 5140 2710 5197 est,
2759 5130 2998 5186 carnalis
3041 5127 3390 5186 circumcisio

1761 5223 1938 5278 velut
1981 5223 2031 5277 in
2061 5223 2352 5293 superficie
2383 5225 2556 5294 posita
2590 5225 2852 5281 recitatur
2873 5267 2886 5290 ,
2939 5238 3099 5292 quam
3141 5238 3201 5279 se
3232 5239 3384 5279 com-

1789 5317 1966 5386 plesse
1998 5324 2253 5386 testatus,
2286 5317 2376 5371 ubi
2418 5317 2561 5388 quod
2591 5316 2658 5371 ad
2703 5315 3176 5372 circumcisionem
3206 5317 3388 5372 cordis

1789 5409 2094 5480 pertinebat
2138 5408 2344 5464 audivit
2377 5427 2390 5464 :
2435 5408 2610 5465 Vende
2649 5409 2820 5463 omnia
2850 5426 2967 5481 ante
2998 5411 3178 5476 habet,
3211 5419 3260 5463 et
3304 5424 3386 5462 se-

1784 5517 1939 5573 quere
1980 5518 2059 5555 me
2087 5501 2304 5571 (Matth.
2337 5517 2459 5568 xix,
2489 5503 2585 5574 2|)
2622 5521 2636 5556 :
2666 5503 2840 5558 tristis
2885 5503 3180 5568 abscessit,
3217 5501 3384 5556 miser

1785 5609 2035 5667 prorsus,
2067 5596 2158 5666 qui
2187 5596 2341 5666 sequi
2366 5596 2538 5651 noluit
2565 5612 2726 5667 quem
2759 5599 2959 5654 bonum
2991 5597 3248 5668 ignorare
3271 5611 3378 5651 non

1781 5690 1978 5763 potuit.
2012 5687 2248 5745 Interius
2274 5705 2405 5762 ergo
2436 5688 2567 5746 illud
2589 5699 2673 5746 est
2695 5689 3033 5764 signaculum
3065 5689 3378 5760 pra'ligora-

1783 5793 1923 5858 tum,
1953 5782 2097 5859 quod
2131 5783 2185 5843 in
2212 5783 2478 5844 invisibili
2501 5792 2687 5844 mente
2719 5794 2899 5844 nostra
2919 5821 2937 5852 ,
2969 5781 3163 5840 abillo
3193 5782 3380 5842 invisi-
