3926 6290
555 528 801 596 audiret,
832 528 927 584 sed
960 544 1083 584 eum
1116 543 1147 583 a
1188 544 1296 595 quo
1326 529 1643 584 crederetur
1664 527 1966 583 attendere.
2001 526 2154 581 Oculi

554 622 704 678 enim
746 621 958 676 Domini
991 638 1146 695 super
1171 624 1350 694 justas
1372 618 1599 688 (Psalm.
1641 636 1834 685 xxxttl,
1869 617 1981 691 16),
2013 620 2056 674 si
2086 618 2154 672 ad

553 715 820 786 justitiam
852 714 1017 769 corde
1046 714 1328 770 credatur.
1358 713 1560 769 Verum
1593 722 1774 767 autem
1799 726 1899 766 nos
1929 710 2155 766 credere

560 818 673 864 toto
718 806 885 862 corde
930 807 1249 871 mentimur,
1298 806 1342 862 si
1394 805 1462 859 ab
1508 804 1821 860 hominibus
1863 801 2156 871 accipimus

558 901 844 956 honorem.
876 898 1189 971 Accipimus
1222 898 1365 954 enim
1404 897 1472 952 ah
1515 896 1827 965 hominibus
1871 894 2153 957 honorem,

558 992 603 1047 si
653 992 1028 1061 elcemosynas
1085 998 1297 1044 nostras
1355 990 1479 1045 tuba
1537 989 1737 1059 populo
1803 986 2154 1056 prcedicatura

563 1084 823 1155 prrrcedat
848 1126 862 1150 ,
894 1098 1028 1155 quas
1061 1098 1159 1137 nec
1190 1100 1284 1153 per
1311 1081 1546 1137 oflicium
1583 1080 1923 1136 ministraudi
1969 1079 2159 1134 dexte-

558 1193 672 1232 ram
702 1192 822 1231 cum
852 1174 1070 1232 sinistra
1098 1176 1497 1229 communicare
1520 1188 1838 1228 concessum
1868 1181 1971 1227 est.
2001 1171 2161 1226 Acci-

559 1270 738 1339 pimus
769 1270 837 1324 ab
882 1268 1187 1323 hominibus
1225 1268 1516 1332 honorem,
1554 1268 1598 1322 si
1645 1267 1849 1336 jejunia
1895 1275 2075 1321 nostra
2106 1275 2160 1322 et

559 1360 886 1416 abstinentia
924 1359 1199 1425 ciborum,
1233 1359 1415 1430 populi
1460 1357 1631 1412 oculis
1671 1358 1889 1412 fractior
1920 1357 2160 1412 mentita:

564 1453 893 1508 inﬁrmitatis
941 1453 1282 1507 cotnmcndet
1334 1453 1605 1519 incessus,
1653 1461 1706 1507 et
1746 1450 1986 1507 favorem
2020 1450 2160 1522 vulgi

566 1543 708 1601 tristi
756 1545 901 1600 vultu
946 1546 1235 1599 advocatus
1283 1544 1453 1615 pallor
1491 1545 1737 1614 acquirat
1782 1560 1798 1599 :
1842 1544 1887 1599 si
1916 1559 2046 1600 vero
2093 1542 2162 1597 ad

565 1643 789 1697 formam
820 1641 1020 1696 la'titice
1046 1641 1229 1695 vultus
1258 1648 1472 1696 erectus
1492 1683 1507 1707 ,
1542 1639 1778 1694 lavacris
1813 1639 1974 1694 etiam
2015 1653 2165 1694 sere-

567 1743 769 1791 natur:
800 1735 845 1789 si
890 1741 1053 1803 caput
1087 1732 1154 1787 ad
1189 1732 1476 1803 imaginem
1518 1730 1833 1788 festivitatis
1869 1731 2162 1802 iuuugitur,

1598 315 1658 375 S.
1700 313 2083 375 lllERONYMl
2119 312 2408 377 OPERUM
2446 315 2838 379 MANTISSA.‘

547 435 646 493 bili
674 441 866 493 nostro
896 435 1011 493 Deo
1041 434 1278 503 videtur,
1311 442 1372 490 ιιι
1400 450 1509 492 non
1533 449 1654 491 eum
1685 451 1712 488 a
1741 450 1848 507 quo
1869 435 2151 491 invocetur
2175 417 2227 493 Α
2256 434 2355 489 (ius
2386 434 2487 491 Dei
2528 435 2629 491 vivi
2670 436 2894 510 (Matth.
2921 452 3039 507 xvt,
3072 438 3092 494 t
3104 437 3162 511 6)

3703 335 3791 392 192

3216 454 3229 492 :
3278 439 3533 499 exclamat
3574 443 3791 508 Dominus

2259 526 2501 598 beatum,
2530 530 2615 584 cui
2642 543 2749 585 non
2771 544 2898 586 caro
2926 530 3068 586 iStud
3096 531 3386 588 revelasset
3414 543 3464 591 et
3483 540 3697 609 sanguis,
3715 546 3791 600 sed

2260 618 2419 675 Pater
2441 620 2559 691 ejus
2585 622 2675 691 qui
2703 633 2849 678 esset
2873 623 2929 678 in
2958 625 3133 681 caelis.
3165 624 3318 681 Tunc
3345 635 3394 684 ct
3416 626 3593 686 Petrus
3610 646 3793 692 vocatur

2258 726 2288 766 a
2319 710 2512 780 Petra,
2547 722 2827 784 postquam
2872 716 3187 786 angularem
3215 717 3359 774 illam
3403 730 3595 789 petram
3624 728 3793 794 primus

2258 808 2500 875 agnovit.
2554 805 2715 862 Jubet
2766 815 2944 864 tamen
2991 819 3112 879 post
3158 810 3352 866 multas
3412 812 3623 873 donatas
3664 819 3795 877 Petro

2258 893 2667 954 benedictiones
2694 898 3070 970 potentiasque
3095 899 3332 970 virtutis,
3366 917 3431 956 ne
3459 904 3572 974 quis
3599 905 3794 977 discipu-

2259 986 2433 1042 lorum
2463 988 2691 1056 diceret,
2734 990 2877 1061 quod
2909 989 3025 1063 ipse
3054 1003 3200 1048 esset
3227 991 3492 1049 ChriSIus.
3520 996 3637 1053 Mira
3660 1002 3796 1066 ratio,

2259 1093 2366 1133 non
2398 1080 2515 1135 vult
2549 1082 2833 1151 przedicari
2878 1082 3020 1152 quod
3066 1085 3264 1155 gaudet
3303 1085 3518 1158 intelligi
3561 1106 3575 1145 :
3615 1096 3797 1161 agnosci

2260 1182 2426 1237 amat,
2459 1183 2515 1229 et
2542 1173 2658 1229 odit
2688 1175 2899 1231 ostendi
2943 1192 2958 1231 :
3008 1176 3085 1232 sic
3111 1178 3424 1251 mysterium
3469 1181 3681 1238 obtecta:
3716 1186 3802 1239 cir-

2259 1265 2609 1321 cumcisionis
2632 1283 2916 1325 exercens.
2946 1268 3077 1323 Nam
3110 1272 3317 1325 mavult
3341 1286 3397 1327 se
3424 1273 3679 1330 inventum
3704 1292 3801 1332 esse

2260 1374 2419 1430 quam
2448 1360 2752 1431 proditum,
2782 1370 2840 1416 ut
2870 1364 3042 1417 virtus
3073 1378 3167 1418 sua
3211 1365 3391 1435 illum,
3424 1382 3526 1423 non
3555 1370 3689 1425 lavor
3713 1387 3803 1425 ma-

2263 1450 2543 1507 nifestaret
2581 1453 2790 1509 alienus
2821 1472 2834 1508 :
2863 1470 3191 1527 quamquam
3242 1460 3297 1511 in
3340 1457 3437 1511 hoc
3483 1472 3729 1532 pmccpto
3763 1473 3803 1518 et

2263 1542 2408 1596 aliud
2461 1543 2839 1613 intelligentiae
2886 1560 3058 1616 genus
3098 1558 3365 1604 occurrat.
3396 1549 3544 1606 Vetat
3590 1554 3807 1611 Dominus

2264 1632 2368 1689 hoc
2390 1634 2532 1690 unde
2553 1635 2775 1691 Petrum
2801 1636 3112 1693 laudaverat
3140 1640 3441 1711 praedicare
3467 1660 3479 1695 :
3503 1644 3809 1702 otl'endeudus

2266 1729 2474 1800 utique,
2503 1729 2547 1784 si
2581 1742 2769 1787 contra
2800 1733 3133 1790 voluntatem
3181 1736 3303 1807 ejus
3333 1737 3477 1807 quod
3512 1738 3688 1797 Petrus
3714 1756 3812 1797 se:-

567 1835 631 1881 ut
662 1826 763 1881 soli
796 1826 905 1881 Deo
937 1826 1138 1896 jejunia
1168 1835 1353 1881 nostra
1396 1825 1866 1890 commendantes.
1899 1825 2164 1896 possimus
2193 1815 2241 1877 B
2267 1830 2415 1876 serat
2462 1822 2801 1899 faterentur,
2848 1827 3104 1896 quoniam
3154 1829 3199 1882 si
3248 1829 3548 1885 facultatem
3595 1832 3810 1902 loquendi

567 1920 751 1975 dicere
781 1936 794 1972 :
829 1918 1140 1973 Voluntaria
1157 1919 1513 1989 sacriﬁcamus
1540 1916 1654 1985 tibi,
1685 1916 1903 1972 Domine
1931 1915 2162 1981 (Psalm.

567 2027 681 2076 Ltu,
712 2011 794 2082 8).
826 2011 1008 2077 Vides,
1042 2010 1173 2076 ﬁlia,
1206 2026 1399 2081 nempe
1433 2011 1578 2081 quod
1610 2009 1761 2070 vivis.
1795 2021 1848 2065 et
1875 2023 2168 2065 conversa-

571 2108 774 2162 tionem
804 2115 950 2161 tuam
984 2114 1208 2159 secreta:
1237 2102 1382 2158 illius
1412 2102 1842 2173 circumcisionis
1872 2101 2120 2173 agnoscis
2149 2118 2166 2158 :

572 2200 703 2256 foris
732 2214 931 2271 egena,
965 2199 1109 2253 intus
1142 2198 1287 2269 larga
1322 2214 1334 2251 :
1367 2195 1499 2252 foris
1527 2196 1647 2265 sine
1692 2196 1842 2267 lege,
1876 2195 2020 2250 intus
2063 2195 2168 2250 sub

574 2292 694 2364 lege
738 2309 752 2346 :
796 2291 982 2363 pepuli
1034 2290 1205 2347 oculis
1253 2289 1528 2360 publicum
1568 2289 1789 2345 vitando
1835 2288 2166 2356 convivium,

576 2398 890 2443 vocatorum
928 2400 1091 2441 sensu
1135 2395 1315 2440 autem
1355 2382 1712 2454 Evangelisue
1752 2380 2007 2438 sociande
2048 2394 2169 2437 me-

573 2477 763 2534 ritum.

654 2571 743 2627 lV.
784 2569 891 2626 Sed
934 2568 1000 2624 ad
1039 2584 1223 2623 veram
1258 2568 1426 2639 ipsam
1461 2567 1625 2623 vitam
1669 2567 1958 2639 aliquando
1987 2566 2171 2623 venia-

575 2677 717 2724 mus,
752 2660 803 2715 id
833 2670 937 2727 est,
960 2659 1026 2713 ad
1062 2660 1343 2715 Dominqu
1370 2668 1613 2715 nostrum
1642 2658 1828 2714 Jesum
1852 2658 2125 2714 Christum
2153 2676 2169 2715 :

576 2755 857 2812 videamus
883 2770 949 2809 an
996 2754 1104 2811 tale
1151 2754 1351 2826 aliquid
1382 2754 1567 2809 docuit
1605 2764 1662 2810 et
1708 2752 1863 2821 fecit,
1915 2754 2168 2823 quoniam

575 2850 716 2921 quod
735 2851 924 2922 factum
946 2857 1020 2902 est
1046 2848 1101 2901 in
1122 2847 1214 2902 illo
1238 2848 1341 2901 vita
1362 2856 1470 2902 erat
1493 2844 1739 2919 (Joath,
1768 2846 1823 2915 4)
1858 2865 1874 2899 :
1905 2844 1951 2900 si
1981 2855 2035 2901 et
2056 2846 2172 2915 ipse

575 2941 1046 3000 cirwmcisionem
1076 2941 1242 2996 veluti
1277 2940 1327 2994 in
1358 2941 1571 2996 occulta
1594 2948 1747 3010 parte
1770 2939 2017 3007 corporis
2039 2953 2171 3009 ope-

576 3044 757 3101 ratus,
788 3032 960 3087 voluit
986 3033 1055 3087 ab
1083 3031 1417 3099 hominibus,
1470 3040 1525 3088 et
1551 3047 1613 3087 ea
1648 3046 1769 3102 quae
1809 3030 2070 3099 faciebat,
2117 3038 2174 3086 et

577 3124 834 3195 ille‘quis
877 3134 1021 3179 esset
1063 3124 1304 3193 agnosci.
1337 3125 1418 3181 Ac
1455 3124 1685 3194 primum
1732 3135 1851 3193 post
1890 3124 2167 3181 cmlestem

2269 1912 2513 1969 tribuere
2544 1915 2827 1988 voluisset,
2859 1922 3141 1976 excusatio
3167 1922 3433 1992 proditori
3479 1925 3815 1993 praedestinata

2268 2005 2557 2063 videbatur
2586 2026 2601 2063 :
2629 2018 2949 2081 poteratque
2996 2014 3216 2077 dicere.
3248 2015 3543 2086 permisiSti
3574 2018 3711 2074 nobis
3745 2018 3813 2071 di-

2267 2097 2493 2169 scipulis
2524 2099 2663 2167 tuis,
2698 2109 2757 2155 ut
2787 2109 2840 2157 te
2867 2102 3119 2160 omnibus
3151 2106 3531 2176 panderemus,
3558 2124 3651 2165 nec
3674 2109 3818 2179 impu-

2270 2190 2492 2245 tandum
2537 2191 2671 2247 ιιιίὴί
2703 2202 2820 2259 est,
2862 2194 2908 2250 si
2939 2195 3048 2250 alio
3074 2195 3141 2251 ad
3187 2206 3240 2253 te
3272 2198 3467 2271 aliquis
3508 2202 3676 2256 animo
3698 2203 3819 2257 venit

2269 2298 2431 2354 quam
2478 2299 2581 2355 ego
2624 2294 2676 2341 te
2723 2296 2845 2341 tuus
2894 2288 3141 2345 laudator
3169 2292 3409 2348 ostettdi.
3455 2292 3561 2350 Sed
3603 2295 3818 2365 quoniam

2269 2374 2530 2446 quidquid
2564 2377 2891 2446 prohibetur
2921 2380 3163 2436 illicitum
3195 2393 3283 2440 est
3316 2402 3331 2439 :
3363 2401 3394 2440 a
3422 2385 3568 2440 nullo
3600 2401 3653 2441 se
3683 2386 3821 2441 voluit

2270 2465 2431 2537 digne
2456 2467 2720 2525 celebrari
2762 2470 2891 2525 dum
2919 2488 2947 2525 a
2976 2472 3113 2529 .luda
3154 2474 3477 2545 proderetur
3507 2477 3723 2549 indigne.
3744 2476 3820 2532 Ju-

2269 2557 2362 2613 bet
2406 2574 2538 2631 ergo
2580 2561 2866 2632 discipulis
2910 2580 2978 2620 ne
3017 2569 3103 2621 cui
3152 2567 3337 2623 dicant
3365 2612 3381 2638 ,
3431 2569 3569 2640 quod
3614 2571 3715 2639 ipse
3754 2576 3823 2624 est

2270 2650 2539 2709 Christus.
2568 2655 2767 2711 Tendit
2796 2659 3064 2715 sententia
3096 2660 3457 2720 interdictalis
3486 2663 3536 2719 in
3565 2662 3756 2727 Judam,
3779 2671 3822 2717 et

2272 2745 2561 2812 przevisum
2585 2746 2797 2818 jugulat
2841 2751 3168 2820 proditorem
3189 2795 3205 2820 ,
3255 2754 3379 2824 ipso
3408 2755 3572 2809 verbo
3602 2753 3822 2831 prcccepti

2273 2839 2612 2908 majestatem
2642 2843 2885 2913 signans,
2918 2859 3038 2915 qnte
3065 2854 3183 2901 erat
3206 2846 3540 2917 designanda
3569 2853 3819 2916 praecepto.

2273 2929 2460 2987 Refert
2491 2933 2835 3004 Evangelista
2866 2936 2954 2991 his
2985 2937 3166 2993 verbis
3200 2958 3213 2991 ;
3249 2938 3398 2993 Tunc
3427 2939 3678 3011 imperavit
3700 2938 3825 2990 disci-

2272 3023 2411 3093 pulis
2433 3026 2564 3093 suis,
2597 3036 2652 3079 ut
2678 3029 2871 3082 nemini
2900 3030 3124 3084 dicerent
3169 3032 3309 3102 quod
3336 3033 3449 3101 ipse
3476 3042 3600 3086 esset
3627 3030 3826 3086 Christus

2275 3115 2465 3188 (Ibid.,
2496 3118 2615 3187 20).
2665 3120 2729 3174 Et
2757 3119 2925 3176 Judas
2952 3121 3203 3192 proditor
3225 3121 3314 3177 his
3358 3125 3450 3196 qui
3480 3141 3596 3179 cum
3628 3125 3733 3194 ipso
3758 3139 3829 3173 vr-

576 3192 1052 3272 illam'ductrinam
1078 3192 1144 3271 de
1166 3224 1349 3271 monte
1375 3192 1744 3281 descendens,
1762 3215 2085 3285 populorum
2109 3230 2169 3271 se
2196 3192 2243 3258 C
2277 3222 2468 3266 nerant
2492 3213 2569 3267 ait
2601 3230 2613 3265 :
2646 3211 2769 3282 Ipse
2787 3222 2886 3277 est,
2920 3224 3082 3270 tenete
3108 3232 3223 3269 eum
3253 3192 3474 3287 (Matth.
3497 3192 3759 3287 uva—48).
3781 3215 3826 3268 lu

579 3308 963 3363 admirantium
1015 3308 1246 3379 stipatus
1293 3308 1631 3379 agminibus,
1684 3307 1884 3378 leprosi
1932 3307 2172 3364 hominis

578 3401 769 3456 sordes
801 3401 1112 3456 emaculans
1136 3399 1354 3470 (Matth.
1388 3415 1505 3469 vtn,
1542 3402 1631 3471 ι),
1664 3417 1760 3471 pro
1786 3400 1975 3456 salutis
2008 3408 2171 3456 tanta!

577 3492 873 3560 beneficio,
916 3509 1023 3549 non
1058 3492 1272 3547 laudem
1294 3534 1310 3559 ,
1344 3508 1449 3549 non
1486 3493 1862 3549 celebritatem
1893 3493 2169 3549 communi

577 3585 855 3641 hominum
892 3603 1046 3642 more
1084 3586 1361 3642 desiderat
1391 3603 1406 3639 :
1432 3585 1526 3641 sed
1571 3586 1673 3642 sibi
1716 3586 1819 3642 Soli
1868 3587 1993 3658 quid
2025 3597 2172 3644 esset

573 3680 856 3746 conscius,
903 3680 1169 3749 majorum
1221 3696 1328 3736 non
1375 3680 1578 3752 indiget
1628 3681 1957 3738 testimonio.
2006 3681 2171 3737 .lubet

574 3772 726 3826 illum
753 3775 953 3829 nemini
988 3789 1212 3829 narrare
1235 3789 1383 3829 suam
1411 3776 1663 3829 virtutem
1693 3793 1705 3828 :
1734 3786 2003 3830 secretum
2033 3790 2169 3846 quo-

573 3884 679 3938 que
708 3868 905 3923 divinae
928 3868 1243 3938 Majeslatis,
1266 3871 1407 3939 quod
1434 3871 1748 3940 mysterium
1774 3867 2167 3924 lucarnationis

575 3961 853 4027 occuluit,
895 3962 963 4017 ab
993 3977 1060 4018 eo
1098 3962 1190 4034 qui
1220 3972 1445 4018 sanatus
1489 3962 1662 4018 fuerat
1684 4004 1699 4030 ,
1732 3963 1838 4016 vult
1872 3963 2021 4018 sileri
2054 3984 2065 4019 :
2101 3978 2167 4017 ne

572 4057 799 4126 gloriam
845 4058 996 4126 quasi
1048 4058 1209 4123 homo
1262 4072 1505 4128 qua-:rere
1535 4057 1836 4123 videretur,
1866 4072 2026 4127 quam
2057 4057 2165 4111 alio

574 4164 728 4204 more
756 4159 808 4202 et
831 4150 1056 4220 mystica
1079 4148 1288 4203 ratione
1308 4150 1569 4216 suscepit.
1595 4148 1725 4203 Nam
1752 4158 1805 4202 ιιι
1834 4164 1893 4203 se
1915 4148 2167 4204 Ostendat

574 4239 869 4306 sacerdoti,
900 4250 956 4303 et
985 4256 1181 4295 munus
1215 4242 1323 4296 Deo
1354 4242 1547 4297 oll'erat
1567 4277 1590 4307 ,-
1616 4243 1901 4312 imperavit
1934 4260 1946 4295 :
1978 4255 2031 4298 et
2065 4246 2165 4299 hoc

574 4347 801 4399 tnunus,
833 4332 975 4402 quod
1010 4333 1265 4403 pra-cepit
1295 4335 1509 4404 Moyses
1538 4337 1590 4389 in
1625 4336 1995 4390 testimonium
2032 4337 2162 4404 illis,

575 4433 631 4476 ut
671 4423 797 4477 dtnn
827 4433 972 4479 tacet
1010 4424 1151 4495 quod
1192 4426 1344 4496 quasi
1381 4426 1525 4481 filius
1575 4426 1809 4483 hominis
1855 4427 2162 4498 imperavit,

572 4515 707 4585 legis
740 4518 915 4585 potius
957 4518 1206 4573 mandata
1251 4534 1412 4590 quam
1446 4519 1616 4592 Moysi
1657 4522 1796 4575 licus
1836 4521 1950 4590 ipse
1991 4522 2162 4589 dedit,

571 4608 773 4663 efticiat
801 4627 812 4664 :
847 4618 904 4664 ut
932 4620 982 4663 et
1012 4609 1137 4663 dum
1166 4610 1443 4667 hominem
1483 4628 1641 4683 quem
1674 4612 1726 4666 in
1767 4629 1930 4669 carne
1961 4614 2166 4670 viderat

577 4701 804 4758 laudare
833 4702 1190 4774 prohibetur,
1227 4706 1392 4760 licum
1437 4716 1615 4762 tamen
1659 4707 1711 4763 in
1746 4708 1985 4763 muneris
2014 4709 2164 4763 obla-

572 4795 718 4850 tione
747 4796 1075 4867 maguilicet.
1103 4796 1194 4853 Sic
1213 4798 1384 4868 gloria
1418 4799 1512 4854 lilii
1545 4798 1781 4857 hominis
1809 4816 1930 4869 qua:
1960 4816 2057 4869 per
2080 4800 2165 4870 ja-

571 4905 737 4944 nuam
786 4890 1133 4959 prohibetur,
1177 4906 1275 4960 per
1313 4905 1374 4947 se
1418 4900 1635 4947 uterum
1676 4894 1887 4948 videtur
1938 4896 2164 4957 intrare,

570 4982 697 5037 dum
729 4999 833 5039 non
863 4982 1047 5057 [Ματι.
1082 4982 1232 5057 vero]
1274 4985 1424 5055 quasi
1466 4984 1625 5039 homo
1654 4987 2033 5054 prtedicandus
2060 4998 2164 5054 cst,

570 5076 656 5129 cui
695 5084 753 5130 ut
798 5075 912 5133 Deo
943 5084 1068 5131 sunt
1107 5075 1450 5131 curationum
1478 5086 1599 5131 vota
1632 5078 1884 5133 Solvenda
1920 5097 1930 5133 :
1972 5093 2074 5134 nze
2114 5080 2165 5133 in

572 5166 869 5237 platearum
898 5169 1109 5239 angulis
1140 5169 1431 5224 carnaliter
1453 5170 1842 5236 celebrandas,
1890 5174 1978 5239 qui
2011 5171 2169 5239 spiri-

575 5258 793 5313 tualiter
834 5262 908 5313 sit
953 5260 1261 5315 adorandus
1299 5261 1350 5314 in
1404 5260 1602 5330 templo
1634 5278 1647 5313 ;
1677 5272 1731 5316 ut
1778 5261 1823 5316 si
1863 5264 2165 5316 sei-unitum

574 5354 849 5410 hominem
885 5355 955 5410 nil
990 5356 1253 5424 requirit,
1301 5357 1599 5412 secundum
1636 5358 1801 5411 Deum
1844 5357 2041 5414 divinae
2067 5359 2169 5414 vir-

572 5452 705 5507 tutis
747 5448 971 5518 gloriam
1015 5457 1407 5519 promereatur.
1455 5449 1619 5505 Addit
1668 5449 1792 5505 huic
1837 5451 2063 5519 similia,
2112 5461 2171 5507 ut

573 5545 775 5599 veritas
821 5542 1159 5613 locupletiori
1202 5541 1517 5597 te5tintonio
1565 5542 1865 5599 l’ulciretur.
1897 5544 2100 5609 Quaerit
2138 5558 2168 5599 a

576 5635 859 5705 discipulis
886 5635 1009 5705 quis
1037 5632 1295 5688 habeatur
1319 5633 1373 5689 in
1406 5633 1603 5703 populo
1633 5632 1880 5705 egregius
1914 5652 1925 5687 :
1960 5634 2040 5689 llli
2073 5649 2171 5689 nov

577 5730 786 5783 minam
816 5729 1128 5798 prophetas.
1159 5725 1296 5794 Quid
1326 5726 1427 5799 ipsi
1468 5729 1739 5795 sentiant,
1771 5726 2039 5783 sollicitus
2064 5742 2167 5795 ex-

580 5819 735 5877 cutit.
762 5821 857 5877 Cui
884 5819 1076 5878 beatus
1106 5820 1300 5881 Petrus
1331 5840 1345 5881 :
1379 5821 1454 5881 Tu
1481 5839 1555 5893 es,
1587 5822 1786 5897 inquit,
1813 5820 2050 5879 Christus
2075 5821 2172 5877 Fi-

2272 3302 2497 3359 verbum
2528 3305 2917 3375 prohibitionis
2944 3306 3241 3362 declinatio
3271 3309 3740 3364 obseeundationis
3767 3308 3830 3359 ir.-

2271 3398 2464 3463 currit,
2510 3405 2659 3455 etne
2687 3400 2934 3468 obtentui
2960 3401 3030 3455 ad
3073 3404 3486 3459 excusationem
3518 3419 3634 3458 esse
3677 3410 3831 3479 posset

2271 3488 2517 3555 oblivio,
2577 3489 2765 3546 infelix
2815 3493 3077 3548 memoria
3125 3495 3176 3549 in
3228 3496 3578 3567 sacrilegium
3604 3492 3833 3549 volvenda

2271 3580 2566 3650 δηὲῧθεδίῐ,
2597 3581 2725 3637 dum
2758 3583 2872 3654 ipse
2899 3585 3146 3654 proditur
3174 3585 3245 3641 de
3274 3603 3535 3644 sermone
3561 3603 3662 3657 quo
3684 3594 3830 3649 cavet,

2272 3672 2348 3726 sic
2378 3673 2592 3744 utrique
2621 3676 2757 3729 ratio
2785 3692 2890 3731 non
2922 3677 3184 3747 aequanda
3218 3679 3494 3735 subsistit.
3525 3680 3653 3735 Nam
3681 3689 3726 3733 et
3749 3678 3835 3731 llo-

2271 3763 2450 3817 tninus
2486 3766 2725 3821 ostendit
2752 3767 2833 3821 sic
2864 3782 2923 3822 se
2973 3769 3314 3838 prodendum
3347 3786 3472 3826 esse
3511 3771 3633 3825 dum
3662 3768 3831 3838 prodit.

2344 3856 2407 3910 V.
2450 3856 2556 3912 Sed
2592 3859 2811 3928 ignosce
2836 3901 2851 3924 ,
2883 3862 3027 3931 quod
3063 3865 3112 3916 in
3146 3862 3313 3918 alium
3348 3864 3619 3919 tramitem
3646 3860 3835 3930 exposi-

2271 3949 2432 4004 tionis
2460 3965 2653 4007 sensns
2687 3954 2775 4007 Dei
2810 3954 2980 4009 verbo
3007 3955 3290 4023 cepinsior
3320 3960 3599 4022 excessit,
3641 3955 3752 4009 licet
3794 3960 3833 4004 te

2267 4042 2499 4111 amplius
2546 4045 2870 4099 contristent
2920 4060 3213 4114 suppressa
3264 4063 3432 4117 quam
3490 4045 3695 4118 prodita
3739 4061 3750 4097 :
3795 4050 3837 4095 et

2269 4136 2439 4206 magis
2469 4136 2537 4191 de
2571 4136 2652 4191 his
2684 4138 2848 4193 rebus
2890 4139 3056 4195 silere
3102 4141 3193 4193 tibi
3230 4157 3397 4209 quam
3444 4140 3551 4196 dici
3598 4135 3837 4208 copiosius

2269 4227 2546 4296 irascaris,
2573 4245 2693 4299 quae
2731 4230 2943 4285 Domini
2985 4231 3188 4300 judicia
3220 4247 3326 4302 pro
3355 4248 3496 4289 auro
3531 4239 3587 4287 et
3615 4225 3839 4301 pretiosis

2269 4320 2543 4391 lapidibus
2585 4322 2961 4393 concupiscis,
2994 4324 3046 4379 in
3076 4324 3277 4394 quibus
3310 4327 3421 4380 mel
3459 4325 3553 4380 tibi
3583 4326 3841 4387 favutnque

2267 4427 2622 4483 conipensas,
2654 4425 2707 4469 et
2740 4415 3135 4471 desideriorum
3179 4431 3288 4471 non
3321 4432 3483 4473 cares
3514 4416 3670 4473 etiam
3698 4408 3843 4484 pleni-

2271 4506 2485 4573 tudine,
2532 4508 2634 4562 etsi
2693 4510 2980 4563 Satureris.
3030 4507 3109 4564 Ac
3154 4511 3393 4579 proinde
3447 4510 3646 4563 factum
3694 4506 3843 4558 adhuc

2271 4602 2575 4669 exemplum
2613 4602 2680 4653 ab
2710 4602 2827 4669 ipso
2870 4602 3100 4658 Domino
3131 4616 3450 4671 repetamus
3471 4646 3486 4670 ,
3520 4610 3579 4657 ut
3606 4601 3748 4673 juxta
3777 4595 3842 4648 le-

2270 4715 2389 4767 gem
2423 4700 2473 4751 in
2502 4715 2599 4754 ore
2630 4700 2861 4754 duorum
2887 4700 2974 4754 vel
3009 4699 3167 4753 tziu'm
3202 4700 3427 4755 testium
3462 4714 3625 4755 omne
3648 4694 3842 4750 verbum

2270 4794 2531 4850 consistat
2566 4794 2784 4866 (Matth.
2815 4811 2967 4861 xvnt,
3005 4795 3092 4864 lii)
3125 4813 3138 4848 :
3172 4803 3229 4851 et
3256 4811 3425 4867 quem
3465 4794 3618 4866 prodi
3648 4805 3703 4846 se
3728 4784 3845 4841 dixi-

2271 4904 2391 4942 ntus
2424 4888 2667 4942 noluisse
2689 4934 2702 4957 ,
2749 4888 2914 4944 etiam
2948 4905 3005 4942 se
3034 4888 3209 4943 videri
3247 4889 3497 4943 voluisse
3540 4891 3842 4941 doceamus:

2272 4991 2327 5035 ut
2357 4998 2462 5036 non
2495 4982 2563 5036 ab
2593 4981 2715 5036 aliis
2746 4997 2805 5037 se
2836 4981 2998 5037 modo
3028 4982 3294 5037 honorari
3330 4990 3609 5052 pateretur
3637 4995 3652 5034 :
3682 4984 3842 5030 verum

2274 5075 2347 5131 eti
2369 5094 2436 5131 :nt
2471 5076 2585 5145 ipse
2610 5076 2709 5129 sibi
2742 5076 2794 5129 in
2823 5084 3084 5147 quantum
3114 5074 3228 5129 ficri
3265 5083 3491 5143 poterat
3517 5072 3742 5128 debitam
3770 5067 3845 5117 de-

2218 5226 2230 5238 .
2277 5170 2516 5224 traheret
2556 5167 2893 5238 dignitatem.
2945 5167 3137 5222 Lazari
3170 5167 3334 5222 amici
3365 5170 3449 5221 sui
3504 5171 3724 5219 mortem
3755 5170 3844 5211 nun

2275 5263 2429 5316 audit
2471 5272 2525 5317 et
2576 5262 2786 5315 nuntiat
2831 5262 3015 5334 (Joau.
3068 5278 3139 5316 xu
3167 5302 3181 5327 ,
3210 5258 3346 5333 ll):
3389 5259 3623 5315 faciebat
3665 5255 3757 5309 hoc
3792 5248 3846 5302 de

2276 5353 2510 5421 Deitate,
2542 5355 2668 5423 quid
2702 5353 2938 5409 mirum?
2968 5362 3025 5408 ut
3047 5369 3169 5408 cum
3201 5353 3459 5407 localiter
3483 5349 3846 5422 perspicerclur

2276 5450 2327 5503 in
2356 5449 2592 5512 homine,
2619 5466 2685 5505 ex
2710 5449 2989 5504 divinitate
3015 5463 3281 5518 nusquam
3314 5448 3516 5502 abesse
3539 5441 3843 5499 crederetur.

2273 5542 2518 5598 Festtiuat
2544 5543 2595 5595 in
2626 5542 2968 5605 Bethaniam,
2996 5539 3530 5596 submussitantibus
3552 5548 3684 5608 pene
3705 5528 3845 5586 disci-

2274 5635 2444 5705 pulis,
2478 5638 2656 5707 pietas
2698 5633 2907 5689 factura
2953 5632 3281 5687 miraculum
3316 5648 3330 5685 :
3366 5628 3610 5686 defuncti
3653 5632 3843 5681 sorores

2272 5736 2629 5784 occurrerunt
2657 5736 2799 5784 tetro
2829 5725 3040 5792 habitu,
3073 5712 3171 5780 ore
3195 5725 3534 5798 lacrymoso,
3561 5720 3705 5776 crine
3732 5730 3845 5769 con-

2272 5823 2465 5895 scisso,
2494 5836 2627 5895 quas
2660 5821 2802 5879 bono
2833 5821 3015 5877 animo
3041 5819 3193 5891 jubet
3222 5833 3373 5886 esse,
3415 5819 3461 5874 si
3492 5815 3727 5874 credant.
3756 5808 3841 5865 Ln-
