3926 6290
165 288 256 348 I93

934 285 1275 345 EPISTOLA
1331 284 1478 345 XIX.
1523 287 1610 347 DE
1647 287 1841 348 VERA
1880 289 2433 352 CIRCUMCISIONE.

3344 268 3447 362 nt

170 408 333 451 zarum
358 393 575 461 virere,
608 393 655 449 si
688 394 795 451 illa:
824 410 934 452 non
972 407 1097 453 sunt
1127 397 1456 455 dubitaturte
1479 442 1493 465 ,
1529 403 1730 456 contir-
1761 406 1811 465 Α
1839 403 2101 459 Dominus
2134 404 2429 475 diceretur,
2461 416 2515 463 et
2542 406 2633 463 alii
2662 405 2909 467 dicerent
2937 408 3147 484 Eliam,
3175 411 3265 469 alii
3294 408 3448 472 Jere-

166 501 257 543 mat
288 506 301 544 :
330 488 465 543 videt
491 487 655 543 etiam
692 490 1095 545 multitudinem
1142 493 1371 546 Marthae
1419 502 1474 547 et
1518 493 1724 560 )Iarizn,

165 600 264 655 qua:
287 583 350 637 ad
379 583 629 637 solatium
668 599 857 640 comes
895 596 1250 640 convenerat.
1287 584 1605 657 Infremuit,
1643 586 1730 641 in-

165 678 261 748 quit
287 674 648 745 Evangelista,
673 677 884 748 spiritu,
916 688 965 732 et
998 677 1231 732 turbatus
1258 688 1364 746 est,
1391 690 1445 733 et
1472 682 1549 733 ait
1579 697 1592 735 :
1631 676 1733 734 Ubi

162 771 275 823 enim
294 785 403 823 eum
425 768 671 839 posuistis
702 768 906 842 (Joan.
935 787 1017 837 Xt,
1044 772 1142 839 '53,
1166 772 1302 842 ’54)?
1324 772 1451 841 quid
1481 782 1565 829 est
1585 773 1731 829 hoc?

158 875 257 929 qua:
299 859 629 916 confusionis
671 865 869 917 causa?
916 879 1037 933 qua:
1078 863 1423 919 formidinis?
1461 864 1601 932 Quid
1638 872 1733 920 aut

158 954 395 1009 erubescit
432 966 526 1009 aut
574 956 798 1026 metuit,
849 972 971 1012 cum
1020 969 1073 1013 et
1104 959 1279 1012 virtus
1328 959 1399 1012 sit
1443 967 1729 1028 peractura

159 1047 439 1102 miraculum
468 1089 484 1113 ,
516 1056 575 1103 et
604 1047 785 1104 deitas
813 1065 921 1104 non
956 1050 1029 1104 sit
1056 1050 1297 1120 subjecta
1331 1050 1570 1105 terrori?
1597 1050 1729 1118 Quae

160 1137 357 1205 sepulcri
375 1148 482 1192 tam
511 1140 831 1196 inconsulta
852 1142 1175 1212 requisitio?
1198 1141 1265 1197 Ut
1289 1142 1508 1197 omnino
1535 1142 1727 1198 credas

160 1232 213 1285 de
235 1230 429 1285 turbato
459 1234 807 1305 confusotlue
850 1235 1151 1306 profectam
1187 1255 1200 1289 :
1232 1233 1326 1290 Ille
1360 1233 1505 1290 Deus
1537 1244 1726 1289 noster

158 1323 231 1389 qui
268 1324 537 1393 discipulis
588 1335 905 1382 constanter
946 1328 1159 1383 dixerat
1203 1328 1273 1383 de
1312 1326 1541 1382 absente
1574 1346 1586 1381 :
1622 1326 1727 1381 La-

157 1431 287 1467 ztrus
322 1427 550 1470 mortuus
590 1430 697 1483 est;
746 1418 837 1488 qui
882 1420 1168 1475 sororibus
1221 1422 1341 1488 ejus
1387 1421 1726 1475 confidenter

165 1506 444 1575 promiserat
470 1509 542 1563 de
578 1521 815 1577 mortuo,
848 1522 1264 1567 resurrecturus
1293 1521 1378 1567 cst
1406 1531 1419 1567 :
1452 1514 1555 1567 sub
1584 1528 1722 1568 nova

154 1604 311 1654 nescio
332 1617 433 1672 qua
464 1602 793 1659 confusione
825 1606 1138 1675 sepulcrum
1168 1608 1395 1677 quaerit,
1432 1608 1584 1678 quasi
1620 1610 1722 1663 hoc

153 1698 294 1748 solum
352 1696 445 1765 qui
502 1695 689 1751 omnia
748 1708 800 1753 et
829 1708 1015 1755 nosset
1067 1708 1124 1755 et
1169 1708 1428 1771 praestare
1483 1709 1715 1771 poterat,

1837 496 2000 551 utiam
2024 538 2039 563 ,
2078 498 2171 552 alii
2201 507 2382 554 autem
2430 517 2592 557 unum
2623 519 2690 559 ex
2736 504 3015 575 prophetis
3046 508 3444 577 responderent

1837 592 2059 664 (Matth.
2090 610 2209 659 xrt,
2246 595 2356 668 Il).
2390 596 2539 654 Iulus
2568 599 2846 667 scribitur,
2883 615 3004 656 eum
3038 600 3230 658 Petrus
3254 604 3438 659 excla-

1833 693 1946 739 mat
1981 702 2000 739 ε
2042 686 2124 740 Tu
2172 705 2223 742 es
2264 688 2503 745 Christus
2546 688 2718 746 Filius
2748 690 2851 747 Dei
2896 693 2997 748 viri
3046 692 3229 768 (Ibid.
3258 739 3272 760 ,
3324 698 3435 769 16).

1833 773 1987 831 Unde
2021 786 2076 832 et
2105 776 2222 847 ipse
2276 779 2540 836 Dominus
2573 799 2587 835 :
2623 780 2745 836 Non
2790 783 3031 839 reuelauit
3078 785 3209 855 tibi,
3258 784 3437 854 Petre,

1830 865 2042 939 inquit,
2075 871 2217 923 istud
2263 889 2382 927 raro
2416 882 2506 927 aut
2544 876 2788 945 sanguis,
2820 877 2910 931 sed
2956 876 3122 934 Pater
3163 896 3309 935 meus
3340 883 3433 952 qui

1832 957 1884 1012 in
1912 960 2054 1014 aclis
2080 973 2153 1015 est
2183 960 2374 1034 (Ibid..
2407 965 2518 1036 I'l).
2545 964 2712 1034 Cujus
2733 982 2862 1021 caro
2892 981 2945 1023 et
2976 971 3238 1041 sanguis?
3266 971 3434 1027 Nurn-

1828 1051 2082 1119 qttidnam
2120 1052 2267 1109 Petri
2305 1056 2474 1125 ipsius
2501 1073 2630 1112 caro
2662 1068 2715 1114 et
2741 1062 2960 1129 sanguis
2988 1063 3276 1119 obstabant
3301 1066 3429 1136 quin

1828 1142 1998 1199 Filius
2031 1145 2121 1199 Dei
2150 1146 2459 1202 diceretur?
2483 1148 2622 1217 Non,
2648 1150 3000 1221 inquam,sed
3026 1152 3193 1223 ipsius
3210 1155 3424 1213 Domini

1827 1248 1957 1290 caro
1985 1246 2037 1290 et
2066 1239 2319 1307 sanguis,
2363 1240 2414 1293 in
2444 1240 2639 1310 quibus
2668 1242 2795 1296 dum
2829 1244 2991 1298 homo
3015 1251 3254 1302 cernitur
3281 1249 3427 1319 quod

1827 1338 1946 1384 erat
1976 1330 2067 1385 Dei
2100 1330 2305 1399 Filius,
2341 1348 2449 1387 non
2479 1336 2807 1391 credebatur
2834 1351 2955 1392 esse
2981 1338 3120 1409 quod
3154 1351 3290 1396 erat.
3322 1341 3428 1397 Im-

1827 1424 2085 1493 possibilc
2119 1426 2261 1480 enim
2308 1425 2621 1482 hominibus
2662 1428 2946 1484 videbatur
2994 1431 3157 1486 Deum
3199 1433 3423 1490 credere

1823 1528 1944 1569 cum
1993 1514 2267 1571 hominem
2310 1518 2600 1585 viderent,
2638 1529 2693 1574 ct
2731 1528 2934 1573 tantam
2990 1520 3131 1574 iltaut
3166 1521 3419 1591 majesta-

1824 1615 1931 1661 tetu
1957 1648 1972 1674 ,
2021 1606 2073 1661 iu
2117 1625 2218 1677 qua
2250 1608 2519 1665 inhabitat
2563 1610 2740 1664 omnis
2788 1610 3072 1680 plenitudo
3100 1610 3420 1680 divinitatis,

1821 1714 1983 1768 quam
2033 1699 2147 1769 ipse
2194 1714 2299 1755 non
2341 1702 2489 1772 capit
2529 1701 2790 1768 mundus,
2843 1703 2897 1757 in
2951 1704 3275 1774 corpuscqu
3325 1704 3422 1762 de-

152 1786 325 1856 ignoret
355 1805 367 1841 :
399 1802 511 1843 non
555 1789 718 1859 plane
747 1791 851 1846 hoc
892 1798 977 1847 est
1010 1806 1024 1846 :
1060 1805 1183 1847 nam
1226 1793 1363 1847 alius
1409 1793 1718 1848 intellectus
1751 1797 1797 1857 Β
1822 1799 2022 1858 Spectze
2051 1792 2213 1845 etiam
2251 1793 2498 1862 imaginis
2534 1793 2822 1849 inclusam.
2853 1793 2941 1849 Ait
2977 1810 3126 1865 ergo,
3157 1812 3262 1852 non
3302 1796 3419 1852 lucc

151 1881 417 1936 occulitur:
454 1881 511 1939 in
551 1881 713 1938 dictis
749 1884 1146 1955 promissisque
1185 1885 1554 1955 super-ictibus
1584 1887 1717 1940 satis

148 1988 193 2027 se
231 1974 466 2029 diviuitas
529 1976 853 2045 publicaret.
899 1975 1100 2031 Aderat
1149 1976 1303 2031 turba
1356 1977 1668 2032 Judmorutn
1700 2017 1714 2043 ,

150 2069 278 2123 tantis
303 2084 517 2139 semper
553 2084 662 2124 non
692 2070 863 2125 amica
895 2067 1191 2124 miraculis.
1219 2069 1273 2125 In
1304 2070 1545 2139 planum,
1572 2069 1714 2125 Deus

144 2146 284 2214 sinon
304 2161 502 2231 aliquid
527 2162 826 2216 secundum
848 2163 1123 2216 hominem
1145 2162 1418 2218 videretur
1444 2164 1711 2231 ignorare,

144 2266 465 2323 processerat.
503 2254 760 2311 Turbatus
804 2265 910 2319 est,
956 2257 1150 2327 inquit,
1181 2256 1233 2311 id
1278 2265 1399 2319 est.
1433 2257 1713 2311 fetulentia

144 2349 287 2401 carnis
311 2348 577 2403 divinitati
611 2364 721 2403 non
752 2348 1045 2418 prodenda:
1074 2349 1352 2417 miscetur,
1385 2358 1439 2403 et
1463 2352 1528 2401 ad
1558 2364 1710 2418 igno-

144 2438 331 2493 raatiatn
356 2440 656 2495 humanam
688 2443 861 2495 deitas
881 2441 1104 2495 velanda
1136 2452 1445 2496 revocatur.
1482 2442 1571 2498 Sic
1602 2454 1715 2496 tnr-

143 2533 267 2587 Intur
288 2544 339 2588 et
362 2534 512 2600 fons,
541 2549 665 2590 cum
691 2534 954 2590 excitatus
984 2549 1114 2590 casu
1142 2534 1323 2605 aliquo
1350 2536 1535 2601 limus,
1567 2537 1715 2606 puri-

139 2632 270 2678 tatem
297 2625 480 2695 liquidi
516 2627 709 2681 densat
736 2631 991 2681 elementi
1010 2671 1024 2695 ,
1058 2639 1112 2681 et
1137 2628 1364 2681 duarum
1395 2643 1575 2683 rerum
1604 2642 1709 2682 una

142 2717 346 2774 conlusio
369 2710 692 2775 discrimine
721 2720 1115 2791 preprietatum
1144 2719 1270 2774 dum
1302 2731 1587 2795 separatur
1612 2734 1711 2775 ex-

142 2812 364 2866 cluditur.
392 2813 493 2867 Ait
519 2829 788 2884 namque,
824 2816 907 2867 ubi
944 2830 1059 2867 eum
1092 2813 1370 2885 posuistis?
1396 2814 1460 2867 Et
1487 2815 1572 2868 hic
1602 2824 1714 2868 tur-

143 2904 266 2959 batus
289 2905 496 2962 Iudaeis
527 2907 786 2963 deitatem
819 2909 958 2962 celat
1001 2908 1054 2962 in
1088 2908 1325 2973 homine,
1352 2919 1405 2962 et
1432 2907 1713 2977 splendoti

137 3001 388 3058 divinitatis
442 3004 497 3058 in
554 3013 719 3057 tanta:
765 3004 1098 3073 operationis
1139 3003 1521 3071 coruscatiOnc
1561 3005 1712 3073 igno-

140 3098 331 3149 rantiam
357 3094 713 3150 mortalitatis
744 3096 990 3159 obducit,
1024 3104 1082 3148 ut
1111 3108 1230 3150 cum
1262 3097 1431 3164 possit
1460 3099 1512 3149 iit
1544 3097 1715 3150 susci-

1823 1895 1950 1936 caro
1980 1898 2097 1938 mea
2146 1884 2237 1939 tibi
2284 1892 2339 1940 et
2376 1887 2627 1955 sanguis,
2672 1902 2759 1942 me
2788 1900 2908 1943 esse
2938 1888 3033 1943 Dei
3063 1888 3257 1943 Filium
3291 1905 3391 1959 pro

1819 1976 2089 2032 diderunt.
2126 1978 2258 2032 Nam
2289 1979 2393 2033 ista
2425 1995 2533 2033 non
2567 1980 2845 2049 patiuntur
2871 1997 2956 2036 me
2985 1981 3088 2037 hoc
3113 1984 3284 2038 credi.
3311 1983 3418 2038 De-

1820 2070 1982 2140 nique
2027 2070 2293 2140 Propheta
2335 2071 2588 2127 dixerat:
2624 2072 2693 2127 Et
2733 2073 2886 2128 homo
2926 2083 3037 2140 est,
3080 2084 3128 2128 et
3168 2076 3284 2145 quis
3321 2093 3412 2131 co-

1817 2174 2022 2234 gnoscet
2051 2166 2202 2219 eum?
2232 2164 2524 2219 Evidentcr
2549 2180 2679 2235 ergo
2704 2165 2783 2219 illi
2814 2166 3108 2221 secundum
3139 2167 3412 2223 hominem

1816 2255 1902 2309 vel
1934 2258 2144 2310 oculum
2187 2256 2531 2326 judicantes,
2568 2273 2654 2313 me
2692 2266 2786 2311 attt
2827 2258 2999 2312 Eliattt
3047 2260 3365 2328 prephetatn
3393 2300 3410 2326 ,

1815 2357 1909 2400 aut
1935 2347 2169 2417 aliquem
2200 2362 2364 2401 unum
2394 2363 2458 2403 es
2492 2349 2771 2418 prephetis
2799 2349 3111 2419 loquuntur,
3152 2353 3409 2419 quoaiam

1816 2436 2090 2492 hominem
2123 2453 2209 2493 me
2234 2454 2353 2493 esse
2387 2437 2570 2492 habitu
2596 2441 2775 2494 carnis
2805 2450 3127 2509 agnoscunt,
3159 2442 3252 2496 sed
3313 2439 3411 2495 tibi

1816 2530 2075 2585 revilavit
2116 2532 2276 2586 Pater
2303 2546 2492 2598 meus,
2536 2534 2627 2603 qui
2659 2531 2710 2586 itt
2752 2534 2908 2587 cwlis
2932 2544 3037 2587 est.
3065 2534 3291 2600 Quando
3326 2549 3412 2589 re-

1816 2623 2049 2677 velavitt
2076 2626 2195 2690 Quo
2240 2635 2482 2694 tempore
2523 2626 2665 2680 Iletts
2693 2642 2815 2679 cum
2851 2625 3010 2681 I’etro
3050 2626 3259 2681 IOCUiU3
3288 2626 3415 2682 est?

1817 2715 2083 2769 Rcrclarit
2104 2758 2119 2780 ,
2152 2718 2359 2786 inquit,
2402 2716 2563 2771 Pater
2588 2734 2733 2772 meus
2763 2720 2852 2785 qui
2892 2722 2945 2773 in
2975 2722 3117 2774 artis
3159 2732 3231 2775 est
3263 2736 3280 2775 :
3313 2725 3415 2777 hoc

1815 2818 1899 2861 cst
1922 2810 2124 2873 dicere,
2152 2811 2410 2878 operibus
2437 2811 2716 2864 credidisti
2743 2828 2861 2880 quze
2886 2813 3183 2881 loquuntur
3212 2813 3409 2869 Filium

1815 2900 1934 2955 Dei.
1962 2901 2068 2956 Sed
2103 2911 2158 2955 ut
2178 2902 2550 2972 loquebamur,
2576 2902 2705 2958 foris
2730 2905 2962 2974 scriptus
2992 2917 3073 2959 est
3109 2906 3245 2960 liber
3270 2907 3398 2969 iste,

1816 3010 1939 3049 cum
1976 2994 2231 3049 Dominus
2261 2996 2429 3049 esurit
2465 3012 2478 3047 :
2531 2993 2678 3051 Intus
2705 2996 2983 3062 scribitur,
3017 3013 3137 3050 cum
3169 2999 3407 3067 quinque

1820 3084 2044 3154 panibus
2069 3087 2235 3139 multa
2262 3084 2547 3159 hominum
2572 3088 2736 3141 millia
2766 3089 3023 3142 saturavit
3054 3087 3271 3158 (.llatth.
3299 3105 3408 3158 κεν,

141 3191 273 3241 tando
318 3187 524 3242 Lazaro
566 3188 709 3242 Deus
747 3189 1000 3255 adorari,
1035 3189 1197 3242 homo
1237 3186 1288 3242 itt
1329 3188 1562 3257 sepulcri
1595 3190 1712 3258 ejus

1821 3180 1931 3247 ΞΟ).
1971 3178 2123 3232 Foris
2166 3180 2444 3246 scribitur,
2488 3195 2612 3235 cum
2656 3180 2812 3236 amici
2853 3195 3031 3237 morte
3078 3184 3409 3254 lacrymatur

138 3279 439 3347 ignoratione
465 3281 707 3338 vilescat.
752 3282 843 3337 Sic
887 3284 1011 3336 dum
1048 3298 1077 3335 a
1121 3281 1284 3337 etc-cis
1313 3283 1559 3349 videtur,
1602 3293 1710 3337 eta

140 3374 406 3428 ridentibus
433 3389 543 3428 non
570 3374 783 3428 videtur
808 3393 822 3429 :
852 3376 931 3429 sic
953 3375 1080 3428 dum
1105 3376 1172 3430 de
1197 3375 1467 3444 lapidibus
1488 3376 1712 3430 suscitat

142 3462 255 3520 ﬁlios
278 3466 513 3520 Abrahae
542 3464 761 3533 (Matth.
790 3481 828 3528 I,
860 3466 941 3536 9),
979 3466 1123 3519 ﬁlios
1156 3466 1474 3535 perditionis
1499 3467 1550 3521 itt
1579 3467 1711 3536 lapi-

139 3559 239 3612 deut
263 3558 580 3616 olfettsionis
609 3560 858 3631 impingit
899 3576 914 3614 :
947 3570 1002 3615 et
1030 3559 1160 3615 illud
1200 3563 1457 3633 mysterio
1483 3561 1713 3617 occultat

137 3655 433 3722 «petitionis
461 3656 801 3725 exsequitur,
836 3662 895 3710 ut
923 3671 1046 3709 eum
1076 3655 1273 3709 intirmi
1318 3669 1383 3711 ac
1410 3655 1617 3711 debiles
1645 3656 1712 3711 ad

137 3746 431 3813 Insceudani
463 3763 629 3817 opem
658 3747 884 3817 salutis,
918 3747 1069 3802 nullo
1110 3754 1478 3813 monstrante,
1504 3762 1711 3819 cogno-

140 3849 292 3908 scant,
330 3855 383 3899 et
423 3852 806 3913 persecutores
836 3841 922 3897 vel
955 3842 1154 3898 inimici
1196 3857 1357 3913 quem
1386 3851 1574 3899 tenere
1618 3842 1714 3899 dc-

137 3931 301 3999 beant,
329 3933 437 3988 nisi
470 3933 734 4003 prodatur
759 3931 1031 4002 ignorent.

134 4042 148 4053 -
195 4023 267 4079 VI.
288 4025 382 4082 llic
413 4034 504 4082 est
524 4026 618 4080 ille
638 4025 776 4080 liber
804 4025 955 4079 intus
984 4034 1038 4079 et
1061 4023 1195 4080 foris
1226 4024 1483 4095 scriptus,
1507 4024 1597 4081 hic
1623 4041 1711 4082 se-

134 4129 286 4174 cretus
305 4132 358 4176 et
385 4120 665 4192 publicus,
681 4121 768 4175 hic
789 4128 1010 4190 apertus
1035 4128 1090 4176 et
1116 4130 1366 4189 Opertns,
1391 4120 1478 4175 hic
1504 4120 1711 4189 paginis

136 4214 477 4280 superioribus
509 4212 813 4279 videndus,
846 4210 1196 4267 interioribus
1243 4228 1353 4266 non
1400 4211 1667 4267 videndus
1692 4252 1708 4278 ,

133 4309 232 4372 quia
256 4306 825 4377 incomprehensibilis
856 4305 1042 4377 (Apoc.
1067 4320 1120 4360 v.
1155 4305 1229 4375 I).
1263 4303 1411 4361 Intus
1442 4306 1708 4376 siquidem

133 4401 337 4468 sctiptus
360 4411 469 4465 est,
496 4414 621 4453 eum
652 4398 921 4467 Pmpheta
952 4398 1097 4451 dicat
1128 4415 1140 4451 :
1170 4397 1569 4452 Getterationem
1596 4401 1709 4471 ejus

133 4492 222 4557 quis
253 4492 516 4547 eaarrabit
549 4492 706 4563 (Isai.
739 4506 854 4555 LIII,
878 4489 961 4561 8)?
995 4489 1147 4544 Foris
1178 4489 1417 4559 scriptus
1446 4503 1551 4556 cst,
1583 4505 1705 4545 cum

1818 3272 1995 3339 (Joan.
2033 3286 2124 3338 st,
2177 3272 2298 3343 55).
2342 3272 2493 3328 Intus
2546 3272 2820 3340 scribitur,
2865 3290 2986 3328 cum
3031 3275 3202 3346 ipsum
3243 3292 3404 3347 quem

1817 3364 1977 3419 ﬂebat
2034 3365 2353 3421 exsuscitat.
2427 3365 2585 3420 Foris
2639 3367 2928 3433 scribitur,
2995 3382 3117 3423 cum
3176 3370 3413 3439 aitigitur

1815 3456 1961 3510 cruci
1990 3472 2003 3518 ;
2046 3456 2190 3511 intus
2218 3457 2498 3526 scribitur,
2535 3456 2659 3511 cum
2710 3457 3022 3526 paradisum
3060 3459 3255 3513 latroni
3285 3474 3411 3529 pro.

1814 3548 1979 3604 mittit
2012 3552 2065 3605 in
2095 3564 2279 3605 cruce.
2310 3548 2469 3605 Foris
2512 3548 2793 3619 scribitur,
2836 3565 2957 3604 cum
3007 3550 3254 3621 Spiritum
3298 3566 3414 3606 mo-

1816 3639 1963 3696 riens
1999 3640 2295 3696 secundum
2345 3641 2612 3697 rationem
2659 3643 2907 3697 humana:
2936 3642 3120 3697 carnis
3163 3643 3405 3709 emittit;

1815 3733 1966 3791 Intus
1998 3735 2275 3801 scribitur,
2310 3749 2433 3789 cum
2460 3735 2511 3789 in
2540 3737 2790 3806 passione
2819 3737 2898 3790 sol
2944 3734 3101 3805 fugit,
3132 3736 3251 3789 dies
3285 3736 3411 3791 abs-

1814 3828 2084 3896 conditur,
2113 3837 2258 3885 terra
2281 3828 2620 3899 concutitur.
2657 3828 2811 3883 Foris
2841 3830 3132 3897 scribitur,
3163 3844 3284 3883 cuin
3317 3844 3405 3883 se-

1814 3920 2044 3990 pelitur;
2077 3919 2222 3974 intus
2248 3920 2522 3986 scribitur,
2566 3935 2689 3974 cum
2720 3919 2875 3973 tertia
2905 3919 3029 3983 die,
3074 3918 3308 3986 sepulcri
3342 3921 3406 3973 Ii-

1814 4011 2054 4066 minibus
2074 4012 2321 4077 remotis,
2345 4011 2585 4079 erumpit
2606 4010 2659 4064 itt
2681 4012 2853 4064 lucem
2873 4008 3093 4082 (Matth.
3119 4025 3304 4075 xxviii,
3329 4014 3407 4083 3).

1815 4102 1970 4157 Foris
2008 4100 2286 4168 scribitur,
2330 4117 2453 4156 cum
2496 4102 2773 4171 Apostolis
2801 4102 3076 4156 clavorum
3108 4112 3161 4155 et
3209 4104 3412 4159 lanceae

1815 4193 2127 4250 vulneribus
2150 4193 2405 4261 ostensis,
2428 4208 2609 4248 escam
2632 4194 2795 4249 etiam
2822 4196 3051 4263 postulat
3077 4193 3231 4264 (Luc.
3258 4210 3405 4266 xxiv,

1812 4288 1882 4343 40
1906 4288 2121 4356 seqq.);
2146 4286 2292 4341 intus
2316 4287 2592 4352 scribitur,
2616 4303 2738 4342 cum
2772 4287 2914 4342 inter
2938 4288 3156 4343 eosdem
3189 4298 3415 4359 aposto-

1814 4380 1914 4444 Ios,
1944 4381 2144 4435 clausis
2168 4380 2345 4448 ostiis,
2370 4380 2463 4450 qui
2485 4382 2688 4435 intrare
2712 4381 2857 4434 visus
2890 4394 2995 4434 non
3024 4390 3130 4447 est,
3164 4388 3410 4450 apparet.

1813 4476 1919 4531 Sed
1960 4478 2099 4529 miro
2143 4475 2305 4530 modo
2335 4490 2458 4529 cum
2493 4474 2721 4529 interior
2762 4474 3042 4541 Scriptura
3082 4474 3199 4528 libri
3240 4476 3414 4546 magis

137 4582 447 4655 Etattgelista
482 4587 558 4638 ait
590 4600 605 4638 :
631 4582 785 4638 Liber
814 4585 1159 4654 generationis
1187 4581 1315 4637 Jesu
1341 4581 1573 4651 Christi,
1605 4584 1707 4651 ﬁlii
1735 4578 1786 4639 ι)
1810 4569 2040 4621 obscura
2072 4567 2175 4631 sit,
2206 4566 2440 4636 amplius
2469 4566 2746 4621 hominum
2790 4578 3001 4621 mentes
3044 4566 3223 4621 turbat
3257 4578 3413 4624 cxte-

136 4671 310 4745 D-trid,
334 4679 436 4746 ﬁlii
468 4677 733 4731 Abraham
768 4673 985 4747 (Matth.
1021 4690 1074 4740 ι,
1118 4676 1196 4746 I).
1240 4674 1384 4729 Intus
1426 4674 1702 4739 scribitur,

134 4782 229 4821 cum
258 4768 397 4825 Deus
421 4769 556 4824 dicit
586 4786 598 4820 :
634 4768 901 4822 Eructarit
947 4783 1035 4821 cor
1070 4783 1234 4821 meum
1274 4767 1479 4820 verbum
1522 4767 1707 4820 bonum

136 4855 333 4919 (l‘salm.
387 4876 535 4927 mv,
569 4860 650 4931 Ξ).
675 4859 830 4915 Foris
857 4860 1130 4925 scribitur,
1171 4874 1291 4913 cum
1325 4860 1490 4914 Isaias
1516 4861 1706 4915 vatici-

139 4960 269 5004 untur
295 4970 305 5003 :
334 4952 471 5007 Ecce
499 4953 647 5023 virgo
676 4953 929 5023 concipiet
956 4963 1003 5005 et
1032 4952 1196 5019 pariet
1217 4953 1405 5020 ﬁlium,
1430 4960 1477 5005 et
1508 4952 1708 5005 vocabis

136 5060 296 5099 nomen
320 5050 437 5119 ejus
470 5046 775 5099 Emmanuel
806 5044 942 5119 (lsa.
973 5059 1074 5111 vn,
1106 5042 1216 5114 III).
1254 5041 1402 5097 Intus
1430 5044 1705 5109 scribitur,

135 5152 236 5190 etim
258 5154 350 5208 per
367 5140 633 5195 Joannem
656 5140 853 5193 dicitur
879 5158 892 5193 :
917 5136 982 5191 In
1006 5139 1263 5208 principio
1287 5147 1402 5191 erat
1436 5136 1651 5191 Verbum
1672 5147 1719 5190 et

146 5225 342 5285 I'xrbum
362 5242 473 5287 erat
497 5232 643 5305 apud
662 5231 830 5287 Deum
850 5274 864 5299 ,
893 5240 939 5287 et
959 5230 1100 5285 Deus
1132 5230 1348 5284 Verbum
1374 5227 1554 5300 (Joan.
1580 5245 1618 5297 l,
1643 5231 1716 5301 Ι).

140 5322 183 5372 ι’·
205 5326 271 5379 ris
297 5328 559 5382 scribitur
587 5341 685 5397 per
720 5326 1028 5381 Matthzeum
1070 5344 1083 5381 :
1124 5323 1317 5378 Christi
1357 5336 1529 5379 autem
1560 5341 1716 5397 gene-

139 5422 251 5469 tau‘o
274 5420 343 5473 sic
372 5429 483 5474 erat
503 5437 523 5474 :
574 5435 690 5474 cum
721 5427 852 5474 esset
883 5418 1191 5489 desponsata
1216 5426 1379 5472 mater
1406 5418 1523 5489 ejus
1546 5417 1718 5472 Maria

139 5507 336 5577 Joeph.
373 5511 523 5565 Intus
545 5511 802 5565 scribitur
832 5527 850 5563 :
905 5508 1125 5564 Inrenta
1154 5520 1229 5563 est
1258 5509 1311 5562 in
1343 5506 1487 5561 utero
1526 5507 1719 5563 habens

142 5602 193 5647 dc
215 5601 416 5670 Spiritu
435 5614 614 5657 sancto
650 5600 869 5674 (Matth.
896 5617 934 5668 I,
967 5602 1073 5670 I3).
1099 5601 1239 5669 Quid
1264 5602 1449 5671 utique
1479 5600 1723 5656 habens?

143 5689 363 5750 Verbum
398 5695 646 5765 Domini,
682 5695 921 5752 Verbum
964 5710 1184 5751 carnem
1228 5696 1426 5750 factum
1455 5695 1554 5749 sub
1583 5696 1723 5765 lege.

139 5778 284 5849 Foris
310 5787 592 5865 scribitur,
622 5802 746 5887 cuiu
786 5788 1021 5868 apostoli
1073 5786 1430 5869 interrogati,
1457 5788 1579 5869 quis
1607 5802 1731 5851 esse

1816 4661 1928 4715 rior
1955 4672 2010 4715 et
2037 4659 2286 4716 videntes
2334 4659 2424 4714 illa
2474 4674 2595 4730 qua:
2626 4675 2722 4730 per
2775 4658 3047 4714 hominem
3102 4662 3269 4715 videri
3300 4679 3409 4717 ttott

1816 4762 2061 4826 possunt,
2085 4754 2185 4808 ista
2207 4770 2327 4822 qua:
2359 4765 2587 4823 possunt
2610 4770 2705 4823 per
2735 4753 3007 4809 hominem
3038 4754 3231 4820 videri,
3264 4771 3408 4811 nova

1814 4844 2026 4900 ratione
2049 4860 2155 4899 non
2177 4851 2426 4899 cernunt.
2450 4843 2583 4899 Nam
2612 4844 2893 4898 Muticbtei
2925 4844 3072 4913 quod
3106 4846 3272 4900 videri
3296 4861 3401 4900 non

1818 4949 1996 5010 potest
2016 4938 2325 5004 credentes,
2357 4937 2407 4991 id
2435 4939 2576 5008 quod
2602 4948 2780 5007 potest
2808 4938 2977 4994 rideri
3002 4954 3109 4993 non
3133 4938 3360 4994 ercdttut
3394 4958 3408 4993 :

1815 5050 1938 5089 cmn
1960 5036 2149 5088 beatus
2168 5033 2406 5089 Joannes
2433 5032 2755 5087 invisibiiem
2782 5043 2834 5087 et
2862 5034 3133 5087 visibilem
3165 5032 3329 5087 Deum
3354 5043 3411 5089 et

1823 5126 2129 5190 hominem,
2158 5125 2304 5180 brevi
2334 5124 2483 5193 quasi
2502 5124 2814 5181 charactere
2831 5125 3142 5195 signaverit,
3168 5128 3249 5180 sic
3267 5129 3412 5183 enim

1822 5220 1901 5275 ait
1932 5236 1946 5272 :
1984 5219 2135 5287 Quod
2182 5220 2281 5289 {uit
2324 5216 2387 5271 ab
2426 5218 2595 5284 initio,
2628 5219 2834 5289 fratres,
2869 5217 3329 5287 quod‘audirimus
3352 5218 3414 5291 (Ι

1822 5312 1985 5370 Joan.
2014 5328 2053 5379 t,
2088 5312 2166 5383 I).
2193 5313 2332 5366 Ecce
2354 5311 2477 5365 Ithri
2502 5309 2972 5365 illiusiuteriorem
3007 5324 3238 5378 partem.
3260 5310 3414 5378 Quod

1824 5409 2072 5475 sequitur
2105 5420 2117 5457 :
2158 5403 2226 5458 Et
2263 5404 2483 5456 vidimus
2512 5400 2675 5456 oculis
2714 5402 2925 5466 uestris,
2948 5413 2996 5455 et
3021 5420 3203 5458 manus
3229 5412 3419 5457 nostra

1826 5501 2166 5571 patpneerunt
2197 5497 2261 5551 de
2295 5495 2463 5551 Verbo
2489 5500 2604 5550 ιοήιω
2630 5512 2649 5551 :
2681 5494 2820 5551 Ecce
2852 5494 2973 5550 libri
2997 5512 3121 5567 pars
3149 5495 3415 5559 exterior,

1826 5607 1948 5665 qua:
1988 5592 2165 5647 oculis
2198 5606 2263 5647 ac
2308 5592 2557 5645 manibus
2584 5588 2830 5660 subjecta
2874 5586 3157 5645 hominum
3183 5627 3199 5654 ,
3238 5596 3294 5643 et
3338 5587 3418 5644 vi-

1826 5686 1945 5744 deri
1976 5696 2032 5742 et
2070 5685 2290 5742 tractari
2330 5693 2530 5758 potest.

1906 5778 2018 5846 γυ.
2072 5777 2223 5839 Ilauc
2253 5788 2465 5859 partem
2513 5776 2637 5841 IibrI
2681 5775 3009 5846 Manichacus
3040 5775 3294 5855 ignorat.
3340 5771 3425 5843 vi-
