3926 6290
563 361 669 420 195

1606 355 1665 412 S.
1707 353 2091 413 HIERONYMI
2132 352 2420 411 OPERUM
2461 352 2831 412 MANTISSA.

3774 346 3866 406 156

561 479 698 535 dens
745 491 912 549 opera
956 491 1078 546 qua:
1111 474 1289 538 ﬁunt,
1347 479 1402 528 et
1449 486 1559 529 non
1608 473 1798 529 videns
1848 472 2159 528 facientem.
2190 474 2242 532 Α
2271 469 2498 539 singulis
2528 472 2741 543 paginis
2763 469 3040 541 sapientes
3066 484 3129 525 ac
3152 470 3220 527 de
3249 467 3511 525 mundiali
3534 465 3863 540 philosophia

569 572 759 626 Potest
788 569 1006 641 quidem
1052 566 1239 623 dicere
1271 566 1423 621 iste:
1473 565 1559 619 Tu
1609 581 1660 620 es
1708 563 1949 620 Christus
1992 562 2169 617 Filius

564 664 662 717 Dei
685 663 781 717 vivi
808 678 827 716 :
857 662 949 716 sed
983 675 1089 715 non
1120 668 1300 730 potest
1332 658 1547 725 dicere,
1599 657 1854 712 Dominus
1874 669 1945 711 est
1970 656 2169 711 sabbati

564 757 705 826 ﬁlius
748 756 1012 809 hominis:
1039 762 1094 809 et
1120 755 1258 809 inira
1288 753 1647 823 perversitate
1680 752 1829 823 quod
1864 751 2048 805 vident
2076 766 2171 806 ne-

568 861 779 920 gantes,
814 846 955 918 quod
986 863 1092 902 non
1122 847 1314 903 vident
1342 847 1674 902 conﬁtentur
1706 862 1719 899 :
1755 844 2079 901 invisibilem
2112 843 2166 898 in

571 941 859 997 virtutibus
887 949 1317 1011 raeognoscunt,
1346 939 1620 994 visibilem
1656 939 1708 992 in
1742 938 1989 1003 homine,
2024 936 2168 1007 quod

560 1033 881 1088 facillimum
915 1048 1035 1088 esse
1076 1032 1287 1099 debuit,
1323 1047 1430 1088 non
1466 1039 1789 1103 agnoscunt.
1834 1031 1879 1085 0
1909 1030 2162 1086 excitos!

562 1140 596 1181 ο
632 1125 937 1196 ignorantia
985 1126 1268 1182 veritatis!
1320 1134 1374 1180 et
1415 1125 1564 1180 omni
1608 1123 1819 1179 ratione
1857 1120 2165 1178 damnanda

561 1222 916 1291 pratsumptio
964 1238 977 1274 :
1023 1220 1113 1275 isti
1152 1229 1282 1275 sunt
1309 1218 1404 1291 qui
1447 1218 1560 1275 Deo
1590 1218 1693 1289 ipsi
1723 1233 1783 1275 se
1822 1217 2163 1288 pra-ierunt:

560 1315 640 1369 sic
684 1313 957 1370 credendo
1004 1312 1059 1369 in
1107 1328 1273 1369 carne
1321 1313 1647 1378 constituti,
1701 1309 2058 1382 spiritualiter
2105 1323 2166 1364 se

561 1408 743 1464 vivere
787 1407 1139 1479 proﬁtentur,
1191 1406 1335 1479 qttod
1388 1407 1559 1462 Deum
1616 1421 1725 1461 non
1779 1404 2012 1461 credunt
2064 1421 2163 1476 pu-

557 1499 759 1556 tuisse.
798 1501 977 1556 Minor
1002 1500 1146 1556 enim
1178 1502 1299 1557 sine
1326 1500 1492 1555 dubio
1521 1499 1590 1555 ab
1625 1500 1745 1555 istis
1788 1499 1929 1554 Deus
1959 1508 2079 1565 est,
2117 1498 2165 1554 si

561 1593 705 1664 quod
739 1594 827 1647 isti
859 1603 1124 1664 possunt,
1167 1594 1259 1649 ille
1292 1610 1398 1650 non
1446 1594 1642 1664 potuit.
1687 1592 1821 1649 Nam
1854 1594 1897 1649 si
1926 1594 2009 1647 isti
2040 1608 2165 1663 pose

563 1698 687 1743 sunt
736 1689 788 1743 in
820 1703 986 1743 carne
1015 1689 1298 1744 constituti
1343 1689 1577 1743 alienam
1624 1702 1820 1756 capere
1854 1697 2103 1741 naturam
2148 1705 2161 1741 :

565 1796 663 1836 cur
693 1780 786 1835 ille
813 1781 865 1835 in
898 1795 1066 1836 carne
1098 1786 1310 1851 positus
1359 1795 1517 1835 suam
1545 1796 1767 1836 servare
1812 1796 1917 1835 non
1954 1780 2160 1849 possit:

2274 568 2575 635 venientes,
2593 577 2736 622 tanta
2758 569 2932 637 operti
2956 569 3237 637 apertique
3265 566 3385 621 libri
3408 562 3863 620 concatenationis

2273 658 2545 713 subtilitas
2574 660 2869 729 prmterivil
2901 678 2914 713 :
2948 676 3071 715 cum
3102 676 3225 716 eum
3261 674 3361 714 nec
3390 658 3559 713 Judici
3587 659 3677 727 qui
3702 657 3862 725 ipsius

2274 762 2449 817 erant,
2473 768 2594 807 cum
2620 754 2669 807 in
2701 768 2796 807 sua
2820 752 3081 823 venisset,
3117 752 3490 823 agnoverunt?
3521 750 3619 817 Qui
3649 749 3774 802 dum
3802 750 3862 802 de

2272 846 2411 899 coelo
2458 844 2671 913 signum
2707 845 3009 915 postulant,
3052 845 3210 914 quasi
3252 844 3491 899 cmlestia
3536 857 3643 896 non
3684 851 3863 895 essent

2271 954 2393 1007 qua:
2441 937 2492 991 iu
2524 938 2702 992 salute
2728 937 2812 992 vel
2842 937 3137 1005 debilium,
3169 937 3255 993 vel
3288 946 3625 990 mortuorum
3656 933 3859 988 cmlesti

2273 1029 2476 1085 virtute
2510 1027 2772 1095 faciebat,
2808 1030 3067 1086 obcatcati
3118 1029 3437 1085 inlidelitate
3466 1045 3597 1097 sua,
3632 1027 3860 1082 videndo

2270 1121 2432 1178 etiam
2456 1139 2563 1178 non
2588 1124 2773 1179 videre
2795 1133 3133 1178 meruerunt.
3165 1123 3445 1192 lratusquc
3469 1119 3579 1193 [ΑΙ.
3603 1120 3727 1173 add.
3757 1120 3857 1189 est]

2272 1217 2559 1286 Dominus,
2592 1232 2692 1273 cur
2724 1220 2774 1273 in
2809 1218 2927 1289 ipso
2958 1218 3174 1274 deitatis
3204 1227 3650 1273 contemneretur
3674 1230 3861 1286 opera-

2271 1309 2366 1376 tio,
2400 1309 2535 1365 illud
2564 1311 2635 1367 de
2666 1310 2872 1366 divitiis
2901 1312 3186 1381 sapientia:
3217 1326 3329 1366 suae
3355 1310 3702 1382 procuravit,
3736 1317 3863 1363 utet

2267 1406 2438 1463 forma
2480 1408 2621 1463 servi
2668 1408 3021 1479 despicabilis
3054 1408 3371 1476 haberetur,
3415 1420 3469 1465 et
3520 1407 3718 1480 quibus
3760 1425 3861 1463 non

2268 1517 2365 1572 per
2396 1501 2649 1559 virtutem
2700 1520 2852 1559 suam
2903 1504 3164 1561 divinitas
3215 1503 3517 1568 radiasset,
3557 1503 3642 1558 his
3692 1503 3864 1557 omni-

2266 1594 2443 1651 modis
2475 1598 2685 1666 pOs'illlS
2713 1595 3074 1667 contemptui,
3104 1596 3451 1652 irreverenda
3485 1597 3537 1650 in
3569 1595 3689 1665 ipso
3712 1593 3862 1664 juxta

2267 1689 2526 1745 sacculum
2562 1691 2840 1746 videretur
2886 1690 3196 1746 humanitas
3244 1708 3257 1744 :
3299 1700 3352 1745 et
3402 1705 3526 1744 cum
3576 1688 3861 1743 Dominum

2267 1800 2425 1838 suum
2455 1786 2506 1838 in
2528 1785 2720 1855 spiritu
2749 1784 2912 1841 Israel
2941 1800 3046 1839 non
3077 1785 3343 1851 receperit
3370 1801 3382 1838 :
3408 1798 3504 1837 cur
3528 1782 3609 1837 vel
3642 1784 3863 1836 fratrem

559 1872 818 1928 videlicet
870 1882 929 1927 ιιι
978 1888 1194 1942 semper
1244 1874 1387 1929 Deus
1428 1872 1496 1927 sit
1523 1914 1538 1936 ,
1586 1888 1655 1928 ne
1694 1873 2023 1942 corruptela:
2064 1872 2161 1927 ad-
2192 1863 2241 1925 B
2268 1892 2423 1933 suum
2456 1879 2693 1934 iucarne
2720 1877 2860 1935 Juda
2887 1880 3157 1949 reciperet
3179 1892 3229 1934 et
3254 1877 3643 1948 cognosceret?
3676 1876 3863 1946 Neque

558 1966 761 2020 mixtus
812 1965 1040 2035 incipiat
1084 1981 1207 2021 esse
1254 1966 1590 2035 corruptus?
1644 1964 1777 2019 Mira
1823 1964 2158 2035 disputatio,

561 2058 730 2115 Deum
754 2060 1013 2129 destruit,
1041 2075 1163 2115 cum
1194 2059 1451 2115 honorat.
1480 2060 1709 2114 Minoris
1736 2068 1919 2113 autem
1950 2059 2165 2115 virtutis

557 2162 641 2207 est
673 2151 928 2208 obtinere
970 2154 1023 2207 itt
1060 2164 1274 2208 terrena
1310 2152 1615 2207 substantia
1665 2151 1926 2207 deitatem
1954 2192 1969 2219 ,
2002 2167 2161 2221 quam

556 2244 727 2300 Deum
759 2245 1128 2314 spiritualiter
1152 2246 1205 2299 in
1240 2245 1444 2302 deitate
1478 2244 1702 2300 durare.
1732 2244 1870 2311 Quid
1907 2260 2036 2313 ergo
2065 2244 2166 2299 nti-

554 2336 720 2392 rabor
749 2337 802 2391 in
832 2336 965 2404 Deo,
1000 2339 1102 2392 nisi
1129 2338 1273 2409 quod
1298 2352 1420 2394 cum
1451 2352 1575 2393 esse
1601 2337 1765 2392 homo
1793 2337 2046 2407 dignatus
2070 2337 2159 2402 sit,

558 2430 611 2485 in
646 2431 1039 2501 hominequod
1076 2432 1214 2487 Deus
1242 2443 1388 2488 esset
1418 2431 1672 2501 aperuit?
1719 2431 1834 2486 Non
1867 2432 2011 2501 quod
2047 2432 2163 2501 ipse

558 2523 772 2578 destitit
799 2538 923 2578 esse
951 2525 1094 2593 quod
1115 2523 1310 2588 fuerat,
1342 2524 1437 2579 sed
1460 2524 1604 2595 quod
1635 2539 1853 2579 carnem
1887 2523 2017 2579 fecit
2040 2538 2163 2580 esse

554 2616 697 2683 quod
742 2616 887 2671 Deus
917 2626 1043 2671 est:
1084 2617 1228 2686 quod
1263 2618 1314 2671 in
1348 2615 1760 2673 excusationem
1792 2617 2040 2673 materia:
2083 2618 2161 2672 vi-

564 2711 720 2764 tiosa:
752 2710 945 2765 mansit
991 2711 1106 2780 ipse
1144 2711 1262 2767 sine
1302 2712 1656 2767 excusatione
1686 2728 1701 2767 :
1733 2713 1876 2783 quod
1909 2711 2035 2767 dum
2065 2726 2162 2781 pro

560 2802 721 2858 nobis
759 2812 1043 2872 peccatum
1077 2803 1249 2859 iactus
1277 2814 1421 2859 esset
1448 2847 1461 2871 ,
1494 2815 1749 2874 peccator
1775 2820 1897 2860 esse
1928 2821 2032 2861 non
2067 2820 2161 2874 po-

554 2901 678 2951 tuit.
716 2896 824 2953 Sed
880 2896 967 2952 hic
999 2896 1357 2965 Manichacus,
1405 2897 1639 2953 Arianus
1670 2898 1874 2953 iterum
1911 2899 2163 2965 superio-

560 3003 675 3043 rem
720 2998 926 3056 partem
978 2988 1101 3044 libri
1146 3000 1371 3058 utraque
1414 2989 1736 3059 complexus
1778 2988 1894 3061 [ΑΙ.
1924 2991 2160 3043 circum—

558 3079 771 3151 plexus]
803 3096 985 3149 manu,
1013 3081 1160 3135 illaut
1189 3082 1505 3136 interiorem
1532 3082 1782 3150 paginam
1806 3082 1886 3136 sic
1916 3097 2160 3138 reserare

557 3171 834 3237 formidat,
863 3175 1019 3244 quasi
1053 3174 1395 3243 sacrilegium
1428 3174 1671 3229 facturus
1700 3174 1793 3238 sit,
1845 3176 1888 3229 si
1925 3175 2065 3229 Deus
2096 3174 2148 3228 in

554 3284 722 3324 carne
773 3271 1000 3325 veniens
1050 3285 1155 3323 non
1204 3269 1453 3324 amiserit
1493 3268 1802 3325 deitatem:
1850 3268 2150 3337 vidensque
2179 3245 2225 3310 (ἶ

560 3362 847 3416 Dominum
880 3363 930 3416 in
963 3360 1210 3417 navicula
1234 3360 1616 3427 dormientem,
1658 3374 1764 3415 non
1798 3359 1944 3415 videt
1974 3361 2151 3416 ventis

554 3462 609 3508 et
646 3453 899 3508 ﬂuctibus
928 3454 1327 3523 imperantem;
1360 3455 1447 3508 cui
1479 3454 1741 3509 deitatem
1789 3468 1849 3507 se
1906 3452 2150 3508 tribuere

554 3544 673 3599 sine
704 3544 1062 3600 similitudine
1092 3554 1316 3615 paterna
1348 3544 1631 3600 mentitur.
1680 3544 1825 3600 Dens
1854 3547 1997 3600 enim
2029 3559 2151 3602 esse

557 3640 660 3694 nisi
705 3637 888 3701 Patri;
920 3638 971 3692 id
1000 3647 1126 3703 est,
1159 3638 1275 3693 Deo
1313 3638 1509 3693 similis
1539 3639 1650 3703 sit,
1679 3654 1788 3693 non
1836 3646 2049 3707 potest:
2079 3638 2153 3693 si-

555 3730 737 3784 milem
789 3737 974 3784 autem
1027 3744 1189 3797 esse,
1234 3744 1336 3784 nec
1383 3729 1532 3784 illum
1580 3730 1670 3800 qui
1721 3729 1855 3784 foris
1915 3731 2152 3799 scriptus

551 3831 638 3879 est
683 3824 750 3879 de
790 3822 1140 3879 interioribus
1180 3822 1385 3893 aliquid
1436 3824 1778 3893 perdidisse,
1814 3823 1937 3879 ilios
1977 3825 2153 3892 quoti-

551 3919 746 3975 dianus
774 3934 955 3976 sermo
986 3922 1255 3974 instruere
1269 3918 1572 3987 debuisset,
1605 3933 1711 3987 quo
1740 3918 1881 3973 ﬁlios
1911 3918 2152 3989 patribus

552 4014 668 4069 suis
696 4013 906 4068 similes
936 4014 1009 4067 ita
1038 4013 1290 4082 cupimus
1320 4012 1647 4082 approbare,
1682 4021 1740 4066 ut
1769 4013 2010 4067 dicamus
2031 4053 2044 4075 ,
2074 4011 2151 4067 De

552 4121 652 4161 ore
683 4107 803 4176 ejus
833 4106 993 4161 exiit.
1028 4106 1170 4176 Ergo
1209 4106 1387 4162 omnis
1423 4105 1604 4173 ﬁlius,
1637 4105 1933 4175 quamlibet
1961 4121 2150 4161 secun-

554 4201 680 4256 dum
717 4202 992 4257 carnalem
1026 4200 1438 4270 generationem
1487 4202 1649 4255 aliter
1687 4213 1983 4269 generetur
2013 4216 2027 4254 :
2071 4210 2152 4255 ta-

553 4310 677 4350 men
701 4295 747 4350 si
781 4296 922 4349 forte
953 4294 1097 4364 patri
1131 4309 1226 4364 per
1246 4295 1426 4348 omnia
1462 4294 1654 4347 similis
1682 4294 1755 4347 sit
1781 4335 1796 4360 ,
1838 4294 2052 4349 dicetur
2084 4295 2151 4349 ab

551 4400 648 4441 ore
669 4386 784 4456 ejus
814 4386 1107 4453 proiectus.
1137 4385 1269 4452 Quis
1299 4400 1405 4440 non
1435 4385 1583 4439 videt
1613 4386 1784 4440 Deum
1817 4386 2054 4441 Verbum
2085 4388 2152 4442 de

549 4481 714 4535 corde
747 4480 919 4535 Patris
946 4490 1249 4535 eructatum
1268 4521 1282 4545 ,
1315 4494 1415 4535 nec
1438 4478 1657 4535 aliunde
1686 4479 1737 4535 in
1770 4480 1965 4550 spiritu
1989 4494 2150 4551 quam

550 4587 647 4627 ore
673 4574 967 4643 prolatum,
1000 4574 1161 4627 etiam
1186 4572 1339 4642 juxta
1363 4588 1710 4628 communem
1738 4572 1979 4626 onmium
2021 4586 2149 4627 sen-

2268 1972 2413 2027 eniin
2441 1986 2653 2042 {equum
2685 1982 2823 2041 erat,
2856 1980 2914 2026 ut
2953 1973 3044 2042 qui
3078 1973 3281 2041 majora
3312 1971 3658 2033 subruerent,
3694 1979 3747 2024 et
3776 1970 3863 2038 qui

2266 2066 2613 2135 sacrilegium
2655 2077 2710 2121 ιιι
2762 2066 3018 2122 volebant
3063 2068 3406 2133 existimari,
3461 2066 3865 2121 committerent

2267 2156 2606 2228 ignorantes,
2640 2173 2747 2214 non
2774 2158 3123 2216 homicidium
3151 2159 3393 2216 facerent
3419 2162 3674 2215 scientes.
3703 2159 3865 2214 Deni-

2265 2264 2370 2319 que
2401 2257 2455 2304 et
2481 2248 2629 2305 Jontc
2658 2250 2873 2319 signum
2920 2250 3189 2321 promittit
3220 2250 3400 2306 inﬁdis
3427 2268 3441 2306 :
3468 2259 3523 2305 et
3552 2251 3716 2304 miser
3746 2252 3865 2319 qui—

2264 2338 2386 2395 dem
2420 2342 2669 2410 populus,
2699 2341 2755 2395 itt
2786 2357 2893 2395 uno
2922 2342 3226 2411 eodemque
3254 2342 3494 2410 homine,
3521 2356 3737 2397 servum
3767 2341 3863 2397 Dei

2264 2440 2609 2503 contemptor
2638 2432 2720 2487 sui
2750 2433 2951 2488 occidit
2973 2474 2987 2499 ,
3020 2444 3077 2487 tit
3121 2449 3279 2503 quem
3313 2432 3467 2504 juxta
3500 2434 3675 2502 legem
3706 2450 3863 2489 suant

2264 2536 2372 2576 non
2416 2523 2727 2593 agnovisset
2775 2532 2831 2577 ut
2863 2523 3035 2579 Deum
3060 2563 3073 2587 ,
3110 2524 3254 2578 hunc
3296 2533 3449 2579 extra
3496 2524 3671 2594 legem
3704 2540 3862 2579 suam

2258 2617 2534 2686 gentiliter
2562 2617 2844 2673 damnaret
2894 2626 2951 2672 ut
2998 2633 3171 2673 remn.
3205 2617 3333 2675 limo
3379 2618 3560 2687 itaque
3603 2619 3863 2689 ignobilia

2262 2711 2575 2780 passionis,
2624 2711 2776 2766 velut
2835 2712 3011 2767 velata
3042 2753 3058 2779 ,
3115 2713 3258 2768 sicut
3324 2713 3681 2781 loquebamur
3728 2730 3865 2783 ope-

2260 2804 2473 2858 ratione
2528 2806 2861 2874 promeruit,
2916 2821 3039 2862 cum
3099 2806 3315 2861 deitatis
3363 2818 3607 2861 naturam
3657 2820 3869 2862 morta-

2262 2895 2428 2951 litatis
2477 2906 2628 2952 veste
2680 2898 2981 2954 circumdat
3033 2915 3047 2952 ε
3099 2899 3227 2955 dum
3277 2899 3416 2969 apud
3471 2900 3867 2956 erubescentes

2259 2990 2588 3059 agnitionem
2612 2990 2728 3061 ejus
2761 2992 2877 3062 ipse
2916 2993 3276 3050 confunditur
3302 3013 3315 3048 ;
3340 2995 3467 3050 dum
3506 2997 3649 3065 quod
3692 2995 3867 3051 homo

2258 3079 2327 3136 de
2376 3080 2487 3136 Deo
2530 3082 2601 3136 sit
2648 3098 2756 3138 non
2803 3084 2975 3139 credit
3023 3103 3037 3140 :
3105 3086 3229 3142 dum
3272 3087 3445 3158 ipsum
3512 3088 3748 3159 denique
3788 3068 3865 3144 Vin

2259 3187 2317 3227 se
2366 3172 2641 3228 hominem
2692 3177 3132 3247 indespicabilem
3189 3182 3405 3236 caeteris
3467 3181 3744 3248 formam,
3807 3194 3867 3237 ut

2256 3270 2489 3338 patiatur
2536 3271 2761 3326 inclinat
2814 3292 2825 3328 :
2874 3272 2998 3329 dum
3047 3275 3187 3344 apud
3245 3277 3539 3346 discipulos
3579 3280 3671 3334 Dei
3700 3279 3848 3336 Ver-

2255 3360 2379 3417 bum
2410 3373 2511 3428 cst,
2540 3372 2594 3418 et
2622 3365 2760 3432 apud
2787 3366 3052 3436 principes
3076 3367 3237 3423 homo
3263 3370 3485 3425 verbum
3514 3388 3617 3425 non
3649 3372 3869 3427 habens

2255 3456 2546 3514 invenitur.
2580 3458 2732 3515 Unde
2760 3461 2805 3515 si
2835 3459 3091 3517 Dominus
3122 3462 3244 3519 caeli
3267 3471 3323 3519 et
3354 3475 3548 3521 terra):
3580 3466 3738 3534 cujus
3775 3484 3873 3522 no-

2255 3565 2376 3607 men
2408 3566 2569 3621 super
2588 3567 2749 3608 omne
2774 3570 2967 3608 nomen
2999 3566 3100 3625 est,
3145 3557 3367 3627 formam
3401 3559 3531 3612 servi
3571 3560 3868 3627 accipiens,

2254 3662 2355 3698 non
2377 3646 2614 3717 rapinam
2637 3646 2917 3701 arbitratus
2937 3658 3138 3703 estesse
3156 3667 3209 3704 se
3228 3652 3479 3720 aequalem
3498 3649 3605 3705 Deo
3628 3650 3868 3722 (Philip.

2254 3750 2310 3798 ll,
2339 3737 2414 3803 7),
2444 3738 2494 3791 in
2522 3738 2793 3794 hominem
2819 3753 2880 3792 se
2909 3739 3219 3808 despectum
3250 3744 3422 3797 velata
3451 3741 3692 3798 studiuse
3718 3744 3869 3799 divi-

2255 3828 2423 3883 nitate
2466 3829 2729 3898 projccit:
2774 3846 2947 3901 neque
2988 3831 3158 3887 videri
3191 3833 3240 3887 in
3267 3848 3326 3889 se
3353 3836 3537 3901 voluit,
3569 3836 3713 3906 quod
3755 3854 3873 3893 non

2256 3930 2461 3990 poterat
2489 3938 2594 3975 non
2645 3924 2901 3992 agnosci:
2953 3925 3082 3994 quid
3132 3926 3378 3983 homines
3419 3929 3713 3987 observare
3766 3934 3877 3990 sub

2255 4018 2440 4086 specie
2469 4027 2690 4073 secreta:
2721 4020 3151 4077 circumcisionis
3182 4023 3450 4091 expediet,
3484 4038 3620 4092 quos
3658 4038 3877 4093 prmter

2258 4120 2503 4163 naturam
2531 4111 2782 4181 exemplo
2812 4111 3109 4168 humiliavit
3129 4122 3181 4168 et
3206 4116 3511 4184 prmeepto?
3541 4117 3877 4174 Consultius

2256 4200 2441 4269 utique
2472 4201 2690 4271 facient,
2721 4202 2767 4258 si
2798 4203 2958 4259 etiam
2984 4222 3104 4260 cum
3137 4207 3317 4262 omnia
3364 4208 3588 4265 iecerint
3629 4209 3875 4268 dicunt:

2257 4293 2404 4349 Serui
2433 4294 2641 4349 inutiles
2664 4296 2787 4364 facti
2818 4314 3015 4367 sanius,
3044 4302 3183 4369 quod
3212 4301 3517 4373 imperatum
3538 4316 3608 4358 est
3644 4308 3879 4375 fecimus

2258 4387 2420 4457 (Luc.
2450 4404 2578 4454 xvii,
2613 4386 2739 4459 to):
2772 4406 2932 4461 quam
2974 4392 3168 4448 ﬁducia
3219 4400 3655 4466 praesumptionis
3702 4399 3874 4467 elati,

2255 4488 2314 4532 ut
2343 4495 2481 4534 unus
2503 4495 2533 4533 a
2559 4479 2792 4547 dextris,
2824 4491 2878 4537 ct
2905 4498 2935 4537 a
2969 4485 3204 4539 sinistris
3250 4486 3388 4542 alius
3434 4487 3488 4544 in
3529 4506 3696 4559 regno
3744 4493 3881 4561 ejus

2255 4569 2500 4636 sedeant,
2528 4572 2948 4638 posmlaverint:
2979 4590 3047 4631 ne
3077 4577 3181 4630 illis
3206 4578 3320 4646 ipse
3347 4580 3603 4633 Dominus
3627 4597 3885 4652 respono

550 4678 669 4719 sum
702 4664 847 4718 Patri
878 4663 1111 4719 similem
1142 4661 1413 4732 judicari?
1442 4662 1594 4730 Quod
1624 4664 1711 4717 ubi
1755 4662 1991 4718 ﬁdeliter
2022 4679 2144 4718 sen-
2180 4642 2227 4702 υ
2254 4664 2398 4731 deat,
2442 4664 2533 4733 qui
2572 4666 2696 4722 illos
2744 4684 2927 4724 amare
2973 4672 3201 4739 amplius
3252 4674 3594 4743 credebatur,
3647 4642 3880 4736 nescitis

551 4758 816 4821 serimus,
852 4766 931 4821 te,
963 4766 1018 4811 et
1042 4771 1103 4811 ea
1131 4772 1250 4826 quae
1277 4755 1409 4811 foris
1439 4758 1642 4825 scripta
1669 4766 1822 4820 sunt,
1852 4766 1906 4811 et
1932 4771 1994 4811 ea
2024 4772 2146 4827 quae

550 4850 699 4905 intus
734 4848 993 4904 divinitus
1034 4858 1385 4914 annotantur,
1426 4847 1690 4914 credere,
1741 4864 1905 4903 unum
1944 4848 2142 4903 librum

549 4943 732 4999 dicere
766 4944 1065 5014 poterimus
1096 4958 1110 4997 :
1142 4943 1193 4996 in
1235 4956 1343 5011 quo
1383 4941 1553 5011 legem
1587 4950 1754 4995 totam
1783 4942 2038 5010 scriptam
2068 4940 2146 4995 vi-

550 5038 762 5099 dentes,
804 5052 908 5092 non
940 5035 1385 5105 philosoiihorum
1415 5043 1733 5105 argumenta
1762 5043 2057 5102 sectemur,
2087 5042 2148 5090 ut

547 5131 833 5185 veritatem
881 5129 1198 5201 Opinatione
1228 5127 1585 5199 colligamus;
1627 5127 1721 5184 sed
1765 5128 1991 5183 formam
2023 5129 2147 5185 vita:

549 5232 678 5279 ante
734 5225 924 5278 oculos
977 5224 1419 5285 constituamus,
1469 5229 1522 5276 et
1568 5236 1691 5276 eam
1748 5222 1919 5289 ipsam
1950 5232 2149 5277 tracta-

550 5316 715 5374 bilem
764 5318 1027 5370 miremur
1056 5357 1072 5384 ,
1124 5315 1175 5369 in
1223 5330 1325 5385 qua
1376 5312 1638 5383 quidquid
1686 5313 1974 5369 obscurum
2025 5331 2147 5371 esse

548 5409 769 5481 poterit,
802 5407 1126 5463 etiundetur.
1158 5407 1332 5475 Quam
1361 5406 1640 5461 Manichzei
1678 5420 1784 5461 non
1816 5407 2067 5463 videntes
2096 5409 2147 5464 in

546 5518 734 5570 carne,
768 5500 953 5556 Ariani
977 5516 1085 5555 non
1114 5499 1478 5569 intelligenles
1502 5498 1553 5552 in
1585 5500 1814 5569 spiritu,
1839 5499 1999 5556 unius
2027 5502 2147 5557 libri

546 5597 866 5668 paginarum
896 5594 1321 5651 conimderatam
1355 5592 1667 5649 dissecuere
1690 5594 1998 5664 juncturam
2029 5642 2043 5667 ,
2095 5606 2152 5653 et

549 5691 903 5747 mediatorein
936 5689 1167 5745 duorum
1193 5690 1460 5745 consertis
1483 5689 1763 5759 manibus,
1790 5690 2046 5749 hairetico
2066 5692 2151 5750 fu-

548 5799 677 5842 rore
716 5793 999 5855 ruperunt.

622 5874 777 5956 Vill.
800 5877 911 5944 Sed
956 5876 1091 5955 quid
1142 5876 1373 5961 mirum,
1421 5877 1471 5962 si
1516 5876 1619 5962 tios
1666 5876 1894 5946 nimium
1940 5880 2046 5945 sibi
2094 5882 2151 5965 in

2251 4758 2377 4828 quid
2405 4759 2590 4829 petatis
2614 4758 2839 4827 (Matth.
2870 4778 2959 4827 xx,
2982 4762 3099 4834 2-2).
3123 4765 3330 4831 Quibus
3348 4778 3403 4822 et
3423 4766 3601 4822 statim
3626 4768 3885 4828 formido

2254 4851 2520 4922 paSsionis
2547 4852 2615 4907 ab
2643 4869 2710 4909 eo
2739 4856 3053 4925 opponitur,
3086 4873 3209 4930 quae
3234 4858 3386 4930 juxta
3416 4876 3634 4917 carnem
3677 4864 3885 4921 humi-

2252 4944 2347 5000 liat
2373 4945 2580 5000 elatos:
2624 4962 2783 5016 quam
2817 4948 2906 5003 tibi
2951 4948 3219 5019 intrepide
3270 4963 3655 5023 poposcerunt,
3710 4970 3886 5014 recte

2251 5037 2467 5109 quidem
2492 5038 2623 5093 dicit
2645 5040 2768 5107 illis,
2786 5041 2962 5095 sedere
2982 5042 3050 5096 ad
3067 5042 3347 5112 dexteram,
3367 5057 3456 5100 aut
3477 5046 3547 5099 ad
3570 5046 3879 5119 sinistram,

2252 5149 2356 5187 non
2384 5143 2457 5187 est
2488 5149 2659 5187 meum
2688 5135 2814 5189 dare
2834 5135 2988 5190 vobis.
3022 5136 3292 5208 Numquid
3326 5154 3448 5193 nam
3475 5138 3564 5195 hic
3584 5156 3645 5195 se
3669 5139 3886 5211 polen-

2257 5225 2345 5280 tiae
2375 5225 2649 5297 indignum
2679 5242 2800 5284 esse
2833 5230 3107 5299 professus
3137 5240 3242 5299 est,
3272 5240 3365 5286 aut
3394 5247 3558 5288 omne
3602 5234 3710 5289 sibi
3756 5252 3885 5294 non

2254 5318 2419 5375 licere
2451 5330 2696 5389 testatur,
2724 5323 2815 5392 qui
2842 5324 2935 5391 ait,
2984 5323 3146 5379 Pater
3193 5326 3450 5380 neminem
3490 5327 3725 5396 judicat,
3777 5333 3886 5385 sed

2257 5431 2405 5469 omne
2422 5415 2688 5487 judicium
2717 5416 2859 5471 dedit
2897 5414 3040 5471 Filio
3084 5416 3277 5489 (Joan.
3321 5434 3375 5485 v,
3415 5418 3547 5487 ‘22)?
3587 5418 3714 5474 Non
3762 5434 3880 5491 est,

2255 5507 2350 5572 ait,
2384 5523 2551 5560 meum
2587 5509 2711 5561 dare
2737 5510 2899 5577 vobis,
2927 5508 2977 5563 id
3010 5520 3114 5575 est,
3146 5512 3225 5565 sic
3252 5511 3562 5580 petentibus
3591 5516 3882 5585 superbe,

2259 5600 2579 5667 insolenter,
2607 5601 2768 5667 elate,
2796 5601 2864 5657 de
2894 5602 3071 5657 carnis
3103 5612 3338 5679 tumore,
3370 5621 3476 5659 non
3508 5605 3741 5677 spiritus
3788 5609 3886 5665 le-

2255 5693 2443 5750 nitate.
2469 5692 2601 5749 Nam
2628 5708 2729 5764 ego
2768 5695 2859 5764 qui
2909 5695 3103 5750 resisto
3147 5711 3288 5751 nunc
3331 5697 3506 5761 vobis,
3559 5698 3886 5757 humilibus

2254 5787 2384 5845 dare
2405 5788 2629 5858 gratiam
2654 5788 2935 5844 consuevi.
2962 5787 3038 5843 lta
3063 5788 3317 5847 Dominus
3340 5789 3467 5845 dum
3492 5790 3885 5853 humilitatem

2254 5890 2313 5966 et
2333 5882 2501 5948 verbo
2522 5891 2575 5965 et
2599 5894 2726 5948 acut
2751 5897 2881 5966 vere
2903 5883 3187 5969 audientes
3212 5884 3373 5951 docet
3395 5902 3536 5969 :_cur
3563 5886 3620 5949 in
3642 5900 3886 5953 secreta
