3926 6290
191 313 278 375 197
953 303 1292 364 EPISTOLA
1329 303 1474 363 XIX.
1525 302 1617 362 DE
1657 300 1850 361 VERA
1899 301 2452 365 CIRCUMCISIONE.

3340 309 3461 370 .198

185 423 578 504 partecorpmis
611 421 1098 494 prmﬁgurationem
1140 437 1282 478 verae
1322 418 2114 489 circumcisionisAqnentes,
2169 421 2396 476 verbum
2450 419 2696 492 Domini,
2752 418 2882 477 dum
2931 435 3040 478 non
3092 421 3450 496 custodimus,

185 525 368 579 habere
396 519 648 582 voluerit,
682 517 942 579 ostendit,

245 616 327 671 lX.
374 614 488 668 Dixi
522 612 592 667 de
629 611 849 666 ocmilto
888 610 1320 666 circumcisionis
1344 653 1357 676 ,
1402 625 1521 680 qurc
1577 609 1760 676 putavi

184 725 286 766 esse
331 705 557 762 dicenda
605 722 618 759 :
659 713 910 774 superest
956 713 1015 758 ut
1061 704 1128 758 de
1174 705 1286 774 ipsa
1343 702 1759 758 Cil‘Clllnt'iSitme

185 814 471 866 tractemus,
503 814 627 869 qua:
652 800 820 868 figura
841 798 933 861 sit,
959 813 1054 852 cur
1080 811 1186 851 non
1219 795 1378 850 oculo
1402 796 1759 850 circumcida-

185 914 284 953 mur
312 903 364 949 et
393 909 586 959 manu,
625 891 840 946 dicente
884 890 1112 944 Domino
1144 906 1156 942 :
1190 888 1328 943 Nam
1355 890 1400 943 si
1429 887 1609 943 oculus
1639 898 1757 942 tuus

183 991 478 1046 scandalizat
512 997 583 1049 te,
613 1002 734 1040 erue
763 1001 878 1039 eum
911 993 999 1038 :et
1026 984 1070 1037 si
1094 1000 1276 1037 manus
1320 995 1408 1036 tua
1437 982 1758 1037 scandalizat

185 1096 242 1152 tr,
269 1081 502 1136 abscinde
530 1096 644 1134 eam
677 1077 896 1150 (Matth.
921 1093 970 1143 v,
996 1076 1111 1147 29).
1141 1076 1272 1144 Quae
1301 1084 1448 1130 tanta
1481 1076 1550 1130 ibi
1585 1073 1759 1143 praeﬁ-

183 1179 365 1249 guratio
393 1184 482 1231 est
507 1216 524 1240 ,
557 1182 620 1230 ut
646 1187 739 1240 per
763 1187 925 1227 unam
958 1183 1163 1240 partem
1189 1170 1434 1238 corporis
1464 1175 1606 1222 totus
1636 1183 1756 1222 om-

185 1271 292 1325 nino
327 1269 496 1323 homo
527 1263 886 1321 circumcisus
913 1277 1037 1318 esse
1075 1260 1332 1316 credatur
1364 1277 1378 1315 :
1413 1270 1468 1316 et
1499 1274 1620 1314 cum
1653 1260 1757 1314 hoc

184 1379 267 1418 nos
291 1371 392 1432 post
433 1359 721 1417 Christum
749 1398 764 1424 ,
807 1364 866 1412 ut
901 1355 1075 1412 Judaei
1106 1355 1327 1422 faciunt,
1363 1371 1469 1410 non
1498 1355 1758 1410 faciamus

189 1457 237 1512 in
275 1469 418 1510 carne
440 1495 458 1520 ,
510 1455 694 1507 facere
736 1460 920 1506 tamen
955 1464 1052 1520 per
1087 1449 1338 1505 eumdem
1367 1448 1674 1518 judicemur
1701 1449 1754 1504 in

188 1549 353 1605 corde?
392 1547 696 1603 Veniamus
734 1543 802 1598 ad
847 1543 1278 1614 regenerationis
1320 1551 1521 1597 nostrte
1571 1556 1757 1596 sacra-

184 1653 333 1697 menta
363 1641 645 1705 cmlestia,
697 1649 754 1693 ut
802 1635 1272 1693 circumcisioncm
1316 1634 1654 1705 spiritualem
1704 1636 1757 1689 in

182 1739 415 1807 spirituali
451 1737 740 1792 nativitate
764 1748 1074 1805 quaeramus
1109 1751 1120 1787 :
1157 1740 1210 1789 et
1253 1732 1304 1786 in
1336 1731 1469 1800 ipsis
1499 1730 1623 1785 ﬁdei
1655 1744 1756 1784 no-

1864 513 2184 569 obtet-imus.

1935 607 2002 661 X.
2039 607 2208 663 Porro
2241 607 2356 663 hmc
2391 624 2456 663 an
2486 611 2552 664 ita
2583 624 2641 667 se
2672 611 2936 680 habeant,
2973 624 3029 670 et
3061 614 3185 671 ﬁdei
3218 626 3454 688 patrem,

1861 712 1912 756 et
1945 703 2377 758 circomcisionis
2407 706 2807 777 interrogemus
2837 719 3115 764 auctorem
3147 727 3160 764 :
3198 709 3454 780 quoniam

1861 796 1927 849 ab
1961 796 2078 866 ipso
2104 807 2330 865 utraque
2363 798 2499 866 lucc,
2534 805 2588 852 et
2615 816 2734 868 qua:
2763 801 2828 854 ad
2864 812 3122 866 mentem,
3154 813 3208 858 et
3238 820 3358 874 qua:
3388 802 3456 858 ad

1862 903 2061 957 Corpus
2092 893 2388 959 pertinent,
2423 904 2809 961 processerunt
2840 912 2852 948 :
2887 896 3000 964 ipse
3029 897 3185 950 nobis
3228 912 3459 966 respon-

1862 978 2018 1033 debit
2045 996 2108 1034 ex
2131 985 2322 1051 gestis,
2357 993 2533 1038 utrum
2568 1001 2635 1039 ne
2660 986 2805 1040 illum
2832 986 2942 1041 Deo
2968 989 3188 1043 Judaica
3223 990 3456 1044 circum—

1862 1076 2032 1141 cisio,
2062 1092 2128 1130 an
2170 1092 2302 1131 vero
2334 1087 2519 1132 nostra
2561 1079 2678 1134 haec
2717 1095 2876 1150 quam
2909 1081 3137 1136 dicimus
3167 1097 3454 1138 commen-

1859 1170 2025 1224 darit.
2059 1172 2135 1226 Ac
2163 1175 2393 1240 primum
2420 1173 2568 1228 audit
2599 1190 2629 1228 a
2668 1175 2896 1229 Domino
2929 1158 3076 1230 {Exi
3109 1176 3174 1229 de
3204 1186 3340 1230 terra
3365 1187 3456 1230 tua

1860 1276 1909 1318 ct
1935 1267 1998 1318 de
2021 1265 2329 1335 cognatione
2367 1276 2454 1320 tua
2502 1265 2659 1338 (Gen.
2705 1283 2781 1323 xu
2810 1308 2825 1335 ,
2867 1268 2942 1340 Ι).
2991 1269 3102 1326 Sub
3148 1270 3248 1326 hoc
3288 1271 3457 1327 verbo

1854 1359 2009 1430 juxta
2041 1375 2263 1415 carnem
2304 1358 2357 1414 in
2394 1361 2659 1431 prurputio
2685 1363 3049 1432 consdtutus,
3083 1379 3112 1419 a
3143 1365 3455 1434 parentibus

1860 1467 1919 1507 se
1941 1452 2318 1520 circumcidit,
2347 1463 2402 1509 et
2426 1454 2653 1524 patriam
2682 1465 3040 1528 naturamque
3073 1473 3314 1524 omnem,
3348 1475 3454 1530 qua

1861 1561 1958 1616 per
1981 1546 2230 1602 affectum
2257 1549 2568 1615 tenebatur,
2598 1551 2952 1621 abrumpens,
2980 1553 3210 1608 verbum
3237 1553 3451 1610 Domini

1859 1642 2104 1712 sequitur
2134 1645 2470 1715 peregrinus.
2521 1648 2656 1702 llinc
2685 1649 2885 1704 deinde
2917 1666 2982 1704 ex
3010 1649 3246 1720 conjuge
3276 1650 3452 1706 sterili

1859 1748 1914 1792 et
1941 1754 2170 1809 annosa,
2201 1741 2252 1796 id
2283 1752 2385 1806 est,
2411 1752 2465 1799 et
2485 1753 2673 1798 contra
2699 1744 2889 1799 vitium
2919 1755 3150 1811 natura},
3179 1756 3231 1799 et
3258 1756 3446 1800 contra

179 1841 288 1886 strai
307 1829 618 1894 cunabulis,
650 1841 762 1898 quo
783 1837 1027 1894 tempore
1057 1824 1400 1880 circumcisio
1426 1823 1749 1887 celebratur,

1859 1835 2226 1890 conditionem
2277 1836 2576 1893 deﬁcientis
2619 1838 2792 1893 aetatis
2817 1879 2833 1905 ,
2862 1839 3194 1909 posteritatis
3232 1838 3458 1908 promit-

176 1924 353 1992 primos
383 1921 602 1991 vagitus
626 1929 855 1974 sacrata:
882 1926 1194 1987 repetamus
1217 1916 1457 1971 infantia:
1484 1932 1497 1968 :
1523 1925 1574 1970 et
1598 1914 1756 1970 abre-

175 2016 544 2070 uuntiationeni
575 2013 724 2068 illam
747 2053 761 2078 ,
787 2027 889 2083 qua
919 2011 1199 2081 prmputiis
1232 2010 1594 2073 denudamur,
1625 2019 1754 2065 ante

175 2112 332 2162 oculos
358 2109 723 2173 collocemus,
760 2107 1016 2176 quoniam
1059 2105 1313 2176 sicutqui
1340 2107 1637 2161 carnaliter
1660 2120 1754 2159 na-

174 2203 441 2257 scebantur
475 2202 528 2256 in
554 2199 781 2264 mundo,
811 2198 1109 2253 carnaliter
1137 2197 1666 2252 circumcidehantur
1699 2197 1750 2251 in

172 2292 270 2362 lege
295 2311 308 2346 :
335 2294 402 2347 ita
449 2292 545 2363 qui
578 2306 722 2346 nunc
749 2291 816 2345 ad
840 2291 1102 2346 caelorum
1130 2303 1294 2360 regna
1323 2298 1656 2360 generantur
1683 2303 1750 2344 ex

172 2387 352 2455 verbo,
413 2402 516 2455 per
547 2385 776 2441 verbum
814 2384 1281 2440 circumciduntur
1327 2398 1356 2437 a
1387 2385 1608 2438 mundo.
1660 2381 1752 2440 Sic

172 2493 376 2546 namque
406 2479 652 2533 dicimus
674 2477 1062 2533 abrenuntiare
1100 2492 1201 2532 nos
1229 2476 1432 2531 mundo
1453 2487 1507 2532 et
1538 2477 1749 2547 pompis

167 2568 288 2638 ejus,
319 2571 581 2640 quoniam
601 2569 863 2640 quidquid
890 2578 974 2624 est
1002 2569 1055 2623 in
1080 2570 1308 2635 tnundo,
1333 2569 1751 2638 concupiscentia

166 2665 312 2716 ramis
337 2673 434 2730 est,
473 2675 522 2718 et
553 2663 972 2730 concupiscentia
1003 2663 1272 2716 oculorum
1305 2670 1412 2730 est,
1453 2671 1499 2715 et
1537 2663 1751 2716 ambitio

164 2758 338 2826 sectili,
361 2775 484 2828 qua:
508 2775 612 2812 non
644 2767 716 2812 est
745 2775 777 2810 a
805 2755 965 2811 Patre
996 2757 1047 2828 (Ι
1073 2755 1232 2811 Joan.
1253 2772 1313 2821 tt,
1340 2757 1449 2827 l6).
1483 2757 1575 2811 llla
1618 2772 1748 2828 ergo

168 2854 438 2921 promissio
469 2862 526 2907 et
554 2849 902 2906 circumcisio
928 2858 1046 2917 est,
1085 2864 1247 2920 quam
1281 2864 1386 2904 non
1433 2847 1665 2918 patimur
1695 2858 1753 2904 ut

164 2945 322 3011 servi,
350 2945 450 3000 sed
491 2942 820 3000 exhibemus
849 2953 910 2996 ut
942 2942 1101 2998 liberi
1139 2960 1150 2994 :
1185 2957 1285 2996 nec
1319 2951 1604 3012 postquam
1635 2943 1748 2997 nati

166 3035 406 3092 fuerimus
439 3036 814 3101 celebramus,
847 3034 944 3090 sed
973 3044 1028 3089 ut
1055 3034 1396 3090 renascimur
1425 3023 1702 3090 offerimus
1733 3051 1746 3088 :

163 3130 398 3200 omnique
422 3131 481 3184 in
512 3129 796 3197 procinctu
821 3127 1162 3196 baptismatis
1190 3126 1512 3183 indumento
1537 3127 1744 3194 nudati,

159 3225 261 3278 sola
304 3233 628 3279 sanctorum
675 3223 849 3278 oculis
891 3222 1234 3278 confessione
1282 3223 1544 3278 vestitnur
1587 3241 1600 3275 :
1649 3238 1747 3281 nec

159 3315 216 3368 ad
252 3314 492 3384 speciem
540 3323 790 3369 naturam
834 3323 1078 3369 nostram
1119 3329 1310 3369 arsura
1348 3316 1562 3370 litorum
1594 3325 1747 3372 veste

157 3408 382 3463 velamus
403 3449 420 3470 ,
458 3407 586 3478 quia
615 3406 670 3462 in
707 3406 1007 3477 Evangelio
1037 3408 1202 3463 arbor
1246 3407 1385 3462 foliis
1413 3407 1744 3473 exuberans,

159 3516 270 3557 cum
296 3503 347 3558 in
390 3519 462 3560 ea
491 3503 703 3558 fructus
729 3518 833 3556 non
867 3513 1016 3558 esset
1039 3512 1324 3572 repertus.
1367 3502 1580 3558 exaruit
1608 3521 1620 3557 :
1651 3503 1745 3559 scd

158 3605 331 3648 cuncta
357 3595 555 3650 carnis
590 3593 872 3664 repudiata
915 3604 1134 3663 natura,
1179 3608 1346 3649 sexus
1374 3594 1746 3662 immemores,

155 3694 221 3749 nil
249 3708 507 3751 veremur
540 3710 555 3746 :
598 3708 702 3749 nec
733 3708 857 3750 cum
904 3693 1079 3762 primo
1113 3692 1207 3748 illo
1253 3702 1466 3748 terreno
1505 3691 1744 3758 homine,

157 3786 306 3840 Adam
337 3789 425 3842 ubi
457 3805 511 3844 es
541 3785 694 3860 (Gen.
722 3803 798 3849 Ill,
824 3787 924 3856 9)?
949 3786 1118 3840 Deum
1153 3786 1416 3855 fugientes
1444 3784 1696 3840 audimus
1730 3801 1744 3840 :

157 3878 239 3933 sed
280 3895 402 3934 cum
456 3880 552 3935 illo
601 3878 843 3935 secundo
884 3879 1117 3934 etelesti.
1168 3876 1280 3948 Ego
1322 3876 1474 3931 hodie
1520 3877 1672 3946 genui
1701 3889 1748 3931 te

157 3975 279 4042 (Act.
327 3990 452 4043 xm,
486 3974 605 4046 ⁸55).
649 3974 814 4031 Deum
842 3984 1138 4042 sequentes
1165 3973 1433 4027 audimus.
1481 3973 1747 4041 Pracputia

155 4065 320 4136 itaque
345 4083 479 4138 quae
509 4065 686 4120 Adam
720 4075 1091 4134 transgressor
1119 4063 1368 4133 acquirit,
1406 4078 1502 4132 per
1531 4061 1747 4132 subjec-

156 4158 343 4215 tionem
370 4158 624 4216 celestis
652 4158 975 4214 obedientiae
1002 4165 1342 4227 respuentes,
1374 4165 1620 4210 naturam
1643 4155 1750 4208 cir-

155 4254 510 4309 cumcidimus
538 4253 820 4320 vitiorum,
851 4260 906 4306 et
936 4266 1032 4321 per
1059 4266 1219 4305 unam
1251 4249 1550 4320 corporalis
1580 4265 1748 4303 mem-

154 4346 226 4401 bri
255 4349 514 4411 formam,
545 4360 739 4402 omnes
770 4353 1093 4402 exercentes
1121 4344 1172 4398 in
1203 4344 1522 4414 praeputium
1554 4357 1749 4399 sensus

154 4441 531 4512 persequimur
552 4455 618 4496 ac
646 4449 991 4496 truncamus.
1021 4437 1138 4493 Non
1162 4437 1306 4493 enim
1333 4446 1579 4492 naturam
1608 4481 1623 4504 ,
1653 4437 1749 4493 sed

153 4542 346 4589 natura:
400 4532 682 4604 superflua
737 4547 1048 4589 resecamus
1101 4548 1115 4586 :
1167 4532 1448 4601 scientes,
1494 4533 1746 4602 quoniam

154 4626 404 4697 quidquid
437 4626 678 4696 amplius
708 4634 813 4690 est,
843 4643 873 4680 a
897 4624 1045 4680 malo
1068 4632 1174 4680 est.
1209 4625 1299 4681 Sic
1321 4625 1535 4679 Domini
1565 4624 1752 4694 digna-

155 4723 350 4776 tionem
391 4721 820 4790 consequimur,
851 4730 909 4775 ut
939 4734 1038 4777 nos
1068 4719 1159 4790 qui
1206 4719 1502 4774 secundum
1535 4733 1752 4774 carnem

157 4815 472 4882 prrputium
504 4811 762 4877 dicimur,
795 4811 847 4867 id
879 4822 981 4879 est,
1011 4813 1158 4867 velut
1189 4811 1491 4882 ignorantia
1519 4809 1751 4880 quadam

156 4906 475 4962 naturaliter
507 4905 738 4974 obtecti,
772 4916 948 4961 tamen
974 4904 1215 4960 revelata
1238 4905 1375 4960 facie
1401 4903 1626 4974 gloriam
1651 4903 1758 4958 Do-

156 4999 280 5055 mini
314 5001 673 5072 speculemur
718 5018 732 5056 :
772 5015 899 5056 cum
938 4998 1015 5055 illi
1057 5000 1148 5070 qui
1191 4999 1490 5056 secundum
1535 5014 1754 5054 carnem

152 5092 502 5149 circumcisio
538 5093 797 5149 dicuntur
821 5135 836 5160 ,
871 5102 1050 5148 tamen
1091 5109 1158 5148 ne
1190 5091 1243 5147 in
1284 5092 1457 5163 legem
1493 5091 1756 5163 intrOSpi-

151 5187 327 5252 ciant,
374 5187 621 5244 obtentis
667 5203 781 5258 pra:
813 5187 949 5243 facie
981 5186 1328 5242 obcaecentur
1367 5186 1574 5240 aulzcis.
1619 5184 1758 5241 Eva-

151 5289 306 5334 cuata
335 5288 432 5335 est
461 5281 646 5350 itaque
677 5279 1117 5336 circumcisiouis
1148 5280 1319 5349 figura
1345 5291 1670 5348 corporeae,
1702 5287 1758 5333 et

155 5367 204 5423 iu
235 5372 347 5427 vim
381 5374 625 5428 nominis
654 5373 772 5444 ejus
804 5382 921 5428 tota
955 5373 1314 5438 transcendit,
1345 5374 1566 5443 quando
1594 5373 1758 5429 etiam

151 5462 224 5518 sic
272 5468 610 5536 praeputium
667 5467 1017 5522 circumcisio
1070 5476 1371 5537 reputatur.
1424 5467 1578 5534 Quod
1630 5477 1757 5523 tunc

151 5558 376 5624 evenit,
424 5560 468 5614 si
495 5568 588 5614 aut
628 5568 748 5629 post
784 5560 1009 5615 verbum
1044 5559 1289 5624 Domini,
1343 5569 1549 5614 natura:
1599 5559 1756 5629 hujus

153 5659 439 5722 corrupta:
477 5651 876 5724 acquiescimus
905 5650 1324 5718 blandimentis,
1373 5661 1428 5707 et
1465 5651 1646 5706 denuo
1675 5651 1758 5706 iti-

151 5744 368 5800 ceutiva
406 5747 689 5818 sequimur
718 5745 976 5803 vitiorum
1012 5764 1024 5802 :
1054 5757 1149 5803 aut
1185 5749 1350 5803 etiam
1383 5762 1490 5802 non
1521 5747 1758 5803 circum-

150 5836 246 5897 sisi
278 5837 341 5899 iu
376 5851 541 5901 carae
566 5882 585 5920 ,
625 5854 748 5904 eam
785 5838 958 5920 ipsum
983 5847 1247 5922 naturam
1273 5856 1397 5900 cutu
1427 5841 1540 5906 suis
1570 5855 1758 5918 persc-

1859 1929 1990 1982 tilur
2016 1929 2306 1986 multitudo
2340 1947 2353 1984 :
2385 1947 2490 1986 non
2525 1934 2840 1988 considerat
2867 1948 3066 2004 corpus
3088 1950 3244 1989 suum
3275 1947 3452 1989 emor-

1857 2029 2043 2086 tuum,
2099 2037 2219 2077 cum
2269 2022 2383 2092 jam
2427 2023 2540 2080 fere
2579 2036 2797 2080 centum
2848 2036 2990 2082 esset
3038 2042 3349 2093 annorum,
3400 2033 3456 2082 et

1856 2123 2165 2169 emortuam
2193 2115 2409 2169 vulvam
2439 2115 2592 2172 Sara!
2622 2117 2868 2189 conjugis
2897 2133 3033 2186 suae,
3063 2120 3149 2174 cui
3179 2120 3457 2174 desierant

1860 2206 1980 2261 ﬁeri
2021 2207 2340 2275 muliebria,
2371 2209 2537 2264 etiam
2572 2209 2618 2264 si
2655 2222 2781 2266 ante
2821 2211 3024 2266 sterilis
3070 2227 3176 2266 non
3209 2212 3400 2268 fuisset
3438 2229 3449 2266 :

1855 2301 1949 2356 sed
1982 2299 2036 2355 in
2073 2303 2490 2371 promissionem
2539 2317 2688 2373 spem
2736 2319 3084 2374 supponens,
3111 2305 3455 2375 justificatio-

1855 2407 1980 2448 nem
2003 2393 2275 2448 credendo
2300 2404 2664 2463 promeretur.
2694 2395 2850 2450 Prius
2871 2411 3000 2467 ergo
3022 2411 3182 2466 quam
3208 2397 3262 2449 in
3289 2409 3453 2451 carne

1853 2483 2309 2548 circumcidatur,
2354 2485 2594 2556 eligitur.
2637 2487 2792 2542 Prius
2830 2488 2974 2542 enim
3014 2487 3275 2556 scriptum
3317 2495 3448 2542 est:

1852 2574 2084 2630 Credidit
2117 2575 2378 2630 Abraham
2417 2575 2557 2642 Deo,
2587 2586 2635 2632 ct
2667 2588 2962 2647 reputatum
2993 2588 3071 2633 est
3096 2579 3174 2632 illi
3203 2578 3272 2637 ad
3288 2579 3452 2649 justi-

1853 2667 1978 2719 tiam
2011 2665 2190 2738 (llom.
2217 2683 2288 2728 tv,
2315 2667 2394 2737 5).
2426 2667 2588 2723 Juhet
2619 2670 2784 2740 igitur
2813 2670 2956 2724 Deus
2992 2687 3006 2723 :
3040 2670 3454 2724 Circumcidatur

1854 2774 2004 2813 omne
2033 2758 2382 2813 masculinum
2409 2773 2631 2815 vestrum
2649 2806 2664 2830 ,
2687 2772 2738 2818 et
2771 2763 3212 2817 circumcidemini
3249 2779 3454 2817 carnem

1854 2852 2098 2922 praeputii
2122 2853 2278 2906 vestri
2309 2850 2463 2924 (Gen.
2501 2869 2631 2918 xvii,
2669 2855 2778 2925 10).
2811 2854 3031 2910 Addidit
3058 2867 3110 2910 et
3141 2855 3456 2926 significan-

1855 2943 1984 2998 tiam
2019 2944 2180 3014 hujus
2210 2946 2307 3011 rei,
2340 2960 2407 3001 ne
2432 2954 2580 3002 esset
2609 2947 2863 3002 obscura.
2894 2947 2985 3003 Ait
3013 2947 3157 3003 enim
3196 2967 3208 3002 :
3241 2946 3318 3006 Et,
3352 2950 3450 3002 erit

1853 3038 1908 3091 in
1939 3038 2142 3110 signum
2175 3040 2468 3093 testamenti
2499 3040 2630 3094 inter
2652 3056 2734 3094 me
2762 3051 2811 3094 et
2840 3055 2949 3094 vos.
2975 3041 3198 3111 Signum
3232 3041 3296 3096 ad
3328 3055 3452 3096 ocu-

1854 3131 1936 3186 los
1963 3133 2230 3202 pertinet,
2261 3133 2541 3200 videlicet,
2587 3141 2648 3188 ut
2691 3149 2879 3190 eorum
2921 3143 3066 3190 esset
3095 3135 3328 3205 agnitio,
3359 3134 3450 3204 qui

1853 3238 1958 3278 non
2003 3235 2257 3294 putarent
2284 3240 2407 3282 eum
2443 3227 2773 3282 mundialcm
2813 3239 3064 3282 naturam
3099 3244 3195 3298 per
3225 3227 3450 3284 verbum

1852 3317 2067 3373 Domini
2101 3319 2374 3389 respuisse
2403 3337 2416 3372 :
2447 3335 2513 3375 ac
2540 3321 2584 3374 si
2619 3319 2711 3392 qui
2750 3332 2936 3376 essent
2975 3321 3054 3376 illi
3095 3321 3185 3391 qui
3216 3320 3451 3376 Abrahae

1851 3409 2011 3464 ﬁdem
2035 3419 2090 3464 et
2109 3412 2364 3465 virtutem
2387 3411 2720 3479 Operationis
2746 3413 3081 3483 ignorarent,
3117 3427 3212 3482 per
3233 3413 3447 3483 signum

1849 3505 2000 3558 velut
2029 3517 2126 3573 per
2167 3503 2455 3574 imaginem
2485 3505 2666 3574 aliqua
2697 3505 3108 3575 comparatione
3149 3503 3444 3573 depictam,

1849 3593 1978 3664 quid
2013 3608 2206 3649 verum
2235 3604 2382 3650 esset
2420 3604 2801 3664 agnoscerent.
2837 3597 3046 3653 Deinde
3085 3607 3140 3652 et
3179 3596 3449 3666 Propheta

1849 3684 2057 3741 inﬁdeli
2087 3689 2306 3757 p0pulo,
2341 3688 2432 3758 qui
2464 3689 2631 3744 Deum
2655 3705 2721 3745 ex
2752 3704 2818 3744 eo
2844 3691 2986 3761 quod
3013 3691 3186 3746 videri
3217 3707 3322 3746 non
3355 3707 3453 3760 po-

1852 3789 1990 3846 test,
2026 3779 2194 3836 nollet
2237 3781 2500 3848 credere,
2545 3783 2757 3852 signum
2805 3781 3019 3838 visibile
3067 3784 3332 3854 promittit
3363 3783 3447 3837 di-

1849 3874 2026 3929 cendo
2057 3891 2071 3928 :
2100 3872 2258 3927 Dabit
2294 3873 2434 3929 vobis
2476 3875 2616 3929 Deus
2652 3886 2812 3930 uester
2851 3877 2965 3944 ipse
3011 3877 3216 3948 signum
3259 3893 3278 3929 :
3317 3875 3448 3932 Ecce

1850 3970 1994 4039 virgo
2031 3969 2085 4021 in
2111 3978 2258 4022 utero
2279 3968 2536 4040 concipiet
2563 4011 2578 4037 ,
2609 3981 2656 4024 et
2683 3970 2845 4040 pariet
2875 3968 3076 4038 ﬁlium,
3106 3979 3154 4024 et
3179 3969 3444 4024 vocabitur

1850 4077 2036 4116 nomen
2063 4063 2180 4133 ejus
2213 4058 2528 4115 Emmanuel
2571 4060 2706 4133 (lsa.
2739 4076 2834 4123 vlt.
2880 4059 2996 4131 14).
3029 4063 3093 4116 Ει
3134 4062 3233 4132 ipsi
3262 4060 3438 4119 Judtei

1850 4170 1974 4210 cum
2025 4155 2312 4208 Dominum
2364 4163 2571 4209 tantum
2614 4155 2665 4210 in
2704 4169 2872 4211 carne
2915 4157 3341 4226 conspicerent,
3390 4166 3448 4213 et

1852 4247 2012 4304 ﬁdem
2045 4247 2161 4317 ejus
2195 4247 2491 4302 virtutibus
2521 4247 2859 4319 denegarem
2881 4292 2895 4316 ,
2928 4249 3140 4321 signum
3177 4250 3453 4320 postulant

1851 4341 1922 4398 de
1951 4341 2112 4407 caelo,
2147 4356 2346 4412 nempe
2373 4350 2432 4397 ut
2457 4342 2744 4398 crederent
2765 4343 2810 4397 si
2842 4343 3111 4399 viderent.
3147 4344 3292 4399 Deus
3320 4359 3450 4414 ergo

1851 4449 1951 4506 pro
1979 4445 2230 4505 tempore
2269 4451 2392 4490 cum
2425 4433 2658 4490 Abrahze
2689 4435 2979 4505 posteritas
3005 4435 3228 4506 paribus
3259 4436 3305 4491 si
3329 4452 3455 4508 pos-

1854 4540 1936 4584 set
1962 4529 2208 4600 vestigiis
2258 4527 2465 4600 ingredi
2497 4529 2548 4583 in
2580 4528 2742 4584 ﬁdem
2773 4528 3058 4584 electionis
3087 4545 3235 4596 sum,
3267 4542 3451 4587 nctam

1859 4623 1911 4677 in
1942 4621 2096 4692 signo
2128 4621 2233 4677 hoc
2260 4621 2432 4676 voluit
2457 4636 2582 4677 esse
2606 4621 2896 4691 justitiam,
2921 4631 2978 4676 ut
3000 4623 3090 4693 qui
3121 4624 3451 4679 mundialcm

1859 4724 2112 4770 naturam
2144 4714 2342 4768 anima:
2373 4715 2676 4784 respuisset
2698 4755 2712 4778 ,
2757 4715 2806 4771 ei
2837 4715 3185 4772 circumcisio
3217 4717 3452 4773 carnalis

1858 4821 2145 4882 apparet-et
2168 4809 2220 4864 in
2251 4825 2506 4880 corpore,
2537 4825 2602 4865 ac
2629 4811 2777 4865 velut
2806 4825 2902 4882 per
2933 4811 3036 4868 hoc
3063 4812 3208 4883 quod
3239 4813 3453 4868 videtur

1861 4913 2046 4974 posset
2095 4902 2348 4972 intelligi.
2379 4903 2482 4974 ⁵δῖε
2527 4903 2696 4958 multa
2728 4919 2847 4973 qua:
2876 4919 2907 4959 a
2945 4905 3227 4974 prophetis
3254 4904 3454 4974 populo

1859 4996 2354 5063 denuntiabantur,
2387 4998 2457 5052 ab
2487 4997 2623 5068 ipsis
2665 4997 2818 5068 prius
2859 5013 2889 5052 a
2933 5000 3128 5069 quibus
3171 5013 3454 5069 praeconu-

1861 5090 2062 5146 bantur
2108 5089 2299 5145 effecta
2349 5099 2497 5145 sunt.
2553 5091 2737 5146 Nudos
2791 5094 2845 5146 in
2894 5091 3261 5162 captivitatem
3315 5093 3456 5148 ﬁlios

1862 5182 2030 5240 Israel
2054 5198 2176 5240 esse
2194 5183 2501 5246 ducendos,
2531 5185 2634 5239 Per
2658 5184 2977 5255 prophetam
3002 5185 3175 5240 iratus
3199 5186 3458 5242 Dominus

1862 5275 2181 5333 minabatur
2222 5295 2234 5329 :
2266 5287 2413 5332 certe
2441 5277 2646 5332 dictum
2683 5278 2797 5347 jam
2835 5278 2902 5332 ad
2935 5281 3169 5348 partium
3213 5282 3455 5336 omnium

1863 5370 2280 5441 intelligentiam
2321 5381 2530 5440 poterat
2573 5370 2802 5426 intrare.
2836 5369 3002 5427 Vadit
3043 5383 3225 5429 tamen
3276 5374 3451 5430 nudus

1863 5463 1980 5535 ipse
2009 5464 2275 5534 Propheta
2307 5481 2402 5534 per
2435 5464 2697 5534 populos,
2734 5475 2790 5518 et
2820 5465 2874 5518 in
2905 5468 3132 5536 sequod
3161 5467 3286 5521 aliis
3316 5467 3456 5522 vati-

1864 5557 2150 5612 cinabatur
2191 5557 2450 5612 ostendit.
2496 5557 2657 5612 Videt
2697 5557 2922 5628 vulgus,
2957 5573 3063 5614 non
3093 5559 3273 5623 audit,
3317 5569 3372 5613 et
3403 5560 3456 5614 in

1865 5648 2020 5705 Isaiae
2047 5665 2278 5720 corpore
2308 5666 2428 5718 quae
2457 5651 2559 5705 sibi
2591 5662 2749 5706 erant
2781 5663 3007 5706 ventura
3038 5651 3340 5720 cognoscit.
3375 5649 3462 5707 Fit

1865 5744 2079 5814 signum
2105 5742 2172 5799 de
2203 5754 2356 5808 vate,
2389 5752 2444 5799 et
2471 5743 2525 5800 in
2557 5743 2734 5801 libero
2759 5745 2941 5801 adhuc
2975 5742 3172 5812 populo
3200 5741 3462 5801 amaritu-

1864 5836 2050 5902 dinem
2088 5838 2254 5900 sentit
2294 5837 2568 5913 Propheta
2603 5839 2827 5913 captivi.
2874 5836 2969 5898 Sic
2992 5835 3270 5898 Abraham
3309 5835 3460 5904 desk

2907 6035 2936 6044 .—
