3926 6290
524 329 629 395 id?

1556 322 1617 383 S.
1659 316 2042 382 lliERONYMl
2079 313 2366 379 OPERUM
2403 313 2769 379 MAN'HSSA.

3713 314 3818 375 200

520 464 651 524 gnat
674 451 726 505 in
750 464 914 505 carne
936 442 1077 519 quod
1101 442 1386 502 exercebat
1413 444 1469 500 in
1492 452 1697 509 mente,
1723 452 1777 497 et
1800 457 1896 513 per
1918 455 2115 495 nomen
2145 440 2199 500 Α
2223 438 2405 494 etisse
2446 438 2514 494 de
2542 450 2696 494 utero
2739 437 2931 493 matris
2970 450 3115 506 sum,
3158 435 3376 494 'nudum
3423 437 3589 495 etiam
3614 437 3818 492 iturum

522 545 757 601 membri
785 543 933 597 velut
960 542 1214 595 virtutem
1236 537 1679 594 circumcisionis
1704 535 1979 605 intelligit,
2006 546 2115 588 non

524 654 624 710 per
652 636 757 691 hoc
781 635 992 705 signum
1019 633 1334 704 exprimens
1354 631 1538 688 carnis
1563 647 1578 684 :
1605 629 1701 686 sed
1726 630 1943 699 signum
1971 626 2115 681 ﬁdei.

525 729 773 797 Denique
804 735 925 796 post
959 724 1107 779 illam
1153 724 1337 779 carnis
1379 720 1857 778 circumcisionem
1898 734 2010 773 sure
2032 760 2047 783 ,
2073 715 2119 772 si

521 829 642 875 erat
672 816 953 885 plenitudo
978 816 1225 887 justitize,
1255 831 1422 887 quare
1449 814 1653 885 majora
1684 812 1861 868 adhuc
1897 812 2043 867 Deus
2065 810 2120 866 in

527 910 800 967 Abraham
836 909 960 965 ﬁdei
995 910 1369 981 experimenta
1392 906 1709 981 quaerebat?
1732 921 1832 962 cur
1861 906 1914 961 in
1945 903 2123 975 patrio

527 1002 877 1075 postmodum
905 1012 1149 1057 tentatur
1174 1001 1396 1068 all'ectu,
1422 1001 1467 1055 si
1489 1000 1598 1069 jam
1628 1000 1681 1055 in
1702 997 1809 1053 alla
1839 996 2125 1053 circumci-

520 1096 674 1151 sione
701 1094 1099 1149 benedictionis
1133 1107 1351 1148 summa
1378 1090 1668 1147 tenebatur
1697 1089 1807 1162 [AL
1849 1102 2119 1144 summam

526 1184 808 1256 tenebat]?
836 1185 945 1241 Sed
974 1184 1232 1254 quoniam
1275 1198 1383 1239 non
1415 1183 1503 1237 illa
1544 1183 1749 1247 virtus.
1782 1179 1878 1235 sed
1910 1181 2121 1249 signum

513 1280 813 1351 jubebatur
854 1291 979 1333 esse
1009 1276 1263 1345 virtutis,
1306 1275 1570 1344 quaeritur
1611 1288 1641 1328 a
1672 1271 1938 1343 singulari
1979 1273 2120 1339 viro,

523 1384 704 1429 utrum
740 1387 809 1427 ne
838 1372 929 1442 qui
952 1371 1066 1442 jam
1099 1379 1155 1426 et
1181 1369 1371 1442 patriae
1398 1376 1460 1423 et
1481 1367 1789 1439 eognationi
1821 1366 2127 1421 renuntias-

528 1479 650 1531 set,
686 1476 741 1521 et
767 1465 1087 1521 circumcidi
1128 1479 1190 1518 se
1219 1476 1412 1535 passus
1440 1472 1611 1527 esset,
1643 1476 1751 1515 non
1789 1469 2037 1529 parceret
2069 1466 2126 1513 et

524 1559 667 1614 tilio?
703 1558 877 1626 Quem
904 1556 992 1611 ubi
1025 1555 1089 1611 ad
1111 1556 1388 1611 victimam
1409 1569 1516 1609 non
1542 1552 1717 1607 tristis
1735 1549 2009 1613 exhibuit,
2026 1565 2125 1617 pro

532 1654 697 1721 digna
745 1650 986 1720 pignoris
1024 1649 1338 1717 impietate,
1377 1647 1437 1700 ﬁt
1466 1646 1673 1701 carnali
1711 1645 1915 1713 pietate
1955 1643 2125 1698 sublio

531 1746 693 1801 mior.
726 1744 994 1799 Lueratur
1013 1742 1325 1810 orbitatem,
1358 1739 1486 1795 dum
1519 1737 1869 1809 parricidium
1899 1736 2125 1791 medita-

2225 533 2329 587 sub
2360 539 2534 588 terras
2557 575 2573 600 ,
2610 532 2896 588 Doruinum
2925 533 3142 589 dedisse
3164 576 3181 600 ,
3214 534 3503 589 Dominum
3529 532 3819 588 abstulisse

2224 622 2369 697 (Job.
2403 642 2440 694 ι,
2481 624 2597 697 2|).
2626 626 2673 682 0
2704 627 2874 682 virum
2921 636 3169 683 naturam
3217 628 3402 684 seculi
3433 637 3813 698 reSpuentem,

2224 735 2336 775 non
2366 734 2426 774 se
2468 719 2723 792 lacrymis
2746 759 2764 787 ,
2808 734 2915 776 non
2944 734 3004 775 se
3049 719 3373 791 gemitibus,
3411 734 3519 775 non
3561 732 3623 774 se
3658 718 3821 774 etiam

2224 810 2469 867 tenebris
2500 812 2809 878 tradidisse,
2836 812 2933 868 sed
2963 813 3140 883 potius
3158 811 3488 869 detrimenta
3511 808 3822 883 pignorum,

2224 903 2533 974 suscepisse
2576 904 2889 973 adjumenta
2939 905 3258 960 meritorum
3307 904 3561 960 dolorum
3608 903 3823 971 victor,

2224 996 2390 1051 etiam
2436 1011 2599 1053 sensu
2629 1011 2834 1067 egenus
2855 1038 2872 1063 ,
2900 996 3095 1052 affectu
3126 997 3187 1052 ﬁt
3212 996 3406 1052 l’ortior
3431 1011 3555 1052 cum
3585 996 3829 1051 inﬁrma-

2225 1098 2343 1154 tur,
2386 1100 2442 1145 et
2472 1091 2525 1145 in
2555 1089 2697 1145 valle
2733 1090 3096 1161 lacrymarum
3128 1090 3325 1146 turrim
3359 1100 3595 1163 occupat
3620 1088 3827 1161 gloria-

2224 1197 2368 1237 rum.
2399 1182 2501 1237 Ubi
2527 1198 2588 1238 es
2600 1182 2665 1237 ‘in
2696 1183 2812 1238 sola
2840 1197 3005 1238 carne
3029 1182 3349 1238 circumcisa
3375 1182 3601 1239 τιυάωεῖ
3627 1183 3831 1239 Confer

2224 1292 2349 1333 cum
2384 1276 2485 1331 hoc
2513 1276 2633 1331 viro
2665 1276 2879 1347 pedem,
2913 1284 2970 1331 et
2997 1276 3270 1332 contende
3292 1276 3468 1348 gloria
3503 1297 3519 1335 :
3552 1276 3751 1333 attolle
3785 1288 3832 1331 te

2226 1373 2494 1440 majorum
2527 1370 2760 1441 superba
2782 1370 3073 1426 virtutibus
3122 1388 3138 1428 :
3181 1370 3433 1441 latusque
3476 1378 3629 1426 tuum
3663 1371 3833 1427 bene-

2225 1461 2389 1517 dictis
2427 1462 2692 1517 nobilium
2727 1461 3161 1531 patriarcharum
3192 1463 3563 1534 circumcinge
3592 1463 3836 1518 nomini-

2226 1555 2328 1611 bus
2358 1573 2373 1609 :
2402 1564 2465 1610 rtt
2508 1555 2560 1609 in
2606 1566 2661 1611 te
2700 1556 3147 1625 justiticationum
3198 1565 3356 1613 vetus
3410 1555 3502 1611 illa
3548 1555 3734 1612 virtus
3786 1567 3835 1611 et

2225 1663 2453 1704 avorum
2485 1648 2745 1719 splendor
2769 1658 3051 1718 appareat.
3088 1648 3194 1703 Job
3221 1648 3513 1704 adversum
3546 1657 3602 1705 te
3632 1664 3838 1720 proce-

2228 1739 2309 1795 dit
2344 1742 2395 1795 in
2428 1741 2662 1796 medium
2683 1781 2698 1805 ,
2740 1742 3025 1811 sanguinis
3054 1752 3309 1797 auctores
3331 1754 3441 1796 non
3466 1741 3835 1806 erubescens.

524 1848 614 1893 tur
642 1853 658 1892 :
686 1849 740 1892 et
780 1852 904 1890 cum
939 1837 1102 1889 unico
1138 1849 1245 1888 non
1272 1830 1448 1903 parcit
1491 1831 1546 1886 in
1581 1832 1772 1893 terris,
1802 1827 1991 1883 stellas
2027 1842 2124 1895 pro
2153 1829 2204 1890 B
2231 1848 2329 1887 nec
2385 1848 2481 1903 ροι-
2538 1834 2680 1888 Esau
2744 1835 3119 1889 inconcessa“.
3174 1834 3575 1890 benedictionis
3635 1835 3838 1891 roum,

521 1931 646 1987 ﬁliis
678 1944 1050 1987 annumerare
1075 1928 1301 1998 jubetur
1322 1930 1388 1996 in
1419 1925 1572 1982 ralis
1603 1940 1619 1977 :
1648 1922 1991 1992 carnalisqne
2026 1922 2123 1976 de-

522 2033 742 2094 speetnr
783 2034 994 2076 natura:
1020 2060 1036 2087 ,
1070 2020 1125 2074 in
1153 2030 1346 2073 natura
1392 2016 1634 2071 siderum
1667 2013 1965 2069 collocatur
2009 2030 2021 2064 :
2066 2021 2123 2066 et

523 2116 742 2171 humani
789 2122 1134 2183 cootemptor
1171 2110 1397 2167 seminis
1423 2150 1441 2179 ,
1484 2117 1638 2180 pater
1675 2115 1906 2161 vocatur
1948 2116 2123 2159 astro-

522 2225 665 2264 rmn.
712 2206 803 2264 Sic
830 2204 1008 2260 ﬁdelis
1038 2218 1146 2259 nun
1181 2202 1293 2257 ﬁlio
1314 2246 1329 2269 ,
1362 2202 1458 2257 sed
1488 2210 1779 2270 prtecepto,
1811 2199 1935 2253 dum
1968 2214 2121 2251 man-

522 2302 710 2356 datum
744 2300 954 2353 Domini
1004 2296 1326 2368 religionem
1356 2294 1505 2348 ducit
1540 2308 1667 2349 esse
1691 2332 1707 2355 ,
1740 2306 1848 2345 non
1887 2291 2117 2355 crimen,

517 2395 647 2449 dum
678 2394 877 2447 oﬁ’erre
903 2389 1072 2445 ﬁlium
1107 2393 1217 2445 Deo
1238 2386 1568 2443 sacriﬁcium
1595 2385 1807 2454 iudicat
1827 2397 1971 2448 esse,
2010 2399 2116 2436 non

518 2484 892 2556 parricidium,
928 2496 1068 2551 pene
1098 2479 1299 2534 meruit
1324 2477 1644 2547 prmvidere,
1672 2472 1817 2546 quod
1851 2473 2019 2528 Demn
2048 2473 2117 2527 ad

519 2578 880 2632 tentationem
941 2572 1234 2644 probanda:
1282 2571 1481 2625 utentis
1542 2566 1891 2640 parriciditnu
1950 2565 2117 2619 voluit

520 2669 733 2733 olferri,
762 2669 859 2723 sed
882 2666 1061 2721 noluit
1084 2663 1319 2733 impleri.

592 2760 684 2815 χι.
718 2760 797 2813 Ab
825 2759 927 2812 hac
950 2757 1199 2817 veritate,
1225 2752 1402 2809 fortuna
1423 2751 1662 2808 Judaica:
1683 2746 2115 2805 circumcisionis

518 2855 757 2909 admissa
791 2861 913 2907 est:
946 2852 1064 2905 lucc
1086 2848 1323 2905 nominis
1344 2857 1465 2901 erat
1495 2845 1689 2917 ﬁgura,
1722 2860 1829 2899 non
1861 2842 2111 2898 membri.

515 2947 608 3002 Sic
636 2954 882 3001 naturam
919 2952 1163 2999 nostram
1196 2942 1339 2995 Deus
1381 2939 1553 2993 voluit
1581 2936 1884 3001 denudari,
1921 2944 1978 2989 ut
2008 2950 2112 2988 non

516 3042 571 3096 in
604 3039 761 3094 nobis
784 3047 878 3092 aut
909 3036 1180 3107 cupiditas
1212 3034 1470 3098 arderet,
1496 3042 1589 3086 aut
1619 3029 1843 3085 ambitio
1870 3030 2110 3089 sudaret.

520 3141 616 3187 aut
656 3130 887 3184 aﬁ‘cetus
926 3142 1160 3183 carneus
1189 3126 1563 3196 prmeminerct
1587 3164 1602 3188 ,
1636 3122 1730 3177 sed
1762 3122 1833 3174 ab
1858 3120 2111 3174 omnibus

2228 1926 2595 1982 translusione
2624 1927 2901 1982 mentitus.
2946 1927 3078 1982 Nam
3106 1928 3221 1995 illa,
3249 1943 3353 1984 nec
3381 1927 3649 1999 prodesse
3677 1932 3843 1985 ποι-ῖς

2222 2033 2346 2081 mus
2366 2058 2383 2085 ,
2411 2034 2513 2075 nec
2544 2019 2764 2081 obesse,
2796 2018 3011 2074 dicente
3044 2018 3274 2075 Domino
3308 2035 3325 2074 :
3359 2020 3549 2074 Anima
3576 2024 3760 2090 patris
3792 2031 3836 2074 rt

2226 2112 2399 2165 anima
2427 2110 2527 2181 ﬁlii
2564 2128 2676 2165 mea
2710 2118 2805 2166 est.
2845 2112 3034 2165 Anima
3070 2127 3189 2183 qua
3216 2114 3536 2183 peccaverit,
3565 2115 3691 2185 ipsa
3723 2132 3837 2168 mn.

2224 2206 2389 2260 rietur
2420 2204 2634 2276 (Eucti.
2662 2222 2815 2274 xvm,
2843 2206 2923 2277 4).
2953 2210 3031 2263 Ac
3060 2208 3286 2277 proinde
3314 2208 3364 2263 ei
3386 2222 3513 2279 Spes
3542 2218 3657 2274 est,
3685 2212 3841 2281 quod

2225 2298 2280 2353 in
2316 2295 2401 2353 his
2433 2302 2615 2353 vincat
2655 2300 2706 2355 te
2735 2300 2993 2355 omnibus
3018 2340 3033 2367 ,
3079 2310 3136 2355 et
3184 2301 3433 2371 procedit
3472 2301 3593 2370 plus
3627 2302 3748 2359 sibi
3776 2305 3843 2357 de

2224 2389 2427 2446 virtute
2456 2391 2755 2447 vendicans
2781 2393 3025 2461 propria,
3061 2406 3170 2462 quo
3196 2391 3376 2447 minus
3404 2406 3471 2448 ex
3498 2392 3677 2464 gloria
3710 2408 3844 2464 pro-

2222 2483 2387 2539 mittit
2425 2484 2621 2539 aliena.
2672 2484 2912 2555 Denique
2954 2484 3292 2553 exspoliatus
3317 2483 3423 2539 Job
3452 2484 3615 2540 bonis
3647 2487 3843 2540 omni-

2221 2576 2345 2641 bus,
2373 2579 2445 2633 nil
2477 2577 2727 2647 requirit.
2754 2576 2836 2631 Tn
2862 2575 3156 2648 Egyptum
3181 2577 3235 2631 in
3258 2591 3446 2631 eremo
3468 2586 3594 2646 post
3622 2593 3840 2633 manna

2220 2668 2479 2725 deliciosa
2513 2671 2776 2738 suSpiras.
2806 2669 2960 2723 illum
3006 2671 3076 2723 ab
3121 2683 3220 2739 spe
3250 2668 3303 2723 in
3346 2667 3460 2724 Deo
3498 2670 3679 2739 posita
3714 2711 3735 2736 ,
3770 2678 3848 2725 tot

2222 2763 2491 2818 malorum
2522 2771 2852 2816 tentamenta
2886 2776 2994 2815 non
3029 2770 3302 2816 avocant:
3336 2769 3391 2816 te
3417 2759 3483 2815 ad
3515 2776 3643 2817 eam
3674 2776 3847 2832 spem

2220 2856 2493 2912 bonorum
2526 2856 2767 2909 onmium
2812 2854 3175 2909 blandimenta
3216 2868 3323 2911 non
3370 2864 3707 2925 provocant.
3753 2855 3848 2911 ille

2218 2964 2437 3005 manum
2468 2948 2680 3003 Domini
2724 2950 2969 3003 sentiens
3001 2947 3278 3002 benedixit
3329 2948 3382 3003 in
3426 2948 3669 3004 vulnere
3725 2966 3742 3003 :
3791 2959 3848 3002 tu

2220 3044 2512 3099 virtutibus
2554 3044 2625 3098 de
2659 3043 2958 3098 Pharaonis
3006 3042 3135 3113 iugo
3181 3052 3342 3098 exuta
3389 3058 3496 3098 non
3541 3043 3846 3113 subjaces.

2227 3136 2362 3192 lli..c
2401 3138 2477 3191 illi
2502 3147 2558 3191 et
2587 3152 2683 3206 pro
2712 3137 3049 3191 circumcisis
3074 3136 3286 3191 veniam
3320 3135 3603 3206 postulare
3630 3150 3851 3191 correc-

520 3227 802 3297 pra-punis
833 3239 930 3278 nos
960 3224 1053 3277 Dei
1086 3237 1243 3276 amor
1280 3233 1331 3275 et
1376 3219 1726 3290 praisetttium
1770 3223 2114 3281 contemptus

2226 3230 2407 3285 ditur:
2453 3230 2546 3283 tibi
2582 3231 2727 3284 velut
2758 3230 3153 3284 int-ircumcism
3195 3228 3548 3284 Amorrha‘us
3583 3238 3764 3298 pater
3797 3242 3853 3284 ct

517 3327 763 3374 exueret.
800 3316 942 3371 Dixit
963 3316 1181 3386 quidam
1205 3314 1473 3383 satyricus
1496 3312 1737 3381 gentium
1756 3317 1914 3379 poeta
1942 3329 1954 3364 :
1981 3308 2114 3361 Pro-

520 3414 651 3467 bitas
678 3412 923 3465 lundutur
942 3422 989 3464 et
1009 3412 1170 3480 alget.
1194 3408 1595 3463 Testimonium
1629 3404 1734 3459 hoc
1765 3419 1952 3458 verum
1984 3413 2065 3457 est
2096 3420 2110 3456 :

522 3506 705 3561 nullus
737 3520 855 3557 eam
882 3502 1051 3573 stipat
1098 3502 1332 3571 populus
1357 3545 1371 3569 ,
1416 3499 1562 3553 trulla
1604 3498 1895 3553 multitudo
1923 3498 2111 3563 ambit,

520 3597 686 3653 homo
717 3598 899 3651 nullus
928 3594 1272 3664 amplectitur
1306 3605 1397 3649 :et
1428 3596 1479 3648 in
1514 3592 1717 3647 mundo
1745 3591 1851 3645 isto
1880 3590 2023 3645 velut
2058 3591 2113 3644 in

520 3691 806 3749 novercali
827 3691 989 3745 dumo
1020 3690 1235 3755 horret,
1268 3686 1433 3742 etiam
1478 3684 1802 3741 necessariis
1828 3683 2111 3754 deoperta,

517 3784 780 3857 quamdiu
809 3799 922 3839 non
946 3790 1155 3838 vestem
1186 3796 1299 3835 sua:
1327 3779 1580 3835 habuerit
1601 3777 1901 3849 dignitatis.
1927 3778 2040 3845 Age
2067 3776 2113 3830 si

514 3879 753 3944 videtur,
785 3886 957 3931 totum
987 3876 1265 3929 tramitem
1287 3858 1537 3928 veritatis
1557 3887 1658 3940 per
1680 3870 2110 3939 patriarcharum

514 3984 670 4047 gesta
698 3973 848 4028 velut
884 3987 981 4042 per
1010 3971 1130 4026 viva
1165 3967 1803 4040 vestigia‘decurratnus,
1835 3975 1896 4020 ut
1918 3964 1971 4018 in
2007 3963 2115 4018 eir-

515 4068 904 4124 cumcisionem
928 4081 1050 4136 quze
1071 4064 1376 4119 sanctiﬁcat
1394 4062 1851 4118 demonstremus.
1869 4058 2113 4114 Transeo

521 4162 672 4218 Isaac
702 4162 1141 4231 peregrinantem
1169 4176 1183 4223 ;
1216 4158 1360 4229 quod
1394 4159 1566 4226 ipsum
1600 4156 1651 4210 in
1682 4153 2113 4210 circumcisionis

518 4256 696 4311 lorma
728 4254 981 4309 consistit
1026 4270 1040 4305 :
1077 4250 1488 4319 Rebcceamqne
1521 4258 1745 4319 propter
1791 4245 2111 4302 Philistinn-

516 4364 637 4405 rum
669 4348 894 4402 insidias
919 4359 1164 4400 sororem
1186 4343 1254 4398 de
1278 4356 1446 4396 uxore
1473 4342 1743 4395 dicentem
1774 4338 1931 4411 (Gen.
1958 4354 2107 4401 xxvi.

518 4444 576 4514 7)
613 4462 627 4499 :
660 4441 804 4513 quod
850 4455 1003 4512 a-que
1041 4454 1202 4509 quam
1249 4438 1426 4507 magni
1470 4433 1793 4491 sacramenti
1849 4433 1957 4498 sit,
2014 4432 2110 4486 tibi

515 4532 937 4590 existitttandunt
966 4531 1234 4600 relinquo.
1268 4527 1449 4582 Taceo
1476 4525 1641 4581 Jacoh
1667 4541 1762 4594 per
1792 4523 1924 4578 duas
1949 4540 2112 4577 anno-

2221 3336 2398 3381 mater
2427 3326 2696 3394 ingeritur
2726 3340 2848 3380 esse
2876 3322 3096 3379 Cetbma
3130 3343 3143 3378 :
3176 3332 3235 3378 ut
3264 3326 3550 3380 manifeste
3592 3325 3851 3395 liqueat,

2217 3429 2272 3473 et
2299 3418 2447 3472 iilum
2482 3433 2577 3483 per
2607 3419 2836 3471 virtutes
2864 3432 3086 3487 operum
3117 3432 3223 3471 non
3254 3416 3681 3472 observantiam
3738 3420 3856 3471 cir-

2218 3508 2569 3565 cumcisionis
2620 3509 3057 3564 benedictionem
3108 3508 3211 3563 sibi
3265 3519 3612 3565 restaurasse
3654 3523 3852 3576 quam

2218 3617 2453 3672 proavus
2480 3600 2660 3654 amisit
2692 3618 2705 3653 :
2736 3611 2789 3655 et
2822 3610 2875 3654 te
2908 3616 3005 3670 per
3031 3600 3346 3671 iactantiam
3375 3600 3854 3655 circumcisionis

2220 3698 2447 3750 virtutes
2497 3696 2893 3764 negligentem,
2938 3710 3059 3749 eam
3118 3695 3599 3762 benedictionem,
3656 3710 3857 3766 quam

2217 3788 2391 3845 Jaeob
2419 3788 2532 3841 sola
2558 3788 2859 3842 subtilitate
2884 3787 3212 3856 acquisierat
3230 3828 3245 3852 ,
3279 3785 3609 3857 perdidisse.

2290 3878 2403 3935 Xll.
2449 3880 2589 3946 Quid
2642 3880 2787 3934 enim
2836 3879 2937 3933 sibi
2990 3878 3302 3933 .Iutlteornm
3357 3877 3676 3949 arrogantia
3736 3895 3861 3934 non

2217 3974 2482 4045 usurpet?
2529 3974 2632 4029 Job
2681 3973 2782 4030 iste
2829 3977 2920 4045 qui
2975 3974 3085 4030 Deo
3131 3974 3364 4045 placuit,
3414 3974 3867 4045 quodammodo

2215 4068 2394 4139 gentis
2420 4077 2504 4122 est
2536 4082 2692 4132 mete,
2724 4074 2779 4123 et
2808 4067 3162 4122 circumcisus
3212 4077 3299 4123 est
3348 4065 3511 4133 forte,
3561 4071 3863 4138 quoniam

2215 4162 2284 4216 de
2315 4160 2455 4215 Esau
2477 4161 2801 4216 circumciso
2832 4160 3113 4232 hucusque
3133 4162 3601 4233 generatur:licet
3629 4163 3702 4219 in
3744 4168 3866 4219 hoc

2216 4271 2326 4311 non
2356 4257 2697 4309 circumcisio
2726 4256 2887 4311 fuerit
2919 4256 3232 4328 prtcdicata,
3261 4256 3356 4312 sed
3396 4256 3753 4316 virtusmec
3786 4277 3865 4315 an

2216 4348 2335 4402 sine
2393 4350 2660 4419 prmputio
2688 4349 2916 4417 vixerit,
2972 4351 3044 4403 sit
3095 4350 3469 4421 quaerendum,
3514 4352 3616 4407 sed
3691 4358 3871 4426 quod

2217 4437 2349 4491 nihil
2374 4438 2532 4524 Ειὺίίε
2562 4439 2672 4492 suis
2701 4441 3027 4508 peccaverit,
3052 4442 3123 4495 sit
3154 4441 3472 4498 tenendum.
3513 4442 3601 4497 Ad
3627 4445 3872 4502 alieni-

2220 4545 2391 4600 genas
2414 4530 2479 4584 ad
2500 4546 2637 4600 quos
2668 4533 2978 4601 provocavit
3004 4533 3307 4602 veniamus,
3327 4535 3584 4605 quoniam
3614 4540 3872 4596 nullam

518 4642 637 4683 mm
680 4623 1046 4680 hebdomadas
1072 4668 1085 4689 ,
1127 4634 1328 4677 matres
1356 4616 1642 4675 duodecim
1673 4616 1907 4672 tribuum
1943 4617 2103 4670 scrvi-
2143 4592 2191 4653 θ
2221 4622 2377 4678 nobis
2407 4624 2656 4678 arborem
2707 4625 3086 4691 exemplorum
3142 4642 3273 4697 ager
3315 4628 3626 4685 divinorum
3684 4639 3872 4692 omni

516 4728 632 4774 tute
655 4728 1011 4772 mercantem.
1034 4716 1236 4769 Omitto
1260 4713 1378 4781 ejus
1402 4714 1563 4780 lilios,
1596 4726 1733 4781 quos
1762 4726 1859 4780 per
1884 4720 1989 4779 patr
2006 4711 2109 4763 iam

514 4812 955 4869 benedictionem
981 4819 1035 4863 et
1064 4809 1428 4873 sanctitatem,
1456 4805 1718 4860 naturalis
1741 4806 1986 4873 qamdarn
2017 4819 2108 4857 ne-

512 4905 746 4963 cessitas
772 4901 1107 4958 continebat.
1143 4900 1225 4955 Ad
1254 4899 1355 4954 Job
1383 4900 1595 4954 veniam
1624 4942 1638 4966 ,
1672 4898 1723 4951 in
1752 4898 1914 4950 aliam
1945 4912 2107 4966 gone-

515 4998 744 5053 rationis
790 4995 995 5050 lineam
1033 4992 1100 5048 de
1141 4993 1289 5047 Isaac
1334 4990 1579 5063 germine
1620 4990 1729 5059 jam
1774 4970 2106 5058 prolapsum,

517 5105 620 5145 nec
668 5092 808 5144 inter
850 5084 1139 5142 duodecim
1184 5083 1352 5139 Jacob
1396 5083 1535 5137 lilios
1569 5082 1980 5145 lnereditatum,
2016 5095 2110 5148 per

519 5183 662 5238 Esau
702 5183 942 5251 genitum
972 5223 988 5248 ,
1031 5177 1317 5249 primitiva:
1359 5175 1754 5231 benedictionis
1794 5187 2105 5240 extorrem,

515 5275 864 5348 primogeniti
916 5272 1271 5343 dignitatibus
1313 5270 1708 5339 exspoliatnm,
1754 5269 1893 5323 inter
1936 5268 2105 5323 Edom

516 5367 792 5439 principes
821 5366 911 5435 qui
946 5366 1059 5419 Deo
1092 5365 1322 5434 placeret
1358 5362 1656 5417 inventum.
1690 5360 1789 5414 llic
1828 5372 2007 5414 tamen
2038 5377 2105 5414 an

514 5462 986 5523 circumcisionem
1015 5458 1312 5514 naturalem
1344 5458 1723 5527 arquanimiter
1750 5455 1922 5523 possit
1964 5454 2106 5509 ferre

521 5569 787 5615 tentatur.
817 5553 901 5609 Fit
922 5540 1127 5622 pauper
1157 5568 1223 5606 ex
1243 5550 1409 5605 divite
1439 5568 1452 5602 :
1483 5548 1578 5603 sed
1605 5548 1707 5602 hoc
1732 5548 1891 5601 etiam
1922 5547 2109 5601 sreeuli

523 5651 775 5707 homines
802 5655 1156 5704 contemnere
1186 5651 1472 5698 noverunt.
1506 5642 1609 5695 Tol
1636 5640 1964 5696 orLitatibus
1990 5641 2108 5695 vul-

518 5761 774 5821 neratur,
805 5758 939 5826 quot
987 5746 1420 5806 successionibus
1452 5745 1805 5817 gloriabatur.
1837 5744 2112 5801 Exclamat

529 5842 659 5913 (orti
687 5858 821 5907 voce
845 5883 863 5920 ,
894 5840 1071 5905 nudus
1098 5853 1267 5905 censu
1304 5837 1479 5905 nudus
1520 5846 1575 5901 et
1615 5836 1776 5915 ﬁliis,
1815 5837 2019 5903 nudum
2049 5852 2111 5903 se

2219 4719 2361 4788 ligno
2393 4717 2649 4772 feracium
2685 4718 3093 4789 plantariornm,
3122 4734 3225 4776 nec
3274 4722 3327 4775 in
3354 4736 3421 4777 eo
3465 4724 3744 4792 germina
3782 4731 3871 4786 de

2191 4813 2458 4883 .vimine,
2511 4813 2605 4866 sed
2659 4812 2727 4867 de
2782 4813 2933 4883 fruge
2976 4825 3289 4871 censentur.
3342 4815 3736 4876 Ostendamus
3812 4827 3872 4880 in

2215 4905 2378 4961 lsrael
2403 4906 2627 4977 gloriam
2660 4907 3041 4976 peregrinam:
3074 4918 3129 4964 et
3170 4909 3872 4984 benedictionisgermeu

2216 4998 2271 5054 in
2299 4999 2447 5069 ligno
2474 4997 2696 5054 ﬂuxisse
2748 5016 2855 5054 non
2885 5016 3005 5071 suo,
3055 5002 3287 5058 dicimus
3329 5005 3513 5077 llutlt[
3552 5005 3747 5067 Mart.
3810 5017 3872 5071 in

2213 5091 2361 5162 ligno
2409 5090 2633 5147 ﬂuxisse
2671 5106 2772 5147 suo
2805 5108 2820 5149 :
2856 5109 2961 5147 non
3006 5094 3239 5149 dicimus
3272 5096 3412 5151 Ruth
3438 5096 3611 5169 ],quo
3652 5111 3872 5177 magis

2210 5184 2616 5240 confundantur
2666 5183 2718 5239 in
2748 5186 2987 5241 fmruina.
3020 5186 3362 5243 Promittitnr
3391 5205 3489 5259 per
3517 5194 3872 5263 prophetas

2211 5277 2279 5333 de
2305 5278 2485 5333 radice
2506 5279 2667 5334 Jesse
2706 5280 2854 5349 virga
2883 5296 2981 5351 pro
3011 5289 3192 5336 nostra
3216 5283 3392 5338 salute
3412 5283 3718 5353 proditum
3755 5307 3777 5345 ι
3815 5296 3872 5350 in

2210 5384 2375 5440 quam
2406 5371 2506 5423 tios
2528 5373 2942 5438 conscenderet,
2983 5373 3075 5443 qui
3106 5375 3253 5428 solus
3284 5375 3468 5445 utique
3521 5378 3685 5446 pleni
3731 5390 3872 5455 agri

2213 5462 2385 5516 odore
2421 5464 2679 5533 fragrat-et
2717 5481 2813 5534 pro
2839 5467 3185 5522 c0nsortibus
3216 5469 3366 5528 suis:
3398 5484 3563 5539 quem
3601 5473 3660 5527 in
3706 5482 3872 5535 (ηις)⁴

2213 5571 2328 5610 rem
2362 5565 2762 5625 unguentorum
2804 5573 2969 5629 super
2989 5561 3169 5615 omnia
3192 5571 3439 5617 aromata
3468 5563 3696 5621 laetitiae
3720 5574 3872 5631 olea

2213 5657 2368 5718 pater
2408 5648 2673 5704 tinxisset.
2718 5650 2815 5704 llic
2839 5660 3016 5707 tamen
3042 5651 3198 5709 Jesse
3228 5657 3405 5711 aviam
3434 5672 3544 5713 non
3590 5657 3872 5725 Israeli.

2211 5750 2376 5808 ticam
2406 5750 2617 5819 habuit,
2667 5754 2762 5810 sed
2791 5753 3104 5813 Moabitam.
3136 5756 3235 5815 Cui
3265 5769 3474 5816 tantum
3508 5773 3761 5838 peregri
3772 5788 3872 5827 nar

2213 5844 2552 5919 conceditur,
2575 5856 2836 5923 quantum
2869 5849 3011 5911 nulla
3041 5849 3110 5917 de
3138 5853 3569 5931 patriarcharum
3608 5868 3872 5933 genui.
