4030 6294
221 294 327 356 201

1136 292 1475 357 EPISTOLA
1512 298 1657 358 XIX.
1699 297 1788 357 DE
1825 300 2611 364 VERA.CIRCUMCISIONE.

3421 310 3530 373 202

214 433 290 473 ne
331 424 701 487 promeretur,
735 426 793 473 ut
812 428 910 472 suo
930 423 1085 474 utero
1106 415 1389 473 destinatae
1435 419 1829 475 benedictionis
1857 420 1909 482 Α
1930 421 2042 491 jam
2074 430 2364 493 antequam
2397 430 2571 479 terras
2596 423 2892 493 promissas
2923 423 3049 491 sibi,
3083 425 3212 481 Jesu
3238 426 3359 483 illas
3402 444 3529 500 spe-

212 523 410 565 semen
444 510 693 580 accipiat,
756 519 809 565 ct
857 509 1040 566 Isracli
1103 526 1210 565 non
1270 509 1509 567 Israelita
1562 512 1827 583 parturiat

211 605 544 677 dignitatem
574 624 589 665 :
620 622 897 675 cornuque
928 607 1108 677 populi
1131 609 1237 675 sui,
1295 609 1348 664 in
1380 607 1603 663 alterius
1640 608 1825 678 populi

210 696 702 755 lacnedictionibus
747 699 921 754 aliena
965 699 1235 755 sustollat.
1283 699 1440 756 Unde
1494 700 1658 768 istud,
1705 714 1824 767 oro,

211 792 623 863 promeruerit?
645 790 841 857 Credo,
875 793 1000 865 quia
1029 794 1159 849 dicit
1190 795 1373 850 socrui
1404 810 1515 851 suae
1542 813 1558 853 :
1585 794 1826 866 Populus

214 897 355 953 tuus,
389 887 618 957 populus
656 901 799 941 meus
830 896 942 941 est:
970 897 1019 941 et
1044 886 1184 942 Deus
1226 900 1365 956 tuus,
1398 887 1539 943 Deus
1580 905 1720 943 meus
1752 897 1827 943 est

212 977 373 1046 (Rat.
406 991 445 1043 t,
476 975 605 1045 16).
635 975 680 1032 Ο
712 977 964 1033 virtutem
989 979 1120 1033 viris
1170 979 1336 1035 etiam
1387 979 1780 1049 praeferendam
1806 981 1820 1035 ε

212 1068 451 1124 Abrahae
477 1070 640 1125 [idem
673 1071 1070 1127 incircumcisze
1098 1072 1277 1142 gentis
1322 1071 1517 1127 mulier
1560 1072 1821 1140 imitatur,

212 1178 375 1233 quam
429 1163 605 1219 virilis
653 1166 1003 1222 circumcisio
1032 1165 1349 1238 dereliquit,
1394 1176 1448 1221 et
1501 1181 1599 1237 pcr
1643 1166 1822 1222 aliena

212 1257 444 1329 vestigia
473 1258 734 1314 meritum
760 1258 1168 1328 justiﬁcationis
1214 1258 1533 1330 ingreditur,
1559 1273 1588 1311 a
1630 1258 1825 1329 quibus

212 1352 490 1422 majorum
516 1366 658 1407 calca
685 1351 975 1408 haereditas
997 1352 1253 1408 deviavit.
1279 1352 1421 1408 Deos
1442 1365 1570 1407 suos
1591 1351 1824 1409 Moabita

214 1448 542 1513 contemnit,
574 1462 701 1502 cum
732 1456 810 1514 tu,
844 1447 1033 1514 Israel,
1068 1447 1350 1503 desideres
1376 1447 1607 1503 alienos.
1645 1446 1736 1501 Illa
1765 1446 1822 1500 in

217 1556 388 1596 unum
419 1541 584 1596 Deum
616 1556 839 1598 suorum
865 1541 978 1613 jam
1010 1541 1179 1599 oblita
1207 1543 1488 1614 conjurat,
1522 1550 1576 1597 et
1605 1550 1661 1597 tu
1702 1550 1823 1612 post

213 1632 620 1688 multitudinem
670 1632 956 1687 fornicaris
1010 1633 1319 1689 idolorum:
1350 1633 1476 1688 hinc
1534 1633 1747 1704 eligitur
1790 1648 1822 1689 a

211 1724 470 1790 Domino,
501 1724 628 1781 hinc
673 1724 733 1779 ﬁt
780 1725 1024 1782 lsraelita
1055 1737 1260 1795 mente,
1295 1742 1403 1782 non
1434 1742 1633 1798 genere
1663 1744 1678 1793 ;
1714 1726 1820 1782 fide

1930 514 2168 579 culante,
2201 514 2485 581 vidissent,
2510 515 2755 586 gigantes
2777 516 2849 572 ibi
2876 531 2997 573 esse
3027 516 3357 574 fortissimos
3384 535 3522 576 con-

1929 606 2318 676 querebantur,
2341 621 2467 663 cum
2515 608 2710 678 quibus
2737 624 2928 665 manus
2957 624 3246 667 conserere
3276 613 3533 671 formida-

1929 711 2072 755 rent.
2093 698 2734 771 Circumciditetoculos,
2751 719 2817 759 ne
2838 705 3261 776 alienigenarum
3277 708 3531 781 conjugia

1928 803 2118 850 contra
2148 794 2356 852 licitum
2386 798 2775 869 concupiscant
2806 817 2817 853 :
2847 800 3104 873 aliudque
3133 802 3189 857 in
3218 802 3329 858 illis
3351 805 3533 874 regio-

1928 888 2088 944 nibus
2110 889 2284 945 velint
2314 892 2594 961 possidere
2634 908 2792 963 quam
2816 903 3006 950 terras.
3032 895 3148 951 Non
3170 896 3315 952 enim
3343 896 3391 951 si
3417 912 3530 953 non

1928 980 2410 1049 circumcidantur,
2444 983 2540 1038 sed
2569 983 2617 1039 si
2648 983 2766 1039 haec
2794 986 3094 1057 negligant,
3129 1003 3225 1057 per
3254 988 3386 1043 iram
3419 988 3530 1043 Do~

1928 1074 2057 1128 mini
2084 1073 2390 1129 moriuntur
2416 1093 2427 1126 :
2451 1076 2709 1145 quoniam
2732 1076 2860 1132 illud
2881 1076 3095 1149 signttm
3116 1087 3200 1135 est
3228 1078 3521 1150 benedicti,

1928 1182 2035 1220 non
2065 1167 2316 1222 meritum
2349 1166 2727 1224 benedicendi.

1997 1256 2139 1313 XIV.
2171 1258 2277 1315 Sed
2309 1258 2450 1330 pleni
2480 1268 2608 1315 sunt
2636 1275 2831 1317 omnes
2871 1261 3018 1329 libri,
3053 1263 3208 1332 plena
3237 1264 3525 1334 exemplo-

1926 1368 2045 1407 rum
2097 1361 2371 1421 vetustas,
2426 1354 2570 1424 quod
2617 1372 2723 1410 non
2774 1358 3132 1426 praesectione
3162 1356 3347 1413 nescio
3373 1358 3529 1429 cujus

1925 1442 2180 1510 membri,
2225 1443 2322 1499 sed
2351 1453 2559 1500 naturae
2590 1454 2794 1501 nostra:
2824 1447 3239 1504 circumcisione
3268 1447 3530 1504 Dominus

1925 1537 2232 1594 delectatur
2265 1557 2278 1592 :
2311 1539 2363 1594 in
2396 1555 2501 1611 qua
2523 1554 2582 1596 se
2609 1555 2731 1595 cum
2756 1541 2918 1597 etiam
2944 1542 3036 1597 ille
3059 1543 3236 1613 major
3281 1544 3528 1600 omnium

1927 1630 2314 1702 prophetarum
2336 1631 2575 1688 Joannes
2605 1632 2967 1697 circumcidit,
2998 1650 3107 1689 non
3138 1636 3531 1692 vestitur‘mol-

1927 1721 2091 1793 libus,
2151 1739 2258 1779 non
2286 1725 2574 1795 exquisitis
2627 1724 2693 1779 ad
2724 1725 2900 1797 gulam
2953 1726 3185 1797 dapibus
3212 1729 3526 1799 saginatur:

211 1831 316 1872 non
349 1818 653 1889 sanguine;
688 1819 918 1888 virtute,
957 1833 1063 1874 non
1095 1819 1270 1874 tribu:
1306 1819 1434 1873 hinc
1464 1834 1634 1890 usque
1682 1818 1817 1875 adeo
1847 1817 1897 1878 B
1923 1814 2018 1870 sed
2050 1816 2101 1871 in
2132 1815 2235 1872 hoc
2281 1818 2485 1873 mundo
2521 1833 2660 1888 pene
2710 1818 2829 1875 sine
2858 1820 3063 1875 mundo
3100 1829 3219 1886 est.
3272 1832 3524 1877 cunctam

210 1911 591 1981 benedicitur,
622 1922 677 1967 ut
724 1912 1110 1984 prophetarum
1143 1923 1358 1968 tuorum
1389 1921 1564 1969 mater
1589 1922 1817 1968 vocetur

210 2011 261 2059 et
288 2019 510 2074 regum.
541 2003 712 2060 Lucet
739 2019 965 2075 prorsus
990 2006 1078 2060 die
1108 2005 1329 2074 clarius,
1380 2019 1605 2075 regnum
1654 2005 1819 2060 coelo-

210 2110 325 2150 rum
345 2095 461 2150 vim
514 2096 658 2164 pati,
690 2105 743 2149 et
790 2110 816 2148 a
845 2095 955 2149 vim
1005 2094 1325 2150 facientibus
1376 2095 1589 2162 invadi,
1622 2095 1813 2165 diripi,

211 2185 487 2257 possideri
518 2201 655 2243 :ncc
676 2185 1125 2256 justiﬁeationcm
1148 2187 1328 2258 gentis
1357 2201 1497 2253 esse,
1530 2186 1623 2243 sed
1655 2187 1813 2245 vitm:

209 2280 429 2352 quando
461 2297 571 2335 non
594 2282 901 2337 circumcisi
932 2296 1031 2351 per
1056 2281 1265 2352 frugem
1292 2281 1603 2351 probitatis,
1637 2282 1815 2336 aulam

212 2371 666 2430 sanctiﬁcationis
715 2374 1108 2431 introeuntzet
1160 2373 1466 2429 circumcisi
1521 2373 1574 2428 in
1628 2373 1816 2430 eadem

212 2469 329 2523 aula
355 2468 556 2539 geniti,
590 2482 685 2536 per
715 2467 971 2538 pudenda
1009 2475 1285 2539 gestorum
1308 2475 1584 2539 sceptrum
1614 2467 1841 2533 sancti:

214 2560 486 2616 ﬁcationis
518 2561 792 2615 amittunt.

281 2650 426 2707 XIII.
451 2652 563 2709 Sed
592 2668 805 2708 rursum
849 2652 915 2708 ad
957 2652 1301 2709 benedictum
1337 2653 1486 2709 velut
1530 2652 1819 2710 duodecim

216 2744 458 2799 tribuum
494 2743 810 2815 sanguinem
862 2744 1178 2815 redeamus,
1231 2754 1288 2799 ut
1339 2745 1395 2800 in
1441 2760 1507 2801 eo
1546 2745 1659 2815 jam
1693 2754 1821 2800 tunc

216 2838 540 2908 prmcedens
567 2837 919 2893 ecclesiastici
945 2839 1189 2910 mysterii
1213 2839 1458 2894 veritatis
1488 2840 1677 2895 umbra
1698 2854 1821 2910 pro-

214 2928 394 2984 betur.
446 2930 695 3002 Longum
750 2941 832 2986 est
873 2931 1209 3002 singulorum
1259 2931 1459 2986 formas
1504 2946 1822 2988 enumerare

212 3034 559 3093 sanctorum,
592 3040 890 3097 eorumque
932 3029 1232 3099 gestatuis,
1278 3029 1387 3083 tilia
1440 3029 1817 3096 dilectissima,

212 3132 479 3173 enarrare
508 3118 840 3174 virtutibus:
871 3120 995 3189 quid
1026 3121 1093 3175 sit
1125 3120 1269 3191 quod
1320 3121 1522 3188 .losoph
1562 3121 1628 3177 de
1658 3121 1820 3177 domo

1924 1906 2320 1963 desideriorum
2346 1908 2607 1964 deserens
2628 1924 2816 1965 curam
2841 1911 3193 1979 mundialem;
3220 1921 3398 1969 setosa
3428 1914 3531 1970 du-

1921 2012 2043 2053 rum
2071 1998 2246 2053 virum
2276 1999 2557 2054 horridant
2584 2002 2842 2070 tegmina,
2878 2019 2986 2057 non
3014 2004 3312 2071 decorant;
3348 2006 3529 2061 humi-

1922 2089 2036 2145 fero
2067 2102 2185 2157 esu,
2215 2092 2411 2147 melleo
2437 2093 2676 2148 tenuiter
2697 2095 2895 2150 sudore
2925 2104 3202 2150 saturatur
3231 2116 3244 2152 :
3276 2114 3399 2169 qua:
3426 2100 3535 2155 alia

1924 2182 2269 2237 circumcisio
2301 2185 2645 2253 praestantior
2670 2185 2891 2240 debebit
2914 2188 3149 2257 inquiri?
3171 2189 3414 2260 Denique
3441 2193 3533 2248 hic

1922 2288 2029 2329 non
2052 2288 2251 2345 agnum
2282 2275 2429 2329 illum
2459 2292 2617 2346 quem
2644 2278 2695 2331 in
2722 2278 2912 2333 umbra
2934 2282 3181 2336 veritatis
3208 2282 3351 2337 soliti
3375 2293 3531 2338 erant

1920 2365 2095 2422 Judaei
2127 2366 2324 2424 habere
2349 2383 2445 2438 pro
2470 2370 2692 2439 pascha,
2745 2386 2842 2440 per
2869 2388 3028 2443 quem
3063 2374 3249 2429 mundi
3305 2384 3529 2445 peccata

1921 2474 2032 2515 non
2057 2467 2306 2528 poterant
2333 2460 2540 2517 aboleri
2568 2480 2580 2515 :
2606 2461 2700 2518 sed
2728 2462 2882 2519 illum
2906 2480 3094 2521 verum
3116 2482 3340 2537 agnum,
3366 2469 3527 2540 cujus

1922 2551 2103 2607 omnis
2132 2560 2278 2608 esset
2304 2554 2606 2611 mortalitas
2638 2570 2832 2613 cruore
2857 2557 3113 2615 salvanda
3140 2576 3155 2626 ;
3191 2560 3398 2617 relictis
3430 2576 3528 2617 no-

1921 2644 2139 2715 naginta
2162 2654 2216 2700 et
2257 2660 2451 2701 novem
2481 2646 2694 2715 ovibus,
2727 2664 2887 2704 unam
2919 2653 3121 2721 gestari
3151 2653 3381 2722 pastoris
3412 2655 3528 2711 veri

1922 2736 2165 2792 humeris
2207 2737 2414 2807 primus
2456 2740 2707 2809 agnovit,
2736 2740 2970 2799 dicendo
3000 2762 3012 2797 :
3046 2741 3182 2799 Ecce
3210 2762 3373 2817 agnus
3405 2745 3526 2814 Dei,

1922 2845 2040 2884 ecce
2068 2830 2157 2901 qui
2184 2830 2318 2883 tollit
2337 2832 2736 2901 pcccatamundi
2764 2832 2944 2904 (Joan.
2977 2851 3016 2900 ι,
3048 2835 3165 2906 29).
3195 2836 3330 2891 Illud
3362 2838 3528 2894 etiam

1925 2920 1981 2974 in
2007 2936 2075 2977 eo
2110 2920 2416 2976 mirandum
2452 2931 2554 2989 est,
2586 2924 2727 2993 quod
2754 2940 2994 2981 eremum
3020 2925 3263 2997 elegerit,
3308 2927 3527 2984 Domini

1925 3018 2313 3087 przedicalurus
2326 3017 2637 3086 adventum;
2654 3036 2760 3076 non
2781 3022 2834 3076 in
2851 3023 3085 3093 templis,
3103 3038 3207 3078 non
3223 3023 3459 3095 loquitur
3472 3024 3531 3080 in

1926 3112 2141 3183 plateis,
2173 3112 2572 3169 multitudinem
2595 3116 2934 3172 multitudini
2957 3116 3279 3188 profuturus
3306 3118 3529 3177 horres—

212 3209 457 3282 Egyptii
493 3211 659 3282 regis,
690 3221 841 3268 veste
863 3213 1127 3283 projecta,
1162 3213 1338 3269 nudus
1371 3212 1819 3286 aufugeritzquid
1848 3204 1894 3269 C
1925 3206 1999 3260 cit
2031 3224 2041 3258 :
2074 3214 2129 3260 et
2155 3218 2252 3260 cur
2280 3219 2383 3259 vox
2412 3215 2494 3261 est
2515 3207 2822 3275 clamantis,
2852 3208 2899 3263 si
2924 3208 3231 3264 declinatur
3258 3210 3476 3265 auditor
3502 3212 3526 3265 ‘I

210 3306 282 3359 sit
309 3305 459 3375 quod
491 3305 580 3360 hic
605 3306 832 3376 populus
873 3322 1021 3363 mare
1072 3307 1375 3375 transierit,
1418 3319 1475 3365 et
1517 3307 1817 3363 Pharaonis

211 3413 320 3453 non
345 3398 568 3453 transiit
590 3401 884 3467 exercitus,
907 3409 963 3455 et
983 3400 1198 3471 Species
1230 3402 1459 3456 labentis
1489 3411 1693 3456 naturae
1716 3402 1819 3458 sub

211 3488 500 3546 hominum
531 3492 669 3562 pede
696 3501 959 3547 mutatur.
992 3493 1131 3561 Quid
1164 3502 1266 3559 est,
1295 3493 1437 3564 quod
1464 3494 1640 3564 ipsum
1670 3510 1819 3551 mare

212 3583 575 3640 evadentibus
599 3582 891 3656 Egyptum
918 3583 1084 3640 Iacob
1103 3585 1229 3639 [iliis
1256 3587 1538 3641 occurrat?
1566 3586 1681 3641 Tibi
1703 3586 1819 3642 hmo

213 3687 407 3732 cuncta
457 3678 842 3744 examinanda,
874 3689 927 3734 ct
975 3679 1128 3749 juxta
1162 3689 1306 3737 tuam
1340 3681 1526 3746 vitam,
1560 3690 1613 3736 et
1660 3682 1819 3750 juxta

213 3767 481 3826 Ecclesia:
504 3771 764 3841 mysteria
792 3771 1116 3844 derelinquo
1146 3790 1159 3827 :
1193 3782 1252 3828 ut
1272 3774 1324 3827 in
1349 3772 1434 3828 his
1465 3773 1695 3829 veritate
1717 3775 1821 3828 cir-

210 3864 578 3920 cumcisionis
612 3880 840 3933 arcana,
877 3881 1037 3936 quam
1082 3866 1133 3921 in
1161 3864 1434 3921 Abraham
1473 3866 1691 3935 aSpicis,
1721 3882 1816 3921 va-

210 3969 432 4015 cuatam
466 3960 695 4015 formam
723 3961 861 4031 signi
885 3960 1091 4017 Judaici
1116 3976 1221 4016 non
1247 3960 1481 4016 mireris.
1502 3960 1666 4031 Igitur
1686 3976 1819 4030 quo-

214 4056 361 4110 niam
403 4057 641 4112 striCtim
670 4057 921 4113 universa
951 4057 1178 4113 dicenda
1208 4067 1354 4123 sunt,
1391 4071 1458 4111 ne
1511 4057 1563 4109 in
1597 4056 1815 4126 longum

209 4162 396 4202 sermo
423 4150 703 4217 procedat,
730 4163 885 4218 seges
910 4147 1041 4202 mihi
1064 4146 1241 4202 omnis
1264 4145 1524 4201 Israelita:
1543 4145 1716 4213 gentis
1734 4154 1819 4201 est

210 4241 546 4306 invadenda,
573 4250 628 4297 et
658 4242 710 4296 in
726 4257 787 4297 ea
816 4243 988 4313 ipsius
1010 4240 1442 4297 circumcisionis
1469 4239 1816 4295 ventilandus

206 4333 466 4389 eﬂectus.
494 4333 655 4390 Jesus
676 4333 821 4390 Nave
846 4334 1072 4406 populos
1099 4332 1515 4389 hiereditaturus
1546 4331 1599 4386 in
1633 4333 1812 4401 terris,

207 4428 363 4500 prius
396 4429 491 4484 illa
524 4430 707 4485 omnia
759 4429 906 4485 velut
951 4430 1153 4483 divina:
1204 4428 1381 4498 plebis
1426 4426 1814 4483 circumcidere

204 4522 433 4591 iubetur
459 4523 711 4578 examina
739 4540 751 4575 :
784 4522 937 4593 quasi
981 4537 1111 4577 vero
1143 4537 1247 4577 non
1300 4528 1408 4577 tota
1468 4502 1684 4576 eremﬂs
1716 4534 1813 4589 per

1923 3300 2071 3372 Opus
2093 3309 2179 3356 est
2200 3299 2383 3370 utique
2410 3302 2697 3358 multitudo
2726 3303 2954 3359 doctori.
2989 3302 3059 3358 Et
3101 3319 3221 3375 qua:
3252 3303 3306 3358 in
3338 3319 3525 3360 eremo

1925 3391 2249 3447 multitudo?
2271 3390 2400 3447 Sine
2423 3390 2586 3448 dubio
2612 3393 2780 3450 nulla.
2805 3394 2873 3448 Et
2900 3394 3029 3464 quid
3054 3393 3213 3449 faciet
3232 3395 3526 3466 propheta,

1924 3486 2016 3557 qui
2043 3500 2145 3540 vox
2163 3493 2265 3550 est,
2287 3496 2341 3543 et
2362 3501 2466 3542 vox
2489 3486 2809 3541 clamantis?
2830 3486 3022 3556 Elegit,
3040 3488 3095 3540 ni
3120 3488 3522 3555 lallor,locum,

1923 3593 2034 3632 non
2063 3579 2153 3633 ubi
2181 3594 2305 3635 eum
2337 3580 2515 3635 nullus
2545 3578 2748 3646 audiat,
2780 3580 2875 3634 sed
2905 3577 2972 3633 ad
2998 3594 3156 3650 quem
3191 3581 3425 3651 populos
3454 3580 3524 3636 de

1924 3681 2133 3727 natura:
2156 3684 2423 3744 corruptae
2449 3672 2866 3749 conversatione
2912 3674 3158 3741 reducat,
3193 3685 3253 3730 ut
3301 3678 3355 3731 in
3388 3676 3524 3732 Pro-

1924 3766 2085 3833 pheta
2112 3783 2304 3823 novam
2329 3769 2493 3824 vitam
2518 3768 2791 3835 videntes,
2810 3768 3047 3824 divinam
3071 3770 3257 3824 mirari
3282 3769 3519 3838 discant,

1922 3873 2089 3929 seque
2119 3860 2372 3915 omnibus
2401 3860 2546 3916 vitiis
2592 3860 2946 3915 circumcisus
2974 3860 3027 3914 in
3057 3876 3243 3916 eremo
3270 3876 3395 3917 esse
3428 3876 3524 3931 pa-

1925 3950 2148 4007 tiantur.
2186 3952 2363 4008 Locus
2388 3968 2517 4024 ergo
2545 3952 2660 4021 ipse
2691 3952 2863 4007 forma
2894 3952 3155 4008 doctrina:
3182 3965 3287 4022 est,
3321 3964 3375 4011 et
3405 3955 3523 4022 ipsa

1924 4045 2241 4115 praedicatio
2262 4047 2498 4101 solitudo
2517 4055 2602 4101 est
2629 4047 2910 4101 virtutum.
2938 4047 3204 4116 Operatur
3230 4048 3521 4118 habitatio,

1922 4139 2051 4195 dum
2082 4139 2301 4195 urbium
2353 4139 2716 4211 frequentiam
2755 4139 3022 4196 sollicitus
3063 4141 3323 4214 relinquit
3369 4144 3525 4200 audi-

1922 4240 2030 4298 tor,
2060 4241 2115 4288 et
2144 4248 2390 4289 eremum
2423 4248 2454 4287 a
2483 4235 2804 4304 contagione
2852 4234 3040 4290 mundi
3067 4235 3218 4291 velut
3250 4251 3280 4292 a
3309 4237 3523 4294 theatro

1922 4324 2026 4381 hoc
2049 4325 2385 4396 voluptatum
2416 4327 2637 4382 avulsus
2656 4326 2977 4399 ingreditur.
3007 4327 3267 4386 Prohibet
3288 4330 3524 4403 denique

1921 4434 1991 4475 ne
2035 4419 2311 4476 Abraham
2352 4432 2506 4491 patre
2550 4421 2851 4493 glorientur
2882 4441 2895 4477 :
2923 4423 3181 4480 videlicet
3226 4426 3371 4496 quod
3403 4426 3521 4497 ejus

1922 4512 2152 4583 vestigia
2184 4528 2294 4567 non
2330 4522 2645 4584 sequantur.
2677 4514 2835 4570 Certe
2863 4515 2908 4570 si
2953 4515 3018 4569 ad
3047 4516 3520 4574 circumcisionem

206 4619 391 4672 varias
420 4617 797 4688 peccaminum
823 4616 1007 4687 plagas
1036 4614 1373 4671 circumcisa:
1396 4614 1573 4686 gentis
1600 4613 1814 4669 ossibus
1846 4597 1899 4659 Ι)
1924 4604 2071 4661 illam
2096 4605 2375 4661 Iudaicam
2405 4609 2708 4674 veniamus,
2770 4607 3223 4665 circumcidamur
3253 4618 3310 4665 ut
3347 4611 3523 4668 Abra-

206 4710 501 4768 albicaret.
533 4709 672 4779 Quid
699 4725 829 4780 ergo
853 4709 1083 4780 jubebat
1125 4710 1230 4764 hoc
1261 4708 1396 4772 fieri,
1420 4707 1562 4778 quod
1606 4707 1811 4778 peccati

208 4804 475 4860 meritum
527 4817 636 4858 non
667 4802 926 4859 sanabat?
956 4802 1096 4857 Dicit
1125 4801 1407 4869 Dominus,
1441 4798 1552 4855 Fac
1582 4799 1672 4854 tibi
1702 4799 1817 4853 cuto

209 4898 360 4951 (cllas
400 4898 640 4969 petrinos
684 4896 836 4951 nimis
888 4894 1103 4965 acutos(
1132 4894 1249 4949 Jos.
1279 4910 1344 4961 ν,
1375 4895 1410 4948 2
1435 4892 1475 4965 ).
1511 4892 1646 4961 Quid
1705 4902 1810 4960 est,

207 4987 358 5059 quod
390 4996 674 5059 tantopere
704 4995 880 5054 cavet,
913 5002 981 5043 ne
1013 4986 1310 5042 habeantur
1340 4984 1555 5040 obtusi?
1596 4980 1771 5037 Nimis
1792 5028 1807 5053 ,

206 5081 306 5149 ait,
337 5090 546 5149 acutos,
578 5090 639 5136 ut
668 5080 921 5136 videlicet
948 5095 1052 5135 non
1102 5078 1192 5149 qui
1224 5076 1543 5147 particulam
1574 5076 1808 5146 aliquam

206 5173 527 5246 corpusculi
550 5172 632 5229 sui
684 5188 846 5229 sensu
878 5171 1088 5227 doloris
1113 5169 1454 5236 abscindant,
1501 5168 1595 5223 sed
1643 5167 1813 5222 multa

206 5267 341 5322 lima
369 5275 535 5338 atque
564 5281 665 5322 usu
695 5266 834 5321 cotis
878 5264 1100 5321 assiduo
1144 5263 1290 5319 tenui
1335 5262 1473 5329 acie,
1506 5260 1813 5315 mortiferos

206 5371 411 5414 sensus
435 5358 635 5414 mentis
681 5356 954 5412 subtiliter
1011 5354 1407 5412 discriminent.
1464 5349 1815 5409 Circumcidit

205 5464 371 5523 ergo,
395 5451 448 5505 ni
474 5449 658 5519 fallor,
690 5449 744 5505 in
762 5448 866 5505 illis
894 5445 1115 5519 Egypti
1133 5445 1483 5512 desiderium,
1509 5457 1813 5499 murmura-

207 5543 442 5610 tionem,
478 5542 898 5607 contumaciam,
924 5540 1190 5597 idolorum
1216 5537 1650 5605 fornicationem,
1679 5550 1809 5591 con-

204 5636 558 5694 suetudinem
592 5636 871 5709 peccandi,
896 5651 991 5706 pro
1013 5634 1205 5706 quibus
1223 5633 1355 5688 iram
1380 5629 1596 5687 Domini
1618 5644 1808 5685 eorum

205 5744 442 5788 sensere
471 5731 727 5803 majores.
759 5731 827 5785 Et
854 5730 960 5786 illis
991 5730 1155 5785 etiam
1187 5729 1304 5784 sine
1326 5726 1488 5784 dubio
1518 5727 1811 5783 circumci-

206 5823 289 5881 dit
316 5832 525 5881 metum
556 5824 857 5896 positorum
908 5829 1031 5877 ante
1076 5821 1265 5877 faciem
1325 5816 1809 5893 praeliorum.Nam

580 5918 860 5983 Pnaon.
906 5914 1116 5982 XXX.

1923 4698 2049 4755 ham
2103 4698 2204 4754 [uit
2256 4699 2635 4754 circumcisus.
2686 4697 2746 4754 Si
2792 4701 2857 4753 ad
2906 4701 3247 4771 sanguinem,
3298 4717 3395 4758 cur
3423 4703 3522 4759 ﬁlii

1921 4791 2154 4847 Abrahae
2186 4805 2293 4847 non
2324 4789 2574 4845 dicantur
2596 4804 2716 4846 esse
2737 4791 2828 4861 qui
2856 4790 2953 4846 filii
2998 4793 3161 4847 sunt?
3181 4793 3285 4849 Sed
3309 4803 3364 4850 et
3392 4793 3523 4851 ﬁdei

1921 4893 2076 4956 pater
2102 4899 2210 4940 non
2241 4892 2421 4955 potest
2448 4898 2570 4939 esse
2618 4883 2723 4939 nisi
2774 4884 3113 4941 credentium
3148 4897 3244 4942 :et
3276 4886 3368 4942 lilii
3407 4902 3519 4942 non

1922 4977 1991 5033 de
2020 4976 2173 5047 signo
2222 4974 2652 5031 circumcisionis
2675 5015 2694 5043 ,
2726 4974 2824 5031 sed
2853 4975 2922 5033 de
2949 4981 3131 5047 operis
3162 4977 3519 5036 similitudine

1920 5075 2405 5139 recognoscuntur.
2453 5066 2548 5122 His
2586 5080 2716 5137 ergo
2762 5082 2885 5123 cum
2917 5067 3287 5135 inhibebatur,
3333 5084 3402 5125 ne
3454 5085 3517 5128 se

1919 5160 2190 5217 Abraham
2211 5168 2435 5231 parente
2448 5158 2786 5230 jactitarent,
2809 5160 2940 5216 illud
2971 5161 3381 5230 ostendebatur,
3404 5178 3518 5220 non

1918 5254 2045 5327 quia
2067 5255 2279 5325 signum
2305 5252 2429 5309 ﬁdei
2452 5252 2622 5321 illius,
2644 5253 2740 5309 sed
2766 5254 2890 5325 quia
2921 5255 3130 5326 signum
3154 5256 3387 5327 patrium
3404 5272 3515 5313 non

1921 5350 2205 5405 haberent.
2236 5347 2389 5404 Tunc
2415 5355 2594 5403 autem
2618 5347 2723 5404 rite
2745 5348 2839 5403 ﬁlii
2864 5348 3099 5405 Abrahm
3126 5359 3253 5407 sunt
3273 5351 3511 5418 dicendi,

1920 5444 1968 5499 si
1994 5442 2061 5498 ad
2076 5441 2303 5498 formam
2325 5442 2563 5514 parentis
2579 5456 2687 5496 non
2705 5440 2862 5511 facie,
2883 5442 2978 5498 sed
2996 5444 3103 5499 vita
3126 5446 3512 5516 respondeant.

1918 5535 1977 5593 Si
2000 5534 2069 5591 ad
2097 5535 2323 5593 verbum
2352 5533 2591 5602 Domini,
2624 5547 2728 5590 nec
2755 5533 2929 5604 patria
2956 5533 3231 5606 diligatur,
3261 5544 3315 5591 et
3367 5534 3513 5591 ﬁlius

1919 5632 2092 5703 possit
2134 5630 2343 5687 occidi:
2373 5645 2495 5687 cum
2526 5630 2644 5700 ipse
2689 5630 2853 5687 etiam
2900 5639 3047 5689 totus
3086 5631 3249 5686 homo
3276 5629 3381 5697 illi,
3420 5629 3513 5700 qui

1919 5740 2017 5796 pro
2038 5725 2195 5783 nobis
2225 5733 2470 5785 mortuus
2497 5732 2603 5797 est,
2635 5725 2751 5798 pari
2776 5723 3315 5801 _debeat,;charitate
3344 5726 3515 5797 ﬁcum-

1918 5818 2079 5876 mori.
