3926 6290
492 235 601 298 203

1533 237 1589 298 S.
1633 237 2016 302 HIERONYMI
2055 239 2341 302 OPERUM
2379 241 2743 326 MANTISSA.

3685 253 3790 316 ιω

567 362 685 419 xv.
712 361 774 420 Si
800 363 1016 432 Simeon
1041 375 1207 419 senex
1233 376 1247 416 :
1271 359 1425 416 Nunc
1451 361 1692 428 dimittis,
1717 365 1814 430 ait,
1847 365 2089 432 Domine,
2125 362 2168 420 Α
2269 331 2621 414 XVI-iamne
2650 358 2822 442 vides.
2861 358 2966 420 lilia
2990 357 3212 434 .jamne
3257 365 3574 430 consideras
3623 379 3792 430 totam

497 473 697 512 servum
730 468 872 514 tuum
899 457 951 510 in
973 470 1132 528 pace:
1159 453 1291 519 Quia
1319 453 1554 509 viderunt
1576 455 1712 510 oculi
1740 457 1840 510 mei
1868 456 2095 524 salutare

498 561 646 604 tuum
680 548 858 620 (Luc.
907 563 967 614 ll,
1022 545 1093 601 29
1125 547 1164 618 ).
1199 545 1398 602 Forma
1453 555 1538 602 est
1587 547 1771 618 utique
1815 547 1959 616 quod
2002 547 2092 622 qui

499 641 772 698 Christum
799 641 966 716 videt,
991 640 1102 714 jam
1127 639 1196 696 sit
1218 639 1420 696 saeculo
1443 639 1760 695 moriturus.
1783 639 1984 696 Ethice
2011 649 2095 696 est

501 735 866 800 circumcisio,
893 749 998 788 non
1025 731 1202 788 adhuc
1229 731 1330 787 sub
1357 731 1708 788 tabernaculo
1747 731 2096 808 signiﬁcatio-7

503 829 586 885 nis
603 829 942 894 adumbrata,
958 828 1052 886 sed
1073 825 1781 898 prmﬁgurationeveritatis
1803 827 2093 896 occultata,

499 928 661 980 etiam
694 926 744 978 in
777 925 952 979 lucem
1001 924 1132 978 lacis
1177 922 1412 994 imagine
1455 921 1721 992 expoliata
1755 921 2096 990 procedens:

503 1036 664 1096 quam
697 1019 972 1074 Abraham
1003 1019 1245 1088 priorum
1272 1016 1658 1090 mysteriorum
1691 1031 1830 1088 pene
1856 1015 2094 1072 omnium

501 1113 742 1167 initiator
775 1111 1108 1177 ostenderat,
1139 1126 1260 1164 cum
1283 1121 1404 1180 post
1429 1109 1653 1166 verbum
1686 1109 1897 1164 Domini
1920 1109 2094 1164 locum

501 1205 604 1260 sibi
628 1219 660 1259 a
683 1204 812 1258 ﬁliis
835 1203 997 1270 lleth,
1030 1218 1134 1258 non
1164 1203 1254 1258 ubi
1283 1201 1510 1266 viveret,
1539 1201 1634 1256 sed
1660 1201 1748 1256 ubi
1771 1211 2094 1264 moreretur,

501 1299 754 1372 acquirit.
779 1299 917 1369 Magi
947 1313 1183 1374 quoque,
1200 1297 1424 1352 adorato
1451 1297 1702 1360 Dotninn,
1726 1310 1792 1350 ne
1813 1295 1897 1352 cui
1925 1293 2098 1364 genti,

505 1407 563 1454 ut
595 1396 901 1462 docuimus,
946 1392 1266 1464 praeputium
1309 1391 1596 1462 corporale
1635 1387 1814 1444 fraudi
1852 1396 2000 1444 eSScl.
2029 1383 2098 1440 ad

501 1489 749 1562 gloriam,
771 1486 882 1540 suis
913 1500 972 1540 sc
989 1483 1272 1540 ail'eCtibus
1296 1481 1710 1548 circumcidere,
1736 1495 1857 1534 cum
1885 1479 2099 1533 thesau-

505 1579 582 1634 ris
611 1577 744 1648 suis,
778 1577 832 1632 id
862 1585 967 1646 est,
1001 1575 1229 1632 secretis
1260 1574 1523 1630 mentium
1557 1571 1861 1642 patefactis,
1893 1572 2101 1624 animo-

505 1687 624 1726 rum
654 1681 833 1724 motus
866 1679 1171 1736 mactavere
1199 1682 1298 1737 pro
1333 1680 1561 1724 munere
1590 1681 1606 1732 ;
1649 1678 1850 1734 eosque
1881 1662 2100 1717 morbos

2195 449 2664 508 circumcisionem
2695 467 2790 526 per
2811 469 3037 522 operum
3063 455 3317 527 formam,
3341 461 3490 518 velut
3517 479 3614 536 per
3647 480 3798 538 quae-

2196 541 2321 597 dam
2350 543 2722 600 membrorum
2752 546 3077 616 lineamenta
3105 549 3394 610 deductam
3420 599 3438 626 ,
3485 565 3540 612 et
3582 572 3677 627 per
3700 574 3797 614 ac-

2195 642 2346 689 tuum
2375 635 2741 702 diversitatem
2764 642 2914 710 quasi
2945 642 3186 702 colorum
3209 647 3470 706 varietate
3483 649 3757 720 depictam
3783 672 3796 708 τ

2199 735 2222 762 ⁸
2249 743 2414 782 unum
2445 739 2620 784 tamen
2641 727 3046 802 justiiicatiouis
3071 737 3277 806 apicem
3309 740 3570 800 virtutmn
3613 747 3802 815 gradi-

2197 817 2296 874 but
2322 819 2635 890 impletam?
2666 822 2856 894 Cernis
2883 825 3047 886 alium
3093 829 3322 900 patriam
3352 834 3754 906 relinquentem
3785 882 3800 910 ,

2199 926 2301 978 nec
2325 911 2393 967 de
2419 913 2711 984 parricidio
2743 916 3077 976 dubitantem
3137 939 3148 975 :
3199 923 3364 980 alium
3413 929 3550 986 tanti
3599 945 3804 990 census

2199 1003 2543 1076 naufragium
2572 1023 2676 1062 nco
2702 1022 3006 1078 curantem,
3038 1029 3140 1070 nec
3171 1015 3224 1074 in
3257 1018 3579 1076 orbitatibus
3608 1024 3804 1096 lacry—

2199 1111 2429 1162 marum,
2463 1099 2628 1153 immo
2657 1103 2787 1156 etin
2812 1105 3094 1172 putredine
3123 1113 3371 1178 corporis
3410 1115 3495 1182 sui
3548 1115 3617 1170 de
3669 1134 3804 1190 pec-

2199 1196 2322 1244 cato
2356 1191 2534 1260 potius
2558 1195 2801 1264 conjugis
2827 1212 2984 1266 quam
3019 1215 3115 1270 suo
3145 1203 3365 1260 volnere
3406 1209 3803 1280 suspirantem.

2199 1277 2351 1335 illam
2383 1285 2610 1354 papulos
2639 1299 2767 1341 suos
2799 1287 3038 1362 deosque
3065 1292 3433 1366 deserentem,
3461 1277 3564 1356 nec
3585 1303 3641 1358 in
3663 1303 3806 1358 alie-

2203 1390 2325 1432 nam
2349 1385 2565 1448 gentem
2592 1381 2805 1454 inopem
2839 1383 3010 1438 virilis
3033 1389 3214 1444 auxilii
3241 1393 3425 1450 venire
3439 1405 3805 1456 metuentem.

2203 1465 2354 1542 lluuc
2379 1471 2812 1538 repromissionis
2845 1477 3210 1550 iugreSs'urum
3234 1489 3808 1562 t_crras,cultellosque

2202 1560 2506 1616 animorum
2537 1579 2641 1618 non
2677 1567 2728 1640 in
2757 1581 2887 1622 ense
2912 1579 3198 1639 ponentem
3235 1614 3250 1642 ,
3299 1577 3394 1632 sed
3435 1578 3503 1634 de
3534 1591 3696 1637 caute
3721 1560 3810 1638 l'a-

2201 1653 2472 1736 cientem,
2503 1665 2559 1710 nt
2585 1673 2650 1712 ex
2682 1675 2742 1714 se
2771 1660 2969 1718 habeat
2999 1667 3267 1738 pett-inus,
3301 1671 3448 1742 quod
3481 1673 3690 1740 ferreus
3715 1693 3810 1734 ac-

505 1779 602 1834 per
626 1777 761 1834 quos
787 1761 986 1832 aliquid
1008 1771 1100 1814 aut
1126 1760 1398 1832 cupimus,
1427 1768 1519 1812 aut
1543 1755 1852 1822 metuimus,
1881 1766 1974 1809 aut
2002 1754 2087 1808 do-

2202 1743 2365 1814 quirit
2412 1747 2651 1804 aliunde.
2702 1747 2882 1820 Alium
2933 1755 2986 1810 in
3039 1757 3334 1830 solitudine
3390 1763 3534 1820 viam
3587 1767 3812 1840 Domini

503 1855 700 1918 lemus,
725 1853 870 1910 velut
893 1863 1016 1910 ante
1041 1852 1255 1924 pietatis
1276 1867 1426 1908 aram
1449 1849 1904 1906 etmisericordiae
1928 1847 2096 1902 altare

503 1948 782 2013 foderunt,
816 1956 875 2002 ut
903 1947 986 2002 vel
1018 1947 1068 2000 in
1100 1961 1232 2010 auro
1252 1945 1500 2010 avaritia,
1535 1943 1618 2022 vel
1652 1943 1705 1996 in
1739 1941 1898 1995 thure
1929 1939 2099 1994 idolo-

504 2043 684 2105 latria,
720 2041 804 2096 vel
840 2040 892 2104 in
925 2040 1140 2112 myrrha
1176 2041 1330 2094 lieret
1357 2036 1588 2093 Domino
1613 2035 1858 2106 subjecta
1889 2043 2094 2090 morta-

499 2134 654 2186 litas:
684 2148 713 2185 a
743 2148 848 2202 quo
877 2133 995 2201 ejus
1026 2128 1210 2199 utique
1240 2139 1357 2188 erat
1387 2127 1548 2196 capti'
1571 2143 1601 2202 a
1647 2125 1895 2182 ducenda
1924 2124 2097 2194 capti-

499 2226 638 2278 vitas
665 2244 676 2276 :
711 2236 764 2278 et
795 2224 846 2276 in
877 2224 1015 2276 hanc
1039 2233 1247 2294 petram
1278 2230 1334 2276 et
1354 2237 1507 2276 sacra
1538 2220 1780 2290 pecunia:
1805 2218 2090 2290 cupiditas,

500 2338 553 2382 et
580 2326 801 2395 profana
827 2339 1078 2388 errorum
1106 2323 1444 2392 superstitio,
1470 2333 1524 2376 et
1545 2331 1720 2376 amata
1754 2320 2093 2374 mortalitatis

499 2418 762 2482 conditio,
796 2417 943 2472 velut
973 2415 1132 2474 illisa:
1163 2413 1890 2484 morerentur:jampridem
1923 2413 2096 2484 Baby-

497 2512 605 2566 loni
633 2511 920 2580 Psalmista
955 2509 1285 2576 praecinente
1311 2525 1323 2560 :
1358 2505 1551 2560 Beatus
1579 2508 1666 2578 qui
1695 2506 1878 2562 tenebit
1907 2515 1956 2560 et
1981 2505 2098 2560 alli-

496 2603 579 2672 det
611 2597 848 2674 parvulos
880 2616 997 2654 suos
1031 2597 1148 2671 [Αι.
1174 2596 1324 2670 tuos]
1355 2592 1423 2651 ad
1449 2609 1648 2668 petram
1678 2596 1854 2667 (Psal.
1876 2612 2092 2670 cxxxvt,

499 2694 590 2766 9).
618 2693 730 2749 Sub
753 2692 837 2746 his
866 2708 995 2762 ergo
1027 2691 1304 2762 Magorum
1348 2698 1400 2744 et
1433 2689 1739 2744 nominibus
1784 2700 1838 2744 et
1867 2689 2095 2744 oblatio-

497 2787 678 2852 nibus,
707 2782 1020 2840 otnnimode
1048 2782 1143 2837 ille
1173 2781 1480 2838 divinorum
1522 2797 1746 2852 operum
1779 2781 2090 2850 interpella-

495 2889 581 2936 tor
606 2877 818 2936 exuitur
846 2894 858 2928 :
891 2875 1160 2944 Quooiam
1193 2873 1332 2928 Deus
1361 2883 1468 2930 erat
1496 2875 1549 2928 in
1595 2872 1800 2930 Clu-isto
1843 2873 2094 2946 mandunt

497 2967 835 3026 reconcilians
867 2967 984 3021 sibi.
1016 2967 1150 3034 Quis
1175 2967 1318 3020 enim
1341 2966 1453 3036 jam
1503 2975 1599 3020 aut
1624 2981 1814 3034 aurum
1863 2967 1964 3022 sibi
1997 2981 2093 3020 au-

495 3059 618 3116 deat
651 3059 950 3132 possidere,
986 3058 1029 3112 si
1055 3057 1270 3112 Domini
1309 3058 1424 3114 est?
1449 3068 1542 3114 aut
1571 3058 1728 3114 idolis
1772 3057 1926 3114 thura
1955 3073 2084 3114 con-

2202 1851 2618 1910 prteparantem,
2653 1851 2707 1897 et
2739 1857 2914 1900 rectas
2943 1849 3164 1905 semitas
3194 1853 3246 1906 in
3264 1869 3452 1911 eremo
3483 1859 3808 1920 iacientem.

2199 1931 2377 1984 Alium
2411 1947 2576 2002 porro
2607 1935 2806 1990 dimitti
2838 1938 2906 1993 de
2933 1942 3132 1996 saeculo
3161 1943 3577 2016 deprecantem,
3617 1961 3674 2007 et
3707 1969 3812 2026 pa-

2197 2038 2314 2080 cem
2341 2027 2552 2082 Domini
2587 2029 2747 2085 malle
2773 2047 2930 2100 quam
2963 2036 3172 2090 mundi.
3205 2037 3316 2094 Hos
3339 2055 3469 2096 vero
3489 2043 3605 2100 suis
3635 2045 3812 2102 aﬂ'ec-

2199 2118 2340 2173 tibus
2369 2121 2644 2190 spoliatos,
2671 2125 2721 2178 in
2751 2139 2905 2190 auro,
2935 2129 3160 2198 thureet
3185 2137 3400 2203 myrrha
3423 2141 3812 2198 conversatio-

2197 2226 2324 2264 uum
2357 2211 2549 2269 itinere
2573 2225 2801 2284 mutato,
2829 2221 2915 2288 qui
2941 2236 3034 2289 per
3063 2222 3330 2282 Herodem
3365 2241 3665 2298 venerant,
3706 2251 3812 2306 per

2198 2304 2445 2374 angelum
2473 2306 2782 2363 redeuntes.
2809 2309 2973 2366 Istum
3011 2315 3173 2368 etiam
3217 2333 3358 2374 nunc
3387 2336 3610 2386 acervos
3647 2304 3810 2382 fran-

2195 2395 2344 2450 dium
2377 2413 2497 2452 eam
2522 2399 2709 2456 fenore
2739 2415 3212 2478 removentem,et
3235 2414 3465 2470 Abrahae
3491 2418 3662 2474 ﬁlium
3685 2436 3808 2478 non

2196 2499 2406 2545 naturre
2431 2493 2726 2561 beuelicio,
2756 2497 2848 2552 sed
2884 2513 3160 2570 gestorum
3204 2505 3458 2580 suffragio
3513 2527 3810 2584 nuncupa-

2197 2597 2306 2664 tum
2342 2603 2353 2640 :
2379 2599 2439 2643 ut
2461 2590 2743 2662 evidenter
2769 2607 3058 2666 appareret,
3079 2615 3292 2658 omnem
3323 2605 3508 2664 tnundi
3537 2619 3806 2676 naturam

2196 2697 2292 2754 per
2313 2682 2644 2754 singularum
2669 2689 3015 2758 operationes
3053 2692 3223 2752 fuisse
3250 2697 3561 2764 demissam.

2269 2773 2427 2829 XVII.
2453 2775 2558 2831 Sed
2592 2781 2848 2848 quoniam
2880 2793 3151 2862 tamquam
3181 2792 3325 2846 circa
3365 2795 3624 2862 nuptialis
3659 2812 3808 2855 con-

2195 2867 2322 2920 vivii
2349 2867 2534 2931 linem.
2565 2888 2702 2942 pene
2734 2875 2915 2929 viuum
2939 2880 3081 2948 quod
3123 2896 3220 2950 per
3241 2886 3580 2954 patriarchas
3627 2890 3808 2948 mitti-

2193 2961 2467 3015 strabatur
2493 2967 2874 3034 expendimus,
2904 2979 2956 3024 et
2989 2987 3187 3028 novum
3212 2978 3476 3044 cmpitnus
3517 2996 3800 3050 aquarum

2195 3057 2551 3112 Conversioue
2573 3059 2776 3126 libare,
2811 3063 2876 3118 de
2909 3066 3068 3120 novis
3098 3082 3314 3138 quoque
3351 3071 3556 3126 utribus
3606 3075 3804 3147 aliqua

495 3166 766 3218 cremare,
800 3151 845 3204 si
876 3148 1076 3205 Christi
1107 3151 1212 3205 sit?
1243 3159 1335 3204 aut
1361 3161 1634 3206 mortuum
1687 3150 1789 3208 nisi
1841 3161 2088 3206 mortuus
2115 3138 2160 3200 C
2192 3147 2566 3218 proferamus:
2601 3165 2660 3206 ut
2687 3155 2848 3224 quale
2875 3161 2944 3210 sit
2984 3159 3128 3226 quod
3179 3172 3501 3232 receperunt
3527 3206 3541 3230 ,
3601 3169 3672 3222 de
3727 3187 3806 3224 eo

493 3245 750 3318 sepelire,
777 3243 824 3299 si
850 3241 1066 3316 myrrha
1085 3243 1193 3312 jam
1221 3244 1322 3297 vivi
1348 3260 1400 3300 es
1414 3243 1464 3300 t?
1483 3243 1728 3314 Denique
1746 3255 1798 3300 et
1817 3258 1848 3297 a
1869 3243 2087 3298 diabolo

495 3337 641 3400 velut
669 3353 762 3408 per
791 3337 926 3390 hanc
951 3335 1111 3390 trittm
1137 3335 1308 3392 aleam
1343 3346 1666 3390 tesserarum
1689 3335 1948 3392 Dominus
1973 3336 2088 3404 ipse

495 3437 753 3486 tentatur.
783 3427 916 3486 Nam
967 3439 1021 3483 et
1050 3427 1378 3484 continentia
1426 3429 1480 3481 in
1515 3426 1676 3492 fame,
1733 3438 1787 3483 et
1815 3428 2001 3498 religio
2033 3429 2084 3482 in

495 3521 792 3584 adoranda,
826 3532 882 3590 et
912 3519 1018 3575 vita
1053 3520 1106 3576 in
1135 3520 1442 3590 pt'mcipitio
1473 3522 1827 3590 periclitatur.
1860 3522 1964 3579 Sed
2009 3522 2087 3578 fa-

493 3613 596 3669 cile
646 3625 842 3668 cuncta
899 3613 1199 3682 superavit,
1251 3612 1372 3684 quia
1408 3623 1637 3690 pateret
1680 3629 1773 3670 rex
1819 3615 2083 3670 bonorum

492 3706 734 3762 Omnium
769 3705 1172 3772 thesaurorum,
1208 3713 1264 3760 et
1290 3707 1548 3761 sacerdos
1577 3709 1937 3778 repositorum
1961 3719 2086 3766 ante

492 3799 687 3855 saecula
719 3799 1126 3870 mysteriorum,
1157 3808 1210 3854 et
1247 3801 1580 3856 resurrectio
1632 3799 1935 3857 destinatus
1991 3803 2088 3858 fuit

490 3900 848 3962 mortuorum.
875 3889 1012 3962 Magi
1035 3899 1212 3944 tamen
1243 3905 1308 3943 ex
1331 3890 1424 3945 illo
1454 3892 1788 3950 veterisvita:
1815 3893 2088 3964 reliquere

489 3986 757 4054 vestigia:
806 3999 1111 4054 novumque
1159 3983 1262 4036 iter
1305 3984 1574 4054 ingressi,
1621 3985 1773 4039 vacui
1829 3987 2081 4056 sarcinis,

487 4095 591 4134 non
615 4079 769 4132 vacui
795 4075 1197 4140 benedictione,
1229 4087 1617 4131 cantaverunt:
1641 4075 1938 4146 Revertere,
1964 4080 2076 4132 ani-

485 4187 572 4224 ma
599 4185 733 4235 mea,
763 4171 815 4222 in
844 4169 1248 4240 requiemtuam,
1277 4171 1400 4240 quia
1430 4168 1687 4224 Dominus
1708 4171 1954 4244 benefecit
1992 4173 2083 4226 (ibi

489 4261 510 4334 (
544 4259 746 4318 Psalm.
771 4275 918 4322 cxrv,
951 4259 1036 4330 7).
1069 4257 1180 4316 Nec
1209 4275 1316 4314 non
1377 4261 1466 4315 ille
1497 4263 1562 4314 ad
1613 4279 1771 4334 quem
1821 4265 2083 4322 Dominus

489 4353 769 4424 ingressus
800 4360 904 4418 est,
933 4351 1080 4406 onmi
1109 4351 1309 4406 dicitur
1338 4354 1598 4424 praeputio
1625 4355 1983 4414 circumcisus
2013 4361 2084 4414 vi-

490 4447 858 4501 tiorumznam
885 4455 939 4500 et
969 4443 1249 4502 dimidium
1274 4462 1342 4502 ex
1371 4447 1669 4503 substantia
1702 4465 1796 4504 sua
1837 4450 1929 4505 dat
1957 4468 2082 4524 ege-

2191 3241 2331 3311 quod
2357 3243 2457 3317 ipsi
2486 3245 2734 3300 redolent
2759 3251 3108 3312 a-stimemus.
3127 3253 3323 3314 Fervet
3345 3257 3562 3328 quidem
3579 3263 3806 3318 unifor-

2190 3335 2351 3390 miter
2382 3353 2476 3406 per
2501 3343 2739 3396 omnium
2767 3345 3139 3410 apostolorum
3169 3359 3372 3406 mentes
3403 3351 3578 3420 plenis
3607 3367 3806 3414 musto

2192 3429 2522 3495 peetoribus,
2550 3441 2602 3484 et
2632 3448 2939 3488 mensuram
2967 3453 3283 3508 corpoream
3315 3443 3598 3500 inundatio
3623 3448 3808 3516 spiri—

2190 3517 2350 3572 tualis
2376 3519 2667 3590 excedens,
2694 3524 3018 3584 ebrietatem
3051 3545 3156 3590 non
3180 3533 3316 3588 celat
3337 3535 3652 3604 gloriosam.
3681 3537 3807 3602 Nu-

2189 3609 2273 3666 bis
2295 3622 2470 3669 tamen
2504 3615 2570 3668 ab
2601 3616 2694 3672 illo
2717 3621 3176 3692 cstiucipiendum
3207 3641 3236 3678 a
3263 3642 3371 3696 quo
3403 3627 3696 3688 hauriendi
3719 3635 3808 3688 si-

2191 3705 2257 3758 tis
2286 3715 2367 3762 est
2399 3709 2648 3764 inchoata
2678 3729 2689 3762 :
2725 3723 2780 3766 ut
2814 3727 2879 3768 ex
2908 3714 3158 3772 desiderii
3189 3721 3580 3790 magnitudine,
3609 3739 3806 3792 sacra:

2187 3798 2474 3857 iol‘usionis
2499 3801 2890 3874 plenitudinem
2923 3807 3212 3864 doceamus
3238 3827 3302 3868 ex
3343 3830 3452 3870 uno
3491 3819 3636 3874 sitim
3687 3835 3801 3890 pa-

2190 3895 2344 3950 rilem
2377 3899 2650 3954 sociorum
2671 3945 2684 3964 ,
2717 3915 2824 3955 non
2857 3917 3022 3958 avara
3061 3905 3260 3970 divina;
3300 3909 3618 3970 sobrietatis
3651 3929 3802 3986 pro-

2189 3987 2446 4056 pinatam.
2483 3991 2622 4046 Ecce
2663 3993 2916 4066 inclytam
2949 3998 3316 4058 sodalitatem.
3357 4006 3662 4076 Augustum
3697 4025 3806 4066 ca-

2187 4091 2282 4150 put
2315 4082 2507 4138 Petrus
2538 4087 2764 4154 extulit,
2815 4093 2936 4144 novi
2980 4092 3204 4162 signifer
3251 4104 3561 4158 tcsuttneuti
3619 4115 3682 4160 et
3737 4107 3806 4164 in

2187 4177 2458 4232 creatione
2489 4181 2606 4254 ejus
2638 4183 2940 4250 primitivus
2972 4203 2982 4237 :
3016 4187 3151 4242 alius
3200 4191 3342 4258 quod
3398 4192 3518 4246 sine
3565 4194 3808 4256 dubita-

2188 4271 2334 4330 tione
2367 4271 2563 4344 loquor
2593 4274 2885 4342 Abraham,
2919 4279 3105 4334 nescio
3135 4295 3201 4335 an
3234 4282 3440 4352 major:
3466 4299 3618 4358 certe
3633 4291 3802 4358 quod

2186 4365 2361 4416 sentio
2391 4380 2496 4418 non
2530 4369 2822 4424 secundus.
2854 4370 2934 4426 illi
2979 4377 3261 4444 generatio
3305 4378 3450 4450 larga
3503 4382 3802 4454 promitti-

2187 4463 2297 4520 tur,
2327 4454 2454 4509 huic
2477 4461 2757 4528 generatio
2799 4465 3066 4532 pascendo
3121 4469 3496 4528 committitur.
3553 4473 3638 4528 Ab
3691 4477 3804 4534 illo

487 4541 594 4604 nis,
629 4549 682 4593 et
722 4539 765 4593 si
792 4537 878 4614 cui
900 4539 1026 4608 quid
1057 4537 1347 4610 fraudavit,
1385 4540 1564 4595 reddit
1595 4541 1646 4620 in
1695 4543 2074 4628 quadruplum,
2105 4530 2156 4592 D
2179 4545 2528 4614 justiﬁcanda
2559 4530 2856 4620 procedunt
2883 4575 2893 4606 ;
2918 4553 2968 4620 in
3005 4545 3417 4626 hocjustiiicata
3441 4563 3750 4626 fundantur
3783 4590 3800 4624 :

487 4629 580 4694 Ille
611 4631 795 4700 utique
819 4631 908 4697 qui
943 4629 1226 4704 Dominum
1259 4646 1362 4704 non
1391 4641 1600 4702 poterat
1627 4634 1813 4712 videre
1839 4625 1965 4710 dum
1998 4639 2080 4694 di-

480 4707 573 4778 ves
600 4735 764 4789 esset,
793 4724 893 4778 nisi
927 4736 1214 4800 p03tquam
1245 4723 1312 4779 de
1343 4733 1518 4794 terra,
1551 4727 1604 4780 in
1635 4743 1738 4798 qua
1767 4743 1862 4784 cor
1910 4731 2080 4800 ipsius

481 4815 766 4876 videbatur
791 4831 913 4870 esse
941 4833 1061 4870 cum
1096 4817 1370 4885 thesauro,
1395 4833 1742 4888 sycomorum
1762 4838 1864 4892 qua
1893 4825 2076 4886 Domi-

483 4925 584 4965 nus
605 4889 746 4964 esset
778 4910 1107 4964 transiturus
1135 4911 1399 4978 ascendit.
1429 4912 1579 4980 Tunc
1602 4913 1748 4970 velut
1774 4917 1842 4994 de
1873 4936 2074 4994 cogna-

483 5010 533 5055 ta
565 5003 888 5078 necessitate
914 5015 944 5054 a
1001 4999 1368 5078 cruciﬁgt-ndo
1423 5018 1746 5078 conspectus
1775 5013 1826 5066 in
1875 5015 2072 5076 arbore

480 5097 846 5166 cognoscitur,
882 5104 935 5151 et
968 5095 1107 5170 titius
1136 5095 1334 5170 dicitur
1360 5097 1614 5154 Abrahae.
1671 5099 1781 5166 Cur
1829 5105 2072 5186 dicitur?

481 5187 538 5243 Si
562 5197 708 5254 erat,
745 5179 1052 5266 testimonio
1105 5205 1211 5268 non
1268 5193 1478 5266 egebat.
1514 5191 1620 5270 Sed
1665 5200 1917 5268 quoniam
1964 5183 2068 5262 non

477 5296 668 5344 omnes
699 5291 855 5344 erant
885 5281 976 5337 ﬁlii
1003 5283 1259 5360 Abrahai,
1293 5273 1382 5354 qui
1412 5299 1534 5342 esse
1555 5288 1951 5364 credebantur:
1981 5298 2068 5362 hic

474 5374 542 5429 de
570 5389 736 5446 Opere
767 5376 1080 5444 agnoscitur
1104 5375 1266 5444 (ilius,
1299 5391 1405 5432 non
1436 5377 1504 5434 de
1530 5367 1688 5452 gente
1717 5400 1730 5437 :
1761 5394 1814 5440 et
1843 5388 2064 5458 virtute,

472 5479 578 5521 non
621 5465 688 5522 de
715 5467 999 5544 sanguine.
1035 5467 1128 5524 liae
1175 5468 1622 5538 circumcisiones
1651 5483 1776 5532 sunt
1827 5491 1967 5539 nota:
2004 5485 2072 5556 de

466 5557 896 5624 circumcisionis
923 5557 1140 5618 eﬂ'ectu.

2182 4641 2252 4694 ita
2282 4643 2420 4712 quod
2460 4643 2544 4696 ille
2570 4655 2772 4713 sperat,
2807 4647 2894 4702 hic
2915 4647 3129 4720 aet-ipit.
3163 4651 3242 4708 Illi
3273 4653 3472 4728 dicitur
3503 4675 3515 4710 :
3559 4656 3804 4718 Faciam

2183 4742 2230 4785 te
2260 4734 2312 4786 in
2339 4745 2538 4806 gentem
2565 4747 2806 4810 magnam
2838 4737 2990 4810 (ch.
3026 4759 3120 4811 xtt,
3144 4747 3203 4813 Ξ)
3229 4762 3243 4812 ;
3271 4746 3395 4810 huic
3418 4750 3650 4810 dicitur:
3673 4753 3808 4812 Fa-

2177 4825 2310 4878 ciam
2329 4834 2374 4879 te
2399 4827 2452 4880 in
2481 4828 2782 4898 piscatorem
2809 4830 3074 4888 hominum
3101 4835 3317 4910 (Matth.
3349 4855 3423 4908 tv,
3455 4841 3564 4914 19).
3593 4843 3678 4908 ΙΙΙὶ
3701 4849 3804 4904 dl-

2179 4915 2321 4970 citur
2354 4937 2364 4970 :
2395 4915 2462 4971 In
2483 4923 2678 4975 semine
2699 4931 2788 4975 tuo
2821 4924 3382 4998 benedicenturgomncs
3415 4948 3590 5004 gentes
3615 4937 3804 5008 (Gen.

2184 5025 2279 5079 xtt,
2315 5009 2394 5076 5);
2429 5012 2554 5069 huic
2574 5013 2771 5070 dicitur
2796 5034 2810 5071 :
2838 5015 3105 5075 Judicabis
3127 5023 3396 5080 duodecim
3419 5029 3804 5100 tribuslsracl

2185 5105 2402 5176 (Matth.
2431 5110 2678 5183 x1x,28).
2715 5113 2796 5166 Illi
2820 5113 3018 5172 dicitur
3059 5133 3073 5169 :
3129 5117 3197 5174 Ut
3243 5123 3411 5176 stella:
3461 5125 3556 5178 erit
3602 5101 3816 5196 semet;

2183 5211 2332 5256 tuum
2360 5202 2515 5275 (Gen.
2551 5221 2682 5268 xxtt.
2713 5209 2827 5278 l7);
2861 5209 2986 5270 huic
3014 5211 3213 5284 dicitur;
3242 5229 3257 5270 :
3291 5216 3407 5274 Tibi
3438 5219 3572 5282 dabo
3602 5223 3800 5294 claves

2179 5299 2588 5368 rcguicwlorum
2618 5303 2834 5374 (Matt/1.
2869 5321 2980 5372 xw,
3014 5307 3128 5380 59).
3163 5317 3238 5368 Ac
3271 5327 3366 5384 per
3395 5313 3518 5382 hoc,
3553 5317 3648 5374 ille
3672 5318 3802 5378 [(B-

2179 5393 2456 5450 cundilate
2485 5396 2708 5452 seminis
2733 5389 3004 5456 benedicti
3033 5403 3291 5478 impletur
3333 5423 3348 5462 :
3381 5407 3466 5466 hic
3505 5420 3634 5478 ante
3687 5429 3802 5482 se:-

2177 5501 2302 5560 men
2329 5489 2500 5556 ipsum
2535 5491 2996 5562 evangelizaturus
3041 5498 3348 5564 aSciscitur.
3397 5504 3634 5572 Abrahae
3675 5523 3798 5577 ιιι-υ

2177 5581 2304 5638 ﬁliis
2344 5582 2565 5658 claritas
2612 5597 2951 5660 monstratur
2982 5600 3286 5664 astrorum,
3321 5595 3418 5654 sed
3460 5597 3625 5660 Petro
3663 5609 3800 5662 tra-

533 5728 562 5760 ιι
589 5719 670 5780 Ab
699 5718 804 5780 hoc
823 5726 1033 5798 septem
1063 5733 1269 5798 vorsus
1293 5721 1686 5800 subsequentes
1729 5730 1784 5790 in
1831 5747 2033 5812 nupera
2069 5738 2200 5796 edit.
2245 5740 2643 5810 desiderantur.
