3926 6290
206 236 297 311 ωε

1077 230 1413 291 EPISTOLA
1451 233 1595 292 XIX.
1632 232 1728 291 DE
1757 232 1942 294 VERA
1973 233 2527 298 CIRCUMCISIONE.

3353 241 3463 299 sos
3485 198 3492 205 ’

203 350 377 406 duntur
395 358 549 419 regna
578 342 837 404 caelorum
871 356 886 400 :
916 345 1172 402 videlicet
1203 356 1260 403 ut
1291 348 1343 402 in
1373 362 1435 404 ea
1464 390 1480 415 ,
1514 349 1631 405 sine
1655 347 1760 404 Pe-
1786 352 1840 411 Α
1866 348 2171 422 hominum,
2205 370 2312 412 uno
2339 353 2519 413 tamen
2549 362 2863 429 contemptu
2891 371 3080 421 rerum
3129 358 3277 417 velut
3318 358 3462 416 falce

202 454 289 509 tro,
314 457 405 497 nec
431 440 518 495 filii
550 439 781 495 Abraba:
809 441 1019 511 possint
1049 441 1275 497 intrare.
1330 442 1426 497 llic
1473 458 1603 513 ergo
1654 458 1763 497 non

198 551 286 609 quo
303 534 636 591 circumcisus
664 534 732 588 sit
755 533 912 603 juxta
939 544 1154 603 gentem
1194 550 1349 589 suam
1397 534 1542 605 apud
1578 534 1764 589 Domi-

190 624 593 699 numggloriatur,
620 624 715 680 sed
746 624 879 679 dicit
912 641 926 678 :
957 623 1091 683 Ecce
1124 641 1215 679 nos
1240 624 1541 696 reliquimus
1563 627 1757 694 omnia,

197 704 395 777 “secuti
422 735 596 775 sumus
636 726 717 784 te,
750 718 872 789 quid
903 718 999 773 erit
1033 718 1179 772 nobis
1202 720 1219 790 (
1242 717 1428 773 Matth.
1471 735 1558 774 XIX
1578 761 1593 785 ,
1622 717 1763 789 27)?

198 817 305 883 Quae
326 823 445 869 sunt
473 813 572 868 ista
595 812 777 868 omnia
801 812 943 882 apud
974 826 1098 868 eum
1121 852 1135 875 ,
1178 812 1267 882 qui
1311 822 1508 881 praeter
1562 812 1763 867 instru-

199 917 403 964 mentum
429 904 563 960 artis
593 903 907 976 piscatoriae.
941 904 1074 959 nihil
1112 904 1379 959 habebat?
1430 904 1641 972 omnia,
1682 903 1764 958 in-

194 1000 301 1071 quit,
331 998 510 1069 utique
536 1012 657 1068 qua:
680 996 747 1051 ad
778 996 1252 1069 concupiscentias
1277 996 1509 1052 mundus
1542 995 1759 1066 ingerit,

193 1108 289 1165 qua:
310 1091 559 1162 praeputia
586 1100 813 1162 possunt
837 1091 941 1145 dici
960 1132 976 1158 ,
1001 1090 1047 1145 si
1078 1099 1476 1159 congregantur
1511 1091 1577 1143 ad
1613 1089 1763 1145 leno-

194 1185 306 1239 cinia
335 1182 536 1253 peccati
563 1199 575 1236 :
606 1199 725 1253 quae
750 1182 1126 1238 vehementius
1152 1181 1493 1252 praecidenda
1545 1195 1763 1235 succre-

194 1286 342 1343 scnnt,
372 1277 411 1330 si
440 1291 568 1331 cum
600 1286 868 1347 proventu
906 1277 1150 1332 mentitae
1209 1276 1484 1331 felicitatis
1534 1275 1761 1330 adulan-

197 1379 305 1425 tur:
342 1371 761 1440 ioterioremque
817 1370 958 1424 illam
1004 1371 1206 1426 mentis
1254 1379 1459 1425 nostrae
1508 1380 1760 1424 naturam

198 1466 563 1520 circumvestire
585 1464 865 1519 nituntur:
900 1473 956 1518 ut
984 1463 1288 1533 majoribus
1311 1462 1555 1518 tenebris
1586 1463 1759 1531 ipsum

198 1560 325 1613 etiam
350 1557 485 1629 quod
516 1557 674 1612 nobis
694 1572 790 1626 pro
823 1556 1027 1612 lumine
1049 1557 1233 1610 datum
1257 1565 1362 1625 est,
1397 1557 1757 1612 tenebrescat.

198 1648 367 1713 Omnia,
394 1650 567 1719 inquit
592 1648 909 1719 Apostolus,
940 1649 1244 1719 reliquimus
1264 1691 1279 1713 ,
1314 1657 1361 1703 et
1392 1649 1556 1704 secuti
1584 1666 1762 1704 sumus

1869 445 2202 523 succideret.

1944 532 2132 591 XVIII.
2171 538 2235 593 Et
2270 539 2525 609 quoniam
2567 540 2701 598 satis
2732 540 3056 614 abundeque
3111 544 3357 616 exempla
3408 554 3465 603 et

1864 638 2110 685 veterum
2134 632 2465 702 protulimus
2488 645 2542 689 et
2580 649 2870 703 novorum,
2904 636 3215 707 mentisque
3243 652 3463 693 cursum

1866 736 1935 777 ne
1963 723 2110 777 velut
2140 740 2284 779 caeca
2312 735 2473 781 nocte
2500 726 2569 781 ad
2604 726 2921 797 ignorantiae
2947 730 3208 799 scopulos
3242 730 3467 791 deveni-

1868 822 1975 879 ret,
2006 826 2318 871 sanctorum
2351 816 2677 887 imaginibus
2701 819 2851 889 quasi
2882 834 2978 891 per
3004 835 3317 879 sermonem
3341 824 3465 880 cceli

1866 905 2122 961 notandis
2144 907 2418 962 sideribus
2450 909 2804 965 instruximus
2861 927 2875 965 :
2921 928 3066 968 nunc
3114 928 3178 968 ex
3228 915 3464 973 obscuro

1867 998 2045 1052 noctis
2078 1000 2307 1069 egressi,
2338 1016 2445 1055 non
2473 1001 2647 1056 solum
2680 1002 2823 1057 diem
2856 1012 2912 1058 et
2937 1004 3131 1070 solem,
3165 1005 3263 1061 sed
3294 1007 3463 1074 ipsius

1867 1090 1996 1143 solis
2025 1101 2079 1144 et
2109 1090 2334 1144 luminis
2366 1092 2570 1159 lumen,
2606 1093 2706 1148 sub
2734 1110 2839 1163 quo
2887 1097 3057 1150 errari
3100 1111 3205 1153 non
3257 1106 3457 1168 potest,

1866 1181 2318 1250 contemplemur.
2348 1181 2570 1237 Illorum
2601 1184 2746 1239 enim
2772 1186 2969 1256 quierit
3004 1187 3116 1256 ipsa
3168 1187 3460 1245 multitudo

1861 1272 2149 1342 judicium,
2179 1282 2231 1327 et
2263 1278 2313 1328 in
2340 1276 2497 1346 copia
2532 1276 2848 1343 formarum,
2886 1294 3112 1335 necesse
3142 1290 3224 1335 est
3250 1289 3309 1336 ut
3330 1298 3462 1338 eve-

1867 1366 1978 1419 niat
2001 1366 2230 1421 subinde
2259 1368 2559 1422 similitudo
2593 1370 2929 1424 flammarum
2960 1390 2972 1437 ;
3021 1382 3081 1425 ut
3107 1386 3251 1443 saepe
3283 1373 3459 1429 nautis

1866 1458 2091 1513 confuse
2118 1460 2368 1514 attonitis
2397 1475 2495 1529 per
2528 1476 2805 1530 pavorem,
2832 1470 2889 1516 ut
2916 1462 3105 1519 lucifer
3132 1479 3413 1535 vesperum
3442 1509 3460 1535 ,

1866 1559 1922 1605 et
1950 1566 2142 1621 vesper
2176 1551 2459 1607 luciferum
2491 1554 2780 1607 mentiatur
2816 1571 2828 1608 :
2881 1556 3012 1609 solis
3045 1556 3165 1611 sine
3201 1556 3461 1613 societate

1868 1644 2023 1716 parili
2056 1644 2167 1698 sola
2195 1656 2275 1699 est
2306 1644 2573 1701 claritudo
2601 1646 2844 1700 miranda
2869 1687 2884 1711 ,
2916 1661 3037 1701 eum
3082 1647 3243 1704 dubia
3298 1650 3459 1704 etiam

191 1751 243 1794 te.
273 1741 319 1795 ln
348 1740 505 1796 fidem
538 1741 740 1797 veteris
771 1741 1003 1810 exempli
1030 1752 1288 1808 nepotum
1316 1742 1489 1796 virtus
1513 1750 1619 1794 tam
1637 1756 1757 1795 sera
1790 1741 1836 1800 Β
1865 1738 1964 1792 sub
1989 1738 2178 1791 nubilo
2209 1753 2236 1791 a
2270 1738 2627 1795 similitudine
2648 1740 2718 1794 sit
2744 1739 3015 1793 vindicata
3046 1741 3090 1795 si
3133 1742 3330 1810 paruit.
3385 1746 3461 1799 Ac

188 1849 317 1905 quam
350 1833 504 1902 mira,
537 1848 633 1901 per
656 1832 981 1903 discipulum
1000 1833 1415 1903 primogenitum
1434 1833 1759 1903 novaajusti-

188 1925 416 1980 litationis
447 1926 657 1995 aspirat
684 1942 697 1977 :
730 1934 785 1981 et
806 1925 1281 1981 obsolescentibns
1305 1924 1415 1995 jam
1442 1939 1583 1995 pene
1623 1925 1763 1979 ima-

189 2017 369 2087 ginibus
426 2015 680 2073 veritatis
705 2059 721 2085 ,
770 2017 1046 2073 Abraham
1101 2019 1432 2074 reformatur
1461 2018 1515 2073 in
1543 2017 1708 2073 Petro
1742 2034 1755 2068 :

189 2112 332 2167 omnia
358 2127 415 2168 se
444 2110 738 2183 reliquisse
768 2120 1001 2167 testatur
1031 2130 1043 2167 :
1078 2127 1185 2168 non
1229 2112 1281 2167 in
1332 2112 1443 2167 alto
1486 2111 1712 2167 ﬂuctuat
1740 2152 1757 2179 ,

188 2208 293 2260 artis
317 2223 435 2262 cura
461 2224 571 2262 non
604 2209 832 2277 geritur,
868 2222 965 2265 nec
988 2222 1179 2263 socrus
1209 2223 1352 2278 aegra
1387 2208 1503 2264 sine
1528 2208 1759 2262 Domino

188 2300 419 2353 visitatur.
455 2300 651 2355 Omnis
682 2300 975 2369 singularis
1027 2301 1126 2354 viri
1174 2299 1392 2355 :lleclus
1443 2301 1497 2355 in
1544 2300 1760 2354 Christo

186 2400 271 2456 est,
298 2391 426 2446 hunc
454 2392 709 2461 sequitur
736 2391 1055 2447 substantizc
1084 2392 1627 2463 contemptor,studii
1659 2407 1757 2448 ne-

186 2485 381 2557 gligens,
404 2485 691 2541 afﬁnitatis
715 2486 920 2541 oblitus
953 2504 965 2539 :
996 2495 1049 2541 et
1082 2486 1135 2542 id
1165 2487 1310 2556 quod
1343 2486 1576 2541 Abrahae
1599 2494 1661 2541 ut
1685 2487 1760 2541 fa-

185 2589 308 2634 ceret
332 2580 655 2650 imperatnm
687 2589 793 2645 est,
822 2579 909 2636 hic
930 2579 1041 2648 jam
1074 2579 1265 2636 fecisse
1304 2593 1412 2635 non
1459 2580 1601 2635 celat
1630 2599 1643 2633 :
1671 2580 1757 2635 vi-

186 2672 352 2729 delicet
378 2686 433 2728 ut
463 2674 630 2730 simili
668 2674 1083 2729 circumcisione
1139 2674 1277 2727 sicut
1317 2673 1535 2728 virtutis
1583 2673 1759 2727 hzcres

183 2778 269 2829 est,
292 2766 373 2821 fiat
404 2769 582 2823 haeres
613 2776 667 2823 et
698 2766 907 2838 gloriae.
941 2767 1128 2821 Unrnia
1156 2810 1171 2835 ,
1205 2766 1411 2837 inquit,
1457 2766 1760 2836 reliquimus

184 2870 224 2911 et
247 2861 389 2913 secuti
414 2878 598 2914 sumus
622 2871 691 2923 te,
725 2861 847 2925 quid
869 2861 964 2912 erit
993 2860 1182 2915 nobis?
1211 2860 1329 2916 Iloc
1349 2868 1432 2915 est
1460 2860 1760 2926 dicere,to-

185 2952 239 3006 tis
267 2952 380 3009 vita:
408 2954 608 3021 prioris
643 2953 792 3006 vitiis
829 2952 1101 3008 desecatis
1136 2992 1153 3018 ,
1204 2953 1257 3006 in
1306 2952 1475 3006 forma
1521 2953 1658 3006 utris
1705 2953 1757 3007 in

184 3047 350 3113 pruina
371 3047 627 3115 jacentis,
661 3045 791 3100 dum
818 3056 871 3100 te
900 3062 1121 3116 sequor,
1144 3046 1332 3101 exarui
1374 3064 1386 3100 :
1423 3045 1665 3116 nihilque
1705 3045 1757 3101 in

1867 1846 1966 1902 per
1986 1832 2088 1887 hoc
2116 1834 2411 1887 etiamnum
2440 1832 2721 1898 Dominus,
2745 1836 2998 1905 quoniam
3018 1849 3237 1890 carnem
3270 1851 3458 1907 sump-

1865 1926 1956 1992 sit,
1987 1934 2040 1980 et
2071 1924 2233 1980 homo
2260 1941 2381 1982 esse
2410 1926 2662 1997 dignatus
2707 1934 2791 1981 est
2817 1970 2830 1994 ,
2876 1928 3079 1998 aliquid
3127 1930 3231 1987 tale
3272 1931 3462 1986 fecerit

1863 2019 2204 2087 requiramus
2236 2037 2248 2072 :
2279 2028 2334 2095 ut
2356 2019 2503 2073 velut
2525 2021 2696 2074 solem
2731 2020 2832 2075 sub
2863 2020 3075 2090 nubilo,
3112 2023 3184 2077 ita
3212 2023 3314 2079 sub
3337 2037 3458 2092 spe-

1864 2111 1946 2165 cie
1975 2110 2247 2180 corporali
2280 2109 2520 2165 etiamid
2560 2110 2700 2181 quod
2754 2112 3041 2166 radiaverit
3077 2114 3410 2170 admiremur
3443 2134 3455 2170 :

1862 2201 2137 2272 aliumque
2185 2204 2361 2272 potius
2406 2217 2743 2272 opponamus
2795 2219 2953 2273 quam
3008 2205 3183 2276 ipsum
3240 2208 3461 2266 aliunde

1863 2296 2162 2365 sumpsisse
2187 2296 2492 2351 credamus.
2512 2295 2684 2363 Quem
2712 2308 2892 2351 autem
2918 2296 3105 2366 alium,
3128 2314 3225 2368 pro
3259 2302 3360 2356 fide
3378 2300 3460 2355 di-

1862 2388 1987 2447 vina
2012 2390 2352 2460 humanaque
2375 2390 2427 2444 in
2462 2390 2563 2445 hoc
2590 2392 2773 2446 saeculi
2808 2391 2995 2460 pelago
3018 2408 3309 2464 numquam
3338 2397 3459 2451 sine

1863 2490 2011 2535 metu
2045 2481 2309 2551 naufragii
2343 2482 2677 2553 navigantes,
2711 2482 2776 2536 1rd
2819 2483 3157 2553 dirigendum
3212 2486 3457 2544 veritatis

1863 2589 2080 2630 cursum
2113 2592 2429 2648 sequemur,
2457 2592 2617 2645 quam
2642 2576 2791 2631 illum
2817 2578 2930 2648 qui,
2979 2578 3212 2634 disclusa
3248 2583 3460 2649 penitus

1864 2668 2136 2738 parilitate
2157 2668 2262 2733 sui,
2289 2668 2439 2723 solos
2469 2667 2631 2723 etiam
2661 2684 2782 2724 cum
2824 2684 2925 2740 pro
2965 2671 3122 2727 nobis
3170 2672 3226 2728 in
3276 2684 3461 2729 nostra

1863 2775 2028 2816 carne
2054 2762 2395 2830 obscuratur,
2428 2762 2725 2818 immensus
2746 2764 2869 2819 est?
2896 2765 2999 2830 Qui
3030 2780 3133 2821 nec
3161 2767 3214 2821 in
3248 2769 3466 2825 nomine

1863 2867 2040 2928 potest
2086 2858 2283 2922 celari,
2316 2857 2441 2912 dum
2478 2857 2817 2912 mortalitatis
2871 2868 3117 2915 naturam
3159 2860 3460 2915 substantia

1863 2949 2163 3005 divinitatis
2192 2959 2486 3020 exsuperat
2513 2968 2525 3005 :
2557 2951 2653 3019 qui
2682 2966 2785 3006 non
2818 2951 3176 3017 elementum,
3208 2954 3301 3007 sed
3350 2954 3459 3009 vir-

1867 3053 1953 3099 tus
1981 3045 2369 3099 elementorum
2394 3053 2506 3098 est:
2541 3044 2590 3097 in
2620 3060 2727 3115 quo
2752 3056 2997 3099 tenemus
3024 3046 3232 3100 initium
3256 3056 3309 3100 et
3334 3062 3461 3103 con—

184 3134 269 3191 hoc
296 3138 492 3192 mundo
524 3149 720 3207 przeter
751 3148 803 3193 te
833 3181 847 3205 ,
891 3154 1001 3208 quo
1034 3138 1245 3209 impleri
1295 3153 1550 3209 cuperem
1582 3139 1718 3208 elegi
1744 3157 1756 3193 :
1789 3132 1836 3195 C
1866 3137 2351 3192 summationemet
2380 3136 2724 3191 medietatem
2748 3138 2988 3193 omnium
3015 3153 3030 3191 :
3063 3154 3157 3207 per
3177 3156 3336 3208 quem
3366 3155 3457 3195 so-

183 3230 318 3297 cujus
341 3247 441 3285 non
474 3232 678 3286 frustra
710 3232 1024 3301 hujusmodi
1044 3232 1261 3287 siccitas
1303 3232 1477 3287 sancti
1523 3232 1759 3304 Spiritus

184 3323 411 3381 ubertate
443 3333 709 3394 pensatur
738 3342 753 3383 :
788 3340 884 3395 per
913 3340 1074 3395 quam
1108 3325 1426 3381 ebrietatem
1458 3340 1610 3381 nova:
1639 3341 1761 3397 gra-

185 3415 258 3470 ti:e
283 3417 331 3470 in
360 3435 416 3473 se
437 3417 739 3488 Apostolus
772 3419 913 3488 ipse,
964 3418 1090 3473 dum
1130 3418 1328 3489 linguis
1357 3417 1658 3499 infidelqu
1682 3419 1763 3473 in-

182 3504 414 3575 famatur,
445 3512 691 3581 agnovit.
735 3510 843 3567 Sed
900 3518 956 3567 et
1002 3511 1184 3566 caeteri
1233 3510 1466 3581 apostoli
1517 3510 1759 3581 ejusdem

184 3607 328 3657 musti
348 3620 675 3674 sputnavere
708 3603 948 3673 fervore,
979 3613 1035 3660 et
1059 3607 1221 3660 unius
1248 3605 1532 3677 botryonis
1572 3620 1763 3677 super-

183 3693 349 3750 ﬂuenti
380 3697 643 3752 maduere
669 3698 965 3763 vindemia,
987 3699 1080 3768 qui
1106 3707 1284 3753 tamen
1318 3699 1370 3754 in
1393 3700 1615 3755 odorem
1645 3700 1763 3769 ejus

184 3792 400 3845 nectaris
437 3792 504 3846 ad
539 3791 685 3845 beati
715 3790 861 3847 Petri
920 3792 1334 3848 similitudinem
1378 3801 1759 3851 cucurrerunt.

181 3880 361 3952 Aspice
393 3885 518 3940 illos
544 3886 825 3955 geminum
857 3885 1011 3942 sidus
1041 3888 1093 3941 in
1126 3886 1289 3942 terris
1314 3929 1329 3951 ,
1365 3902 1467 3943 nec
1493 3888 1764 3943 incassum

183 3976 383 4029 tonitrui
425 3976 569 4031 filios
601 3986 967 4047 nuncupatos,
1000 3980 1273 4050 cymbam,
1305 3978 1501 4047 linum,
1531 3990 1767 4050 patrem-

180 4080 273 4135 que
295 4070 639 4132 desercntes,
675 4086 773 4126 nec
798 4070 974 4126 victus
1024 4074 1390 4130 sollicitudine
1419 4074 1763 4146 dubitantes,

180 4176 267 4216 nec
286 4163 448 4217 ofﬁcii
481 4164 671 4219 usibus
703 4164 1066 4233 inhaerentes,
1100 4181 1201 4222 nec
1233 4176 1558 4235 potestatem
1587 4178 1769 4237 pater-

178 4267 291 4307 nam
324 4266 664 4323 reverentes,
694 4267 937 4326 sumptu,
963 4259 1651 4327 negotiatione,aﬂ‘ectioue
1678 4276 1767 4315 ca-

178 4355 391 4403 stratos.
422 4350 560 4415 Quid
594 4351 738 4405 aliud
766 4354 953 4421 utique
982 4368 1141 4421 quam
1192 4362 1383 4408 natura
1431 4354 1618 4410 smculi
1664 4356 1769 4411 cir-

177 4441 439 4497 cumcisus
468 4452 648 4510 veste,
672 4444 842 4498 fluctu
869 4444 1040 4510 arida,
1073 4461 1235 4500 manu
1270 4444 1412 4502 sicca
1448 4462 1559 4503 aere
1588 4488 1603 4514 ,
1646 4462 1767 4503 cor-

1866 3228 1975 3283 lum
2000 3230 2129 3283 solis
2153 3240 2204 3283 et
2234 3231 2357 3283 anni
2384 3245 2571 3283 cursus
2597 3239 2742 3298 sunt,
2773 3240 2828 3285 et
2850 3231 3128 3286 Stellarum
3153 3232 3463 3303 dlSleslllO‘

1868 3335 1986 3381 nes,
2022 3320 2287 3374 mensium
2316 3335 2530 3390 quoque
2563 3324 2893 3375 mutationes
2921 3340 2933 3374 :
2957 3309 3210 3393 quoniam
3255 3327 3308 3381 in
3344 3328 3461 3397 ipso

1866 3425 2037 3470 cetera
2067 3420 2403 3481 transierunt,
2435 3426 2483 3469 et
2506 3417 2645 3483 facta
2667 3425 2790 3470 sunt
2819 3417 2992 3471 omnia
3015 3434 3145 3472 nova
3200 3420 3219 3489 (
3246 3420 3288 3475 ll
3338 3420 3459 3476 Cor.

1868 3524 1925 3575 v,
1958 3508 2070 3581 17).
2106 3508 2175 3563 Ει
2205 3524 2330 3565 cum
2359 3523 2636 3578 magorum
2686 3510 2789 3563 iter
2828 3509 2946 3578 ejus
2990 3510 3146 3565 stella
3198 3510 3415 3567 duxerit
3445 3553 3462 3581 ,

1871 3602 2001 3675 quid
2035 3602 2233 3658 mirum
2256 3603 2382 3669 erit,
2414 3604 2456 3657 si
2488 3619 2589 3659 nos
2616 3619 2829 3674 quoque
2852 3613 3126 3676 gestorum
3158 3605 3276 3676 ejus
3304 3607 3464 3663 clari-

1868 3694 2125 3761 tas,vclut
2159 3693 2278 3766 ipso
2306 3694 2561 3751 thesauro
2588 3696 2835 3752 immensi
2866 3698 3091 3769 fulgoris
3110 3700 3462 3755 instruxerit?

1869 3788 2051 3859 Atque
2080 3789 2282 3843 utinam
2314 3788 2383 3843 ad
2416 3798 2618 3844 certam
2656 3790 2930 3846 dationcm
2968 3792 3103 3847 tanti
3153 3793 3460 3860 splendoris

1869 3889 1925 3937 et
1951 3880 2524 3957 lttminis,.nostrorum
2550 3884 2831 3938 oculorum
2849 3893 3123 3940 avertatur
3142 3886 3424 3941 inﬁrmitas
3444 3908 3460 3945 :

1869 3984 1930 4031 ut
1960 3975 2054 4031 ille
2080 3990 2140 4031 se
2172 3975 2520 4031 subtraheret
2547 3985 2603 4031 et
2631 3986 2854 4046 negaret
2879 4018 2895 4044 ,
2940 3977 3156 4048 inquis?
3185 3996 3291 4035 non
3310 4024 3324 4047 ,
3360 3982 3460 4037 sed

1869 4069 2048 4142 palam
2076 4069 2329 4124 omnibus
2370 4069 2609 4125 etelestis
2638 4070 2896 4140 splendor
2936 4080 3225 4143 appareret
3258 4092 3269 4127 :
3297 4076 3463 4133 modo

1869 4164 1935 4219 ad
1955 4180 2074 4219 eum
2090 4178 2292 4235 sequax
2324 4178 2479 4220 mens
2506 4164 2678 4220 amica
2708 4165 2984 4221 voluntate
3012 4178 3381 4236 convertatur,
3405 4172 3461 4228 in

1870 4257 1989 4312 solo
2021 4256 2255 4312 inveniet
2280 4256 2671 4327 plenitudinem
2709 4274 2869 4330 quam
2914 4262 3159 4331 guttatim
3198 4278 3293 4331 per
3344 4267 3459 4319 sin-

1868 4349 2024 4421 gulos
2050 4348 2361 4420 colligebat.
2386 4348 2595 4404 Octavo
2626 4349 2715 4405 die
2736 4350 3164 4417 circumciditur,
3216 4368 3246 4409 a
3289 4365 3463 4413 matre

1870 4442 2055 4511 utique
2082 4442 2231 4511 quasi
2263 4443 2421 4497 homo
2442 4441 2531 4511 qui
2557 4441 2855 4509 promissus
2880 4440 3055 4497 fuerat
3077 4443 3179 4515 ipsi
3206 4444 3462 4515 Abrahae,

178 4533 257 4597 de,
291 4539 491 4607 pietate
518 4554 626 4592 non
662 4538 851 4593 molli:
886 4538 1029 4595 nudo
1068 4538 1233 4595 etiam
1260 4540 1328 4595 de
1367 4540 1545 4595 navali
1580 4551 1762 4609 parata
1797 4520 1842 4583 υ
1869 4550 1989 4592 cum
2022 4535 2089 4590 de
2113 4536 2527 4591 circumcisione
2552 4535 2838 4590 doceretur
2861 4578 2876 4602 ,
2930 4536 3143 4593 dicente
3184 4538 3417 4596 Domino
3448 4560 3461 4595 :

182 4629 402 4700 reStigio
424 4632 447 4683 7
471 4630 650 4685 Credo
676 4630 740 4686 ad
765 4647 884 4685 eam
919 4630 1168 4699 formam,
1195 4633 1308 4703 jam
1337 4643 1463 4689 tunc
1490 4644 1545 4690 et
1568 4635 1762 4706 Moysi,

181 4734 230 4779 ut
262 4727 458 4795 pedum
492 4726 731 4783 solveret
763 4728 996 4796 vincula,
1035 4739 1360 4800 prmceptum
1406 4740 1491 4786 cst
1530 4748 1543 4783 :
1598 4731 1767 4796 Quam

177 4822 390 4888 speciosi
414 4822 565 4891 pedes
586 4824 1049 4893 euangelizandum
1064 4841 1241 4895 pacem
1267 4824 1446 4892 (Rom.
1468 4841 1521 4889 x,
1553 4826 1664 4896 15)!
1705 4827 1769 4881 Et

180 4912 293 4967 ideo
324 4930 431 4968 non
460 4924 590 4968 sunt
621 4914 845 4969 velanda
866 4932 986 4984 qua:
1010 4916 1231 4985 pulchra
1253 4926 1378 4971 sunt
1401 4918 1454 4972 in
1474 4926 1767 4985 conspectu

180 5001 432 5069 Domini,
480 5020 582 5062 nec
627 5005 856 5061 mortuis
908 5008 1188 5063 vestienda
1241 5024 1363 5079 quae
1415 5008 1525 5064 vita
1569 5007 1767 5078 diligit.

178 5097 328 5154 llnnc
363 5116 549 5155 rursus
577 5101 806 5172 respicit
842 5100 909 5157 de
938 5101 1151 5157 teloneo
1190 5102 1535 5171 publicanum
1566 5143 1583 5169 ,
1626 5118 1772 5171 quie-

180 5199 314 5246 stum
343 5192 717 5257 damnantem,
747 5192 1195 5248 censuetudinem
1220 5202 1587 5264 respuentem,
1607 5203 1773 5250 etno-

179 5297 296 5336 men
326 5294 478 5337 actus
508 5284 636 5340 fidei
668 5285 888 5340 nomine
918 5292 1376 5352 commutantem,
1414 5293 1474 5340 ut
1502 5285 1571 5340 ab
1600 5285 1775 5340 omni-

180 5376 278 5431 bus
306 5378 527 5433 omnino
552 5394 660 5435 non
693 5395 819 5446 pars
840 5382 1089 5449 corporis
1111 5423 1126 5447 ,
1178 5380 1273 5436 sed
1322 5391 1511 5435 natura
1554 5394 1774 5449 prorsus

183 5468 379 5539 iniqua:
408 5471 821 5527 consuetudinis
847 5472 1160 5528 circumcisa
1187 5482 1541 5527 monstretur.
1576 5473 1771 5526 Totum

181 5563 420 5620 dicerem
447 5583 599 5622 novcc
627 5568 927 5623 vocationis
955 5584 1184 5623 examen
1209 5610 1223 5633 ,
1281 5567 1382 5621 ιιίκί
1426 5568 1479 5622 in
1510 5566 1776 5622 similibus

181 5659 562 5727 convenirent,
588 5672 643 5716 et
671 5661 918 5717 eamdem
950 5648 1207 5715 virtu-tem
1241 5658 1468 5714 haberet
1490 5660 1777 5715 diversitas

182 5758 565 5822 personarum,
595 5762 951 5825 naturamque
976 5751 1306 5809 mundialem
1332 5751 1622 5809 multitudo
1652 5751 1778 5809 licet

1875 4627 2058 4682 Et‘erit
2077 4636 2437 4681 testamentum
2458 4643 2625 4680 meum
2654 4628 2706 4680 in
2740 4642 2893 4680 carne
2918 4636 3084 4682 vestra
3104 4628 3157 4683 in
3186 4638 3461 4687 tutamen.

1875 4727 1927 4773 to
1952 4729 2141 4774 interno
2167 4717 2320 4785 (Gen.
2353 4734 2481 4779 xvu.
2520 4718 2630 4788 ll).
2662 4719 2754 4773 Dei
2785 4722 3241 4780 testamentumin
3274 4738 3463 4782 nostra

1874 4825 2039 4868 carne
2068 4826 2209 4876 esse,
2236 4810 2464 4863 Domino
2488 4808 2541 4863 in
2575 4818 2757 4864 nostra
2807 4825 2968 4867 carne
3001 4812 3259 4887 dignante
3285 4858 3299 4882 ,
3343 4817 3465 4885 quis

1874 4901 2122 4960 dubitat?
2152 4901 2394 4971 Illndque
2421 4909 2803 4956 testamentum
2828 4913 3091 4960 aeternum
3118 4906 3465 4976 videri,un

1876 4996 1989 5053 cith
2009 4996 2104 5051 tris
2127 5005 2181 5052 et
2210 4996 2481 5067 psalteriis
2515 4996 2857 5065 psallerctur.
2888 4998 3054 5067 Cujus
3096 4999 3175 5053 rei
3208 5000 3466 5065 quoniam

1878 5090 2092 5160 prolixa
2124 5098 2210 5144 est
2240 5088 2537 5157 disputatio
2562 5130 2578 5153 ,
2629 5096 2685 5142 et
2731 5092 3036 5145 necessaria
3086 5088 3305 5147 videtur
3348 5108 3473 5150 esss

1879 5185 2235 5248 transcursio,
2263 5198 2332 5238 ne
2362 5196 2459 5252 per
2496 5198 2768 5238 ramorum
2811 5182 3021 5251 copiam
3077 5184 3246 5241 robur
3296 5186 3470 5257 ipsum

1881 5278 2173 5351 pr0posita:
2205 5274 2447 5330 materia:
2472 5273 2858 5343 derelinquens
2890 5314 2905 5339 ,
2953 5274 3272 5346 incastigata
3324 5286 3472 5333 erret

1880 5371 2073 5429 effusio
2102 5388 2115 5424 :
2173 5369 2474 5438 praasertim
2501 5382 2627 5423 cum
2657 5366 2788 5420 mihi
2818 5365 3096 5423 dilficilins
3121 5370 3193 5423 sit
3224 5379 3470 5423 naturam

1882 5467 1999 5534 ejus
2040 5462 2269 5533 implere
2325 5474 2484 5529 quam
2516 5473 2802 5529 quaerere,
2852 5470 2905 5512 et
2955 5461 3089 5515 satis
3144 5459 3473 5527 superfluum

1883 5555 2240 5614 maerentibus
2300 5551 2541 5607 brachiis
2600 5550 2872 5615 laborare,
2921 5567 3247 5621 quamquam
3304 5552 3475 5621 ipsam

1884 5653 2165 5709 materiam
2197 5648 2525 5719 gracilenon
2548 5654 2819 5701 sustentet
2843 5647 3114 5714 ingenium
3151 5662 3163 5696 :
3198 5656 3251 5699 et
3278 5660 3473 5700 neces-

1882 5748 2086 5811 sarium
2116 5759 2253 5816 pene
2280 5740 2372 5812 sit,
2403 5750 2463 5799 ut
2492 5748 2548 5799 et
2588 5737 3043 5812 diSptttatimtibus
3071 5737 3342 5810 aliquibus
3366 5740 3471 5799 ait“
