4030 6294
441 230 551 293 907

1464 213 1524 275 S.
1567 209 1952 272 HIERONYMI
1990 206 2277 271 OPERUM
2317 206 2689 268 MANTlSSA.
3039 199 3063 245 ³

3638 190 3744 255 208

442 342 849 412 cumcidamur,
873 339 1001 396 dum
1022 337 1091 393 de
1111 330 1525 390 circumcisione
1552 338 1864 396 tractamus,
1884 343 2054 400 quan-
2079 329 2134 392 Α
2157 330 2318 385 etiam
2352 328 2541 384 beatus
2567 323 2764 382 Paulus
2789 317 3088 378 Ecclesiam
3122 313 3484 381 circumcidit,
3514 310 3699 412 dicens
3725 329 3743 366 :

448 442 521 497 do
550 439 709 496 nobis
729 437 796 493 ad
818 430 1181 492 excusandam
1210 429 1372 485 etiam
1397 426 1727 497 imperitiam
1767 433 2011 480 nostram
2034 463 2050 488 ,

454 532 925 606 opportunitatem
956 524 1199 582 materia:
1222 523 1393 594 ipsius
1418 528 1641 592 praestet
1666 518 1981 575 auctoritas.

520 624 849 695 XlXJgitur
871 619 938 676 ad
968 618 1302 691 propositum
1325 614 1638 679 redeuntes,
1659 613 2057 682 interrogemus

450 720 627 791 ipsum
645 713 919 771 hominem
950 725 1111 766 suum
1136 728 1149 763 :
1176 724 1301 764 nam
1326 706 1395 763 de
1422 706 1651 762 Domino
1680 703 2055 775 loquebamur,

450 814 572 885 ipso
600 810 692 883 qui
733 816 850 864 erat
892 806 947 861 in
994 803 1215 885 homine
1252 800 1578 858 circumciso
1602 841 1617 865 ,
1670 813 1790 854 cum
1829 797 1940 866 jam
1973 809 2060 850 se-

453 904 692 961 cundum
736 902 911 971 legem
954 896 1313 953 circumcisus
1368 892 1699 959 haberetur,
1761 888 1958 945 clamat
2002 896 2062 943 ut

449 995 784 1066 evangelista
813 999 1042 1048 testatur
1074 1007 1088 1044 :
1127 986 1321 1059 Vulpes
1343 990 1515 1058 foveas
1543 984 1733 1037 habent
1757 991 1808 1036 et
1831 981 2062 1035 volucres

451 1092 565 1147 caeli
587 1091 738 1145 nidos
760 1104 907 1154 suos,
936 1086 1024 1140 ubi
1048 1084 1366 1155 requiescant
1400 1100 1416 1135 :
1448 1079 1497 1135 F
1501 1079 1620 1135 ilius
1639 1088 1811 1133 autent
1838 1076 2063 1132 hominis

450 1202 558 1241 non
580 1183 729 1239 habet
754 1182 837 1236 ubi
860 1189 1014 1252 caput
1036 1194 1187 1233 suum
1208 1176 1420 1231 reclinet
1442 1173 1659 1247 (Matth.
1678 1187 1792 1236 vnt,
1807 1169 1921 1241 20).
1950 1169 2059 1224 Ro-

451 1254 521 1350 go
546 1276 634 1333 hic
668 1274 757 1331 ubi
788 1273 889 1328 sub
912 1270 1115 1343 Cyrino
1145 1282 1344 1324 census
1373 1264 1719 1334 investigatio
1749 1262 1773 1315 ?
1816 1261 1906 1316 ubi
1948 1260 2064 1316 edi-

452 1380 606 1427 ctum
637 1364 910 1424 Caesaris?
939 1364 1028 1419 ubi
1060 1362 1358 1419 necessitas
1390 1357 1714 1430 proﬁtendi?
1743 1356 1831 1411 ubi
1857 1354 2063 1426 Joseph

452 1464 573 1535 ipsa
600 1459 870 1533 professio
895 1457 918 1510 ?
948 1456 1095 1512 Nova
1140 1454 1278 1509 ratio
1309 1453 1420 1507 illic
1451 1452 1613 1505 habet
1643 1448 1775 1505 nihil
1798 1446 1941 1518 quod
1971 1446 2066 1503 de-

454 1552 691 1621 scriptor
713 1546 975 1611 inveniat,
1001 1553 1056 1600 et
1084 1558 1236 1598 vere.
1278 1541 1431 1596 Nulla
1461 1540 1606 1596 enim
1644 1537 1934 1592 Dominum
1962 1552 2065 1593 Ste-

451 1644 576 1699 culo
598 1640 901 1711 mancipata
927 1636 1220 1701 delectant,
1249 1649 1350 1689 nec
1379 1633 1481 1688 sibi
1522 1640 1747 1701 usurpat
1766 1630 2061 1702 quidquam

2158 425 2431 495 Reliquum
2453 431 2550 492 est,
2575 419 2743 492 utqui
2768 417 2957 472 habent
2992 430 3200 481 uxores,
3234 421 3494 481 tamquam
3522 423 3625 463 non
3657 407 3747 461 ha-

2158 514 2328 570 bentes
2362 515 2466 568 sint
2509 530 2526 568 :
2557 522 2605 565 et
2646 512 2732 583 qui
2770 519 2967 576 emunt,
2998 516 3257 577 tamquam
3296 520 3399 558 non
3430 499 3747 575 possidentes

2156 610 2259 663 sint
2284 623 2302 660 :
2327 616 2372 663 et
2398 607 2487 678 qui
2512 613 2729 659 utuntur
2752 603 2847 657 hoc
2869 599 3087 667 mundo,
3121 607 3383 667 tamquam
3405 610 3507 649 non
3535 599 3749 646 utantur

2160 701 2202 771 (l
2220 700 2339 757 Cor.
2356 715 2449 766 vn,
2472 698 2563 763 50,
2590 696 2702 769 51).
2731 696 2829 753 Hic
2859 694 3022 751 totius
3038 691 3265 763 justitiae
3285 688 3483 755 virtus,
3511 686 3598 741 hic
3616 683 3752 740 ratio

2160 802 2243 847 est
2276 789 2597 847 circumcisa
2634 787 2781 843 omni
2809 799 3010 852 carne,
3058 781 3112 839 id
3142 790 3247 852 est,
3291 786 3597 852 parentum,
3648 776 3755 831 fra-

2160 891 2345 949 trum,
2398 881 2813 952 cognationum,
2861 875 3219 938 afﬁnitatum,
3270 871 3477 928 nullum
3524 869 3755 940 amplius

2161 989 2345 1031 amare
2373 990 2533 1046 quam
2571 973 2856 1029 Dominum
2891 986 2910 1027 :
2948 978 3011 1026 ut
3033 968 3099 1025 ad
3131 967 3311 1024 crucis
3341 965 3627 1039 imaginem
3659 963 3756 1021 Dei

2163 1066 2355 1133 verbo,
2386 1081 2492 1123 non
2523 1065 2588 1120 ad
2611 1064 2820 1135 aliquos
2850 1061 3033 1118 mundi
3058 1072 3235 1133 actus,
3262 1075 3580 1123 moueamur
3605 1056 3757 1115 afﬁxi

2163 1169 2389 1214 matrem
2419 1156 2801 1214 commendare
2830 1154 3115 1225 discipulo.

2237 1254 2355 1310 XX.
2380 1255 2487 1311 Res
2511 1253 2909 1325 loquituripsa,
2942 1269 3039 1309 cur
3073 1252 3163 1308 illa
3210 1267 3336 1323 pars
3377 1252 3621 1323 corporis
3660 1266 3761 1322 per

2164 1362 2322 1418 quam
2354 1348 2574 1403 Judzcus
2624 1364 2683 1403 se
2721 1353 2963 1403 autumat
2990 1346 3301 1416 justiﬁeari,
3331 1346 3619 1402 defectioni
3666 1343 3762 1399 ad-

2161 1437 2401 1509 judicata
2429 1438 2717 1495 videatur:
2763 1438 2899 1494 adeo
2940 1448 3001 1493 ut
3047 1437 3321 1494 difﬁcilius
3349 1438 3512 1494 fuerit
3535 1435 3759 1493 modum

2165 1531 2478 1587 adhibuisse
2504 1532 2765 1596 sermoni,
2806 1545 2966 1602 quam
2999 1540 3316 1600 argumenta
3339 1530 3631 1601 requisisse
3658 1546 3672 1583 :
3705 1538 3763 1585 et

2166 1625 2306 1682 hanc
2336 1640 2519 1683 veram
2551 1640 2672 1682 esse
2700 1624 3202 1692 circumcisioncm,
3233 1624 3279 1680 si
3310 1622 3760 1679 abrenuntiantes

454 1735 598 1808 quod
628 1734 712 1791 vel
749 1729 971 1795 Caesari,
1020 1729 1104 1785 vel
1136 1728 1341 1783 mundo
1376 1726 1550 1780 voluit
1578 1740 1701 1781 esse
1743 1724 2055 1794 captivum:
2088 1712 2136 1773 B
2165 1718 2387 1784 mundo,
2434 1733 2499 1773 ex
2538 1733 2643 1788 quo
2670 1717 2821 1789 juxta
2850 1732 3070 1774 carnem
3104 1723 3290 1773 nostra
3335 1726 3527 1772 natura
3559 1724 3675 1782 est,
3703 1725 3761 1772 et

456 1828 659 1885 docens
701 1826 910 1881 nullum
955 1821 1169 1877 duobus
1195 1820 1429 1875 dominis
1470 1833 1629 1889 posse
1673 1818 1901 1873 servire.
1940 1816 2058 1872 Cir-

455 1920 783 1980 cumciditur
803 1932 932 1988 ergo
959 1915 1279 1971 hmreditate
1309 1913 1508 1983 Joseph
1535 1922 1591 1968 et
1617 1912 1783 1967 Maria
1826 1929 1846 1985 q:
1890 1909 2058 1965 nihil-

456 2029 564 2087 que
591 2012 693 2069 sibi
723 2012 792 2068 de
822 2007 1197 2067 mundialibus
1236 2007 1489 2062 vendicat
1536 2005 1637 2061 sub
1683 2004 1919 2071 tributo,
1967 2003 2061 2075 qui

456 2107 651 2176 utique
679 2104 763 2159 eis
790 2101 1001 2158 dixerat
1036 2116 1048 2153 :
1084 2099 1309 2153 Nescitis
1332 2098 1457 2170 quia
1487 2106 1684 2166 Oportet
1712 2113 1790 2151 me
1811 2098 1863 2151 in
1888 2106 2061 2167 pater-

458 2199 539 2253 nis
570 2197 696 2250 meis
722 2210 830 2249 esse
853 2193 1004 2264 (Luc.
1040 2207 1099 2257 tt,
1128 2190 1223 2258 49)
1251 2210 1262 2243 :
1292 2189 1501 2244 scilicet
1528 2190 1579 2243 in
1614 2189 1842 2260 templo,
1868 2204 1971 2244 non
2005 2188 2058 2243 in

454 2288 663 2344 sarculo
692 2305 703 2338 :
736 2285 788 2340 in
818 2283 1209 2339 sacriﬁciorum
1236 2281 1514 2351 mysterio,
1549 2296 1655 2335 non
1686 2281 1740 2335 in
1764 2281 2061 2352 malignan-

453 2380 589 2436 tium
618 2375 885 2442 concilio;
915 2376 965 2429 in
996 2374 1241 2444 paternis
1273 2372 1461 2443 utique
1492 2372 1903 2441 Spiritualibus:
1937 2387 2059 2428 nam

457 2481 667 2542 patrem
707 2469 762 2523 in
804 2465 1115 2522 carnalibus
1146 2479 1251 2519 non
1294 2463 1546 2519 habebat.
1602 2465 1843 2535 Denique
1882 2464 1952 2519 de
1995 2479 2062 2520 eo

459 2562 665 2633 templo
687 2569 740 2617 et
766 2573 898 2616 oves
928 2558 1108 2628 abegit
1136 2566 1191 2612 et
1216 2557 1401 2623 boves,
1437 2566 1492 2612 et
1517 2572 1733 2613 mensas
1756 2558 2061 2613 nummula-

457 2655 689 2720 riorum,
724 2659 783 2707 et
820 2649 1108 2706 cathedras
1140 2648 1487 2705 vendentium
1545 2649 1828 2705 columbas
1868 2650 2064 2706 evertit

462 2745 684 2819 (Matth.
714 2758 829 2811 ιιι,
864 2740 978 2812 12).
1010 2741 1100 2799 Sic
1127 2742 1382 2813 templum
1407 2742 1568 2798 etiam
1603 2742 1799 2813 ipsum,
1832 2744 1975 2814 quod
1999 2744 2063 2799 ﬁ-

461 2855 597 2913 gura
619 2847 703 2895 est
725 2836 971 2907 corporis
1001 2836 1108 2902 sui,
1137 2836 1337 2891 carnali
1361 2828 1801 2906 concupiscentia
1831 2838 2063 2893 circum-

459 2932 613 2998 cidit,
636 2939 697 2985 ut
718 2928 1048 3000 intelligeret
1065 2928 1248 2994 homo,
1280 2928 1395 2982 hmc
1417 2928 1518 2983 sihi
1549 2930 1600 2983 in
1624 2944 1719 2984 sua
1739 2939 1922 2986 mente
1943 2945 2064 2987 esse

463 3021 709 3079 facienda
735 3040 749 3076 :
783 3036 885 3077 nec
905 3035 1037 3077 sane
1062 3021 1176 3075 suis
1204 3021 1374 3090 parcit
1403 3020 1684 3077 affectibus
1724 3042 1735 3077 :
1785 3039 1905 3079 nam
1938 3041 2060 3080 cum

2161 1812 2499 1884 parentibus,
2531 1820 2587 1866 et
2624 1826 2743 1881 qua:
2785 1809 2907 1866 ﬁdei
2935 1810 3249 1866 scandalum
3283 1808 3489 1865 faciunt
3524 1810 3761 1866 circum-

2163 1905 2313 1971 cisis,
2350 1904 2511 1961 oculo
2540 1905 2703 1960 etiam
2729 1912 2784 1960 et
2816 1920 2978 1960 manu
3010 1912 3066 1960 et
3095 1902 3255 1975 pede,
3278 1902 3409 1959 nudi
3429 1913 3484 1959 et
3510 1902 3633 1970 soli,
3663 1902 3761 1957 de-

2162 1998 2296 2055 biles
2323 1999 2509 2069 etiam,
2544 1999 2587 2053 si
2620 1999 2731 2053 ﬁeri
2764 2007 2960 2070 potest,
2987 1998 3271 2053 Dominum
3304 2008 3595 2063 sectemur,
3627 2010 3760 2052 can-

2165 2101 2343 2149 tantes
2367 2108 2493 2149 vere
2531 2110 2543 2148 :
2591 2093 2847 2161 Quoniam
2875 2102 3022 2165 pater
3042 2109 3184 2148 meus
3218 2103 3265 2148 et
3285 2102 3449 2147 mater
3478 2106 3592 2147 mea
3612 2091 3760 2146 dere-

2164 2186 2423 2256 liquerunt
2458 2201 2540 2239 me
2566 2184 2747 2257 (Psal.
2779 2202 2932 2255 xxvi,
2962 2185 3029 2242 10
3051 2184 3069 2257 )
3095 2202 3110 2252 ;
3142 2196 3197 2240 ιιι
3224 2201 3255 2241 a
3285 2186 3511 2242 Domino
3539 2199 3757 2242 merca-

2164 2293 2287 2333 mur
2329 2278 2559 2347 assumi,
2608 2290 2663 2335 et
2714 2294 2974 2350 corporea
3018 2278 3277 2334 denudati
3323 2287 3547 2346 natura,
3592 2278 3758 2346 apiri-

2164 2372 2347 2427 talium
2412 2371 2740 2428 indumentis
2808 2382 3023 2428 actuum
3083 2370 3371 2443 gloriosius
3427 2371 3760 2437 vestiamur,

2163 2466 2397 2521 scientes
2446 2467 2699 2536 quoniam
2763 2465 2908 2537 quod
2974 2465 3042 2521 de
3091 2480 3254 2521 carne
3306 2465 3574 2532 nascitur,
3631 2478 3762 2519 caro

2165 2566 2249 2613 est
2286 2574 2299 2611 :
2332 2567 2385 2613 ct
2413 2557 2554 2628 quod
2584 2556 2654 2613 de
2690 2558 2904 2629 spiritu,
2942 2558 3167 2627 spiritus
3200 2568 3303 2621 est,
3345 2556 3562 2613 dicente
3604 2555 3756 2628 Apo-

2168 2652 2308 2707 stolo
2353 2669 2365 2705 :
2400 2650 2471 2704 Et
2490 2652 2536 2705 si
2575 2652 2907 2723 cognovimus
2930 2650 3191 2707 Christum
3220 2651 3505 2706 secundum
3533 2666 3761 2718 carnem,

2165 2759 2343 2799 verum
2369 2746 2476 2813 iam
2509 2760 2613 2798 non
2638 2745 2892 2812 norimus,
2920 2744 2974 2798 in
3011 2760 3113 2815 quo
3153 2760 3256 2798 non
3285 2744 3540 2809 novimus,
3577 2743 3632 2797 in
3662 2757 3767 2814 quo

2166 2840 2311 2895 nobis
2340 2839 2561 2894 mundus
2594 2839 2873 2905 cruciﬁxus
2895 2846 2989 2901 est,
3018 2844 3064 2890 et
3096 2851 3190 2890 nos
3217 2834 3411 2890 mundo
3442 2833 3519 2907 (ιι
3548 2832 3673 2888 Cor.
3704 2849 3761 2902 v,

2168 2933 2259 3004 16)
2296 2950 2308 2987 :
2343 2943 2398 2987 ut
2428 2930 2729 3002 prmputiis,
2755 2943 2878 3000 quae
2918 2928 3117 2984 suntin
3146 2928 3437 2998 superﬁcie
3464 2941 3764 2983 conversa-

2169 3024 2355 3089 tionis,
2389 3024 2641 3089 abscisis,
2671 3022 2873 3077 nudum
2907 3021 3039 3093 illud
3073 3032 3127 3076 ct
3157 3021 3331 3077 solum
3375 3029 3574 3075 nostra:
3602 3034 3769 3092 gene-

460 3116 699 3187 gladium
740 3129 848 3183 quo
883 3114 1021 3168 alios
1065 3112 1495 3169 circumcidebat
1533 3114 1783 3171 docendo
1815 3136 1826 3170 :
1864 3118 1925 3173 Si
1953 3119 2066 3189 quis
2092 3101 2137 3163 (ἶ
2170 3116 2397 3170 rationis
2428 3121 2718 3175 secretum,
2760 3111 2901 3183 quod
2935 3111 3225 3181 Superﬂnis
3263 3112 3563 3183 tegebatur,
3601 3125 3769 3181 appa—

470 3193 723 3261 amatierit
744 3216 944 3276 patrem
969 3214 1012 3259 et
1042 3212 1256 3259 matrem
1277 3222 1433 3275 supra
1475 3222 1575 3273 me,
1609 3224 1713 3263 non
1753 3218 1827 3263 est
1869 3226 1949 3265 me
1985 3211 2069 3264 di-

466 3317 604 3372 gnus
634 3298 928 3371 (Matth.x,
959 3297 1051 3370 57)
1083 3316 1095 3351 :
1132 3313 1226 3353 sua
1253 3301 1524 3354 convertit
1545 3300 1598 3355 in
1632 3302 1861 3370 viscera,
1892 3314 1945 3358 et
1967 3304 2071 3360 sibi

466 3394 570 3465 ipsi
600 3393 729 3448 facit
758 3392 903 3464 quod
932 3391 1282 3448 credentibus
1324 3401 1407 3446 est
1453 3392 1691 3449 facturus
1737 3410 1863 3450 cum
1900 3396 2068 3451 dicit:

472 3488 600 3554 Quae
629 3495 702 3540 est
729 3493 893 3539 mater
920 3500 1055 3552 mea,
1089 3493 1136 3537 et
1173 3484 1264 3555 qui
1308 3494 1426 3538 sunt
1472 3485 1658 3554 fratres
1702 3488 1804 3541 mei
1835 3486 2071 3561 (Matth.

469 3592 604 3645 χχιι,
631 3576 768 3649 Δ8)⁴ἓ
795 3576 839 3632 Ο
860 3576 1179 3646 mysterium
1208 3576 1221 3629 ε
1252 3585 1480 3631 matrem
1510 3577 1732 3632 Mariam
1756 3578 1858 3634 sibi
1889 3579 2073 3634 Domi-

476 3685 579 3727 nus
607 3670 843 3740 abjurat,
883 3685 1006 3724 cum
1037 3675 1191 3723 extra
1218 3667 1364 3723 verbi
1395 3677 1539 3723 esset
1581 3669 1911 3726 audientiam
1944 3687 2072 3727 con-

474 3763 682 3831 stituta,
708 3776 776 3817 eo
805 3760 1140 3830 potissimum
1172 3768 1443 3829 tempore,
1473 3775 1581 3830 quo
1614 3763 1833 3817 verbum
1877 3763 2074 3834 przcdi-

471 3865 691 3913 cavetur
718 3869 750 3909 a
783 3854 991 3921 Verbo,
1026 3863 1080 3909 et
1111 3852 1287 3923 ipsum
1309 3868 1367 3909 se
1392 3853 1808 3911 ministrandum
1839 3855 2073 3928 discipu-

479 3948 547 4004 lis
576 3948 915 4004 ministraret
955 3963 970 4001 :
1019 3947 1161 4017 quod
1207 3948 1444 4016 apertius
1495 3949 1837 4017 postmodum
1885 3951 1939 4005 in
1986 3952 2075 4006 illa

476 4042 737 4113 unguenti
767 4040 1034 4096 effusione
1058 4040 1337 4110 patefecit,
1366 4041 1631 4098 dicendo:
1666 4043 1751 4098 Me
1787 4054 1954 4101 autem
1974 4064 2075 4103 non

478 4148 681 4203 semper
723 4132 970 4185 habebitis
1004 4130 1240 4201 (Matth.
1283 4148 1431 4199 xxvt,
1483 4135 1543 4189 ll
1569 4133 1614 4205 ).
1663 4134 1920 4193 Irascitur
1950 4155 2078 4210 ergo

480 4237 605 4276 cum
648 4236 771 4276 eum
816 4220 1134 4289 magistrum
1177 4221 1285 4275 vita
1329 4222 1575 4277 docenda
1620 4240 1725 4279 non
1766 4228 1957 4297 eligat,
1987 4231 2078 4299 qui

480 4330 601 4370 eam
633 4322 860 4369 matrem
891 4327 988 4384 per
1006 4312 1269 4382 virginem
1295 4316 1675 4384 parturiendus
1700 4319 1882 4390 elegit,
1904 4330 1959 4375 et
1983 4336 2080 4377 cur

480 4406 547 4462 ad
578 4422 702 4462 eum
723 4420 883 4477 quem
914 4407 1159 4461 extranei
1197 4409 1359 4462 etiam
1401 4417 1505 4462 tam
1536 4408 1693 4465 facile
1733 4412 2079 4484 interpellare

2171 3218 2306 3263 rcat.
2352 3207 2411 3263 Si
2442 3208 2577 3261 enim
2604 3207 2776 3277 fenum
2808 3205 2946 3277 quod
2976 3205 3129 3258 hodie
3154 3214 3253 3273 cst,
3289 3215 3338 3259 et
3378 3221 3494 3259 cras
3516 3206 3568 3258 in
3607 3202 3772 3259 cliba-

2174 3318 2296 3354 nunt
2317 3302 2560 3373 mittitur,
2584 3300 2721 3354 Deus
2742 3300 2814 3353 sic
2834 3298 2977 3353 vestit
3001 3316 3018 3353 :
3040 3309 3232 3370 quanto
3249 3297 3416 3369 magis
3437 3313 3527 3351 nos
3545 3294 3769 3365 (Matth.

2173 3409 2247 3461 Vl,
2274 3394 2375 3464 .30)
2401 3436 2416 3460 ,
2445 3395 2488 3448 si
2521 3392 2625 3448 ﬁde
2654 3392 2894 3447 modicos
2923 3406 3029 3447 non
3068 3406 3191 3447 esse
3234 3390 3544 3461 prteviderit
3576 3391 3590 3444 !
3638 3389 3773 3445 Cul-

2177 3485 2304 3540 tcllo
2334 3483 2514 3553 itaque
2556 3482 2770 3553 petrino
2812 3482 3057 3552 corporis
3114 3482 3284 3536 nostri
3333 3478 3769 3536 circumcidenda

2176 3586 2259 3633 est
2289 3587 2478 3632 natura
2506 3594 2517 3627 :
2544 3575 2703 3632 Petra
2733 3585 2909 3631 autem
2940 3575 3184 3630 Christus
3207 3584 3290 3631 est
3312 3592 3325 3629 :
3345 3574 3499 3644 cujus
3520 3573 3772 3630 cultellus

2175 3685 2329 3725 amor
2358 3680 2462 3735 est,
2495 3684 2603 3741 quo
2639 3678 2918 3724 crescente
2963 3668 3018 3723 in
3048 3668 3225 3736 nobis,
3276 3667 3460 3723 saeculi
3499 3665 3772 3723 desideria

2176 3763 2519 3818 decrescent.
2553 3763 2722 3829 Quem
2743 3765 2830 3834 qui
2861 3762 3144 3827 amaverit,
3168 3759 3299 3816 dicit
3321 3764 3483 3829 patri,
3508 3775 3613 3814 non
3642 3759 3771 3814 novi

2180 3863 2231 3909 te
2268 3872 2280 3907 :
2315 3862 2671 3923 naturamque
2711 3852 3103 3907 circumcidens
3138 3865 3314 3917 suam,
3346 3865 3446 3905 nec
3474 3860 3532 3905 ut
3560 3856 3771 3921 patrem

2178 3947 2407 4018 scpeliat
2430 3956 2721 4013 mortuum,
2746 3946 3091 4017 separabitur
3114 3960 3145 3999 a
3173 3945 3390 4001 Christo
3434 3962 3448 3999 :
3484 3954 3541 4000 et
3570 3960 3774 4015 exspo-

2179 4042 2340 4097 liatus
2388 4053 2629 4096 veterem
2682 4040 2958 4096 hominem
3010 4056 3130 4095 cum
3172 4040 3382 4095 actibus
3429 4039 3574 4107 suis,
3625 4040 3772 4110 quod

2181 4134 2504 4205 prchutium
2535 4143 2639 4201 est,
2665 4133 2824 4188 aliam
2859 4144 3105 4188 naturam
3134 4148 3247 4189 sum
3265 4133 3465 4188 videbit
3491 4147 3616 4189 esse
3647 4135 3774 4189 sub-

2181 4234 2397 4284 stantiae
2430 4247 2442 4283 :
2478 4229 2530 4283 id
2573 4235 2693 4296 est,
2727 4239 2786 4284 ut
2818 4229 2954 4285 sicut
2986 4231 3195 4299 primus
3235 4229 3397 4289 homo
3440 4239 3694 4284 terrenus
3736 4243 3768 4282 a

2181 4330 2324 4375 terra
2361 4340 2373 4375 :
2409 4322 2480 4376 ita
2510 4321 2779 4376 secundus
2807 4322 3047 4377 caelestis
3081 4321 3303 4391 incipiat
3340 4335 3461 4377 esse
3490 4336 3555 4377 ex
3590 4321 3729 4377 coelo
3757 4338 3769 4373 :

2182 4428 2283 4470 nec
2321 4414 2461 4469 dicet
2494 4413 2606 4483 jam
2642 4413 2795 4483 cujus
2835 4414 3152 4470 circumcisa
3194 4426 3279 4470 est
3309 4424 3502 4470 natura
3540 4425 3769 4486 patrem,

480 4510 723 4568 possent,
755 4510 927 4554 mater
955 4498 1125 4554 nollet
1154 4499 1357 4555 intrare
1393 4518 1405 4553 :
1449 4517 1572 4556 nam
1592 4503 1785 4558 fratres
1816 4504 1933 4575 ejus
1953 4521 2076 4561 nec-
2100 4481 2156 4543 Ῑ)
2182 4517 2380 4578 praeter
2405 4522 2527 4562 cum
2560 4507 2650 4578 qui
2697 4508 2748 4562 in
2779 4507 2930 4564 ccelis
2960 4516 3070 4573 est,
3105 4522 3164 4562 se
3207 4506 3410 4564 habere
3440 4528 3454 4563 :
3494 4508 3587 4563 sed
3629 4524 3773 4579 pra:-

480 4592 611 4648 dum
625 4592 919 4649 credebant
947 4592 999 4646 in
1032 4592 1229 4663 ipsum.
1252 4593 1384 4660 Quis
1417 4594 1501 4649 hic
1529 4595 1654 4664 erit,
1682 4612 1833 4668 rogo,
1863 4600 1955 4669 qui
1977 4615 2077 4655 ex-

482 4683 819 4740 cusationem
848 4684 1099 4754 praeferat
1123 4687 1439 4755 autgratiac,
1473 4695 1565 4740 aut
1584 4689 1795 4743 amori?
1820 4690 1864 4745 si
1892 4700 1944 4746 et
1970 4691 2079 4747 Ma-

477 4782 615 4832 riam
645 4776 1019 4857 meritonulla
1041 4776 1233 4842 vincit,
1263 4785 1318 4832 et
1344 4777 1619 4834 Christum
1649 4780 1934 4837 Dominum
1976 4798 2076 4840 no-

481 4881 653 4928 strum
682 4885 842 4927 nemo
868 4877 1089 4940 superat
1120 4870 1339 4939 pietate.
1362 4870 1452 4925 Illa
1485 4882 1659 4928 mater
1679 4875 1822 4930 enim
1853 4886 2079 4947 negatur

476 4979 507 5018 a
536 4966 669 5031 ﬁlio,
702 4974 759 5019 ut
783 4977 908 5019 vera
939 4963 1028 5017 illa
1056 4961 1160 5035 (At.
1186 4962 1371 5033 etiam]
1395 4964 1741 5022 circumcisio
1773 4968 2030 5024 doceatur
2057 4988 2070 5025 :

478 5060 734 5128 quoniam
759 5057 1012 5128 magister
1033 5064 1088 5110 et
1108 5070 1305 5126 parens
1332 5057 1454 5112 vitae
1478 5058 1662 5114 debuit
1688 5060 1888 5127 vivere,
1914 5073 2076 5133 prout

485 5151 717 5207 docebat
738 5166 860 5207 esse
887 5150 1201 5205 vivendum.
1235 5149 1335 5205 llic
1368 5160 1454 5206 est
1487 5152 1574 5207 ille
1603 5153 1810 5223 gladius
1840 5154 2075 5211 femora-

483 5244 574 5311 lis,
610 5257 719 5313 quo
744 5242 948 5297 Levitze
978 5255 1107 5296 suos
1138 5241 1473 5312 propinquos
1512 5251 1571 5299 et
1609 5246 1887 5315 proximos
1926 5250 2073 5303 occi-

477 5338 724 5393 derunt:
770 5348 877 5406 quo
924 5334 1087 5389 etiam
1122 5333 1384 5389 Dominus
1424 5334 1542 5405 ipse
1584 5351 1611 5390 a
1654 5336 1814 5395 Patre
1851 5338 2071 5408 jubetur

476 5430 689 5501 accingi
721 5445 737 5484 :
782 5443 940 5500 quem
969 5442 1161 5482 omnes
1188 5428 1409 5499 capiunt
1434 5430 1523 5499 qui
1566 5430 1775 5501 seipsos
1796 5440 2070 5489 castrave-

467 5533 599 5579 runt
627 5532 848 5594 propter
872 5535 1102 5591 regnum
1134 5520 1401 5576 cmlorum
1435 5536 1450 5575 :
1490 5536 1648 5592 quem
1696 5524 1929 5595 gladium
1964 5526 2069 5581 Do-

469 5618 650 5672 minus
674 5614 839 5672 mittit
878 5615 931 5669 in
962 5623 1156 5681 terras,
1190 5623 1247 5668 ut
1279 5612 1448 5669 ﬁlium
1485 5626 1703 5685 separet
1737 5633 1766 5673 a
1799 5629 1973 5689 patre,
2007 5619 2069 5674 ﬁ-

468 5707 598 5768 liam
639 5723 670 5767 a
698 5720 872 5766 matre
902 5722 1031 5779 sua,
1075 5721 1271 5763 nurum
1304 5722 1334 5763 a
1366 5720 1523 5764 socru
1570 5723 1685 5765 sua.
1729 5710 1843 5767 Hoc
1884 5712 2066 5785 gladio

2178 4608 2339 4670 cepto
2385 4599 2596 4655 Domini
2622 4600 2822 4666 lucido,
2856 4599 3171 4655 illuminatis
3212 4600 3404 4667 oculis,
3455 4600 3650 4656 sedere
3696 4600 3765 4654 ad

2178 4692 2457 4748 dexteram
2477 4693 2692 4749 virtutis
2725 4692 2894 4747 ﬁlium
2922 4692 3159 4749 hominis
3188 4703 3462 4763 agnoscet.
3508 4693 3771 4749 Obteren-

2179 4783 2264 4839 da:
2288 4792 2418 4840 sunt
2441 4798 2632 4840 omnes
2670 4784 2836 4840 animi
2865 4784 3191 4855 voluptates,
3220 4784 3570 4856 relinquenda
3595 4785 3770 4841 studia

2179 4877 2626 4947 delectationum,
2659 4878 2912 4948 quoniam
2948 4878 3035 4935 hic
3063 4879 3492 4936 circumcisionis
3516 4890 3599 4936 est
3629 4881 3773 4935 veri-

2180 4979 2285 5038 tas,
2319 4987 2426 5026 non
2454 4971 2643 5043 ﬁgura.
2677 4970 2968 5028 Nitendum
3003 4973 3054 5027 in
3081 4987 3321 5039 summa,
3350 4981 3411 5028 ut
3452 4973 3661 5030 cunctis
3679 4987 3774 5029 na-

2181 5066 2446 5123 turalibus
2490 5065 2821 5137 amputatis,
2865 5067 3206 5121 conversatio
3243 5075 3426 5122 nostra
3474 5066 3660 5123 tendat
3705 5068 3773 5123 ad

2178 5159 2413 5224 caelum,
2454 5157 2544 5213 ubi
2584 5157 2830 5214 Christus
2860 5167 2944 5213 est
2974 5158 3039 5213 ad
3070 5158 3346 5214 dexteram
3376 5158 3471 5215 Dei
3503 5157 3660 5232 (Col.
3688 5175 3770 5228 ut,

2183 5249 2258 5321 1).
2292 5250 2447 5318 Quod
2494 5250 2566 5304 ita
2606 5265 2790 5305 verum
2817 5251 2940 5316 erit,
2985 5251 3032 5306 si
3060 5250 3192 5317 ludi,
3221 5251 3265 5307 si
3292 5252 3471 5321 jocus,
3502 5252 3547 5307 si
3578 5253 3772 5308 convi-

2181 5343 2353 5412 vium,
2378 5342 2425 5399 si
2453 5357 2634 5398 sermo
2665 5356 2802 5412 pene
2826 5342 3168 5398 familiarium
3201 5342 3524 5399 deserantur
3562 5358 3578 5399 :
3608 5353 3663 5398 et
3694 5351 3775 5398 ta-

2178 5451 2299 5491 men
2329 5435 2416 5505 qui
2449 5435 2911 5491 circumciduntur
2936 5445 3216 5503 arescunt,
3249 5445 3307 5492 ut
3350 5452 3457 5491 non
3486 5450 3586 5491 nos
3617 5452 3775 5492 mun-

2175 5528 2275 5595 do,
2308 5530 2397 5598 qui
2450 5526 2577 5582 vitae
2618 5527 2881 5597 imagines
2910 5542 3139 5595 sumus,
3191 5529 3288 5586 sed
3336 5528 3571 5585 mundus
3617 5528 3775 5584 nobis

2176 5630 2421 5677 mortuus
2450 5634 2571 5676 esse
2596 5620 2851 5675 credatur
2885 5637 2899 5675 :
2950 5635 3052 5676 nec
3079 5621 3398 5692 agglutinari
3433 5636 3622 5678 eorum
3671 5621 3775 5675 ali-

2174 5730 2276 5792 qua
2307 5730 2427 5789 quae
2457 5715 2778 5773 circumcisa
2809 5723 2937 5773 sunt
2960 5714 3168 5772 inimici
3192 5723 3314 5774 arte
3338 5714 3584 5775 sinantur
3624 5729 3639 5789 ;
3674 5714 3773 5773 sed
