3926 6290
217 382 311 442 209
512 390 515 391 ⁷
946 376 1287 436 EPISTOLA
1327 379 1467 450 XXI,
1512 378 1643 439 SEU
1682 378 2124 441 EXPLANATIO
2163 380 2232 441 IN
2269 380 2596 446 PSALMUM
2635 380 2773 440 XLI.

3392 388 3502 448 210

215 506 518 567 clamemus,
549 496 690 556 sedit
712 496 932 570 sanguis
962 497 1396 554 circumcisionis
1433 517 1444 552 :
1477 507 1537 553 ut
1578 512 1701 555 cum
1735 499 1786 553 in
1815 502 1873 563 Α
1896 500 2237 556 molliuntur.
2290 500 2347 556 ln
2380 515 2605 572 quarum
2640 498 2887 557 custodia
2917 498 3105 573 utique
3137 499 3306 559 multa
3339 502 3502 561 retri-

215 593 351 652 nobis
379 592 501 649 vitae
542 591 781 647 calculus
802 590 1033 660 coeperit
1068 589 1320 659 operari,
1353 592 1407 646 in
1449 604 1557 661 quo
1585 605 1789 647 nomen
1893 591 2046 649 butio
2069 600 2173 649 est.

216 701 390 745 novum
417 685 572 743 solus
605 684 757 740 novit
793 683 914 750 ille,
942 682 1033 753 qui
1060 681 1291 753 accepit,
1323 698 1432 739 non
1476 684 1786 752 timeamus,
1962 682 2129 739 XXII.
2171 683 2267 739 IIis
2296 682 2641 741 mercedibus
2678 682 2996 752 invitamur,
3030 698 3167 754 quos
3203 686 3494 757 oportebat

212 780 259 836 in
284 779 395 835 loco
421 777 773 835 revelationis
798 773 972 831 occidi
1010 791 1022 828 :
1063 774 1306 845 quinimo
1352 783 1408 831 et
1452 776 1787 845 imputantes
1890 782 1947 829 et
1969 774 2113 844 cogi,
2143 774 2270 831 dum
2297 776 2436 831 velle
2459 789 2559 831 nos
2587 774 2755 829 ambit
2785 774 2928 845 quod
2953 783 3172 846 poterat
3200 785 3256 833 et
3277 778 3494 847 jubere.

215 872 369 942 aliqua
395 879 590 926 nostro
628 868 857 925 Domino
898 881 995 937 per
1019 881 1264 923 amorem
1294 882 1307 919 :
1339 882 1462 922 nam
1505 877 1559 923 et
1597 881 1792 938 opera-
1892 866 2132 937 Denique
2161 882 2282 922 cum
2312 867 2536 923 verbum
2577 867 2700 921 vitco
2729 866 2922 932 dumm
2954 868 3200 923 dicerent
3227 883 3352 925 esse
3382 884 3498 926 ser-

212 964 307 1019 rius
333 961 403 1017 ibi
449 960 715 1033 benignus
742 959 1046 1016 admittitur
1067 1001 1082 1025 ,
1127 968 1183 1014 ut
1228 960 1479 1031 superius
1538 960 1593 1013 in
1631 959 1790 1014 bcato
1892 975 2132 1026 monent,
2155 968 2210 1017 et
2239 962 2308 1016 ob
2341 964 2442 1017 hoc
2472 962 2670 1016 turbati
2702 975 2892 1017 omnes
2915 962 3003 1032 qui
3033 976 3158 1017 eum
3190 965 3498 1033 sequeban-

213 1054 350 1109 Petro
374 1069 541 1109 nova:
566 1053 754 1125 gratia:
794 1064 1125 1126 susceptore
1152 1052 1437 1109 didicimus
1468 1071 1481 1107 :
1532 1060 1641 1107 tota
1672 1066 1791 1107 crc-
1893 1063 1979 1109 tur
2004 1055 2362 1111 abscederent
2396 1073 2408 1108 :
2455 1054 2754 1125 respiciens
2802 1054 3096 1125 discipulos
3145 1072 3297 1123 suos,
3332 1074 3493 1114 num-

217 1143 438 1200 dulitatis
474 1151 673 1200 nostra:
717 1144 1000 1202 harmonia
1041 1147 1256 1202 intortis
1282 1144 1658 1200 vehementius
1690 1159 1788 1213 per
1893 1146 2147 1216 quidnam
2189 1156 2243 1203 et
2290 1148 2389 1217 ipsi
2429 1148 2578 1204 abire
2607 1147 2832 1213 vellent,
2872 1148 3091 1218 inquirit
3116 1148 3284 1206 iratus
3311 1168 3324 1204 :
3352 1151 3495 1208 adeo

213 1246 358 1291 artem
408 1236 613 1292 ﬁdibus
654 1237 1027 1295 resultemus:
1080 1238 1303 1311 Propter
1333 1236 1481 1291 verba
1528 1234 1790 1291 labiorum

216 1340 414 1398 tuorum,
475 1330 717 1400 Domine,
765 1347 857 1403 ego
914 1333 1165 1387 custodivi
1224 1332 1330 1386 vias
1378 1332 1536 1385 duras
1589 1330 1607 1401 (
1633 1328 1784 1387 Psal.

218 1439 313 1486 ιιι,
336 1422 399 1494 ι).

279 1512 396 1570 XXI.
431 1516 597 1570 Anne
644 1522 727 1570 est
762 1514 965 1587 aliquid
1013 1526 1119 1572 tam
1143 1517 1367 1583 durum,
1398 1524 1509 1572 tam
1549 1517 1787 1573 ferreum

213 1622 343 1679 quam
371 1623 677 1679 repugnare
706 1610 950 1663 naturae?
997 1609 1064 1665 Et
1106 1625 1231 1664 cum
1258 1609 1440 1665 omnia
1486 1609 1538 1663 in
1580 1607 1786 1664 mundo

218 1713 295 1767 per
319 1699 488 1755 Deum
518 1699 675 1753 nobis
704 1698 813 1754 sint
848 1701 1007 1767 iacta,
1034 1700 1180 1770 ipsos
1213 1717 1334 1765 nos,
1368 1699 1515 1756 velut
1546 1716 1655 1755 non
1687 1714 1785 1755 no-

208 1800 299 1844 stra
336 1791 710 1857 circumstent,
760 1792 1049 1861 repellere,
1084 1807 1190 1847 non
1225 1791 1411 1847 videre
1447 1810 1459 1844 :
1493 1791 1787 1847 mundum-

1890 1239 2037 1311 eligit
2075 1240 2255 1311 p0tius
2282 1255 2342 1297 se
2372 1240 2528 1297 nobis
2564 1240 2705 1297 bona
2750 1241 2934 1298 omnia
2978 1240 3218 1311 debere,
3262 1243 3308 1299 si
3335 1244 3492 1319 voln-

1889 1350 2028 1400 mus,
2058 1350 2219 1407 quam
2261 1335 2533 1407 imperare
2561 1335 2607 1391 si
2637 1336 2911 1408 cogimur,
2946 1336 3162 1393 dicente
3187 1337 3491 1410 Apostolo:

1891 1427 2103 1484 Sienim
2130 1430 2307 1485 volens
2339 1432 2435 1485 hoc
2464 1448 2585 1504 ago,
2621 1432 2909 1486 mercedem
2948 1433 3151 1503 accipio
3194 1448 3212 1487 :
3240 1436 3285 1487 si
3320 1444 3497 1488 autem

1888 1520 2110 1590 invitus,
2142 1523 2459 1593 dispensatio
2498 1521 2624 1577 mihi
2654 1522 2856 1577 credita
2893 1532 2969 1577 est
3021 1522 3230 1593 (ICor.
3255 1540 3332 1591 rx,
3357 1526 3489 1596 17).

1889 1614 2016 1670 Haec
2055 1616 2310 1671 voluntas
2362 1615 2639 1671 femoralis
2683 1614 2828 1671 illius
2869 1615 3062 1686 vagina
3118 1615 3323 1673 cultelli
3364 1625 3490 1673 est:

1886 1726 2008 1781 qua:
2039 1711 2129 1766 ubi
2170 1713 2223 1767 in
2249 1727 2307 1767 se
2335 1728 2575 1769 amorem
2601 1712 2721 1779 Dei,
2764 1726 2924 1783 quem
2956 1711 3235 1769 cultellum
3260 1725 3382 1770 esse
3412 1711 3493 1767 di-

1888 1806 2096 1869 ximus,
2140 1806 2445 1875 receperit,
2497 1804 2796 1860 merebitur
2846 1803 3149 1876 intelligere
3202 1805 3492 1861 Dominum

206 1898 295 1951 quc
319 1882 494 1951 ipsum
524 1882 681 1939 nobis
705 1897 765 1939 se
785 1898 906 1939 cum
947 1884 1197 1940 omnibus
1223 1883 1436 1939 divitiis
1462 1892 1515 1938 et
1538 1883 1778 1953 pulchri-

1887 1912 2011 1953 vera
2042 1898 2370 1967 praedicasse
2396 1916 2408 1951 :
2439 1896 2639 1968 Jugum
2657 1898 2793 1953 enim
2816 1914 2987 1952 meum
3012 1914 3164 1952 suave
3191 1907 3287 1966 est,
3313 1908 3359 1952 et
3382 1915 3494 1951 sar-

211 1978 461 2034 tudinibus
490 1979 606 2035 suis
633 1978 967 2049 ingerentem
1011 1993 1173 2034 manu
1222 1979 1453 2049 quadam
1497 1976 1783 2049 repudiare

212 2072 434 2138 virtutis,
479 2074 855 2145 obseratisque
890 2075 1141 2128 omnibus
1192 2073 1439 2129 sensibus
1478 2072 1675 2141 quibus
1715 2072 1783 2125 ad

213 2166 419 2220 animam
446 2167 749 2222 substantia
773 2166 953 2221 vitalis
985 2166 1214 2230 act-edit,
1239 2180 1374 2235 pene
1398 2165 1462 2219 ad
1488 2164 1779 2236 imaginem

210 2258 529 2328 obrigescere
553 2269 894 2315 mortuorum
929 2280 938 2312 ;
975 2276 1078 2315 non
1122 2261 1261 2325 visu,
1294 2276 1401 2315 non
1431 2259 1640 2326 auditu,
1674 2275 1779 2315 non

206 2348 365 2417 odore,
396 2366 507 2405 non
552 2360 719 2415 tactu,
755 2365 860 2405 non
886 2366 1081 2421 sapore
1107 2351 1249 2422 capi,
1275 2360 1329 2406 et
1354 2352 1405 2405 in
1438 2358 1629 2407 natura
1659 2366 1784 2405 cor-

207 2440 333 2507 poris
360 2450 611 2497 naturam
646 2456 962 2512 corpoream
994 2458 1099 2497 non
1129 2441 1351 2509 habere,
1395 2442 1782 2511 hominemque

202 2548 253 2588 se
279 2534 412 2604 quod
458 2535 625 2590 homo
660 2536 732 2589 sit
769 2534 1016 2590 oblivisci
1061 2552 1075 2589 :
1122 2549 1248 2589 eum
1292 2541 1471 2590 tamen
1516 2532 1621 2589 hoc
1660 2534 1782 2603 ipso

204 2624 326 2694 quod
354 2626 560 2682 ambiat
599 2640 712 2683 non
744 2626 940 2693 teneri,
978 2625 1102 2697 quia
1142 2641 1269 2682 vere
1309 2625 1453 2697 quod
1492 2625 1661 2681 homo
1707 2626 1780 2682 sit

204 2726 383 2788 teneat,
427 2728 572 2775 eteo
603 2718 775 2790 magis
804 2718 1070 2790 despiciat
1093 2733 1172 2786 se,
1206 2732 1314 2789 quo
1341 2732 1399 2775 se
1422 2719 1592 2788 magis
1614 2732 1781 2789 agno-

198 2812 338 2868 verit.
367 2812 506 2868 Tum
545 2812 673 2885 quia
713 2812 908 2868 durum
951 2822 1037 2869 est
1063 2812 1357 2883 prmseutia
1380 2811 1487 2875 sibi
1518 2811 1780 2868 abdicare

196 2903 303 2960 dum
337 2904 501 2972 vivit;
530 2914 584 2961 et
603 2906 782 2961 futura
809 2921 1033 2977 sperare
1069 2914 1194 2977 post
1214 2906 1404 2961 vitam.
1434 2904 1561 2960 Hzec
1586 2912 1778 2959 natura

194 2999 446 3068 corporis,
486 2998 617 3066 hoc,
652 3009 712 3056 ut
749 2999 1004 3068 diximus,
1036 2998 1142 3056 nisi
1177 2997 1501 3057 circumcisa
1541 3012 1649 3052 non
1683 3012 1777 3068 pa-

195 3089 305 3144 titur
333 3108 347 3144 :
375 3090 643 3161 facileque
659 3105 719 3146 se
735 3092 900 3163 gestit
924 3092 1133 3162 jactare
1158 3091 1211 3147 in
1243 3092 1381 3159 suis,
1413 3089 1516 3146 sibi
1547 3104 1777 3147 cernens

194 3188 366 3251 terras,
391 3182 496 3239 sibi
530 3183 720 3252 maria,
751 3184 854 3240 sibi
878 3184 1069 3241 videns
1093 3183 1267 3241 solem
1293 3192 1349 3240 et
1377 3182 1629 3240 universa
1650 3183 1776 3239 caeli

1886 1989 2003 2043 cina
2034 2006 2142 2044 mea
2176 1990 2298 2044 let-is
2337 1988 2664 2059 est(Matth.
2700 2006 2786 2055 ιιι,
2822 1989 2953 2058 10),
2997 1988 3253 2058 quoniam
3307 2004 3493 2059 snper-

1888 2083 2006 2136 lluis
2042 2083 2295 2137 omnibus
2342 2084 2667 2151 amputatis,
2705 2090 2759 2138 et
2805 2082 3016 2136 cunctis
3066 2083 3325 2137 oneribus
3382 2084 3491 2136 cir-

1882 2176 2130 2238 cumcisi,
2164 2176 2353 2230 bellum
2389 2175 2619 2245 quadam
2649 2176 2935 2229 sarcinalis
2962 2175 3198 2245 imagine
3250 2184 3489 2240 tenuata,

1884 2282 2013 2321 vere
2043 2267 2205 2322 etiam
2238 2282 2337 2323 nos
2380 2282 2499 2321 cum
2535 2266 2820 2321 Psalmista
2866 2264 3122 2329 dicimus,
3154 2266 3242 2334 qui
3276 2266 3360 2319 vel
3396 2281 3489 2333 per

1883 2359 2129 2426 glaciem,
2167 2358 2247 2413 vel
2276 2374 2372 2428 per
2400 2357 2658 2429 liquidam
2682 2357 2848 2412 etiam
2876 2355 3207 2423 mollemque
3234 2356 3487 2411 substan-

1885 2454 2012 2505 tiam
2034 2459 2319 2521 angustum
2346 2449 2478 2505 illud
2508 2463 2637 2506 acus
2654 2448 2898 2504 foramen
2923 2447 3155 2504 transire
3173 2461 3486 2519 possumus,

1881 2540 2026 2611 quod
2054 2541 2277 2597 introire
2301 2541 2394 2611 qui
2430 2541 2486 2596 in
2514 2540 2669 2611 equis
2699 2547 2926 2609 sperant
2958 2548 3014 2595 et
3054 2539 3340 2605 curribus,
3375 2556 3482 2595 non

1885 2633 2158 2700 valebunt,
2190 2633 2449 2703 quoniam
2498 2632 2633 2689 tales
2666 2630 2829 2687 etiam
2881 2631 2967 2685 via
2998 2631 3087 2686 illa
3118 2646 3240 2702 quae
3271 2631 3376 2686 lata
3403 2641 3487 2687 est

1881 2734 1935 2780 et
1962 2724 2223 2795 spatiosa,
2254 2724 2341 2778 vix
2365 2723 2566 2793 capiet.
2599 2722 2872 2779 Laborum
2901 2722 3086 2793 itaque
3108 2721 3308 2778 arduos
3336 2737 3489 2777 mon-

1883 2826 1963 2872 tes
1987 2824 2041 2872 et
2069 2816 2450 2872 difﬁcultatum
2479 2814 2875 2885 propemodum
2904 2829 3110 2880 muros,
3158 2814 3355 2884 quibus
3376 2831 3487 2870 cm-

1880 2908 2035 2963 lestia
2066 2906 2133 2962 ab
2165 2907 2418 2963 humanis
2438 2907 2585 2964 velut
2606 2906 2884 2977 provincia
2907 2904 3190 2975 cujusdam
3219 2906 3483 2962 limitibus

1878 3008 2234 3070 separantur,
2278 2997 2460 3054 divina
2504 2997 2781 3053 invitatrix
2829 2996 3202 3053 muniﬁcentia
3240 2997 3483 3053 liberali-

1883 3100 2069 3163 tasque
2089 3091 2362 3162 deplanat.
2393 3090 2462 3147 Et
2491 3090 2630 3147 sicut
2656 3089 2799 3145 tubis
2829 3088 3262 3146 sacerdotalibus
3294 3104 3482 3145 muros

1881 3182 2022 3237 illius
2049 3181 2299 3238 Jericho:
2332 3182 2404 3237 ita
2427 3181 2812 3253 prophetarum
2841 3180 3069 3237 vocibus
3093 3180 3286 3236 turrim
3309 3182 3484 3238 nostri

193 3281 317 3330 astra
348 3277 561 3331 servire
605 3294 620 3332 :
649 3285 705 3332 et
730 3276 951 3348 quando
979 3292 1039 3334 se
1071 3276 1309 3333 fraudari
1351 3292 1383 3332 a
1419 3278 1769 3334 terrestribus
1796 3262 1841 3326 C
1873 3275 2130 3333 interitus
2156 3275 2342 3345 elidet,
2371 3276 2418 3331 si
2449 3275 2624 3355 modo
2641 3284 2832 3332 contra
2861 3290 3013 3344 spem
3040 3274 3096 3329 in
3126 3288 3221 3344 Spe
3248 3274 3479 3330 crcdcn-

197 3367 437 3436 patictur,
474 3383 597 3423 cum
642 3369 958 3425 dominetur
996 3378 1050 3427 et
1090 3370 1268 3426 caelo?
1314 3370 1611 3427 Tantorum
1641 3384 1772 3439 ergo

194 3460 570 3519 elementorum
596 3474 701 3519 tam
726 3463 1041 3535 importuno
1068 3464 1441 3522 circumventa
1480 3463 1768 3531 famulatu,

193 3568 344 3625 usque
382 3554 452 3609 ad
494 3553 824 3611 oblivionem
852 3570 969 3611 suae
994 3554 1320 3612 conditionis
1349 3554 1621 3612 inducitur
1654 3570 1670 3610 ;
1716 3561 1771 3609 ct

192 3644 236 3700 in
261 3645 515 3718 despectu
543 3648 708 3703 totius
738 3646 1025 3703 sublimata
1057 3647 1267 3715 mundi,
1305 3647 1526 3703 vincere
1564 3646 1679 3716 ipsa
1702 3658 1770 3701 ex

189 3752 247 3794 eo
268 3738 409 3810 quod
443 3738 549 3795 sibi
580 3739 957 3811 obsequuntur
990 3740 1273 3811 pmsumit
1297 3740 1567 3796 elementa
1602 3756 1615 3795 :
1643 3737 1772 3793 hinc

190 3832 447 3889 montibus
481 3832 772 3889 scrobibus
806 3832 1092 3901 fodiendo,
1138 3832 1267 3889 hinc
1308 3832 1479 3889 valles
1522 3832 1771 3886 substru-

188 3925 441 3981 ctionibus
482 3924 789 3996 opplendo,
842 3926 969 3981 hinc
1017 3925 1188 3981 maria
1234 3923 1477 3981 molibus
1529 3922 1767 3988 arando,

191 4030 319 4071 nunc
346 4016 504 4071 arida
551 4015 768 4088 irriguis
803 4016 1201 4085 imcundando,
1236 4030 1378 4072 nunc
1405 4024 1591 4085 stagna
1622 4014 1769 4085 palu-

189 4106 379 4179 desque
406 4107 686 4178 siccando,
712 4109 797 4164 vel
816 4124 1036 4181 campos
1062 4108 1286 4166 consitis
1311 4108 1625 4165 nemoribus
1650 4123 1770 4163 ves-

188 4197 377 4268 licndo,
404 4216 471 4257 ac
499 4199 823 4258 silvosorum
852 4201 1118 4258 montium
1143 4201 1293 4273 juga,
1320 4201 1551 4257 vetustis
1591 4214 1772 4255 nemo-

185 4289 326 4347 ribus
358 4291 711 4361 denudando,
744 4302 802 4348 ut
828 4307 968 4363 pene
998 4292 1274 4349 dominam
1316 4305 1375 4348 se
1409 4300 1620 4347 natura:
1649 4304 1771 4347 esse

184 4398 280 4439 non
319 4385 532 4453 credat,
575 4385 620 4441 si
653 4384 842 4441 iecerit
868 4385 1049 4441 aliter.
1096 4382 1266 4455 Cujus
1302 4392 1511 4439 natura:
1545 4396 1771 4438 concus-

183 4477 346 4546 sione,
395 4489 591 4534 natura
620 4486 804 4533 nostra
853 4477 939 4534 his
992 4478 1440 4535 meditationibus
1482 4476 1716 4548 agitatur
1756 4492 1770 4528 :

184 4569 363 4628 durum
391 4581 476 4629 est
504 4571 620 4627 vias
652 4571 864 4627 Domini
896 4569 1195 4638 custodire,
1235 4571 1288 4626 in
1314 4570 1509 4643 quibus
1542 4584 1647 4626 non
1678 4584 1774 4624 ex—

1878 3378 1978 3437 tes,
2004 3378 2058 3425 et
2083 3368 2316 3440 quodam
2347 3356 2750 3425 concitatorum
2797 3367 3083 3437 luminum,
3138 3366 3357 3423 videndi
3387 3382 3476 3422 sa-

1875 3464 2041 3520 liente
2070 3470 2405 3533 transpectu,
2458 3462 2513 3517 in
2558 3460 2807 3516 fraudem
2848 3457 3198 3530 praesentium
3240 3457 3480 3514 caduco—

1874 3572 1992 3612 rum
2046 3555 2315 3625 promissa
2370 3564 2642 3624 tamquam
2697 3551 2950 3608 manibus
2987 3550 3099 3620 jam
3141 3549 3485 3621 apprehensa

1872 3648 2134 3704 miremur
2161 3664 2173 3700 :
2215 3655 2270 3702 et
2309 3646 2411 3703 hac
2435 3644 2744 3702 circumcisi
2776 3654 2969 3700 natura
2998 3643 3051 3698 in
3086 3642 3356 3712 aliamque
3389 3658 3485 3697 na-

1874 3749 2047 3796 turam
2077 3738 2423 3806 transpositi,
2471 3747 2654 3793 mente
2694 3737 2790 3792 illa
2831 3744 2887 3792 et
2927 3734 3111 3791 animo
3161 3742 3479 3802 teneamus,

1871 3850 1985 3904 qua:
2010 3848 2100 3887 nec
2130 3832 2308 3886 oculus
2344 3832 2494 3897 vidit,
2524 3846 2615 3885 nec
2648 3828 2790 3885 auris
2825 3828 3043 3891 audivit,
3088 3842 3178 3880 nec
3203 3826 3255 3879 in
3278 3841 3365 3878 cor
3389 3825 3483 3879 Iro-

1872 3929 2024 3983 minis
2052 3927 2411 3992 ascenderunt,
2432 3942 2549 3997 qua:
2565 3924 2880 3995 pm’pararit
2915 3921 3164 3975 Dominus
3193 3921 3260 3974 iis
3288 3921 3377 3989 qui
3400 3919 3480 3973 di-

1872 4022 2041 4091 ligunt
2066 4037 2183 4074 cum
2207 4036 2223 4073 :
2245 4020 2313 4076 de
2331 4032 2562 4089 quorum
2595 4031 2822 4072 numero
2851 4029 2961 4070 non
2992 4022 3097 4081 est,
3126 4013 3229 4068 nisi
3259 4013 3351 4083 qui
3386 4028 3482 4082 per

1874 4112 2304 4169 demonstratam
2348 4109 2601 4181 superius
2644 4105 3117 4164 circumcisionem
3162 4104 3311 4161 velut
3353 4118 3477 4161 cum

1872 4202 2103 4259 Domino
2132 4200 2380 4259 conﬁxus
2408 4206 2463 4257 in
2483 4214 2671 4270 cruce,
2704 4213 2921 4270 semper
2954 4196 3193 4269 peccatis
3214 4196 3327 4252 suis
3353 4212 3481 4266 pas-

1873 4295 2028 4351 sione
2054 4304 2138 4351 est
2154 4294 2368 4365 dignus.
2396 4292 2490 4349 ille
2507 4307 2637 4351 vero
2662 4290 2951 4346 Dominum
2974 4295 3220 4344 nostrum
3250 4285 3475 4359 dignum

1876 4387 1965 4443 tali
1993 4387 2249 4458 passione
2277 4401 2385 4443 non
2419 4386 2655 4443 credens
2687 4385 2887 4441 dixerit
2919 4400 2933 4437 :
2980 4382 3199 4436 Domine
3223 4423 3237 4447 ,
3282 4398 3476 4435 memor

1875 4490 1980 4537 esto
2016 4481 2114 4535 mei
2144 4498 2262 4535 cum
2288 4479 2481 4535 veneris
2509 4479 2564 4532 in
2584 4493 2798 4550 regnum
2825 4485 2971 4529 tuum
3002 4472 3157 4545 (Luc.
3190 4487 3344 4539 χχιιι,
3364 4471 3482 4541 42).

1877 4574 2072 4641 Quem,
2096 4572 2225 4629 dum
2256 4571 2433 4627 adhuc
2462 4569 2720 4640 loquitur,
2753 4569 2870 4639 ipse
2904 4565 3168 4621 Dominus
3198 4570 3483 4635 promptus

184 4664 527 4734 perimentis,
585 4662 681 4720 sed
736 4663 1080 4721 detrimentis
1121 4663 1380 4735 potentiae
1434 4644 1851 4719 desudatur:D
1879 4667 2274 4738 interpellantis
2301 4665 2515 4720 auditor
2555 4661 2871 4726 consolari,
2925 4669 2987 4715 ut
3032 4657 3338 4722 consuevit,
3388 4671 3486 4726 pro

186 4772 273 4812 nec
327 4756 594 4839 queritur
640 4765 699 4810 ut
753 4770 917 4825 supra
971 4770 1072 4812 nos
1118 4755 1263 4827 quod
1320 4763 1464 4811 amat
1518 4754 1771 4809 universa

184 4836 515 4918 mortalitast
534 4850 633 4907 sed
663 4860 721 4906 ut
752 4850 852 4905 sub
896 4865 996 4907 nos
1024 4850 1131 4906 vita
1161 4849 1413 4917 ducatur,
1448 4864 1514 4904 ne
1539 4849 1772 4918 amplius

186 4959 275 4999 nos
294 4944 665 5001 existimando
695 4958 857 5015 quam
884 4958 1092 5012 sumus,
1125 4942 1449 5014 incipiamus
1471 4956 1571 4997 nec
1599 4940 1649 4995 id
1674 4941 1775 4996 ob-

182 5036 349 5095 tinere
394 5037 539 5110 quod
584 5050 793 5102 sumus,
840 5051 960 5092 cum
1010 5051 1103 5107 per
1150 5034 1253 5090 hoc
1305 5035 1481 5106 ipsum
1545 5034 1591 5089 si
1643 5033 1773 5090 veli-
1818 5080 1821 5083 .

185 5147 295 5188 mus
334 5133 616 5203 despicere
638 5173 652 5198 ,
691 5130 836 5202 quod
866 5144 1089 5198 sumus,
1139 5143 1446 5185 mereamur
1494 5128 1547 5183 in
1580 5127 1774 5184 melius

184 5240 301 5283 esse
326 5243 483 5298 quam
507 5241 718 5295 sumus,
751 5225 967 5283 dicente
989 5223 1241 5291 Domino,
1270 5232 1325 5280 et
1352 5232 1553 5279 nostrae
1576 5221 1651 5277 illi
1679 5222 1779 5277 im-

190 5319 444 5387 putationi
482 5333 645 5392 quam
688 5318 1101 5389 praesumimus,
1143 5314 1521 5371 subscribente
1565 5332 1578 5368 :
1618 5314 1781 5369 Amen

192 5413 303 5466 dico
333 5413 491 5481 vobis,
521 5428 670 5469 nemo
698 5421 771 5467 est
799 5413 889 5483 qui
919 5413 1175 5477 relinquat
1207 5411 1445 5476 domum,
1472 5416 1560 5462 aut
1592 5424 1781 5479 parcn-

190 5514 280 5574 ια,
309 5516 400 5559 aut
426 5509 633 5577 fratres,
661 5514 751 5559 aut
783 5519 1019 5571 uxorem,
1044 5512 1134 5557 aut
1164 5503 1301 5573 ﬁlios
1327 5511 1538 5575 propter
1568 5517 1785 5573 regnum

190 5594 302 5663 Dei,
327 5597 415 5667 qui
444 5615 545 5652 non
583 5596 805 5667 recipiat
833 5595 1132 5667 centuplum
1156 5596 1211 5648 in
1237 5604 1465 5663 tempore
1497 5592 1615 5661 hoc,
1652 5604 1699 5647 et
1732 5593 1787 5647 in

186 5691 377 5744 seculo
397 5701 605 5746 venturo
632 5691 788 5745 vitam
816 5699 1061 5745 (cternam
1087 5686 1412 5743 Iuvreditabit
1435 5684 1653 5757 (Matth.
1671 5700 1787 5751 νιιι,

192 5784 268 5853 ὅ).
303 5781 376 5837 Et
398 5783 591 5840 talibus
618 5782 1071 5854 promissionibus
1099 5781 1202 5836 vite
1224 5779 1330 5852 [ΑΙ.
1364 5778 1513 5851 vitta]
1540 5778 1645 5835 illa:
1684 5780 1788 5835 du-

194 5891 291 5953 ιω,
320 5891 449 5957 quas
489 5878 561 5948 ob
604 5877 829 5939 verbum
861 5876 1078 5955 Domini
1106 5875 1384 5945 custodire
1422 5888 1645 5938 necesse
1678 5886 1788 5946 est,

1876 4776 1970 4817 sua
2004 4762 2204 4830 pietate
2230 4758 2561 4829 dignabitur,
2590 4753 2822 4810 dicendo
2867 4771 2880 4807 :
2932 4750 3084 4806 Forti
3126 4750 3305 4805 animo
3333 4756 3439 4804 esto
3468 4762 3489 4802 :

1878 4854 2037 4908 Amen
2060 4852 2175 4907 dico
2200 4850 2317 4917 tibi,
2361 4848 2513 4905 hodie
2542 4863 2737 4903 mecum
2759 4846 2862 4900 eris
2898 4847 2951 4899 in
2983 4842 3253 4915 paradiso.

2440 4959 2779 5018 EPISTULA
2817 4956 2917 5013 XX
2937 4999 2951 5025 ,

2114 5070 2211 5110 εει]
2253 5069 2305 5110 IN
2346 5067 2617 5109 SUSANNAI
2658 5066 2863 5108 ιΑΡεΑιι
2900 5059 3246 5106 οιιιυιιδλτιο.

1948 5166 2087 5230 (Haec
2110 5166 2335 5230 epistola,
2363 5179 2475 5228 qua:
2508 5179 2610 5216 non
2632 5166 2928 5230 unanimiter
2957 5162 3018 5230 ab
3042 5158 3326 5230 auctoribus
3346 5159 3489 5218 adju.

1883 5223 2040 5294 dicata
2079 5223 2159 5294 est
2196 5223 2541 5294 Hieronymo,
2564 5227 2729 5277 multis
2748 5236 2938 5294 revera
2973 5224 3131 5294 signis
3170 5223 3337 5294 verius
3375 5232 3490 5294 esse

1885 5292 1937 5342 S.
1982 5292 2224 5341 Ambrosii
2260 5286 2470 5341 videtur.
2510 5286 2709 5350 Quare,
2748 5286 3103 5350 Benedictiuos
3129 5286 3336 5350 secuti,
3382 5292 3489 5350 eam

1880 5328 3362 5420 jim'é'ci'iiljiﬁii‘siniéi"§pgiisfizpis§35i3'1ibi'giuééis',:i.
3374 5338 3490 5420 ἔῃ

1888 5409 2066 5465 nostra:
2092 5415 2274 5539 Platt‘)o|.
2310 5415 2404 5466 col.
2430 5409 2542 5475 563,
2569 5414 2660 5463 sub
2683 5409 2775 5462 hac
2797 5409 2962 5476 titulo,
3001 5409 3063 5460 de
3095 5411 3252 5472 Lapsa
3288 5409 3495 5467 virginis

1888 5489 2115 5529 consecro
2134 5490 2195 5528 az.

1888 5483 2178 5529 consecrata:
2186 5513 2195 5525 .

2421 5578 2755 5637 EPISTOLA
2795 5578 2953 5645 XXI,
3262 5652 3287 5676 .

2212 5689 2308 5730 εει]
2341 5689 2674 5729 ΕκνιΑΝΑτιο
2706 5690 2757 5729 IN
2790 5685 3030 5728 I’SMMUM
3066 5683 3169 5722 XLI.

1957 5764 2206 5829 (Habetut‘
2232 5767 2378 5829 etiam
2398 5765 2867 5829 apttdgAngustinum
2891 5756 3249 5829 injippemiice

1893 5813 2122 5889 inscripta
2160 5813 2330 5877 Sermo
2354 5813 2408 5877 in
2424 5813 2671 5877 marmura
2709 5840 2809 5889 xm,
2845 5822 2909 5872 ad
2943 5813 3237 5889 aganippe.
3262 5813 3430 5889 Iit-asin
3443 5826 3506 5889 up

1896 5874 2001 5963 iii}
2026 5874 2715 5956 Apparetﬂbocir—agmeutum
2739 5874 2850 5944 esse
2874 5900 2938 5940 es
2962 5874 3088 5940 Hom
3106 5874 3204 5939 iliis
3242 5876 3448 5945 alicuius
3472 5874 3522 5931 lu
