  <div class='ocr_page' id='page_1' title='image "/cluster/home/n/w/nwhite01/storage/ocr_20150623/30/hvd.32044096580535/115.png"; bbox 0 0 3926 6290; ppageno 0'>
   <div class='ocr_carea' id='block_1_1' title="bbox 451 349 555 408">
    <p class='ocr_par' dir='ltr' id='par_1_1' title="bbox 451 349 555 408">
     <span class='ocr_line' id='line_1_1' title="bbox 451 349 555 408; baseline -0.01 0"><span class='ocrx_word' id='word_1_1' title='bbox 451 349 555 408; x_wconf 61' lang='lat' dir='ltr'><strong>Sil</strong></span> 
     </span>
    </p>
   </div>
   <div class='ocr_carea' id='block_1_2' title="bbox 458 440 2135 527">
    <p class='ocr_par' dir='ltr' id='par_1_2' title="bbox 458 440 2135 527">
     <span class='ocr_line' id='line_1_2' title="bbox 458 440 2135 527; baseline -0.01 -13"><span class='ocrx_word' id='word_1_2' title='bbox 458 442 670 523; x_wconf 51' lang='lat' dir='ltr'><strong>psalmos</strong></span> <span class='ocrx_word' id='word_1_3' title='bbox 712 462 941 527; x_wconf 76' lang='lat' dir='ltr'><strong>mysticus</strong></span> <span class='ocrx_word' id='word_1_4' title='bbox 977 470 1003 527; x_wconf 79' lang='lat'><strong>_:</strong></span> <span class='ocrx_word' id='word_1_5' title='bbox 1037 463 1187 527; x_wconf 73' lang='lat' dir='ltr'><strong>certe</strong></span> <span class='ocrx_word' id='word_1_6' title='bbox 1234 453 1355 507; x_wconf 84' lang='lat' dir='ltr'><strong>nihil</strong></span> <span class='ocrx_word' id='word_1_7' title='bbox 1395 451 1555 505; x_wconf 82' lang='lat' dir='ltr'><strong>habet</strong></span> <span class='ocrx_word' id='word_1_8' title='bbox 1596 449 2050 514; x_wconf 77' lang='lat' dir='ltr'><strong>Hieronymianum.</strong></span> <span class='ocrx_word' id='word_1_9' title='bbox 2078 440 2135 507; x_wconf 72' lang='grc' dir='ltr'>Α</span> 
     </span>
    </p>
   </div>
   <div class='ocr_carea' id='block_1_3' title="bbox 459 519 1055 587">
    <p class='ocr_par' dir='ltr' id='par_1_3' title="bbox 459 519 1055 587">
     <span class='ocr_line' id='line_1_3' title="bbox 459 519 1055 587; baseline -0.015 -8"><span class='ocrx_word' id='word_1_10' title='bbox 459 519 658 579; x_wconf 68' lang='grc' dir='ltr'><strong>Ὗὶάθεὶι</strong></span> <span class='ocrx_word' id='word_1_11' title='bbox 683 519 806 587; x_wconf 70' lang='grc' dir='ltr'>ετέο</span> <span class='ocrx_word' id='word_1_12' title='bbox 826 523 919 574; x_wconf 93' lang='lat' dir='ltr'><strong>ioc.</strong></span> <span class='ocrx_word' id='word_1_13' title='bbox 946 519 1055 583; x_wconf 90' lang='lat' dir='ltr'><strong>cit.)</strong></span> 
     </span>
    </p>
   </div>
   <div class='ocr_carea' id='block_1_4' title="bbox 607 615 1911 687">
    <p class='ocr_par' dir='ltr' id='par_1_4' title="bbox 607 615 1911 687">
     <span class='ocr_line' id='line_1_4' title="bbox 607 615 1911 687; baseline -0.013 0"><span class='ocrx_word' id='word_1_14' title='bbox 607 626 922 687; x_wconf 78' lang='lat' dir='ltr'><strong>MONITUM</strong></span> <span class='ocrx_word' id='word_1_15' title='bbox 956 624 1021 680; x_wconf 79' lang='grc' dir='ltr'><strong>ΙΝ</strong></span> <span class='ocrx_word' id='word_1_16' title='bbox 1052 620 1435 680; x_wconf 80' lang='lat' dir='ltr'><strong>EPISTOLAM</strong></span> <span class='ocrx_word' id='word_1_17' title='bbox 1464 615 1911 687; x_wconf 81' lang='lat' dir='ltr'><strong>SEQUENTEM.</strong></span> 
     </span>
    </p>
   </div>
   <div class='ocr_carea' id='block_1_5' title="bbox 537 716 2058 790">
    <p class='ocr_par' dir='ltr' id='par_1_5' title="bbox 537 716 2058 790">
     <span class='ocr_line' id='line_1_5' title="bbox 537 716 2058 790; baseline -0.014 -4"><span class='ocrx_word' id='word_1_18' title='bbox 537 730 606 786; x_wconf 83' lang='lat' dir='ltr'><strong>In</strong></span> <span class='ocrx_word' id='word_1_19' title='bbox 636 725 923 784; x_wconf 75' lang='lat' dir='ltr'><strong>Veronensi</strong></span> <span class='ocrx_word' id='word_1_20' title='bbox 962 739 1063 777; x_wconf 85' lang='lat' dir='ltr'><strong>ms.</strong></span> <span class='ocrx_word' id='word_1_21' title='bbox 1093 723 1181 790; x_wconf 88' lang='lat' dir='ltr'><strong>qui</strong></span> <span class='ocrx_word' id='word_1_22' title='bbox 1220 735 1417 774; x_wconf 86' lang='lat' dir='ltr'><strong>nonum</strong></span> <span class='ocrx_word' id='word_1_23' title='bbox 1457 725 1591 772; x_wconf 86' lang='lat' dir='ltr'><strong>certe</strong></span> <span class='ocrx_word' id='word_1_24' title='bbox 1621 716 1872 790; x_wconf 59' lang='lat' dir='ltr'><strong>sarculum</strong></span> <span class='ocrx_word' id='word_1_25' title='bbox 1916 721 2058 790; x_wconf 43' lang='lat' dir='ltr'><strong>ante:</strong></span> 
     </span>
    </p>
   </div>
   <div class='ocr_carea' id='block_1_6' title="bbox 466 785 2056 876">
    <p class='ocr_par' dir='ltr' id='par_1_6' title="bbox 466 785 2056 876">
     <span class='ocr_line' id='line_1_6' title="bbox 466 785 2056 876; baseline -0.014 -17"><span class='ocrx_word' id='word_1_26' title='bbox 466 785 982 876; x_wconf 61' lang='lat' dir='ltr'><strong>cedit,_s_ubjun_gitur</strong></span> <span class='ocrx_word' id='word_1_27' title='bbox 1006 785 1166 876; x_wconf 71' lang='lat' dir='ltr'><strong>paulo</strong></span> <span class='ocrx_word' id='word_1_28' title='bbox 1193 803 1307 876; x_wconf 82' lang='lat' dir='ltr'><strong>post</strong></span> <span class='ocrx_word' id='word_1_29' title='bbox 1333 791 1557 876; x_wconf 56' lang='lat' dir='ltr'><strong>sermoni</strong></span> <span class='ocrx_word' id='word_1_30' title='bbox 1585 788 1671 876; x_wconf 79' lang='lat' dir='ltr'><strong>qui</strong></span> <span class='ocrx_word' id='word_1_31' title='bbox 1695 785 2056 876; x_wconf 39' lang='lat' dir='ltr'><strong>deEs‘uégni</strong></span> 
     </span>
    </p>
   </div>
   <div class='ocr_carea' id='block_1_7' title="bbox 459 857 2053 932">
    <p class='ocr_par' dir='ltr' id='par_1_7' title="bbox 459 857 2053 932">
     <span class='ocr_line' id='line_1_7' title="bbox 459 857 2053 932; baseline -0.012 -3"><span class='ocrx_word' id='word_1_32' title='bbox 459 857 776 929; x_wconf 71' lang='lat' dir='ltr'><strong>inscribitur.</strong></span> <span class='ocrx_word' id='word_1_33' title='bbox 820 857 1074 924; x_wconf 71' lang='lat' dir='ltr'><strong>Erasmus</strong></span> <span class='ocrx_word' id='word_1_34' title='bbox 1098 866 1163 920; x_wconf 86' lang='lat' dir='ltr'><strong>de</strong></span> <span class='ocrx_word' id='word_1_35' title='bbox 1189 857 1287 918; x_wconf 84' lang='lat' dir='ltr'><strong>isto</strong></span> <span class='ocrx_word' id='word_1_36' title='bbox 1326 864 1421 927; x_wconf 90' lang='lat' dir='ltr'><strong>ait,</strong></span> <span class='ocrx_word' id='word_1_37' title='bbox 1474 859 1725 932; x_wconf 83' lang='lat' dir='ltr'><strong>Ejusdem</strong></span> <span class='ocrx_word' id='word_1_38' title='bbox 1751 866 1823 912; x_wconf 87' lang='lat' dir='ltr'><strong>est</strong></span> <span class='ocrx_word' id='word_1_39' title='bbox 1850 857 2053 926; x_wconf 65' lang='lat' dir='ltr'><strong>farinae,</strong></span> 
     </span>
    </p>
   </div>
   <div class='ocr_carea' id='block_1_8' title="bbox 467 934 2056 1009">
    <p class='ocr_par' dir='ltr' id='par_1_8' title="bbox 467 934 2056 1009">
     <span class='ocr_line' id='line_1_8' title="bbox 467 934 2056 1009; baseline -0.013 -10"><span class='ocrx_word' id='word_1_40' title='bbox 467 962 581 998; x_wconf 86' lang='lat' dir='ltr'><strong>cum</strong></span> <span class='ocrx_word' id='word_1_41' title='bbox 626 941 876 1005; x_wconf 83' lang='lat' dir='ltr'><strong>homilia,</strong></span> <span class='ocrx_word' id='word_1_42' title='bbox 931 954 1045 1008; x_wconf 75' lang='lat' dir='ltr'><strong>qua:</strong></span> <span class='ocrx_word' id='word_1_43' title='bbox 1087 935 1315 1009; x_wconf 78' lang='lat' dir='ltr'><strong>proxime</strong></span> <span class='ocrx_word' id='word_1_44' title='bbox 1368 934 1669 1003; x_wconf 81' lang='lat' dir='ltr'><strong>prcccessit,</strong></span> <span class='ocrx_word' id='word_1_45' title='bbox 1716 938 1766 985; x_wconf 89' lang='lat' dir='ltr'><strong>et</strong></span> <span class='ocrx_word' id='word_1_46' title='bbox 1819 934 2056 982; x_wconf 86' lang='lat' dir='ltr'><strong>eumdem</strong></span> 
     </span>
    </p>
   </div>
   <div class='ocr_carea' id='block_1_9' title="bbox 464 1016 906 1087">
    <p class='ocr_par' dir='ltr' id='par_1_9' title="bbox 464 1016 906 1087">
     <span class='ocr_line' id='line_1_9' title="bbox 464 1016 906 1087; baseline -0.011 -17"><span class='ocrx_word' id='word_1_47' title='bbox 464 1016 600 1087; x_wconf 76' lang='lat' dir='ltr'><strong>sapit</strong></span> <span class='ocrx_word' id='word_1_48' title='bbox 624 1021 906 1067; x_wconf 83' lang='lat' dir='ltr'><strong>auctorem.</strong></span> 
     </span>
    </p>
   </div>
   <div class='ocr_carea' id='block_1_10' title="bbox 1005 1095 1540 1164">
    <p class='ocr_par' dir='ltr' id='par_1_10' title="bbox 1005 1095 1540 1164">
     <span class='ocr_line' id='line_1_10' title="bbox 1005 1095 1540 1164; baseline -0.015 -4"><span class='ocrx_word' id='word_1_49' title='bbox 1005 1096 1341 1159; x_wconf 81' lang='lat' dir='ltr'><strong>EPISTOLA</strong></span> <span class='ocrx_word' id='word_1_50' title='bbox 1370 1095 1540 1164; x_wconf 79' lang='lat' dir='ltr'><strong>XXII,</strong></span> 
     </span>
    </p>
   </div>
   <div class='ocr_carea' id='block_1_11' title="bbox 755 1200 1769 1253">
    <p class='ocr_par' dir='ltr' id='par_1_11' title="bbox 755 1200 1769 1253">
     <span class='ocr_line' id='line_1_11' title="bbox 755 1200 1769 1253; baseline -0.013 0"><span class='ocrx_word' id='word_1_51' title='bbox 755 1200 852 1253; x_wconf 75' lang='lat' dir='ltr'><strong>seu</strong></span> <span class='ocrx_word' id='word_1_52' title='bbox 882 1204 1225 1252; x_wconf 64' lang='lat' dir='ltr'><strong>expassum</strong></span> <span class='ocrx_word' id='word_1_53' title='bbox 1256 1206 1307 1247; x_wconf 65' lang='grc' dir='ltr'><strong>ια</strong></span> <span class='ocrx_word' id='word_1_54' title='bbox 1327 1200 1574 1247; x_wconf 64' lang='grc' dir='ltr'><strong>ιιελωωι</strong></span> <span class='ocrx_word' id='word_1_55' title='bbox 1602 1201 1769 1244; x_wconf 81' lang='lat' dir='ltr'><strong>cxvu.</strong></span> 
     </span>
    </p>
   </div>
   <div class='ocr_carea' id='block_1_12' title="bbox 533 1274 2063 1358">
    <p class='ocr_par' dir='ltr' id='par_1_12' title="bbox 533 1274 2063 1358">
     <span class='ocr_line' id='line_1_12' title="bbox 533 1274 2063 1358; baseline -0.014 -8"><span class='ocrx_word' id='word_1_56' title='bbox 533 1278 580 1350; x_wconf 73' lang='lat' dir='ltr'><strong>l‘.</strong></span> <span class='ocrx_word' id='word_1_57' title='bbox 611 1284 839 1351; x_wconf 76' lang='lat' dir='ltr'><strong>inomni</strong></span> <span class='ocrx_word' id='word_1_58' title='bbox 874 1289 1080 1358; x_wconf 84' lang='lat' dir='ltr'><strong>psalmo</strong></span> <span class='ocrx_word' id='word_1_59' title='bbox 1111 1284 1374 1340; x_wconf 87' lang='lat' dir='ltr'><strong>Dominus</strong></span> <span class='ocrx_word' id='word_1_60' title='bbox 1405 1289 1595 1337; x_wconf 79' lang='lat' dir='ltr'><strong>noster</strong></span> <span class='ocrx_word' id='word_1_61' title='bbox 1621 1280 1782 1335; x_wconf 72' lang='lat' dir='ltr'><strong>.Iesus</strong></span> <span class='ocrx_word' id='word_1_62' title='bbox 1806 1274 2063 1331; x_wconf 76' lang='lat' dir='ltr'><strong>Christus</strong></span> 
     </span>
    </p>
   </div>
   <div class='ocr_carea' id='block_1_13' title="bbox 468 1366 2062 1459">
    <p class='ocr_par' dir='ltr' id='par_1_13' title="bbox 468 1366 2062 1459">
     <span class='ocr_line' id='line_1_13' title="bbox 468 1366 2062 1459; baseline -0.016 -16"><span class='ocrx_word' id='word_1_63' title='bbox 468 1384 823 1459; x_wconf 87' lang='lat' dir='ltr'><strong>prophetatur</strong></span> <span class='ocrx_word' id='word_1_64' title='bbox 852 1391 1012 1451; x_wconf 85' lang='lat' dir='ltr'><strong>atque</strong></span> <span class='ocrx_word' id='word_1_65' title='bbox 1037 1379 1272 1435; x_wconf 87' lang='lat' dir='ltr'><strong>canitur.</strong></span> <span class='ocrx_word' id='word_1_66' title='bbox 1314 1372 1591 1443; x_wconf 86' lang='lat' dir='ltr'><strong>Siquidem</strong></span> <span class='ocrx_word' id='word_1_67' title='bbox 1622 1371 1738 1440; x_wconf 86' lang='lat' dir='ltr'><strong>ipse</strong></span> <span class='ocrx_word' id='word_1_68' title='bbox 1769 1368 1918 1423; x_wconf 81' lang='lat' dir='ltr'><strong>habet</strong></span> <span class='ocrx_word' id='word_1_69' title='bbox 1948 1366 2062 1420; x_wconf 85' lang='lat' dir='ltr'><strong>cla-</strong></span> 
     </span>
    </p>
   </div>
   <div class='ocr_carea' id='block_1_14' title="bbox 467 1464 2064 1546">
    <p class='ocr_par' dir='ltr' id='par_1_14' title="bbox 467 1464 2064 1546">
     <span class='ocr_line' id='line_1_14' title="bbox 467 1464 2064 1546; baseline -0.013 -10"><span class='ocrx_word' id='word_1_70' title='bbox 467 1497 580 1536; x_wconf 82' lang='lat' dir='ltr'><strong>vem</strong></span> <span class='ocrx_word' id='word_1_71' title='bbox 602 1477 772 1533; x_wconf 78' lang='lat' dir='ltr'><strong>David</strong></span> <span class='ocrx_word' id='word_1_72' title='bbox 796 1489 912 1546; x_wconf 77' lang='lat' dir='ltr'><strong>qua:</strong></span> <span class='ocrx_word' id='word_1_73' title='bbox 937 1472 1102 1545; x_wconf 85' lang='lat' dir='ltr'><strong>aperit</strong></span> <span class='ocrx_word' id='word_1_74' title='bbox 1128 1470 1177 1525; x_wconf 80' lang='lat' dir='ltr'><strong>et</strong></span> <span class='ocrx_word' id='word_1_75' title='bbox 1201 1477 1352 1524; x_wconf 81' lang='lat' dir='ltr'><strong>nemo</strong></span> <span class='ocrx_word' id='word_1_76' title='bbox 1376 1467 1597 1531; x_wconf 79' lang='lat' dir='ltr'><strong>claudit,</strong></span> <span class='ocrx_word' id='word_1_77' title='bbox 1627 1464 1821 1519; x_wconf 78' lang='lat' dir='ltr'><strong>claudit</strong></span> <span class='ocrx_word' id='word_1_78' title='bbox 1847 1471 1895 1516; x_wconf 87' lang='lat' dir='ltr'><strong>et</strong></span> <span class='ocrx_word' id='word_1_79' title='bbox 1915 1476 2064 1516; x_wconf 88' lang='lat' dir='ltr'><strong>nemo</strong></span> 
     </span>
    </p>
   </div>
   <div class='ocr_carea' id='block_1_15' title="bbox 470 1556 2065 1646">
    <p class='ocr_par' dir='ltr' id='par_1_15' title="bbox 470 1556 2065 1646">
     <span class='ocr_line' id='line_1_15' title="bbox 470 1556 2065 1646; baseline -0.012 -17"><span class='ocrx_word' id='word_1_80' title='bbox 470 1574 635 1646; x_wconf 86' lang='lat' dir='ltr'><strong>aperit</strong></span> <span class='ocrx_word' id='word_1_81' title='bbox 654 1571 841 1642; x_wconf 83' lang='lat' dir='ltr'><strong>(Apoc.</strong></span> <span class='ocrx_word' id='word_1_82' title='bbox 858 1583 936 1634; x_wconf 87' lang='lat' dir='ltr'><strong>ut,</strong></span> <span class='ocrx_word' id='word_1_83' title='bbox 956 1568 988 1621; x_wconf 86' lang='lat'><strong>7</strong></span> <span class='ocrx_word' id='word_1_84' title='bbox 994 1576 1034 1638; x_wconf 80' lang='lat'><strong>).</strong></span> <span class='ocrx_word' id='word_1_85' title='bbox 1057 1565 1163 1623; x_wconf 86' lang='lat' dir='ltr'><strong>Sed</strong></span> <span class='ocrx_word' id='word_1_86' title='bbox 1188 1563 1457 1635; x_wconf 72' lang='lat' dir='ltr'><strong>praecipue</strong></span> <span class='ocrx_word' id='word_1_87' title='bbox 1473 1563 1525 1616; x_wconf 90' lang='lat' dir='ltr'><strong>in</strong></span> <span class='ocrx_word' id='word_1_88' title='bbox 1538 1559 1834 1616; x_wconf 89' lang='lat' dir='ltr'><strong>centesimo</strong></span> <span class='ocrx_word' id='word_1_89' title='bbox 1850 1556 2065 1612; x_wconf 90' lang='lat' dir='ltr'><strong>decimo</strong></span> 
     </span>
    </p>
   </div>
   <div class='ocr_carea' id='block_1_16' title="bbox 476 1651 2065 1735">
    <p class='ocr_par' dir='ltr' id='par_1_16' title="bbox 476 1651 2065 1735">
     <span class='ocr_line' id='line_1_16' title="bbox 476 1651 2065 1735; baseline -0.011 -15"><span class='ocrx_word' id='word_1_90' title='bbox 476 1664 710 1735; x_wconf 85' lang='lat' dir='ltr'><strong>septimo</strong></span> <span class='ocrx_word' id='word_1_91' title='bbox 752 1660 987 1728; x_wconf 81' lang='lat' dir='ltr'><strong>psalmo,</strong></span> <span class='ocrx_word' id='word_1_92' title='bbox 1027 1657 1121 1729; x_wconf 90' lang='lat' dir='ltr'><strong>qui</strong></span> <span class='ocrx_word' id='word_1_93' title='bbox 1163 1671 1309 1712; x_wconf 90' lang='lat' dir='ltr'><strong>nunc</strong></span> <span class='ocrx_word' id='word_1_94' title='bbox 1339 1651 1620 1726; x_wconf 89' lang='lat' dir='ltr'><strong>psallendo</strong></span> <span class='ocrx_word' id='word_1_95' title='bbox 1645 1652 1819 1706; x_wconf 90' lang='lat' dir='ltr'><strong>lectus</strong></span> <span class='ocrx_word' id='word_1_96' title='bbox 1848 1657 1950 1715; x_wconf 87' lang='lat' dir='ltr'><strong>est,</strong></span> <span class='ocrx_word' id='word_1_97' title='bbox 1979 1664 2065 1704; x_wconf 86' lang='lat' dir='ltr'><strong>re-</strong></span> 
     </span>
    </p>
   </div>
   <div class='ocr_carea' id='block_1_17' title="bbox 468 1742 2059 1825">
    <p class='ocr_par' dir='ltr' id='par_1_17' title="bbox 468 1742 2059 1825">
     <span class='ocr_line' id='line_1_17' title="bbox 468 1742 2059 1825; baseline -0.012 -10"><span class='ocrx_word' id='word_1_98' title='bbox 468 1756 826 1815; x_wconf 83' lang='lat' dir='ltr'><strong>surrectionis</strong></span> <span class='ocrx_word' id='word_1_99' title='bbox 876 1752 1191 1825; x_wconf 75' lang='lat' dir='ltr'><strong>mysterium</strong></span> <span class='ocrx_word' id='word_1_100' title='bbox 1224 1748 1570 1821; x_wconf 77' lang='lat' dir='ltr'><strong>praedicatur.</strong></span> <span class='ocrx_word' id='word_1_101' title='bbox 1610 1745 1710 1800; x_wconf 88' lang='lat' dir='ltr'><strong>Hic</strong></span> <span class='ocrx_word' id='word_1_102' title='bbox 1740 1745 1884 1799; x_wconf 85' lang='lat' dir='ltr'><strong>enim</strong></span> <span class='ocrx_word' id='word_1_103' title='bbox 1916 1742 2059 1813; x_wconf 87' lang='lat' dir='ltr'><strong>psal-</strong></span> 
     </span>
    </p>
   </div>
   <div class='ocr_carea' id='block_1_18' title="bbox 464 1832 2139 1917">
    <p class='ocr_par' dir='ltr' id='par_1_18' title="bbox 464 1832 2139 1917">
     <span class='ocr_line' id='line_1_18' title="bbox 464 1832 2139 1917; baseline -0.011 -11"><span class='ocrx_word' id='word_1_104' title='bbox 464 1864 626 1917; x_wconf 85' lang='lat' dir='ltr'><strong>mus,</strong></span> <span class='ocrx_word' id='word_1_105' title='bbox 676 1847 729 1903; x_wconf 92' lang='lat' dir='ltr'><strong>in</strong></span> <span class='ocrx_word' id='word_1_106' title='bbox 778 1856 885 1915; x_wconf 88' lang='lat' dir='ltr'><strong>quo</strong></span> <span class='ocrx_word' id='word_1_107' title='bbox 939 1860 970 1901; x_wconf 85' lang='lat' dir='ltr'><strong>a</strong></span> <span class='ocrx_word' id='word_1_108' title='bbox 1012 1843 1218 1913; x_wconf 82' lang='lat' dir='ltr'><strong>Spiritu</strong></span> <span class='ocrx_word' id='word_1_109' title='bbox 1256 1847 1447 1895; x_wconf 90' lang='lat' dir='ltr'><strong>sancto</strong></span> <span class='ocrx_word' id='word_1_110' title='bbox 1495 1838 1807 1908; x_wconf 68' lang='lat' dir='ltr'><strong>prmsignati</strong></span> <span class='ocrx_word' id='word_1_111' title='bbox 1860 1849 2059 1890; x_wconf 78' lang='lat' dir='ltr'><strong>vocan-</strong></span> <span class='ocrx_word' id='word_1_112' title='bbox 2092 1832 2139 1895; x_wconf 84' lang='grc' dir='ltr'><strong><em>Β</em></strong></span> 
     </span>
    </p>
   </div>
   <div class='ocr_carea' id='block_1_19' title="bbox 471 1927 2055 1997">
    <p class='ocr_par' dir='ltr' id='par_1_19' title="bbox 471 1927 2055 1997">
     <span class='ocr_line' id='line_1_19' title="bbox 471 1927 2055 1997; baseline -0.011 -1"><span class='ocrx_word' id='word_1_113' title='bbox 471 1956 561 1997; x_wconf 86' lang='lat' dir='ltr'><strong>tur</strong></span> <span class='ocrx_word' id='word_1_114' title='bbox 602 1940 669 1995; x_wconf 88' lang='lat' dir='ltr'><strong>ad</strong></span> <span class='ocrx_word' id='word_1_115' title='bbox 720 1936 1085 1994; x_wconf 87' lang='lat' dir='ltr'><strong>conlitendum</strong></span> <span class='ocrx_word' id='word_1_116' title='bbox 1117 1933 1346 1989; x_wconf 87' lang='lat' dir='ltr'><strong>Domino</strong></span> <span class='ocrx_word' id='word_1_117' title='bbox 1396 1932 1449 1985; x_wconf 89' lang='lat' dir='ltr'><strong>in</strong></span> <span class='ocrx_word' id='word_1_118' title='bbox 1478 1929 1667 1985; x_wconf 86' lang='lat' dir='ltr'><strong>laude:</strong></span> <span class='ocrx_word' id='word_1_119' title='bbox 1724 1927 1809 1982; x_wconf 90' lang='lat' dir='ltr'><strong>vel</strong></span> <span class='ocrx_word' id='word_1_120' title='bbox 1837 1927 1901 1981; x_wconf 88' lang='lat' dir='ltr'><strong>ad</strong></span> <span class='ocrx_word' id='word_1_121' title='bbox 1930 1942 2055 1981; x_wconf 87' lang='lat' dir='ltr'><strong>con-</strong></span> 
     </span>
    </p>
   </div>
   <div class='ocr_carea' id='block_1_20' title="bbox 472 2019 2061 2101">
    <p class='ocr_par' dir='ltr' id='par_1_20' title="bbox 472 2019 2061 2101">
     <span class='ocr_line' id='line_1_20' title="bbox 472 2019 2061 2101; baseline -0.009 -12"><span class='ocrx_word' id='word_1_122' title='bbox 472 2034 764 2089; x_wconf 83' lang='lat' dir='ltr'><strong>fessionem</strong></span> <span class='ocrx_word' id='word_1_123' title='bbox 797 2030 1037 2101; x_wconf 83' lang='lat' dir='ltr'><strong>gentium</strong></span> <span class='ocrx_word' id='word_1_124' title='bbox 1060 2027 1174 2082; x_wconf 84' lang='lat' dir='ltr'><strong>veri</strong></span> <span class='ocrx_word' id='word_1_125' title='bbox 1202 2024 1461 2081; x_wconf 63' lang='lat' dir='ltr'><strong>Israelita:</strong></span> <span class='ocrx_word' id='word_1_126' title='bbox 1507 2023 1562 2077; x_wconf 91' lang='lat' dir='ltr'><strong>in</strong></span> <span class='ocrx_word' id='word_1_127' title='bbox 1602 2021 1925 2091; x_wconf 73' lang='lat' dir='ltr'><strong>pmnitentia</strong></span> <span class='ocrx_word' id='word_1_128' title='bbox 1946 2019 2061 2075; x_wconf 89' lang='lat' dir='ltr'><strong>veri</strong></span> 
     </span>
    </p>
   </div>
   <div class='ocr_carea' id='block_1_21' title="bbox 472 2112 2067 2187">
    <p class='ocr_par' dir='ltr' id='par_1_21' title="bbox 472 2112 2067 2187">
     <span class='ocr_line' id='line_1_21' title="bbox 472 2112 2067 2187; baseline -0.011 -3"><span class='ocrx_word' id='word_1_129' title='bbox 472 2124 771 2185; x_wconf 75' lang='lat' dir='ltr'><strong>sacerdotis</strong></span> <span class='ocrx_word' id='word_1_130' title='bbox 800 2124 979 2178; x_wconf 78' lang='lat' dir='ltr'><strong>Aaron</strong></span> <span class='ocrx_word' id='word_1_131' title='bbox 1001 2120 1219 2185; x_wconf 86' lang='lat' dir='ltr'><strong>domus,</strong></span> <span class='ocrx_word' id='word_1_132' title='bbox 1249 2116 1394 2187; x_wconf 89' lang='lat' dir='ltr'><strong>quod</strong></span> <span class='ocrx_word' id='word_1_133' title='bbox 1432 2123 1518 2171; x_wconf 87' lang='lat' dir='ltr'><strong>est</strong></span> <span class='ocrx_word' id='word_1_134' title='bbox 1554 2115 1609 2169; x_wconf 90' lang='lat' dir='ltr'><strong>in</strong></span> <span class='ocrx_word' id='word_1_135' title='bbox 1639 2113 1881 2168; x_wconf 83' lang='lat' dir='ltr'><strong>Ecclesia</strong></span> <span class='ocrx_word' id='word_1_136' title='bbox 1906 2130 1920 2168; x_wconf 90' lang='lat'><strong>:</strong></span> <span class='ocrx_word' id='word_1_137' title='bbox 1950 2112 2067 2168; x_wconf 84' lang='lat' dir='ltr'><strong>sive</strong></span> 
     </span>
    </p>
   </div>
   <div class='ocr_carea' id='block_1_22' title="bbox 471 2208 2068 2289">
    <p class='ocr_par' dir='ltr' id='par_1_22' title="bbox 471 2208 2068 2289">
     <span class='ocr_line' id='line_1_22' title="bbox 471 2208 2068 2289; baseline -0.011 -14"><span class='ocrx_word' id='word_1_138' title='bbox 471 2218 794 2289; x_wconf 70' lang='lat' dir='ltr'><strong>generaliter</strong></span> <span class='ocrx_word' id='word_1_139' title='bbox 851 2228 1041 2271; x_wconf 89' lang='lat' dir='ltr'><strong>omnes</strong></span> <span class='ocrx_word' id='word_1_140' title='bbox 1102 2212 1357 2266; x_wconf 89' lang='lat' dir='ltr'><strong>timentes</strong></span> <span class='ocrx_word' id='word_1_141' title='bbox 1400 2208 1573 2263; x_wconf 81' lang='lat' dir='ltr'><strong>Deum</strong></span> <span class='ocrx_word' id='word_1_142' title='bbox 1619 2217 1767 2262; x_wconf 87' lang='lat' dir='ltr'><strong>recte</strong></span> <span class='ocrx_word' id='word_1_143' title='bbox 1812 2220 1909 2275; x_wconf 91' lang='lat' dir='ltr'><strong>pro</strong></span> <span class='ocrx_word' id='word_1_144' title='bbox 1946 2214 2068 2259; x_wconf 88' lang='lat' dir='ltr'><strong>tan-</strong></span> 
     </span>
    </p>
   </div>
   <div class='ocr_carea' id='block_1_23' title="bbox 476 2298 2071 2377">
    <p class='ocr_par' dir='ltr' id='par_1_23' title="bbox 476 2298 2071 2377">
     <span class='ocr_line' id='line_1_23' title="bbox 476 2298 2071 2377; baseline -0.012 -9"><span class='ocrx_word' id='word_1_145' title='bbox 476 2315 548 2368; x_wconf 87' lang='lat' dir='ltr'><strong>tis</strong></span> <span class='ocrx_word' id='word_1_146' title='bbox 572 2308 884 2367; x_wconf 86' lang='lat' dir='ltr'><strong>muneribus</strong></span> <span class='ocrx_word' id='word_1_147' title='bbox 909 2304 1127 2377; x_wconf 85' lang='lat' dir='ltr'><strong>pietatis</strong></span> <span class='ocrx_word' id='word_1_148' title='bbox 1148 2304 1327 2359; x_wconf 81' lang='lat' dir='ltr'><strong>Patris</strong></span> <span class='ocrx_word' id='word_1_149' title='bbox 1357 2302 1445 2371; x_wconf 89' lang='lat' dir='ltr'><strong>qui</strong></span> <span class='ocrx_word' id='word_1_150' title='bbox 1462 2298 1606 2354; x_wconf 87' lang='lat' dir='ltr'><strong>Filio</strong></span> <span class='ocrx_word' id='word_1_151' title='bbox 1637 2316 1731 2354; x_wconf 90' lang='lat' dir='ltr'><strong>suo</strong></span> <span class='ocrx_word' id='word_1_152' title='bbox 1756 2316 1859 2353; x_wconf 91' lang='lat' dir='ltr'><strong>non</strong></span> <span class='ocrx_word' id='word_1_153' title='bbox 1885 2313 2071 2370; x_wconf 82' lang='lat' dir='ltr'><strong>peper-</strong></span> 
     </span>
    </p>
   </div>
   <div class='ocr_carea' id='block_1_24' title="bbox 478 2390 2069 2471">
    <p class='ocr_par' dir='ltr' id='par_1_24' title="bbox 478 2390 2069 2471">
     <span class='ocr_line' id='line_1_24' title="bbox 478 2390 2069 2471; baseline -0.01 -12"><span class='ocrx_word' id='word_1_154' title='bbox 478 2406 567 2471; x_wconf 80' lang='lat' dir='ltr'><strong>cit,</strong></span> <span class='ocrx_word' id='word_1_155' title='bbox 623 2402 712 2458; x_wconf 83' lang='lat' dir='ltr'><strong>sed</strong></span> <span class='ocrx_word' id='word_1_156' title='bbox 764 2414 856 2469; x_wconf 86' lang='lat' dir='ltr'><strong>pro</strong></span> <span class='ocrx_word' id='word_1_157' title='bbox 889 2398 1033 2453; x_wconf 82' lang='lat' dir='ltr'><strong>nobis</strong></span> <span class='ocrx_word' id='word_1_158' title='bbox 1061 2395 1296 2451; x_wconf 83' lang='lat' dir='ltr'><strong>omnibus</strong></span> <span class='ocrx_word' id='word_1_159' title='bbox 1336 2392 1552 2446; x_wconf 79' lang='lat' dir='ltr'><strong>tradidit</strong></span> <span class='ocrx_word' id='word_1_160' title='bbox 1599 2390 1769 2460; x_wconf 77' lang='lat' dir='ltr'><strong>illum,</strong></span> <span class='ocrx_word' id='word_1_161' title='bbox 1803 2403 1834 2445; x_wconf 86' lang='lat' dir='ltr'><strong>a</strong></span> <span class='ocrx_word' id='word_1_162' title='bbox 1856 2390 2069 2446; x_wconf 75' lang='lat' dir='ltr'><strong>confes-</strong></span> 
     </span>
    </p>
   </div>
   <div class='ocr_carea' id='block_1_25' title="bbox 478 2484 2069 2563">
    <p class='ocr_par' dir='ltr' id='par_1_25' title="bbox 478 2484 2069 2563">
     <span class='ocr_line' id='line_1_25' title="bbox 478 2484 2069 2563; baseline -0.011 -10"><span class='ocrx_word' id='word_1_163' title='bbox 478 2498 628 2554; x_wconf 84' lang='lat' dir='ltr'><strong>sione</strong></span> <span class='ocrx_word' id='word_1_164' title='bbox 660 2495 934 2563; x_wconf 85' lang='lat' dir='ltr'><strong>incipitur.</strong></span> <span class='ocrx_word' id='word_1_165' title='bbox 971 2491 1228 2559; x_wconf 85' lang='lat' dir='ltr'><strong>Quoniam</strong></span> <span class='ocrx_word' id='word_1_166' title='bbox 1250 2488 1433 2554; x_wconf 84' lang='lat' dir='ltr'><strong>bonus,</strong></span> <span class='ocrx_word' id='word_1_167' title='bbox 1461 2486 1706 2557; x_wconf 83' lang='lat' dir='ltr'><strong>quoniam</strong></span> <span class='ocrx_word' id='word_1_168' title='bbox 1746 2486 1799 2539; x_wconf 86' lang='lat' dir='ltr'><strong>in</strong></span> <span class='ocrx_word' id='word_1_169' title='bbox 1821 2484 2069 2540; x_wconf 78' lang='lat' dir='ltr'><strong>steculum</strong></span> 
     </span>
    </p>
   </div>
   <div class='ocr_carea' id='block_1_26' title="bbox 480 2580 2069 2660">
    <p class='ocr_par' dir='ltr' id='par_1_26' title="bbox 480 2580 2069 2660">
     <span class='ocr_line' id='line_1_26' title="bbox 480 2580 2069 2660; baseline -0.008 -14"><span class='ocrx_word' id='word_1_170' title='bbox 480 2590 834 2647; x_wconf 74' lang='lat' dir='ltr'><strong>misericordia</strong></span> <span class='ocrx_word' id='word_1_171' title='bbox 884 2590 998 2660; x_wconf 84' lang='lat' dir='ltr'><strong>ejus</strong></span> <span class='ocrx_word' id='word_1_172' title='bbox 1054 2584 1250 2659; x_wconf 82' lang='lat' dir='ltr'><strong>(Rom.</strong></span> <span class='ocrx_word' id='word_1_173' title='bbox 1283 2597 1400 2648; x_wconf 89' lang='lat' dir='ltr'><strong>vm,</strong></span> <span class='ocrx_word' id='word_1_174' title='bbox 1443 2580 1534 2647; x_wconf 76' lang='lat'><strong>31,</strong></span> <span class='ocrx_word' id='word_1_175' title='bbox 1568 2580 1691 2653; x_wconf 73' lang='lat'><strong>&#39;52).</strong></span> <span class='ocrx_word' id='word_1_176' title='bbox 1738 2580 1869 2648; x_wconf 87' lang='lat' dir='ltr'><strong>Quis</strong></span> <span class='ocrx_word' id='word_1_177' title='bbox 1922 2580 2069 2636; x_wconf 89' lang='lat' dir='ltr'><strong>enim</strong></span> 
     </span>
    </p>
   </div>
   <div class='ocr_carea' id='block_1_27' title="bbox 478 2673 2071 2748">
    <p class='ocr_par' dir='ltr' id='par_1_27' title="bbox 478 2673 2071 2748">
     <span class='ocr_line' id='line_1_27' title="bbox 478 2673 2071 2748; baseline -0.008 -10"><span class='ocrx_word' id='word_1_178' title='bbox 478 2686 725 2739; x_wconf 87' lang='lat' dir='ltr'><strong>nostrum</strong></span> <span class='ocrx_word' id='word_1_179' title='bbox 760 2678 955 2748; x_wconf 78' lang='lat' dir='ltr'><strong>poterit</strong></span> <span class='ocrx_word' id='word_1_180' title='bbox 986 2690 1110 2733; x_wconf 89' lang='lat' dir='ltr'><strong>esse</strong></span> <span class='ocrx_word' id='word_1_181' title='bbox 1136 2673 1487 2733; x_wconf 86' lang='lat' dir='ltr'><strong>considerans</strong></span> <span class='ocrx_word' id='word_1_182' title='bbox 1516 2689 1578 2730; x_wconf 89' lang='lat' dir='ltr'><strong>ea</strong></span> <span class='ocrx_word' id='word_1_183' title='bbox 1600 2689 1720 2745; x_wconf 70' lang='lat' dir='ltr'><strong>qua:</strong></span> <span class='ocrx_word' id='word_1_184' title='bbox 1750 2674 1802 2727; x_wconf 90' lang='lat' dir='ltr'><strong>in</strong></span> <span class='ocrx_word' id='word_1_185' title='bbox 1836 2687 1902 2727; x_wconf 88' lang='lat' dir='ltr'><strong>eo</strong></span> <span class='ocrx_word' id='word_1_186' title='bbox 1934 2688 2071 2737; x_wconf 86' lang='lat' dir='ltr'><strong>quo-</strong></span> 
     </span>
    </p>
   </div>
   <div class='ocr_carea' id='block_1_28' title="bbox 480 2770 2069 2839">
    <p class='ocr_par' dir='ltr' id='par_1_28' title="bbox 480 2770 2069 2839">
     <span class='ocr_line' id='line_1_28' title="bbox 480 2770 2069 2839; baseline -0.007 -5"><span class='ocrx_word' id='word_1_187' title='bbox 480 2777 613 2834; x_wconf 83' lang='lat' dir='ltr'><strong>tidie</strong></span> <span class='ocrx_word' id='word_1_188' title='bbox 657 2774 936 2833; x_wconf 82' lang='lat' dir='ltr'><strong>exsultans</strong></span> <span class='ocrx_word' id='word_1_189' title='bbox 966 2772 1111 2829; x_wconf 83' lang='lat' dir='ltr'><strong>canit</strong></span> <span class='ocrx_word' id='word_1_190' title='bbox 1144 2771 1416 2828; x_wconf 84' lang='lat' dir='ltr'><strong>Ecclesia:</strong></span> <span class='ocrx_word' id='word_1_191' title='bbox 1461 2771 1565 2825; x_wconf 90' lang='lat' dir='ltr'><strong>hoc</strong></span> <span class='ocrx_word' id='word_1_192' title='bbox 1607 2779 1711 2837; x_wconf 80' lang='lat' dir='ltr'><strong>est,</strong></span> <span class='ocrx_word' id='word_1_193' title='bbox 1762 2770 2069 2839; x_wconf 81' lang='lat' dir='ltr'><strong>passionem</strong></span> 
     </span>
    </p>
   </div>
   <div class='ocr_carea' id='block_1_29' title="bbox 480 2862 2069 2927">
    <p class='ocr_par' dir='ltr' id='par_1_29' title="bbox 480 2862 2069 2927">
     <span class='ocr_line' id='line_1_29' title="bbox 480 2862 2069 2927; baseline -0.008 -1"><span class='ocrx_word' id='word_1_194' title='bbox 480 2868 698 2927; x_wconf 88' lang='lat' dir='ltr'><strong>Domini</strong></span> <span class='ocrx_word' id='word_1_195' title='bbox 726 2867 1024 2924; x_wconf 87' lang='lat' dir='ltr'><strong>Salvatoris</strong></span> <span class='ocrx_word' id='word_1_196' title='bbox 1045 2866 1500 2921; x_wconf 82' lang='lat' dir='ltr'><strong>resurrectionem</strong></span> <span class='ocrx_word' id='word_1_197' title='bbox 1532 2862 1647 2918; x_wconf 88' lang='lat' dir='ltr'><strong>sive</strong></span> <span class='ocrx_word' id='word_1_198' title='bbox 1666 2864 2069 2917; x_wconf 83' lang='lat' dir='ltr'><strong>ascensionem:</strong></span> 
     </span>
    </p>
   </div>
   <div class='ocr_carea' id='block_1_30' title="bbox 476 2951 2073 3029">
    <p class='ocr_par' dir='ltr' id='par_1_30' title="bbox 476 2951 2073 3029">
     <span class='ocr_line' id='line_1_30' title="bbox 476 2951 2073 3029; baseline -0.007 -11"><span class='ocrx_word' id='word_1_199' title='bbox 476 2971 532 3019; x_wconf 84' lang='lat' dir='ltr'><strong>et</strong></span> <span class='ocrx_word' id='word_1_200' title='bbox 560 2977 691 3017; x_wconf 89' lang='lat' dir='ltr'><strong>non-</strong></span> <span class='ocrx_word' id='word_1_201' title='bbox 715 2959 884 3029; x_wconf 79' lang='lat' dir='ltr'><strong>magis</strong></span> <span class='ocrx_word' id='word_1_202' title='bbox 914 2954 1161 3027; x_wconf 80' lang='lat' dir='ltr'><strong>erumpat</strong></span> <span class='ocrx_word' id='word_1_203' title='bbox 1184 2955 1239 3012; x_wconf 92' lang='lat' dir='ltr'><strong>in</strong></span> <span class='ocrx_word' id='word_1_204' title='bbox 1275 2969 1488 3022; x_wconf 89' lang='lat' dir='ltr'><strong>vocem,</strong></span> <span class='ocrx_word' id='word_1_205' title='bbox 1518 2968 1745 3024; x_wconf 89' lang='lat' dir='ltr'><strong>compos</strong></span> <span class='ocrx_word' id='word_1_206' title='bbox 1772 2953 1794 3026; x_wconf 81' lang='lat'>[</span> <span class='ocrx_word' id='word_1_207' title='bbox 1818 2951 1904 3008; x_wconf 82' lang='lat' dir='ltr'><strong>Al.</strong></span> <span class='ocrx_word' id='word_1_208' title='bbox 1940 2968 2073 3008; x_wconf 86' lang='lat' dir='ltr'><strong>con-</strong></span> 
     </span>
    </p>
   </div>
   <div class='ocr_carea' id='block_1_31' title="bbox 476 3044 2073 3123">
    <p class='ocr_par' dir='ltr' id='par_1_31' title="bbox 476 3044 2073 3123">
     <span class='ocr_line' id='line_1_31' title="bbox 476 3044 2073 3123; baseline -0.006 -13"><span class='ocrx_word' id='word_1_209' title='bbox 476 3050 637 3123; x_wconf 88' lang='lat' dir='ltr'><strong>sors]</strong></span> <span class='ocrx_word' id='word_1_210' title='bbox 687 3051 909 3107; x_wconf 90' lang='lat' dir='ltr'><strong>illorum</strong></span> <span class='ocrx_word' id='word_1_211' title='bbox 960 3046 1307 3120; x_wconf 83' lang='lat' dir='ltr'><strong>parvulorum</strong></span> <span class='ocrx_word' id='word_1_212' title='bbox 1353 3046 1619 3114; x_wconf 81' lang='lat' dir='ltr'><strong>eﬂ’ectus,</strong></span> <span class='ocrx_word' id='word_1_213' title='bbox 1668 3044 1900 3101; x_wconf 84' lang='lat' dir='ltr'><strong>Domino</strong></span> <span class='ocrx_word' id='word_1_214' title='bbox 1951 3060 2073 3100; x_wconf 90' lang='lat' dir='ltr'><strong>cum</strong></span> 
     </span>
    </p>
   </div>
   <div class='ocr_carea' id='block_1_32' title="bbox 480 3137 2074 3216">
    <p class='ocr_par' dir='ltr' id='par_1_32' title="bbox 480 3137 2074 3216">
     <span class='ocr_line' id='line_1_32' title="bbox 480 3137 2074 3216; baseline -0.004 -14"><span class='ocrx_word' id='word_1_215' title='bbox 480 3148 650 3203; x_wconf 90' lang='lat' dir='ltr'><strong>ramis</strong></span> <span class='ocrx_word' id='word_1_216' title='bbox 676 3154 730 3202; x_wconf 88' lang='lat' dir='ltr'><strong>et</strong></span> <span class='ocrx_word' id='word_1_217' title='bbox 754 3144 946 3216; x_wconf 78' lang='lat' dir='ltr'><strong>palmis</strong></span> <span class='ocrx_word' id='word_1_218' title='bbox 974 3143 1382 3211; x_wconf 81' lang='lat' dir='ltr'><strong>exsultantium,</strong></span> <span class='ocrx_word' id='word_1_219' title='bbox 1438 3142 1482 3197; x_wconf 91' lang='grc' dir='ltr'><em>Ο</em></span> <span class='ocrx_word' id='word_1_220' title='bbox 1511 3140 1752 3207; x_wconf 84' lang='lat' dir='ltr'><strong>Domine,</strong></span> <span class='ocrx_word' id='word_1_221' title='bbox 1784 3137 1951 3195; x_wconf 82' lang='lat' dir='ltr'><strong>salvos</strong></span> <span class='ocrx_word' id='word_1_222' title='bbox 1982 3156 2074 3195; x_wconf 90' lang='lat' dir='ltr'><strong>nos</strong></span> 
     </span>
    </p>
   </div>
   <div class='ocr_carea' id='block_1_33' title="bbox 483 3208 2151 3314">
    <p class='ocr_par' dir='ltr' id='par_1_33' title="bbox 483 3208 2151 3314">
     <span class='ocr_line' id='line_1_33' title="bbox 483 3208 2151 3314; baseline -0.003 -18"><span class='ocrx_word' id='word_1_223' title='bbox 483 3246 592 3314; x_wconf 76' lang='lat' dir='ltr'><strong>fac,</strong></span> <span class='ocrx_word' id='word_1_224' title='bbox 628 3258 657 3294; x_wconf 96' lang='lat' dir='ltr'><strong>o</strong></span> <span class='ocrx_word' id='word_1_225' title='bbox 682 3238 921 3303; x_wconf 80' lang='lat' dir='ltr'><strong>Domine,</strong></span> <span class='ocrx_word' id='word_1_226' title='bbox 957 3237 1081 3292; x_wconf 84' lang='lat' dir='ltr'><strong>bene</strong></span> <span class='ocrx_word' id='word_1_227' title='bbox 1110 3252 1432 3308; x_wconf 78' lang='lat' dir='ltr'><strong>prosperare.</strong></span> <span class='ocrx_word' id='word_1_228' title='bbox 1475 3232 1631 3291; x_wconf 85' lang='lat' dir='ltr'><strong>Unde</strong></span> <span class='ocrx_word' id='word_1_229' title='bbox 1663 3244 1715 3290; x_wconf 90' lang='lat' dir='ltr'><strong>et</strong></span> <span class='ocrx_word' id='word_1_230' title='bbox 1762 3234 1878 3306; x_wconf 84' lang='lat' dir='ltr'><strong>ipse</strong></span> <span class='ocrx_word' id='word_1_231' title='bbox 1902 3234 2077 3291; x_wconf 90' lang='lat' dir='ltr'><strong>victor</strong></span> <span class='ocrx_word' id='word_1_232' title='bbox 2105 3208 2151 3274; x_wconf 62' lang='grc' dir='ltr'><strong>(ἶ</strong></span> 
     </span>
    </p>
   </div>
   <div class='ocr_carea' id='block_1_34' title="bbox 486 3326 2073 3399">
    <p class='ocr_par' dir='ltr' id='par_1_34' title="bbox 486 3326 2073 3399">
     <span class='ocr_line' id='line_1_34' title="bbox 486 3326 2073 3399; baseline -0.004 -10"><span class='ocrx_word' id='word_1_233' title='bbox 486 3334 552 3389; x_wconf 84' lang='lat' dir='ltr'><strong>ad</strong></span> <span class='ocrx_word' id='word_1_234' title='bbox 604 3333 822 3388; x_wconf 86' lang='lat' dir='ltr'><strong>Patrem</strong></span> <span class='ocrx_word' id='word_1_235' title='bbox 875 3326 1178 3386; x_wconf 84' lang='lat' dir='ltr'><strong>ascendens</strong></span> <span class='ocrx_word' id='word_1_236' title='bbox 1232 3327 1463 3399; x_wconf 88' lang='lat' dir='ltr'><strong>imperat</strong></span> <span class='ocrx_word' id='word_1_237' title='bbox 1526 3326 1790 3398; x_wconf 83' lang='lat' dir='ltr'><strong>Angelis,</strong></span> <span class='ocrx_word' id='word_1_238' title='bbox 1843 3326 2073 3383; x_wconf 83' lang='lat' dir='ltr'><strong>dicens:</strong></span> 
     </span>
    </p>
   </div>
   <div class='ocr_carea' id='block_1_35' title="bbox 485 3418 2075 3499">
    <p class='ocr_par' dir='ltr' id='par_1_35' title="bbox 485 3418 2075 3499">
     <span class='ocr_line' id='line_1_35' title="bbox 485 3418 2075 3499; baseline -0.005 -18"><span class='ocrx_word' id='word_1_239' title='bbox 485 3425 692 3499; x_wconf 68' lang='lat' dir='ltr'><strong>Aperite</strong></span> <span class='ocrx_word' id='word_1_240' title='bbox 715 3422 841 3478; x_wconf 82' lang='lat' dir='ltr'><strong>mihi</strong></span> <span class='ocrx_word' id='word_1_241' title='bbox 865 3433 1039 3494; x_wconf 84' lang='lat' dir='ltr'><strong>portas</strong></span> <span class='ocrx_word' id='word_1_242' title='bbox 1056 3420 1312 3495; x_wconf 76' lang='lat' dir='ltr'><strong>jastitice:</strong></span> <span class='ocrx_word' id='word_1_243' title='bbox 1341 3428 1386 3474; x_wconf 89' lang='lat' dir='ltr'><strong>et</strong></span> <span class='ocrx_word' id='word_1_244' title='bbox 1415 3422 1675 3491; x_wconf 77' lang='lat' dir='ltr'><strong>ingressus</strong></span> <span class='ocrx_word' id='word_1_245' title='bbox 1716 3420 1767 3472; x_wconf 87' lang='lat' dir='ltr'><strong>in</strong></span> <span class='ocrx_word' id='word_1_246' title='bbox 1792 3435 1877 3474; x_wconf 87' lang='lat' dir='ltr'><strong>eas</strong></span> <span class='ocrx_word' id='word_1_247' title='bbox 1908 3418 2075 3488; x_wconf 83' lang='lat' dir='ltr'><strong>conﬁ-</strong></span> 
     </span>
    </p>
   </div>
   <div class='ocr_carea' id='block_1_36' title="bbox 482 3510 2079 3586">
    <p class='ocr_par' dir='ltr' id='par_1_36' title="bbox 482 3510 2079 3586">
     <span class='ocr_line' id='line_1_36' title="bbox 482 3510 2079 3586; baseline -0.001 -16"><span class='ocrx_word' id='word_1_248' title='bbox 482 3518 624 3572; x_wconf 87' lang='lat' dir='ltr'><strong>tebor</strong></span> <span class='ocrx_word' id='word_1_249' title='bbox 654 3512 877 3570; x_wconf 87' lang='lat' dir='ltr'><strong>Domino</strong></span> <span class='ocrx_word' id='word_1_250' title='bbox 905 3510 1134 3586; x_wconf 86' lang='lat' dir='ltr'><strong>(Psalm.</strong></span> <span class='ocrx_word' id='word_1_251' title='bbox 1167 3524 1313 3578; x_wconf 80' lang='lat' dir='ltr'><strong>xxtv,</strong></span> <span class='ocrx_word' id='word_1_252' title='bbox 1340 3512 1371 3567; x_wconf 86' lang='lat'>7</span> <span class='ocrx_word' id='word_1_253' title='bbox 1394 3512 1437 3583; x_wconf 94' lang='lat'><strong>).</strong></span> <span class='ocrx_word' id='word_1_254' title='bbox 1482 3510 1573 3567; x_wconf 82' lang='lat' dir='ltr'><strong>liae</strong></span> <span class='ocrx_word' id='word_1_255' title='bbox 1603 3519 1730 3565; x_wconf 91' lang='lat' dir='ltr'><strong>sunt</strong></span> <span class='ocrx_word' id='word_1_256' title='bbox 1758 3519 1928 3581; x_wconf 85' lang='lat' dir='ltr'><strong>portae</strong></span> <span class='ocrx_word' id='word_1_257' title='bbox 1955 3555 1969 3580; x_wconf 94' lang='lat'><strong>,</strong></span> <span class='ocrx_word' id='word_1_258' title='bbox 2008 3510 2079 3568; x_wconf 89' lang='lat' dir='ltr'><strong>de</strong></span> 
     </span>
    </p>
   </div>
   <div class='ocr_carea' id='block_1_37' title="bbox 482 3603 2075 3679">
    <p class='ocr_par' dir='ltr' id='par_1_37' title="bbox 482 3603 2075 3679">
     <span class='ocr_line' id='line_1_37' title="bbox 482 3603 2075 3679; baseline -0.001 -18"><span class='ocrx_word' id='word_1_259' title='bbox 482 3609 678 3679; x_wconf 84' lang='lat' dir='ltr'><strong>quibus</strong></span> <span class='ocrx_word' id='word_1_260' title='bbox 709 3606 760 3661; x_wconf 92' lang='lat' dir='ltr'><strong>in</strong></span> <span class='ocrx_word' id='word_1_261' title='bbox 789 3605 1047 3662; x_wconf 83' lang='lat' dir='ltr'><strong>vicesimo</strong></span> <span class='ocrx_word' id='word_1_262' title='bbox 1092 3605 1255 3660; x_wconf 87' lang='lat' dir='ltr'><strong>tertio</strong></span> <span class='ocrx_word' id='word_1_263' title='bbox 1302 3603 1513 3675; x_wconf 82' lang='lat' dir='ltr'><strong>psalmo</strong></span> <span class='ocrx_word' id='word_1_264' title='bbox 1562 3604 1705 3659; x_wconf 89' lang='lat' dir='ltr'><strong>inter</strong></span> <span class='ocrx_word' id='word_1_265' title='bbox 1736 3619 1795 3659; x_wconf 81' lang='lat' dir='ltr'><strong>se</strong></span> <span class='ocrx_word' id='word_1_266' title='bbox 1845 3603 2075 3660; x_wconf 83' lang='lat' dir='ltr'><strong>invicem</strong></span> 
     </span>
    </p>
   </div>
   <div class='ocr_carea' id='block_1_38' title="bbox 486 3684 2074 3773">
    <p class='ocr_par' dir='ltr' id='par_1_38' title="bbox 486 3684 2074 3773">
     <span class='ocr_line' id='line_1_38' title="bbox 486 3684 2074 3773; baseline -0.004 -16"><span class='ocrx_word' id='word_1_267' title='bbox 486 3703 659 3773; x_wconf 77' lang='lat' dir='ltr'><strong>angeli</strong></span> <span class='ocrx_word' id='word_1_268' title='bbox 692 3698 1069 3773; x_wconf 84' lang='lat' dir='ltr'><strong>loquebantur,</strong></span> <span class='ocrx_word' id='word_1_269' title='bbox 1092 3684 1399 3768; x_wconf 84' lang='lat' dir='ltr'><strong>ingressum</strong></span> <span class='ocrx_word' id='word_1_270' title='bbox 1416 3696 1646 3751; x_wconf 87' lang='lat' dir='ltr'><strong>Domino</strong></span> <span class='ocrx_word' id='word_1_271' title='bbox 1674 3709 2074 3765; x_wconf 66' lang='lat' dir='ltr'><strong>prmparantes:</strong></span> 
     </span>
    </p>
   </div>
   <div class='ocr_carea' id='block_1_39' title="bbox 483 3790 2080 3867">
    <p class='ocr_par' dir='ltr' id='par_1_39' title="bbox 483 3790 2080 3867">
     <span class='ocr_line' id='line_1_39' title="bbox 483 3790 2080 3867; baseline -0.003 -18"><span class='ocrx_word' id='word_1_272' title='bbox 483 3798 670 3852; x_wconf 84' lang='lat' dir='ltr'><strong>chate</strong></span> <span class='ocrx_word' id='word_1_273' title='bbox 701 3802 878 3867; x_wconf 76' lang='lat' dir='ltr'><strong>partas</strong></span> <span class='ocrx_word' id='word_1_274' title='bbox 902 3839 914 3862; x_wconf 85' lang='lat'><strong>,</strong></span> <span class='ocrx_word' id='word_1_275' title='bbox 958 3791 1245 3864; x_wconf 79' lang='lat' dir='ltr'><strong>principes,</strong></span> <span class='ocrx_word' id='word_1_276' title='bbox 1274 3797 1498 3856; x_wconf 79' lang='lat' dir='ltr'><strong>vestras,</strong></span> <span class='ocrx_word' id='word_1_277' title='bbox 1526 3797 1573 3844; x_wconf 90' lang='lat' dir='ltr'><strong>et</strong></span> <span class='ocrx_word' id='word_1_278' title='bbox 1598 3790 1887 3855; x_wconf 86' lang='lat' dir='ltr'><strong>elevamini,</strong></span> <span class='ocrx_word' id='word_1_279' title='bbox 1919 3800 2080 3862; x_wconf 80' lang='lat' dir='ltr'><strong>porta:</strong></span> 
     </span>
    </p>
   </div>
   <div class='ocr_carea' id='block_1_40' title="bbox 488 3878 2080 3954">
    <p class='ocr_par' dir='ltr' id='par_1_40' title="bbox 488 3878 2080 3954">
     <span class='ocr_line' id='line_1_40' title="bbox 488 3878 2080 3954; baseline -0.003 -11"><span class='ocrx_word' id='word_1_280' title='bbox 488 3889 787 3953; x_wconf 69' lang='lat' dir='ltr'><strong>(eternales,</strong></span> <span class='ocrx_word' id='word_1_281' title='bbox 828 3896 877 3941; x_wconf 90' lang='lat' dir='ltr'><strong>et</strong></span> <span class='ocrx_word' id='word_1_282' title='bbox 900 3883 1126 3939; x_wconf 82' lang='lat' dir='ltr'><strong>introibit</strong></span> <span class='ocrx_word' id='word_1_283' title='bbox 1164 3898 1253 3938; x_wconf 81' lang='lat' dir='ltr'><strong>rea:</strong></span> <span class='ocrx_word' id='word_1_284' title='bbox 1280 3883 1489 3954; x_wconf 74' lang='lat' dir='ltr'><strong>gloriw.</strong></span> <span class='ocrx_word' id='word_1_285' title='bbox 1526 3880 1631 3937; x_wconf 88' lang='lat' dir='ltr'><strong>Sed</strong></span> <span class='ocrx_word' id='word_1_286' title='bbox 1662 3878 1885 3952; x_wconf 83' lang='lat' dir='ltr'><strong>pulchre</strong></span> <span class='ocrx_word' id='word_1_287' title='bbox 1913 3881 2080 3938; x_wconf 87' lang='lat' dir='ltr'><strong>levari</strong></span> 
     </span>
    </p>
   </div>
   <div class='ocr_carea' id='block_1_41' title="bbox 484 3970 2080 4050">
    <p class='ocr_par' dir='ltr' id='par_1_41' title="bbox 484 3970 2080 4050">
     <span class='ocr_line' id='line_1_41' title="bbox 484 3970 2080 4050; baseline -0.001 -18"><span class='ocrx_word' id='word_1_288' title='bbox 484 3980 744 4050; x_wconf 85' lang='lat' dir='ltr'><strong>jubentnr</strong></span> <span class='ocrx_word' id='word_1_289' title='bbox 772 3970 965 4050; x_wconf 70' lang='lat' dir='ltr'><strong>portae,</strong></span> <span class='ocrx_word' id='word_1_290' title='bbox 999 3985 1055 4033; x_wconf 92' lang='lat' dir='ltr'><strong>et</strong></span> <span class='ocrx_word' id='word_1_291' title='bbox 1083 3976 1136 4032; x_wconf 86' lang='lat' dir='ltr'><strong>in</strong></span> <span class='ocrx_word' id='word_1_292' title='bbox 1166 3976 1395 4032; x_wconf 85' lang='lat' dir='ltr'><strong>sublime</strong></span> <span class='ocrx_word' id='word_1_293' title='bbox 1425 3974 1582 4046; x_wconf 85' lang='lat' dir='ltr'><strong>erigi.</strong></span> <span class='ocrx_word' id='word_1_294' title='bbox 1622 3974 1899 4046; x_wconf 86' lang='lat' dir='ltr'><strong>Siquidem</strong></span> <span class='ocrx_word' id='word_1_295' title='bbox 1927 3976 2080 4045; x_wconf 82' lang='lat' dir='ltr'><strong>juxta</strong></span> 
     </span>
    </p>
   </div>
   <div class='ocr_carea' id='block_1_42' title="bbox 488 4070 2082 4144">
    <p class='ocr_par' dir='ltr' id='par_1_42' title="bbox 488 4070 2082 4144">
     <span class='ocr_line' id='line_1_42' title="bbox 488 4070 2082 4144; baseline -0.001 -16"><span class='ocrx_word' id='word_1_296' title='bbox 488 4073 947 4144; x_wconf 76' lang='lat' dir='ltr'><strong>dispensatioii‘cm</strong></span> <span class='ocrx_word' id='word_1_297' title='bbox 996 4070 1177 4127; x_wconf 75' lang='lat' dir='ltr'><strong>carnis</strong></span> <span class='ocrx_word' id='word_1_298' title='bbox 1204 4117 1218 4140; x_wconf 92' lang='lat'><strong>,</strong></span> <span class='ocrx_word' id='word_1_299' title='bbox 1253 4080 1306 4127; x_wconf 90' lang='lat' dir='ltr'><strong>et</strong></span> <span class='ocrx_word' id='word_1_300' title='bbox 1336 4072 1653 4142; x_wconf 78' lang='lat' dir='ltr'><strong>niysteritlm</strong></span> <span class='ocrx_word' id='word_1_301' title='bbox 1696 4080 1749 4125; x_wconf 90' lang='lat' dir='ltr'><strong>et</strong></span> <span class='ocrx_word' id='word_1_302' title='bbox 1792 4070 2082 4126; x_wconf 85' lang='lat' dir='ltr'><strong>victoriam</strong></span> 
     </span>
    </p>
   </div>
   <div class='ocr_carea' id='block_1_43' title="bbox 491 4158 2080 4234">
    <p class='ocr_par' dir='ltr' id='par_1_43' title="bbox 491 4158 2080 4234">
     <span class='ocr_line' id='line_1_43' title="bbox 491 4158 2080 4234; baseline -0.002 -13"><span class='ocrx_word' id='word_1_303' title='bbox 491 4167 697 4231; x_wconf 90' lang='lat' dir='ltr'><strong>crucis,</strong></span> <span class='ocrx_word' id='word_1_304' title='bbox 746 4164 921 4234; x_wconf 83' lang='lat' dir='ltr'><strong>major</strong></span> <span class='ocrx_word' id='word_1_305' title='bbox 974 4160 1281 4234; x_wconf 83' lang='lat' dir='ltr'><strong>regreditur</strong></span> <span class='ocrx_word' id='word_1_306' title='bbox 1308 4158 1374 4217; x_wconf 81' lang='lat' dir='ltr'><strong>ad</strong></span> <span class='ocrx_word' id='word_1_307' title='bbox 1400 4163 1590 4228; x_wconf 76' lang='lat' dir='ltr'><strong>cmlus,</strong></span> <span class='ocrx_word' id='word_1_308' title='bbox 1620 4168 1780 4232; x_wconf 80' lang='lat' dir='ltr'><strong>quam</strong></span> <span class='ocrx_word' id='word_1_309' title='bbox 1812 4163 1877 4218; x_wconf 82' lang='lat' dir='ltr'><strong>ad</strong></span> <span class='ocrx_word' id='word_1_310' title='bbox 1908 4170 2080 4219; x_wconf 76' lang='lat' dir='ltr'><strong>terras</strong></span> 
     </span>
    </p>
   </div>
   <div class='ocr_carea' id='block_1_44' title="bbox 490 4252 2078 4328">
    <p class='ocr_par' dir='ltr' id='par_1_44' title="bbox 490 4252 2078 4328">
     <span class='ocr_line' id='line_1_44' title="bbox 490 4252 2078 4328; baseline -0.002 -18"><span class='ocrx_word' id='word_1_311' title='bbox 490 4264 738 4313; x_wconf 72' lang='lat' dir='ltr'><strong>venerat.</strong></span> <span class='ocrx_word' id='word_1_312' title='bbox 776 4253 908 4311; x_wconf 75' lang='lat' dir='ltr'><strong>‘Htec</strong></span> <span class='ocrx_word' id='word_1_313' title='bbox 947 4264 1099 4328; x_wconf 82' lang='lat' dir='ltr'><strong>porta</strong></span> <span class='ocrx_word' id='word_1_314' title='bbox 1120 4252 1352 4320; x_wconf 84' lang='lat' dir='ltr'><strong>Domini,</strong></span> <span class='ocrx_word' id='word_1_315' title='bbox 1374 4254 1508 4327; x_wconf 85' lang='lat' dir='ltr'><strong>justi</strong></span> <span class='ocrx_word' id='word_1_316' title='bbox 1536 4254 1801 4308; x_wconf 85' lang='lat' dir='ltr'><strong>intrabunt</strong></span> <span class='ocrx_word' id='word_1_317' title='bbox 1836 4270 1925 4326; x_wconf 82' lang='lat' dir='ltr'><strong>per</strong></span> <span class='ocrx_word' id='word_1_318' title='bbox 1948 4270 2078 4308; x_wconf 90' lang='lat' dir='ltr'><strong>eam.</strong></span> 
     </span>
    </p>
   </div>
   <div class='ocr_carea' id='block_1_45' title="bbox 490 4336 2084 4417">
    <p class='ocr_par' dir='ltr' id='par_1_45' title="bbox 490 4336 2084 4417">
     <span class='ocr_line' id='line_1_45' title="bbox 490 4336 2084 4417; baseline -0.002 -13"><span class='ocrx_word' id='word_1_319' title='bbox 490 4347 594 4404; x_wconf 89' lang='lat' dir='ltr'><strong>Per</strong></span> <span class='ocrx_word' id='word_1_320' title='bbox 618 4347 756 4403; x_wconf 87' lang='lat' dir='ltr'><strong>hanc</strong></span> <span class='ocrx_word' id='word_1_321' title='bbox 782 4356 990 4416; x_wconf 90' lang='lat' dir='ltr'><strong>portam</strong></span> <span class='ocrx_word' id='word_1_322' title='bbox 1021 4336 1296 4417; x_wconf 82' lang='lat' dir='ltr'><strong>ingressus</strong></span> <span class='ocrx_word' id='word_1_323' title='bbox 1323 4356 1403 4401; x_wconf 91' lang='lat' dir='ltr'><strong>est</strong></span> <span class='ocrx_word' id='word_1_324' title='bbox 1431 4344 1644 4413; x_wconf 89' lang='lat' dir='ltr'><strong>Petrus,</strong></span> <span class='ocrx_word' id='word_1_325' title='bbox 1695 4348 1973 4417; x_wconf 70' lang='lat' dir='ltr'><strong>ingressus</strong></span> <span class='ocrx_word' id='word_1_326' title='bbox 1999 4356 2084 4402; x_wconf 89' lang='lat' dir='ltr'><strong>est</strong></span> 
     </span>
    </p>
   </div>
   <div class='ocr_carea' id='block_1_46' title="bbox 492 4436 2085 4511">
    <p class='ocr_par' dir='ltr' id='par_1_46' title="bbox 492 4436 2085 4511">
     <span class='ocr_line' id='line_1_46' title="bbox 492 4436 2085 4511; baseline -0.001 -16"><span class='ocrx_word' id='word_1_327' title='bbox 492 4441 715 4507; x_wconf 79' lang='lat' dir='ltr'><strong>Paulus,</strong></span> <span class='ocrx_word' id='word_1_328' title='bbox 747 4439 980 4511; x_wconf 63' lang='lat' dir='ltr'><strong>ingreSsi</strong></span> <span class='ocrx_word' id='word_1_329' title='bbox 1022 4446 1149 4494; x_wconf 89' lang='lat' dir='ltr'><strong>sunt</strong></span> <span class='ocrx_word' id='word_1_330' title='bbox 1196 4453 1385 4494; x_wconf 87' lang='lat' dir='ltr'><strong>omnes</strong></span> <span class='ocrx_word' id='word_1_331' title='bbox 1412 4436 1668 4507; x_wconf 82' lang='lat' dir='ltr'><strong>apostoli,</strong></span> <span class='ocrx_word' id='word_1_332' title='bbox 1704 4440 1928 4508; x_wconf 76' lang='lat' dir='ltr'><strong>ingressi</strong></span> <span class='ocrx_word' id='word_1_333' title='bbox 1959 4448 2085 4494; x_wconf 90' lang='lat' dir='ltr'><strong>sunt</strong></span> 
     </span>
    </p>
   </div>
   <div class='ocr_carea' id='block_1_47' title="bbox 490 4519 2078 4604">
    <p class='ocr_par' dir='ltr' id='par_1_47' title="bbox 490 4519 2078 4604">
     <span class='ocr_line' id='line_1_47' title="bbox 490 4519 2078 4604; baseline -0.003 -15"><span class='ocrx_word' id='word_1_334' title='bbox 490 4544 545 4589; x_wconf 85' lang='lat' dir='ltr'><strong>ct</strong></span> <span class='ocrx_word' id='word_1_335' title='bbox 575 4519 869 4604; x_wconf 70' lang='lat' dir='ltr'><strong>martyres,</strong></span> <span class='ocrx_word' id='word_1_336' title='bbox 903 4542 957 4587; x_wconf 88' lang='lat' dir='ltr'><strong>et</strong></span> <span class='ocrx_word' id='word_1_337' title='bbox 986 4531 1229 4603; x_wconf 89' lang='lat' dir='ltr'><strong>quotidie</strong></span> <span class='ocrx_word' id='word_1_338' title='bbox 1251 4530 1423 4587; x_wconf 86' lang='lat' dir='ltr'><strong>sancti</strong></span> <span class='ocrx_word' id='word_1_339' title='bbox 1452 4534 1651 4602; x_wconf 85' lang='lat' dir='ltr'><strong>quique</strong></span> <span class='ocrx_word' id='word_1_340' title='bbox 1683 4531 2078 4603; x_wconf 79' lang='lat' dir='ltr'><strong>ingrediuntur.</strong></span> 
     </span>
    </p>
   </div>
   <div class='ocr_carea' id='block_1_48' title="bbox 1450 330 2699 407">
    <p class='ocr_par' dir='ltr' id='par_1_48' title="bbox 1450 330 2699 407">
     <span class='ocr_line' id='line_1_48' title="bbox 1450 330 2699 407; baseline -0.006 -10"><span class='ocrx_word' id='word_1_341' title='bbox 1450 337 1536 407; x_wconf 71' lang='grc' dir='ltr'><strong>[ε.</strong></span> <span class='ocrx_word' id='word_1_342' title='bbox 1579 334 1962 394; x_wconf 74' lang='lat' dir='ltr'><strong>HlERONYMl</strong></span> <span class='ocrx_word' id='word_1_343' title='bbox 1998 330 2285 391; x_wconf 79' lang='lat' dir='ltr'><strong>OPERUM</strong></span> <span class='ocrx_word' id='word_1_344' title='bbox 2328 331 2699 393; x_wconf 81' lang='lat' dir='ltr'><strong>MANTISSA.</strong></span> 
     </span>
    </p>
   </div>
   <div class='ocr_carea' id='block_1_49' title="bbox 3614 336 3706 395">
    <p class='ocr_par' dir='ltr' id='par_1_49' title="bbox 3614 336 3706 395">
     <span class='ocr_line' id='line_1_49' title="bbox 3614 336 3706 395; baseline 0.022 -3"><span class='ocrx_word' id='word_1_345' title='bbox 3614 336 3706 395; x_wconf 69' lang='grc'><strong>219.</strong></span> 
     </span>
    </p>
   </div>
   <div class='ocr_carea' id='block_1_50' title="bbox 2159 442 3706 520">
    <p class='ocr_par' dir='ltr' id='par_1_50' title="bbox 2159 442 3706 520">
     <span class='ocr_line' id='line_1_50' title="bbox 2159 442 3706 520; baseline 0.001 -18"><span class='ocrx_word' id='word_1_346' title='bbox 2159 461 2250 503; x_wconf 90' lang='lat' dir='ltr'><strong>ces</strong></span> <span class='ocrx_word' id='word_1_347' title='bbox 2269 445 2479 503; x_wconf 65' lang='lat' dir='ltr'><strong>Judaail</strong></span> <span class='ocrx_word' id='word_1_348' title='bbox 2508 462 2540 501; x_wconf 92' lang='grc' dir='ltr'>ο</span> <span class='ocrx_word' id='word_1_349' title='bbox 2567 445 2750 502; x_wconf 88' lang='lat' dir='ltr'><strong>miseri</strong></span> <span class='ocrx_word' id='word_1_350' title='bbox 2795 452 2958 516; x_wconf 88' lang='lat' dir='ltr'><strong>atque</strong></span> <span class='ocrx_word' id='word_1_351' title='bbox 2983 442 3349 501; x_wconf 80' lang='lat' dir='ltr'><strong>miserabiles!</strong></span> <span class='ocrx_word' id='word_1_352' title='bbox 3384 444 3603 517; x_wconf 86' lang='lat' dir='ltr'><strong>lapidem</strong></span> <span class='ocrx_word' id='word_1_353' title='bbox 3629 451 3706 520; x_wconf 84' lang='lat' dir='ltr'><strong>qui</strong></span> 
     </span>
    </p>
   </div>
   <div class='ocr_carea' id='block_1_51' title="bbox 2160 540 3712 613">
    <p class='ocr_par' dir='ltr' id='par_1_51' title="bbox 2160 540 3712 613">
     <span class='ocr_line' id='line_1_51' title="bbox 2160 540 3712 613; baseline -0.001 -16"><span class='ocrx_word' id='word_1_354' title='bbox 2160 557 2256 609; x_wconf 91' lang='lat' dir='ltr'><strong>per</strong></span> <span class='ocrx_word' id='word_1_355' title='bbox 2284 541 2475 596; x_wconf 87' lang='lat' dir='ltr'><strong>Isaiam</strong></span> <span class='ocrx_word' id='word_1_356' title='bbox 2508 541 2867 613; x_wconf 86' lang='lat' dir='ltr'><strong>repromissus</strong></span> <span class='ocrx_word' id='word_1_357' title='bbox 2896 551 3003 606; x_wconf 75' lang='grc' dir='ltr'>εει,</span> <span class='ocrx_word' id='word_1_358' title='bbox 3031 540 3170 609; x_wconf 92' lang='lat' dir='ltr'><strong>quod</strong></span> <span class='ocrx_word' id='word_1_359' title='bbox 3205 550 3490 608; x_wconf 68' lang='lat' dir='ltr'><strong>poneretur</strong></span> <span class='ocrx_word' id='word_1_360' title='bbox 3530 540 3580 595; x_wconf 89' lang='lat' dir='ltr'><strong>in</strong></span> <span class='ocrx_word' id='word_1_361' title='bbox 3611 543 3712 596; x_wconf 86' lang='lat' dir='ltr'><strong>lun-</strong></span> 
     </span>
    </p>
   </div>
   <div class='ocr_carea' id='block_1_52' title="bbox 2158 631 3708 702">
    <p class='ocr_par' dir='ltr' id='par_1_52' title="bbox 2158 631 3708 702">
     <span class='ocr_line' id='line_1_52' title="bbox 2158 631 3708 702; baseline -0.001 -14"><span class='ocrx_word' id='word_1_362' title='bbox 2158 632 2427 688; x_wconf 89' lang='lat' dir='ltr'><strong>damentis</strong></span> <span class='ocrx_word' id='word_1_363' title='bbox 2452 631 2613 695; x_wconf 89' lang='lat' dir='ltr'><strong>Sion,</strong></span> <span class='ocrx_word' id='word_1_364' title='bbox 2658 639 2715 688; x_wconf 88' lang='lat' dir='ltr'><strong>et</strong></span> <span class='ocrx_word' id='word_1_365' title='bbox 2741 632 2998 702; x_wconf 88' lang='lat' dir='ltr'><strong>p0pulum</strong></span> <span class='ocrx_word' id='word_1_366' title='bbox 3037 641 3326 702; x_wconf 89' lang='lat' dir='ltr'><strong>utrumque</strong></span> <span class='ocrx_word' id='word_1_367' title='bbox 3365 631 3708 702; x_wconf 76' lang='lat' dir='ltr'><strong>coniungeret,</strong></span> 
     </span>
    </p>
   </div>
   <div class='ocr_carea' id='block_1_53' title="bbox 2159 722 3713 793">
    <p class='ocr_par' dir='ltr' id='par_1_53' title="bbox 2159 722 3713 793">
     <span class='ocr_line' id='line_1_53' title="bbox 2159 722 3713 793; baseline -0.001 -12"><span class='ocrx_word' id='word_1_368' title='bbox 2159 740 2281 781; x_wconf 82' lang='lat' dir='ltr'><strong>esse</strong></span> <span class='ocrx_word' id='word_1_369' title='bbox 2324 724 2612 781; x_wconf 88' lang='lat' dir='ltr'><strong>Dominum</strong></span> <span class='ocrx_word' id='word_1_370' title='bbox 2656 725 3027 791; x_wconf 88' lang='lat' dir='ltr'><strong>Salvatorcm,</strong></span> <span class='ocrx_word' id='word_1_371' title='bbox 3081 738 3203 779; x_wconf 90' lang='lat' dir='ltr'><strong>esse</strong></span> <span class='ocrx_word' id='word_1_372' title='bbox 3242 722 3430 777; x_wconf 84' lang='lat' dir='ltr'><strong>Filium</strong></span> <span class='ocrx_word' id='word_1_373' title='bbox 3457 723 3578 793; x_wconf 89' lang='lat' dir='ltr'><strong>Dei,</strong></span> <span class='ocrx_word' id='word_1_374' title='bbox 3620 740 3713 779; x_wconf 90' lang='lat' dir='ltr'><strong>non</strong></span> 
     </span>
    </p>
   </div>
   <div class='ocr_carea' id='block_1_54' title="bbox 2159 815 3714 889">
    <p class='ocr_par' dir='ltr' id='par_1_54' title="bbox 2159 815 3714 889">
     <span class='ocr_line' id='line_1_54' title="bbox 2159 815 3714 889; baseline 0 -16"><span class='ocrx_word' id='word_1_375' title='bbox 2159 817 2478 889; x_wconf 85' lang='lat' dir='ltr'><strong>agnovistis.</strong></span> <span class='ocrx_word' id='word_1_376' title='bbox 2522 818 2674 873; x_wconf 88' lang='lat' dir='ltr'><strong>Hunc</strong></span> <span class='ocrx_word' id='word_1_377' title='bbox 2701 833 2797 872; x_wconf 85' lang='lat' dir='ltr'><strong>vos</strong></span> <span class='ocrx_word' id='word_1_378' title='bbox 2827 816 3181 887; x_wconf 80' lang='lat' dir='ltr'><strong>reprobastis,</strong></span> <span class='ocrx_word' id='word_1_379' title='bbox 3213 815 3535 872; x_wconf 75' lang='lat' dir='ltr'><strong>mdilicuntes</strong></span> <span class='ocrx_word' id='word_1_380' title='bbox 3563 831 3714 887; x_wconf 82' lang='lat' dir='ltr'><strong>quon-</strong></span> 
     </span>
    </p>
   </div>
   <div class='ocr_carea' id='block_1_55' title="bbox 2160 907 3715 982">
    <p class='ocr_par' dir='ltr' id='par_1_55' title="bbox 2160 907 3715 982">
     <span class='ocr_line' id='line_1_55' title="bbox 2160 907 3715 982; baseline -0.003 -14"><span class='ocrx_word' id='word_1_381' title='bbox 2160 913 2282 968; x_wconf 89' lang='lat' dir='ltr'><strong>dam</strong></span> <span class='ocrx_word' id='word_1_382' title='bbox 2302 911 2773 982; x_wconf 79' lang='lat' dir='ltr'><strong>congregationem</strong></span> <span class='ocrx_word' id='word_1_383' title='bbox 2795 909 3031 975; x_wconf 88' lang='lat' dir='ltr'><strong>Domini,</strong></span> <span class='ocrx_word' id='word_1_384' title='bbox 3055 914 3111 964; x_wconf 89' lang='lat' dir='ltr'><strong>et</strong></span> <span class='ocrx_word' id='word_1_385' title='bbox 3132 907 3342 979; x_wconf 87' lang='lat' dir='ltr'><strong>Templi</strong></span> <span class='ocrx_word' id='word_1_386' title='bbox 3363 908 3461 963; x_wconf 88' lang='lat' dir='ltr'><strong>Dei</strong></span> <span class='ocrx_word' id='word_1_387' title='bbox 3486 910 3715 981; x_wconf 85' lang='lat' dir='ltr'><strong>mysteria</strong></span> 
     </span>
    </p>
   </div>
   <div class='ocr_carea' id='block_1_56' title="bbox 2160 999 3716 1073">
    <p class='ocr_par' dir='ltr' id='par_1_56' title="bbox 2160 999 3716 1073">
     <span class='ocr_line' id='line_1_56' title="bbox 2160 999 3716 1073; baseline -0.003 -12"><span class='ocrx_word' id='word_1_388' title='bbox 2160 1003 2563 1061; x_wconf 84' lang='lat' dir='ltr'><strong>custodientes:</strong></span> <span class='ocrx_word' id='word_1_389' title='bbox 2612 1002 2701 1073; x_wconf 90' lang='lat' dir='ltr'><strong>qui</strong></span> <span class='ocrx_word' id='word_1_390' title='bbox 2732 1002 3057 1069; x_wconf 88' lang='lat' dir='ltr'><strong>reprobatus</strong></span> <span class='ocrx_word' id='word_1_391' title='bbox 3086 1015 3113 1052; x_wconf 88' lang='lat' dir='ltr'><strong>a</strong></span> <span class='ocrx_word' id='word_1_392' title='bbox 3146 999 3323 1068; x_wconf 82' lang='lat' dir='ltr'><strong>vobis,</strong></span> <span class='ocrx_word' id='word_1_393' title='bbox 3356 999 3521 1054; x_wconf 84' lang='lat' dir='ltr'><strong>iactus</strong></span> <span class='ocrx_word' id='word_1_394' title='bbox 3549 1009 3626 1055; x_wconf 88' lang='lat' dir='ltr'><strong>est</strong></span> <span class='ocrx_word' id='word_1_395' title='bbox 3672 1002 3716 1057; x_wconf 90' lang='lat' dir='ltr'><strong>in</strong></span> 
     </span>
    </p>
   </div>
   <div class='ocr_carea' id='block_1_57' title="bbox 2160 1090 3716 1164">
    <p class='ocr_par' dir='ltr' id='par_1_57' title="bbox 2160 1090 3716 1164">
     <span class='ocr_line' id='line_1_57' title="bbox 2160 1090 3716 1164; baseline -0.002 -13"><span class='ocrx_word' id='word_1_396' title='bbox 2160 1102 2325 1164; x_wconf 85' lang='lat' dir='ltr'><strong>caput</strong></span> <span class='ocrx_word' id='word_1_397' title='bbox 2359 1093 2573 1164; x_wconf 82' lang='lat' dir='ltr'><strong>anguli:</strong></span> <span class='ocrx_word' id='word_1_398' title='bbox 2622 1099 2677 1148; x_wconf 87' lang='lat' dir='ltr'><strong>et</strong></span> <span class='ocrx_word' id='word_1_399' title='bbox 2722 1092 2952 1163; x_wconf 89' lang='lat' dir='ltr'><strong>primam</strong></span> <span class='ocrx_word' id='word_1_400' title='bbox 2994 1092 3292 1147; x_wconf 83' lang='lat' dir='ltr'><strong>Ecclesiam</strong></span> <span class='ocrx_word' id='word_1_401' title='bbox 3345 1090 3411 1146; x_wconf 90' lang='lat' dir='ltr'><strong>de</strong></span> <span class='ocrx_word' id='word_1_402' title='bbox 3438 1090 3716 1148; x_wconf 71' lang='lat' dir='ltr'><strong>Judtcorum</strong></span> 
     </span>
    </p>
   </div>
   <div class='ocr_carea' id='block_1_58' title="bbox 2160 1184 3716 1257">
    <p class='ocr_par' dir='ltr' id='par_1_58' title="bbox 2160 1184 3716 1257">
     <span class='ocr_line' id='line_1_58' title="bbox 2160 1184 3716 1257; baseline -0.001 -16"><span class='ocrx_word' id='word_1_403' title='bbox 2160 1187 2363 1257; x_wconf 91' lang='lat' dir='ltr'><strong>populo</strong></span> <span class='ocrx_word' id='word_1_404' title='bbox 2392 1194 2797 1256; x_wconf 83' lang='lat' dir='ltr'><strong>congregatam,</strong></span> <span class='ocrx_word' id='word_1_405' title='bbox 2819 1190 2873 1239; x_wconf 91' lang='lat' dir='ltr'><strong>et</strong></span> <span class='ocrx_word' id='word_1_406' title='bbox 2917 1184 3206 1240; x_wconf 85' lang='lat' dir='ltr'><strong>credentes</strong></span> <span class='ocrx_word' id='word_1_407' title='bbox 3236 1197 3305 1238; x_wconf 85' lang='lat' dir='ltr'><strong>ex</strong></span> <span class='ocrx_word' id='word_1_408' title='bbox 3348 1184 3640 1239; x_wconf 87' lang='lat' dir='ltr'><strong>nationibus</strong></span> <span class='ocrx_word' id='word_1_409' title='bbox 3670 1186 3716 1239; x_wconf 90' lang='lat' dir='ltr'><strong>in</strong></span> 
     </span>
    </p>
   </div>
   <div class='ocr_carea' id='block_1_59' title="bbox 2162 1275 3719 1348">
    <p class='ocr_par' dir='ltr' id='par_1_59' title="bbox 2162 1275 3719 1348">
     <span class='ocr_line' id='line_1_59' title="bbox 2162 1275 3719 1348; baseline -0.003 -12"><span class='ocrx_word' id='word_1_410' title='bbox 2162 1294 2329 1336; x_wconf 89' lang='lat' dir='ltr'><strong>unum</strong></span> <span class='ocrx_word' id='word_1_411' title='bbox 2373 1292 2590 1348; x_wconf 85' lang='lat' dir='ltr'><strong>gregem</strong></span> <span class='ocrx_word' id='word_1_412' title='bbox 2621 1287 2676 1333; x_wconf 89' lang='lat' dir='ltr'><strong>et</strong></span> <span class='ocrx_word' id='word_1_413' title='bbox 2731 1277 3091 1331; x_wconf 88' lang='lat' dir='ltr'><strong>ministerium</strong></span> <span class='ocrx_word' id='word_1_414' title='bbox 3122 1275 3422 1332; x_wconf 73' lang='lat' dir='ltr'><strong>lmderavit.</strong></span> <span class='ocrx_word' id='word_1_415' title='bbox 3453 1276 3494 1329; x_wconf 86' lang='grc' dir='ltr'><em>Α</em></span> <span class='ocrx_word' id='word_1_416' title='bbox 3519 1275 3719 1331; x_wconf 87' lang='lat' dir='ltr'><strong>Domino</strong></span> 
     </span>
    </p>
   </div>
   <div class='ocr_carea' id='block_1_60' title="bbox 2163 1368 3722 1444">
    <p class='ocr_par' dir='ltr' id='par_1_60' title="bbox 2163 1368 3722 1444">
     <span class='ocr_line' id='line_1_60' title="bbox 2163 1368 3722 1444; baseline -0.001 -19"><span class='ocrx_word' id='word_1_417' title='bbox 2163 1374 2360 1444; x_wconf 78' lang='lat' dir='ltr'><strong>factum</strong></span> <span class='ocrx_word' id='word_1_418' title='bbox 2397 1380 2475 1426; x_wconf 88' lang='lat' dir='ltr'><strong>est</strong></span> <span class='ocrx_word' id='word_1_419' title='bbox 2514 1369 2680 1424; x_wconf 88' lang='lat' dir='ltr'><strong>illud:</strong></span> <span class='ocrx_word' id='word_1_420' title='bbox 2719 1368 2816 1423; x_wconf 85' lang='lat' dir='ltr'><strong>hoc</strong></span> <span class='ocrx_word' id='word_1_421' title='bbox 2847 1378 2917 1423; x_wconf 84' lang='lat' dir='ltr'><strong>est</strong></span> <span class='ocrx_word' id='word_1_422' title='bbox 2949 1369 3181 1422; x_wconf 84' lang='lat' dir='ltr'><strong>mirabile</strong></span> <span class='ocrx_word' id='word_1_423' title='bbox 3232 1369 3287 1422; x_wconf 89' lang='lat' dir='ltr'><strong>in</strong></span> <span class='ocrx_word' id='word_1_424' title='bbox 3317 1369 3476 1422; x_wconf 86' lang='lat' dir='ltr'><strong>oculis</strong></span> <span class='ocrx_word' id='word_1_425' title='bbox 3531 1370 3722 1424; x_wconf 80' lang='lat' dir='ltr'><strong>nostris:</strong></span> 
     </span>
    </p>
   </div>
   <div class='ocr_carea' id='block_1_61' title="bbox 2164 1460 3723 1534">
    <p class='ocr_par' dir='ltr' id='par_1_61' title="bbox 2164 1460 3723 1534">
     <span class='ocr_line' id='line_1_61' title="bbox 2164 1460 3723 1534; baseline -0.003 -14"><span class='ocrx_word' id='word_1_426' title='bbox 2164 1475 2223 1521; x_wconf 89' lang='lat' dir='ltr'><strong>ut</strong></span> <span class='ocrx_word' id='word_1_427' title='bbox 2249 1479 2348 1519; x_wconf 91' lang='lat' dir='ltr'><strong>nos</strong></span> <span class='ocrx_word' id='word_1_428' title='bbox 2373 1465 2463 1534; x_wconf 91' lang='lat' dir='ltr'><strong>qui</strong></span> <span class='ocrx_word' id='word_1_429' title='bbox 2494 1472 2621 1517; x_wconf 87' lang='lat' dir='ltr'><strong>ante</strong></span> <span class='ocrx_word' id='word_1_430' title='bbox 2668 1461 2977 1531; x_wconf 86' lang='lat' dir='ltr'><strong>passionem</strong></span> <span class='ocrx_word' id='word_1_431' title='bbox 3010 1460 3224 1515; x_wconf 89' lang='lat' dir='ltr'><strong>Domini</strong></span> <span class='ocrx_word' id='word_1_432' title='bbox 3273 1461 3391 1514; x_wconf 89' lang='lat' dir='ltr'><strong>sine</strong></span> <span class='ocrx_word' id='word_1_433' title='bbox 3434 1470 3723 1516; x_wconf 85' lang='lat' dir='ltr'><strong>testamento</strong></span> 
     </span>
    </p>
   </div>
   <div class='ocr_carea' id='block_1_62' title="bbox 2166 1551 3721 1624">
    <p class='ocr_par' dir='ltr' id='par_1_62' title="bbox 2166 1551 3721 1624">
     <span class='ocr_line' id='line_1_62' title="bbox 2166 1551 3721 1624; baseline -0.003 -12"><span class='ocrx_word' id='word_1_434' title='bbox 2166 1570 2381 1613; x_wconf 86' lang='lat' dir='ltr'><strong>eramus</strong></span> <span class='ocrx_word' id='word_1_435' title='bbox 2410 1556 2646 1624; x_wconf 75' lang='lat' dir='ltr'><strong>exleges,</strong></span> <span class='ocrx_word' id='word_1_436' title='bbox 2674 1553 3056 1623; x_wconf 89' lang='lat' dir='ltr'><strong>adoptaremur</strong></span> <span class='ocrx_word' id='word_1_437' title='bbox 3082 1553 3135 1606; x_wconf 92' lang='lat' dir='ltr'><strong>in</strong></span> <span class='ocrx_word' id='word_1_438' title='bbox 3169 1551 3311 1607; x_wconf 84' lang='lat' dir='ltr'><strong>illius</strong></span> <span class='ocrx_word' id='word_1_439' title='bbox 3344 1551 3462 1605; x_wconf 89' lang='lat' dir='ltr'><strong>Del:</strong></span> <span class='ocrx_word' id='word_1_440' title='bbox 3497 1560 3547 1606; x_wconf 87' lang='lat' dir='ltr'><strong>et</strong></span> <span class='ocrx_word' id='word_1_441' title='bbox 3576 1552 3721 1622; x_wconf 90' lang='lat' dir='ltr'><strong>priori</strong></span> 
     </span>
    </p>
   </div>
   <div class='ocr_carea' id='block_1_63' title="bbox 2166 1643 3724 1719">
    <p class='ocr_par' dir='ltr' id='par_1_63' title="bbox 2166 1643 3724 1719">
     <span class='ocr_line' id='line_1_63' title="bbox 2166 1643 3724 1719; baseline -0.003 -15"><span class='ocrx_word' id='word_1_442' title='bbox 2166 1648 2383 1719; x_wconf 84' lang='lat' dir='ltr'><strong>cingulo</strong></span> <span class='ocrx_word' id='word_1_443' title='bbox 2430 1654 2798 1716; x_wconf 85' lang='lat' dir='ltr'><strong>putrescente,</strong></span> <span class='ocrx_word' id='word_1_444' title='bbox 2841 1645 2983 1699; x_wconf 92' lang='lat' dir='ltr'><strong>aliud</strong></span> <span class='ocrx_word' id='word_1_445' title='bbox 3017 1644 3120 1700; x_wconf 90' lang='lat' dir='ltr'><strong>sibi</strong></span> <span class='ocrx_word' id='word_1_446' title='bbox 3159 1644 3305 1700; x_wconf 91' lang='lat' dir='ltr'><strong>Deus</strong></span> <span class='ocrx_word' id='word_1_447' title='bbox 3334 1643 3570 1699; x_wconf 86' lang='lat' dir='ltr'><strong>lumbare</strong></span> <span class='ocrx_word' id='word_1_448' title='bbox 3615 1658 3724 1701; x_wconf 83' lang='lat' dir='ltr'><strong>con-</strong></span> 
     </span>
    </p>
   </div>
   <div class='ocr_carea' id='block_1_64' title="bbox 2168 1738 3301 1809">
    <p class='ocr_par' dir='ltr' id='par_1_64' title="bbox 2168 1738 3301 1809">
     <span class='ocr_line' id='line_1_64' title="bbox 2168 1738 3301 1809; baseline -0.004 -12"><span class='ocrx_word' id='word_1_449' title='bbox 2168 1748 2395 1807; x_wconf 73' lang='lat' dir='ltr'><strong>tereret,</strong></span> <span class='ocrx_word' id='word_1_450' title='bbox 2418 1739 2581 1794; x_wconf 90' lang='lat' dir='ltr'><strong>alium</strong></span> <span class='ocrx_word' id='word_1_451' title='bbox 2611 1738 2867 1809; x_wconf 88' lang='lat' dir='ltr'><strong>populum</strong></span> <span class='ocrx_word' id='word_1_452' title='bbox 2900 1746 3256 1807; x_wconf 73' lang='lat' dir='ltr'><strong>prmpararet.</strong></span> <span class='ocrx_word' id='word_1_453' title='bbox 3294 1742 3301 1763; x_wconf 68' lang='grc' dir='ltr'><strong><em>τ</em></strong></span> 
     </span>
    </p>
   </div>
   <div class='ocr_carea' id='block_1_65' title="bbox 2240 1836 3724 1911">
    <p class='ocr_par' dir='ltr' id='par_1_65' title="bbox 2240 1836 3724 1911">
     <span class='ocr_line' id='line_1_65' title="bbox 2240 1836 3724 1911; baseline -0.002 -14"><span class='ocrx_word' id='word_1_454' title='bbox 2240 1840 2319 1897; x_wconf 90' lang='lat' dir='ltr'><strong>lll.</strong></span> <span class='ocrx_word' id='word_1_455' title='bbox 2368 1840 2476 1896; x_wconf 86' lang='lat' dir='ltr'><strong>Vos</strong></span> <span class='ocrx_word' id='word_1_456' title='bbox 2499 1855 2651 1911; x_wconf 89' lang='lat' dir='ltr'><strong>ergo,</strong></span> <span class='ocrx_word' id='word_1_457' title='bbox 2675 1837 2866 1905; x_wconf 67' lang='lat' dir='ltr'><strong>Judazi,</strong></span> <span class='ocrx_word' id='word_1_458' title='bbox 2893 1836 3103 1892; x_wconf 82' lang='lat' dir='ltr'><strong>habetis</strong></span> <span class='ocrx_word' id='word_1_459' title='bbox 3125 1836 3482 1908; x_wconf 86' lang='lat' dir='ltr'><strong>Scripturam,</strong></span> <span class='ocrx_word' id='word_1_460' title='bbox 3503 1853 3592 1894; x_wconf 85' lang='lat' dir='ltr'><strong>vos</strong></span> <span class='ocrx_word' id='word_1_461' title='bbox 3612 1836 3724 1911; x_wconf 81' lang='lat' dir='ltr'><strong>legi-</strong></span> 
     </span>
    </p>
   </div>
   <div class='ocr_carea' id='block_1_66' title="bbox 2170 1930 3727 2001">
    <p class='ocr_par' dir='ltr' id='par_1_66' title="bbox 2170 1930 3727 2001">
     <span class='ocr_line' id='line_1_66' title="bbox 2170 1930 3727 2001; baseline -0.003 -11"><span class='ocrx_word' id='word_1_462' title='bbox 2170 1936 2235 1990; x_wconf 91' lang='lat' dir='ltr'><strong>tis</strong></span> <span class='ocrx_word' id='word_1_463' title='bbox 2267 1936 2455 2000; x_wconf 91' lang='lat' dir='ltr'><strong>libros,</strong></span> <span class='ocrx_word' id='word_1_464' title='bbox 2485 1940 2653 1988; x_wconf 88' lang='lat' dir='ltr'><strong>etnos</strong></span> <span class='ocrx_word' id='word_1_465' title='bbox 2677 1934 2728 1986; x_wconf 91' lang='lat' dir='ltr'><strong>in</strong></span> <span class='ocrx_word' id='word_1_466' title='bbox 2748 1946 2871 1987; x_wconf 90' lang='lat' dir='ltr'><strong>eum</strong></span> <span class='ocrx_word' id='word_1_467' title='bbox 2899 1931 2989 2000; x_wconf 89' lang='lat' dir='ltr'><strong>qui</strong></span> <span class='ocrx_word' id='word_1_468' title='bbox 3027 1930 3081 1985; x_wconf 93' lang='lat' dir='ltr'><strong>in</strong></span> <span class='ocrx_word' id='word_1_469' title='bbox 3113 1930 3195 1986; x_wconf 77' lang='lat' dir='ltr'><strong>eis</strong></span> <span class='ocrx_word' id='word_1_470' title='bbox 3215 1932 3445 2001; x_wconf 89' lang='lat' dir='ltr'><strong>scriptus</strong></span> <span class='ocrx_word' id='word_1_471' title='bbox 3472 1940 3551 1987; x_wconf 91' lang='lat' dir='ltr'><strong>est</strong></span> <span class='ocrx_word' id='word_1_472' title='bbox 3570 1931 3727 1997; x_wconf 85' lang='lat' dir='ltr'><strong>libris,</strong></span> 
     </span>
    </p>
   </div>
   <div class='ocr_carea' id='block_1_67' title="bbox 2167 2022 3719 2099">
    <p class='ocr_par' dir='ltr' id='par_1_67' title="bbox 2167 2022 3719 2099">
     <span class='ocr_line' id='line_1_67' title="bbox 2167 2022 3719 2099; baseline -0.003 -16"><span class='ocrx_word' id='word_1_473' title='bbox 2167 2028 2342 2099; x_wconf 91' lang='lat' dir='ltr'><strong>ipsum</strong></span> <span class='ocrx_word' id='word_1_474' title='bbox 2372 2025 2683 2091; x_wconf 86' lang='lat' dir='ltr'><strong>adorantes,</strong></span> <span class='ocrx_word' id='word_1_475' title='bbox 2707 2022 3004 2079; x_wconf 89' lang='lat' dir='ltr'><strong>credimus.</strong></span> <span class='ocrx_word' id='word_1_476' title='bbox 3034 2022 3360 2079; x_wconf 81' lang='lat' dir='ltr'><strong>V05tenetis</strong></span> <span class='ocrx_word' id='word_1_477' title='bbox 3384 2026 3610 2094; x_wconf 84' lang='lat' dir='ltr'><strong>paginas,</strong></span> <span class='ocrx_word' id='word_1_478' title='bbox 3638 2038 3719 2078; x_wconf 90' lang='lat' dir='ltr'><strong>nos</strong></span> 
     </span>
    </p>
   </div>
   <div class='ocr_carea' id='block_1_68' title="bbox 2167 2117 3731 2191">
    <p class='ocr_par' dir='ltr' id='par_1_68' title="bbox 2167 2117 3731 2191">
     <span class='ocr_line' id='line_1_68' title="bbox 2167 2117 3731 2191; baseline -0.004 -14"><span class='ocrx_word' id='word_1_479' title='bbox 2167 2135 2387 2177; x_wconf 90' lang='lat' dir='ltr'><strong>sensum</strong></span> <span class='ocrx_word' id='word_1_480' title='bbox 2410 2120 2748 2191; x_wconf 79' lang='lat' dir='ltr'><strong>paginarum.</strong></span> <span class='ocrx_word' id='word_1_481' title='bbox 2773 2117 2883 2172; x_wconf 84' lang='lat' dir='ltr'><strong>Vos</strong></span> <span class='ocrx_word' id='word_1_482' title='bbox 2909 2117 3253 2186; x_wconf 84' lang='lat' dir='ltr'><strong>complicatis</strong></span> <span class='ocrx_word' id='word_1_483' title='bbox 3288 2117 3615 2173; x_wconf 90' lang='lat' dir='ltr'><strong>membranas</strong></span> <span class='ocrx_word' id='word_1_484' title='bbox 3636 2117 3731 2170; x_wconf 89' lang='lat' dir='ltr'><strong>ani-</strong></span> 
     </span>
    </p>
   </div>
   <div class='ocr_carea' id='block_1_69' title="bbox 2168 2205 3731 2279">
    <p class='ocr_par' dir='ltr' id='par_1_69' title="bbox 2168 2205 3731 2279">
     <span class='ocr_line' id='line_1_69' title="bbox 2168 2205 3731 2279; baseline -0.003 -12"><span class='ocrx_word' id='word_1_485' title='bbox 2168 2212 2386 2268; x_wconf 88' lang='lat' dir='ltr'><strong>malium</strong></span> <span class='ocrx_word' id='word_1_486' title='bbox 2416 2222 2775 2274; x_wconf 90' lang='lat' dir='ltr'><strong>mortuorum,</strong></span> <span class='ocrx_word' id='word_1_487' title='bbox 2812 2224 2909 2263; x_wconf 91' lang='lat' dir='ltr'><strong>nos</strong></span> <span class='ocrx_word' id='word_1_488' title='bbox 2939 2208 3291 2279; x_wconf 72' lang='lat' dir='ltr'><strong>possidemus</strong></span> <span class='ocrx_word' id='word_1_489' title='bbox 3320 2208 3556 2279; x_wconf 88' lang='lat' dir='ltr'><strong>spiritum</strong></span> <span class='ocrx_word' id='word_1_490' title='bbox 3580 2205 3731 2263; x_wconf 77' lang='lat' dir='ltr'><strong>viviﬁ-</strong></span> 
     </span>
    </p>
   </div>
   <div class='ocr_carea' id='block_1_70' title="bbox 2169 2298 3733 2373">
    <p class='ocr_par' dir='ltr' id='par_1_70' title="bbox 2169 2298 3733 2373">
     <span class='ocr_line' id='line_1_70' title="bbox 2169 2298 3733 2373; baseline -0.004 -10"><span class='ocrx_word' id='word_1_491' title='bbox 2169 2316 2408 2363; x_wconf 80' lang='lat' dir='ltr'><strong>Cantem.</strong></span> <span class='ocrx_word' id='word_1_492' title='bbox 2441 2304 2579 2373; x_wconf 85' lang='lat' dir='ltr'><strong>Quid</strong></span> <span class='ocrx_word' id='word_1_493' title='bbox 2623 2301 2923 2358; x_wconf 86' lang='lat' dir='ltr'><strong>mirabilius</strong></span> <span class='ocrx_word' id='word_1_494' title='bbox 2964 2312 3140 2373; x_wconf 89' lang='lat' dir='ltr'><strong>potest</strong></span> <span class='ocrx_word' id='word_1_495' title='bbox 3169 2318 3295 2357; x_wconf 88' lang='lat' dir='ltr'><strong>esse</strong></span> <span class='ocrx_word' id='word_1_496' title='bbox 3325 2298 3477 2358; x_wconf 84' lang='lat' dir='ltr'><strong>istius</strong></span> <span class='ocrx_word' id='word_1_497' title='bbox 3506 2300 3634 2358; x_wconf 89' lang='lat' dir='ltr'><strong>modi</strong></span> <span class='ocrx_word' id='word_1_498' title='bbox 3662 2316 3733 2356; x_wconf 86' lang='lat' dir='ltr'><strong>sa-</strong></span> 
     </span>
    </p>
   </div>
   <div class='ocr_carea' id='block_1_71' title="bbox 2170 2396 3723 2471">
    <p class='ocr_par' dir='ltr' id='par_1_71' title="bbox 2170 2396 3723 2471">
     <span class='ocr_line' id='line_1_71' title="bbox 2170 2396 3723 2471; baseline -0.003 -14"><span class='ocrx_word' id='word_1_499' title='bbox 2170 2400 2487 2457; x_wconf 81' lang='lat' dir='ltr'><strong>cramento?</strong></span> <span class='ocrx_word' id='word_1_500' title='bbox 2530 2398 2670 2468; x_wconf 85' lang='lat' dir='ltr'><strong>Quid</strong></span> <span class='ocrx_word' id='word_1_501' title='bbox 2722 2397 2825 2454; x_wconf 86' lang='lat' dir='ltr'><strong>hac</strong></span> <span class='ocrx_word' id='word_1_502' title='bbox 2855 2399 2943 2455; x_wconf 91' lang='lat' dir='ltr'><strong>die</strong></span> <span class='ocrx_word' id='word_1_503' title='bbox 2981 2398 3213 2462; x_wconf 78' lang='lat' dir='ltr'><strong>felicius.</strong></span> <span class='ocrx_word' id='word_1_504' title='bbox 3247 2399 3300 2453; x_wconf 91' lang='lat' dir='ltr'><strong>in</strong></span> <span class='ocrx_word' id='word_1_505' title='bbox 3343 2413 3443 2471; x_wconf 87' lang='lat' dir='ltr'><strong>qua</strong></span> <span class='ocrx_word' id='word_1_506' title='bbox 3494 2396 3723 2455; x_wconf 89' lang='lat' dir='ltr'><strong>Dominus</strong></span> 
     </span>
    </p>
   </div>
   <div class='ocr_carea' id='block_1_72' title="bbox 2170 2492 3728 2565">
    <p class='ocr_par' dir='ltr' id='par_1_72' title="bbox 2170 2492 3728 2565">
     <span class='ocr_line' id='line_1_72' title="bbox 2170 2492 3728 2565; baseline -0.003 -15"><span class='ocrx_word' id='word_1_507' title='bbox 2170 2492 2371 2552; x_wconf 67' lang='lat' dir='ltr'><strong>Judaris</strong></span> <span class='ocrx_word' id='word_1_508' title='bbox 2395 2502 2642 2549; x_wconf 89' lang='lat' dir='ltr'><strong>mortuus</strong></span> <span class='ocrx_word' id='word_1_509' title='bbox 2662 2502 2763 2558; x_wconf 79' lang='lat' dir='ltr'><strong>est,</strong></span> <span class='ocrx_word' id='word_1_510' title='bbox 2793 2492 2947 2548; x_wconf 89' lang='lat' dir='ltr'><strong>nobis</strong></span> <span class='ocrx_word' id='word_1_511' title='bbox 2969 2493 3252 2547; x_wconf 80' lang='lat' dir='ltr'><strong>surrexit?</strong></span> <span class='ocrx_word' id='word_1_512' title='bbox 3274 2492 3328 2547; x_wconf 92' lang='lat' dir='ltr'><strong>ln</strong></span> <span class='ocrx_word' id='word_1_513' title='bbox 3351 2494 3728 2565; x_wconf 74' lang='lat' dir='ltr'><strong>quaSynagog-c</strong></span> 
     </span>
    </p>
   </div>
   <div class='ocr_carea' id='block_1_73' title="bbox 2172 2583 3736 2655">
    <p class='ocr_par' dir='ltr' id='par_1_73' title="bbox 2172 2583 3736 2655">
     <span class='ocr_line' id='line_1_73' title="bbox 2172 2583 3736 2655; baseline -0.004 -12"><span class='ocrx_word' id='word_1_514' title='bbox 2172 2586 2350 2643; x_wconf 90' lang='lat' dir='ltr'><strong>cultus</strong></span> <span class='ocrx_word' id='word_1_515' title='bbox 2377 2584 2615 2652; x_wconf 88' lang='lat' dir='ltr'><strong>occubit,</strong></span> <span class='ocrx_word' id='word_1_516' title='bbox 2649 2594 2705 2640; x_wconf 90' lang='lat' dir='ltr'><strong>et</strong></span> <span class='ocrx_word' id='word_1_517' title='bbox 2731 2590 2819 2639; x_wconf 91' lang='lat' dir='ltr'><strong>est</strong></span> <span class='ocrx_word' id='word_1_518' title='bbox 2844 2592 2994 2639; x_wconf 88' lang='lat' dir='ltr'><strong>ortus</strong></span> <span class='ocrx_word' id='word_1_519' title='bbox 3026 2583 3326 2640; x_wconf 66' lang='lat' dir='ltr'><strong>Ecclesite:</strong></span> <span class='ocrx_word' id='word_1_520' title='bbox 3355 2584 3405 2639; x_wconf 88' lang='lat' dir='ltr'><strong>in</strong></span> <span class='ocrx_word' id='word_1_521' title='bbox 3430 2601 3524 2655; x_wconf 89' lang='lat' dir='ltr'><strong>qua</strong></span> <span class='ocrx_word' id='word_1_522' title='bbox 3549 2600 3635 2639; x_wconf 88' lang='lat' dir='ltr'><strong>nos</strong></span> <span class='ocrx_word' id='word_1_523' title='bbox 3656 2583 3736 2638; x_wconf 88' lang='lat' dir='ltr'><strong>ho-</strong></span> 
     </span>
    </p>
   </div>
   <div class='ocr_carea' id='block_1_74' title="bbox 2173 2677 3733 2747">
    <p class='ocr_par' dir='ltr' id='par_1_74' title="bbox 2173 2677 3733 2747">
     <span class='ocr_line' id='line_1_74' title="bbox 2173 2677 3733 2747; baseline -0.003 -12"><span class='ocrx_word' id='word_1_524' title='bbox 2173 2680 2347 2735; x_wconf 89' lang='lat' dir='ltr'><strong>mines</strong></span> <span class='ocrx_word' id='word_1_525' title='bbox 2371 2678 2497 2733; x_wconf 83' lang='lat' dir='ltr'><strong>i&#39;ecit</strong></span> <span class='ocrx_word' id='word_1_526' title='bbox 2520 2690 2700 2734; x_wconf 83' lang='lat' dir='ltr'><strong>secum</strong></span> <span class='ocrx_word' id='word_1_527' title='bbox 2731 2691 2974 2747; x_wconf 76' lang='lat' dir='ltr'><strong>surgere,</strong></span> <span class='ocrx_word' id='word_1_528' title='bbox 3001 2687 3054 2732; x_wconf 90' lang='lat' dir='ltr'><strong>et</strong></span> <span class='ocrx_word' id='word_1_529' title='bbox 3087 2677 3279 2734; x_wconf 83' lang='lat' dir='ltr'><strong>vivere</strong></span> <span class='ocrx_word' id='word_1_530' title='bbox 3306 2722 3319 2746; x_wconf 96' lang='lat'><strong>,</strong></span> <span class='ocrx_word' id='word_1_531' title='bbox 3374 2686 3427 2733; x_wconf 92' lang='lat' dir='ltr'><strong>et</strong></span> <span class='ocrx_word' id='word_1_532' title='bbox 3481 2680 3653 2735; x_wconf 89' lang='lat' dir='ltr'><strong>sedere</strong></span> <span class='ocrx_word' id='word_1_533' title='bbox 3692 2677 3733 2731; x_wconf 92' lang='lat' dir='ltr'><strong>in</strong></span> 
     </span>
    </p>
   </div>
   <div class='ocr_carea' id='block_1_75' title="bbox 2174 2764 3737 2839">
    <p class='ocr_par' dir='ltr' id='par_1_75' title="bbox 2174 2764 3737 2839">
     <span class='ocr_line' id='line_1_75' title="bbox 2174 2764 3737 2839; baseline -0.005 -10"><span class='ocrx_word' id='word_1_534' title='bbox 2174 2770 2508 2829; x_wconf 66' lang='lat' dir='ltr'><strong>caelestibus.</strong></span> <span class='ocrx_word' id='word_1_535' title='bbox 2542 2768 2609 2824; x_wconf 87' lang='lat' dir='ltr'><strong>Et</strong></span> <span class='ocrx_word' id='word_1_536' title='bbox 2648 2765 2929 2837; x_wconf 86' lang='lat' dir='ltr'><strong>impletum</strong></span> <span class='ocrx_word' id='word_1_537' title='bbox 2962 2780 3045 2822; x_wconf 88' lang='lat' dir='ltr'><strong>est</strong></span> <span class='ocrx_word' id='word_1_538' title='bbox 3075 2767 3213 2823; x_wconf 85' lang='lat' dir='ltr'><strong>illud</strong></span> <span class='ocrx_word' id='word_1_539' title='bbox 3239 2764 3383 2839; x_wconf 87' lang='lat' dir='ltr'><strong>quod</strong></span> <span class='ocrx_word' id='word_1_540' title='bbox 3408 2767 3519 2838; x_wconf 89' lang='lat' dir='ltr'><strong>ipse</strong></span> <span class='ocrx_word' id='word_1_541' title='bbox 3547 2769 3668 2823; x_wconf 82' lang='lat' dir='ltr'><strong>dixit</strong></span> <span class='ocrx_word' id='word_1_542' title='bbox 3696 2768 3737 2821; x_wconf 89' lang='lat' dir='ltr'><strong>in</strong></span> 
     </span>
    </p>
   </div>
   <div class='ocr_carea' id='block_1_76' title="bbox 2178 2860 3739 2934">
    <p class='ocr_par' dir='ltr' id='par_1_76' title="bbox 2178 2860 3739 2934">
     <span class='ocr_line' id='line_1_76' title="bbox 2178 2860 3739 2934; baseline -0.004 -15"><span class='ocrx_word' id='word_1_543' title='bbox 2178 2862 2499 2934; x_wconf 82' lang='lat' dir='ltr'><strong>Evangelio:</strong></span> <span class='ocrx_word' id='word_1_544' title='bbox 2533 2860 2660 2915; x_wconf 88' lang='lat' dir='ltr'><strong>Cum</strong></span> <span class='ocrx_word' id='word_1_545' title='bbox 2686 2871 2859 2915; x_wconf 87' lang='lat' dir='ltr'><strong>autem</strong></span> <span class='ocrx_word' id='word_1_546' title='bbox 2883 2860 3144 2915; x_wconf 72' lang='lat' dir='ltr'><strong>cxaltatus</strong></span> <span class='ocrx_word' id='word_1_547' title='bbox 3172 2861 3324 2931; x_wconf 83' lang='lat' dir='ltr'><strong>fuero</strong></span> <span class='ocrx_word' id='word_1_548' title='bbox 3346 2878 3377 2915; x_wconf 94' lang='lat' dir='ltr'><strong>a</strong></span> <span class='ocrx_word' id='word_1_549' title='bbox 3404 2871 3554 2927; x_wconf 83' lang='lat' dir='ltr'><strong>terra,</strong></span> <span class='ocrx_word' id='word_1_550' title='bbox 3591 2861 3739 2915; x_wconf 89' lang='lat' dir='ltr'><strong>omnia</strong></span> 
     </span>
    </p>
   </div>
   <div class='ocr_carea' id='block_1_77' title="bbox 2179 2951 3736 3026">
    <p class='ocr_par' dir='ltr' id='par_1_77' title="bbox 2179 2951 3736 3026">
     <span class='ocr_line' id='line_1_77' title="bbox 2179 2951 3736 3026; baseline -0.002 -15"><span class='ocrx_word' id='word_1_551' title='bbox 2179 2954 2383 3011; x_wconf 83' lang='lat' dir='ltr'><strong>traham</strong></span> <span class='ocrx_word' id='word_1_552' title='bbox 2412 2954 2481 3008; x_wconf 92' lang='lat' dir='ltr'><strong>ad</strong></span> <span class='ocrx_word' id='word_1_553' title='bbox 2509 2970 2588 3008; x_wconf 89' lang='lat' dir='ltr'><strong>me</strong></span> <span class='ocrx_word' id='word_1_554' title='bbox 2614 2951 2795 3026; x_wconf 79' lang='lat' dir='ltr'><strong>(loan.</strong></span> <span class='ocrx_word' id='word_1_555' title='bbox 2829 2968 2928 3021; x_wconf 82' lang='lat' dir='ltr'><strong>xu,</strong></span> <span class='ocrx_word' id='word_1_556' title='bbox 2962 2951 3077 3023; x_wconf 76' lang='lat'><strong>52).</strong></span> <span class='ocrx_word' id='word_1_557' title='bbox 3105 2952 3235 3009; x_wconf 59' lang='lat' dir='ltr'><strong>Haec</strong></span> <span class='ocrx_word' id='word_1_558' title='bbox 3256 2967 3336 3010; x_wconf 74' lang='grc' dir='ltr'>ρει</span> <span class='ocrx_word' id='word_1_559' title='bbox 3364 2952 3477 3011; x_wconf 87' lang='lat' dir='ltr'><strong>dies</strong></span> <span class='ocrx_word' id='word_1_560' title='bbox 3498 2970 3642 3025; x_wconf 89' lang='lat' dir='ltr'><strong>quam</strong></span> <span class='ocrx_word' id='word_1_561' title='bbox 3672 2952 3736 3008; x_wconf 54' lang='lat' dir='ltr'><strong>ie.</strong></span> 
     </span>
    </p>
   </div>
   <div class='ocr_carea' id='block_1_78' title="bbox 2180 3046 3737 3115">
    <p class='ocr_par' dir='ltr' id='par_1_78' title="bbox 2180 3046 3737 3115">
     <span class='ocr_line' id='line_1_78' title="bbox 2180 3046 3737 3115; baseline -0.003 -12"><span class='ocrx_word' id='word_1_562' title='bbox 2180 3048 2255 3103; x_wconf 88' lang='lat' dir='ltr'><strong>cit</strong></span> <span class='ocrx_word' id='word_1_563' title='bbox 2281 3048 2560 3115; x_wconf 88' lang='lat' dir='ltr'><strong>Dominus,</strong></span> <span class='ocrx_word' id='word_1_564' title='bbox 2590 3046 2932 3101; x_wconf 80' lang='lat' dir='ltr'><strong>exsultemus</strong></span> <span class='ocrx_word' id='word_1_565' title='bbox 2982 3053 3037 3101; x_wconf 89' lang='lat' dir='ltr'><strong>et</strong></span> <span class='ocrx_word' id='word_1_566' title='bbox 3066 3046 3314 3102; x_wconf 84' lang='lat' dir='ltr'><strong>laetemur</strong></span> <span class='ocrx_word' id='word_1_567' title='bbox 3347 3047 3397 3102; x_wconf 88' lang='lat' dir='ltr'><strong>in</strong></span> <span class='ocrx_word' id='word_1_568' title='bbox 3443 3063 3522 3103; x_wconf 89' lang='lat' dir='ltr'><strong>ea.</strong></span> <span class='ocrx_word' id='word_1_569' title='bbox 3562 3047 3737 3102; x_wconf 89' lang='lat' dir='ltr'><strong>Omnes</strong></span> 
     </span>
    </p>
   </div>
   <div class='ocr_carea' id='block_1_79' title="bbox 2182 3134 3740 3209">
    <p class='ocr_par' dir='ltr' id='par_1_79' title="bbox 2182 3134 3740 3209">
     <span class='ocr_line' id='line_1_79' title="bbox 2182 3134 3740 3209; baseline -0.003 -14"><span class='ocrx_word' id='word_1_570' title='bbox 2182 3141 2297 3195; x_wconf 91' lang='lat' dir='ltr'><strong>dies</strong></span> <span class='ocrx_word' id='word_1_571' title='bbox 2322 3137 2538 3209; x_wconf 85' lang='lat' dir='ltr'><strong>quidem</strong></span> <span class='ocrx_word' id='word_1_572' title='bbox 2564 3136 2691 3193; x_wconf 82' lang='lat' dir='ltr'><strong>fecit</strong></span> <span class='ocrx_word' id='word_1_573' title='bbox 2712 3136 2996 3206; x_wconf 89' lang='lat' dir='ltr'><strong>Dominus,</strong></span> <span class='ocrx_word' id='word_1_574' title='bbox 3046 3134 3141 3193; x_wconf 88' lang='lat' dir='ltr'><strong>sed</strong></span> <span class='ocrx_word' id='word_1_575' title='bbox 3189 3139 3373 3194; x_wconf 58' lang='lat' dir='ltr'><strong>caeteri</strong></span> <span class='ocrx_word' id='word_1_576' title='bbox 3403 3134 3514 3194; x_wconf 90' lang='lat' dir='ltr'><strong>dies</strong></span> <span class='ocrx_word' id='word_1_577' title='bbox 3543 3144 3740 3207; x_wconf 85' lang='lat' dir='ltr'><strong>possunt</strong></span> 
     </span>
    </p>
   </div>
   <div class='ocr_carea' id='block_1_80' title="bbox 2181 3228 3733 3304">
    <p class='ocr_par' dir='ltr' id='par_1_80' title="bbox 2181 3228 3733 3304">
     <span class='ocr_line' id='line_1_80' title="bbox 2181 3228 3733 3304; baseline -0.003 -14"><span class='ocrx_word' id='word_1_578' title='bbox 2181 3248 2305 3290; x_wconf 92' lang='lat' dir='ltr'><strong>esse</strong></span> <span class='ocrx_word' id='word_1_579' title='bbox 2334 3231 2667 3299; x_wconf 72' lang='lat' dir='ltr'><strong>Judamrum,</strong></span> <span class='ocrx_word' id='word_1_580' title='bbox 2698 3240 2922 3303; x_wconf 55' lang='lat' dir='ltr'><strong>postunt</strong></span> <span class='ocrx_word' id='word_1_581' title='bbox 2951 3246 3070 3288; x_wconf 88' lang='lat' dir='ltr'><strong>esse</strong></span> <span class='ocrx_word' id='word_1_582' title='bbox 3093 3228 3501 3299; x_wconf 70' lang='lat' dir='ltr'><strong>haereticorum,</strong></span> <span class='ocrx_word' id='word_1_583' title='bbox 3536 3240 3733 3304; x_wconf 77' lang='lat' dir='ltr'><strong>posSunt</strong></span> 
     </span>
    </p>
   </div>
   <div class='ocr_carea' id='block_1_81' title="bbox 2180 3322 2635 3396">
    <p class='ocr_par' dir='ltr' id='par_1_81' title="bbox 2180 3322 2635 3396">
     <span class='ocr_line' id='line_1_81' title="bbox 2180 3322 2635 3396; baseline 0 -16"><span class='ocrx_word' id='word_1_584' title='bbox 2180 3340 2303 3381; x_wconf 90' lang='lat' dir='ltr'><strong>esse</strong></span> <span class='ocrx_word' id='word_1_585' title='bbox 2333 3322 2635 3396; x_wconf 85' lang='lat' dir='ltr'><strong>gentilium.</strong></span> 
     </span>
    </p>
   </div>
   <div class='ocr_carea' id='block_1_82' title="bbox 2254 3412 3743 3482">
    <p class='ocr_par' dir='ltr' id='par_1_82' title="bbox 2254 3412 3743 3482">
     <span class='ocr_line' id='line_1_82' title="bbox 2254 3412 3743 3482; baseline -0.001 -12"><span class='ocrx_word' id='word_1_586' title='bbox 2254 3416 2344 3472; x_wconf 85' lang='lat' dir='ltr'><strong>IV.</strong></span> <span class='ocrx_word' id='word_1_587' title='bbox 2376 3416 2502 3471; x_wconf 90' lang='lat' dir='ltr'><strong>Dies</strong></span> <span class='ocrx_word' id='word_1_588' title='bbox 2528 3412 2810 3470; x_wconf 86' lang='lat' dir='ltr'><strong>Dominica</strong></span> <span class='ocrx_word' id='word_1_589' title='bbox 2840 3414 2955 3469; x_wconf 89' lang='lat' dir='ltr'><strong>dies</strong></span> <span class='ocrx_word' id='word_1_590' title='bbox 3003 3416 3453 3482; x_wconf 88' lang='lat' dir='ltr'><strong>resurrectionis,</strong></span> <span class='ocrx_word' id='word_1_591' title='bbox 3482 3415 3588 3474; x_wconf 85' lang='lat' dir='ltr'><strong>dies</strong></span> <span class='ocrx_word' id='word_1_592' title='bbox 3617 3414 3743 3472; x_wconf 85' lang='lat' dir='ltr'><strong>Chri-</strong></span> 
     </span>
    </p>
   </div>
   <div class='ocr_carea' id='block_1_83' title="bbox 2181 3507 3740 3572">
    <p class='ocr_par' dir='ltr' id='par_1_83' title="bbox 2181 3507 3740 3572">
     <span class='ocr_line' id='line_1_83' title="bbox 2181 3507 3740 3572; baseline -0.001 -9"><span class='ocrx_word' id='word_1_593' title='bbox 2181 3508 2501 3572; x_wconf 90' lang='lat' dir='ltr'><strong>stianorum,</strong></span> <span class='ocrx_word' id='word_1_594' title='bbox 2532 3507 2649 3562; x_wconf 90' lang='lat' dir='ltr'><strong>dies</strong></span> <span class='ocrx_word' id='word_1_595' title='bbox 2675 3516 2856 3563; x_wconf 88' lang='lat' dir='ltr'><strong>nostra</strong></span> <span class='ocrx_word' id='word_1_596' title='bbox 2886 3515 2988 3562; x_wconf 87' lang='lat' dir='ltr'><strong>est.</strong></span> <span class='ocrx_word' id='word_1_597' title='bbox 3035 3507 3186 3564; x_wconf 88' lang='lat' dir='ltr'><strong>Unde</strong></span> <span class='ocrx_word' id='word_1_598' title='bbox 3220 3520 3275 3565; x_wconf 92' lang='lat' dir='ltr'><strong>et</strong></span> <span class='ocrx_word' id='word_1_599' title='bbox 3310 3509 3579 3564; x_wconf 87' lang='lat' dir='ltr'><strong>Dominica</strong></span> <span class='ocrx_word' id='word_1_600' title='bbox 3624 3508 3740 3563; x_wconf 91' lang='lat' dir='ltr'><strong>dici-</strong></span> 
     </span>
    </p>
   </div>
   <div class='ocr_carea' id='block_1_84' title="bbox 2183 3600 3735 3671">
    <p class='ocr_par' dir='ltr' id='par_1_84' title="bbox 2183 3600 3735 3671">
     <span class='ocr_line' id='line_1_84' title="bbox 2183 3600 3735 3671; baseline 0.003 -16"><span class='ocrx_word' id='word_1_601' title='bbox 2183 3610 2299 3656; x_wconf 86' lang='lat' dir='ltr'><strong>tur:</strong></span> <span class='ocrx_word' id='word_1_602' title='bbox 2334 3602 2457 3671; x_wconf 86' lang='lat' dir='ltr'><strong>quia</strong></span> <span class='ocrx_word' id='word_1_603' title='bbox 2490 3600 2541 3657; x_wconf 92' lang='lat' dir='ltr'><strong>in</strong></span> <span class='ocrx_word' id='word_1_604' title='bbox 2575 3618 2635 3656; x_wconf 89' lang='lat' dir='ltr'><strong>ea</strong></span> <span class='ocrx_word' id='word_1_605' title='bbox 2672 3604 2929 3659; x_wconf 88' lang='lat' dir='ltr'><strong>Dominus</strong></span> <span class='ocrx_word' id='word_1_606' title='bbox 2961 3602 3136 3661; x_wconf 88' lang='lat' dir='ltr'><strong>victor</strong></span> <span class='ocrx_word' id='word_1_607' title='bbox 3164 3606 3417 3663; x_wconf 87' lang='lat' dir='ltr'><strong>ascendit</strong></span> <span class='ocrx_word' id='word_1_608' title='bbox 3444 3607 3506 3662; x_wconf 88' lang='lat' dir='ltr'><strong>ad</strong></span> <span class='ocrx_word' id='word_1_609' title='bbox 3538 3608 3735 3662; x_wconf 78' lang='lat' dir='ltr'><strong>Patrem.</strong></span> 
     </span>
    </p>
   </div>
   <div class='ocr_carea' id='block_1_85' title="bbox 2182 3690 3743 3769">
    <p class='ocr_par' dir='ltr' id='par_1_85' title="bbox 2182 3690 3743 3769">
     <span class='ocr_line' id='line_1_85' title="bbox 2182 3690 3743 3769; baseline -0.002 -17"><span class='ocrx_word' id='word_1_610' title='bbox 2182 3696 2335 3766; x_wconf 89' lang='lat' dir='ltr'><strong>Quod</strong></span> <span class='ocrx_word' id='word_1_611' title='bbox 2360 3697 2409 3753; x_wconf 92' lang='lat' dir='ltr'><strong>si</strong></span> <span class='ocrx_word' id='word_1_612' title='bbox 2453 3711 2481 3751; x_wconf 88' lang='lat' dir='ltr'><strong>a</strong></span> <span class='ocrx_word' id='word_1_613' title='bbox 2512 3690 2803 3769; x_wconf 80' lang='lat' dir='ltr'><strong>gentilibus</strong></span> <span class='ocrx_word' id='word_1_614' title='bbox 2829 3697 2945 3753; x_wconf 80' lang='lat' dir='ltr'><strong>dies</strong></span> <span class='ocrx_word' id='word_1_615' title='bbox 2971 3698 3105 3755; x_wconf 88' lang='lat' dir='ltr'><strong>solis</strong></span> <span class='ocrx_word' id='word_1_616' title='bbox 3152 3711 3403 3766; x_wconf 75' lang='lat' dir='ltr'><strong>vocatur,</strong></span> <span class='ocrx_word' id='word_1_617' title='bbox 3432 3710 3486 3757; x_wconf 90' lang='lat' dir='ltr'><strong>et</strong></span> <span class='ocrx_word' id='word_1_618' title='bbox 3535 3701 3627 3754; x_wconf 86' lang='lat' dir='ltr'><strong>hoc</strong></span> <span class='ocrx_word' id='word_1_619' title='bbox 3660 3711 3743 3753; x_wconf 90' lang='lat' dir='ltr'><strong>nos</strong></span> 
     </span>
    </p>
   </div>
   <div class='ocr_carea' id='block_1_86' title="bbox 2181 3791 3744 3850">
    <p class='ocr_par' dir='ltr' id='par_1_86' title="bbox 2181 3791 3744 3850">
     <span class='ocr_line' id='line_1_86' title="bbox 2181 3791 3744 3850; baseline 0 -5"><span class='ocrx_word' id='word_1_620' title='bbox 2181 3791 2535 3847; x_wconf 84' lang='lat' dir='ltr'><strong>libentissime</strong></span> <span class='ocrx_word' id='word_1_621' title='bbox 2564 3794 2908 3848; x_wconf 82' lang='lat' dir='ltr'><strong>conﬁtemur.</strong></span> <span class='ocrx_word' id='word_1_622' title='bbox 2936 3791 3105 3849; x_wconf 85' lang='lat' dir='ltr'><strong>Hodie</strong></span> <span class='ocrx_word' id='word_1_623' title='bbox 3143 3795 3291 3849; x_wconf 89' lang='lat' dir='ltr'><strong>enim</strong></span> <span class='ocrx_word' id='word_1_624' title='bbox 3322 3794 3413 3850; x_wconf 78' lang='lat' dir='ltr'><strong>lux</strong></span> <span class='ocrx_word' id='word_1_625' title='bbox 3443 3794 3614 3850; x_wconf 83' lang='lat' dir='ltr'><strong>mundi</strong></span> <span class='ocrx_word' id='word_1_626' title='bbox 3649 3803 3744 3847; x_wconf 85' lang='lat' dir='ltr'><strong>orta</strong></span> 
     </span>
    </p>
   </div>
   <div class='ocr_carea' id='block_1_87' title="bbox 2184 3884 3747 3959">
    <p class='ocr_par' dir='ltr' id='par_1_87' title="bbox 2184 3884 3747 3959">
     <span class='ocr_line' id='line_1_87' title="bbox 2184 3884 3747 3959; baseline -0.002 -19"><span class='ocrx_word' id='word_1_627' title='bbox 2184 3893 2287 3951; x_wconf 90' lang='lat' dir='ltr'><strong>est,</strong></span> <span class='ocrx_word' id='word_1_628' title='bbox 2318 3884 2477 3939; x_wconf 85' lang='lat' dir='ltr'><strong>hodie</strong></span> <span class='ocrx_word' id='word_1_629' title='bbox 2509 3884 2829 3953; x_wconf 62' lang='lat' dir='ltr'><strong>soljustitiae</strong></span> <span class='ocrx_word' id='word_1_630' title='bbox 2860 3894 3012 3941; x_wconf 91' lang='lat' dir='ltr'><strong>ortus</strong></span> <span class='ocrx_word' id='word_1_631' title='bbox 3042 3896 3144 3954; x_wconf 89' lang='lat' dir='ltr'><strong>est,</strong></span> <span class='ocrx_word' id='word_1_632' title='bbox 3190 3888 3243 3942; x_wconf 92' lang='lat' dir='ltr'><strong>in</strong></span> <span class='ocrx_word' id='word_1_633' title='bbox 3275 3889 3429 3959; x_wconf 86' lang='lat' dir='ltr'><strong>cujus</strong></span> <span class='ocrx_word' id='word_1_634' title='bbox 3462 3891 3635 3956; x_wconf 79' lang='lat' dir='ltr'><strong>pennis</strong></span> <span class='ocrx_word' id='word_1_635' title='bbox 3680 3894 3747 3939; x_wconf 86' lang='lat' dir='ltr'><strong>est</strong></span> 
     </span>
    </p>
   </div>
   <div class='ocr_carea' id='block_1_88' title="bbox 2185 3975 3748 4048">
    <p class='ocr_par' dir='ltr' id='par_1_88' title="bbox 2185 3975 3748 4048">
     <span class='ocr_line' id='line_1_88' title="bbox 2185 3975 3748 4048; baseline 0.003 -20"><span class='ocrx_word' id='word_1_636' title='bbox 2185 3977 2407 4032; x_wconf 81' lang='lat' dir='ltr'><strong>sanitas.</strong></span> <span class='ocrx_word' id='word_1_637' title='bbox 2449 3975 2714 4047; x_wconf 87' lang='lat' dir='ltr'><strong>Numquid</strong></span> <span class='ocrx_word' id='word_1_638' title='bbox 2761 3979 2839 4032; x_wconf 87' lang='lat' dir='ltr'><strong>sol</strong></span> <span class='ocrx_word' id='word_1_639' title='bbox 2875 3992 3076 4048; x_wconf 85' lang='lat' dir='ltr'><strong>pennas</strong></span> <span class='ocrx_word' id='word_1_640' title='bbox 3127 3976 3341 4036; x_wconf 83' lang='lat' dir='ltr'><strong>habet?</strong></span> <span class='ocrx_word' id='word_1_641' title='bbox 3390 3980 3748 4047; x_wconf 61' lang='lat' dir='ltr'><strong>Restiontleant</strong></span> 
     </span>
    </p>
   </div>
   <div class='ocr_carea' id='block_1_89' title="bbox 2184 4071 3749 4142">
    <p class='ocr_par' dir='ltr' id='par_1_89' title="bbox 2184 4071 3749 4142">
     <span class='ocr_line' id='line_1_89' title="bbox 2184 4071 3749 4142; baseline -0.001 -15"><span class='ocrx_word' id='word_1_642' title='bbox 2184 4071 2388 4137; x_wconf 66' lang='lat' dir='ltr'><strong>Juduri,</strong></span> <span class='ocrx_word' id='word_1_643' title='bbox 2448 4080 2502 4126; x_wconf 90' lang='lat' dir='ltr'><strong>et</strong></span> <span class='ocrx_word' id='word_1_644' title='bbox 2525 4073 2611 4142; x_wconf 90' lang='lat' dir='ltr'><strong>qui</strong></span> <span class='ocrx_word' id='word_1_645' title='bbox 2640 4080 2843 4127; x_wconf 87' lang='lat' dir='ltr'><strong>lautum</strong></span> <span class='ocrx_word' id='word_1_646' title='bbox 2878 4072 3176 4127; x_wconf 70' lang='lat' dir='ltr'><strong>secundum</strong></span> <span class='ocrx_word' id='word_1_647' title='bbox 3213 4073 3429 4131; x_wconf 81' lang='lat' dir='ltr'><strong>litteras</strong></span> <span class='ocrx_word' id='word_1_648' title='bbox 3480 4074 3749 4142; x_wconf 83' lang='lat' dir='ltr'><strong>Scripturas</strong></span> 
     </span>
    </p>
   </div>
   <div class='ocr_carea' id='block_1_90' title="bbox 2187 4146 3746 4233">
    <p class='ocr_par' dir='ltr' id='par_1_90' title="bbox 2187 4146 3746 4233">
     <span class='ocr_line' id='line_1_90' title="bbox 2187 4146 3746 4233; baseline 0 -17"><span class='ocrx_word' id='word_1_649' title='bbox 2187 4162 2496 4233; x_wconf 81' lang='lat' dir='ltr'><strong>intelligunt</strong></span> <span class='ocrx_word' id='word_1_650' title='bbox 2545 4163 2752 4218; x_wconf 86' lang='lat' dir='ltr'><strong>similes</strong></span> <span class='ocrx_word' id='word_1_651' title='bbox 2775 4146 3109 4219; x_wconf 71' lang='lat' dir='ltr'><strong>Judmoruni.</strong></span> <span class='ocrx_word' id='word_1_652' title='bbox 3162 4165 3273 4221; x_wconf 78' lang='lat' dir='ltr'><strong>Nos</strong></span> <span class='ocrx_word' id='word_1_653' title='bbox 3318 4176 3494 4222; x_wconf 85' lang='lat' dir='ltr'><strong>autem</strong></span> <span class='ocrx_word' id='word_1_654' title='bbox 3527 4166 3746 4229; x_wconf 84' lang='lat' dir='ltr'><strong>dicimus,</strong></span> 
     </span>
    </p>
   </div>
   <div class='ocr_carea' id='block_1_91' title="bbox 2185 4256 3745 4329">
    <p class='ocr_par' dir='ltr' id='par_1_91' title="bbox 2185 4256 3745 4329">
     <span class='ocr_line' id='line_1_91' title="bbox 2185 4256 3745 4329; baseline -0.001 -20"><span class='ocrx_word' id='word_1_655' title='bbox 2185 4256 2512 4326; x_wconf 89' lang='lat' dir='ltr'><strong>quicumque</strong></span> <span class='ocrx_word' id='word_1_656' title='bbox 2552 4256 2653 4309; x_wconf 82' lang='lat' dir='ltr'><strong>Sub</strong></span> <span class='ocrx_word' id='word_1_657' title='bbox 2690 4256 2791 4310; x_wconf 90' lang='lat' dir='ltr'><strong>alis</strong></span> <span class='ocrx_word' id='word_1_658' title='bbox 2818 4258 2971 4311; x_wconf 89' lang='lat' dir='ltr'><strong>istius</strong></span> <span class='ocrx_word' id='word_1_659' title='bbox 3002 4257 3131 4313; x_wconf 86' lang='lat' dir='ltr'><strong>solis</strong></span> <span class='ocrx_word' id='word_1_660' title='bbox 3154 4257 3319 4316; x_wconf 81' lang='lat' dir='ltr'><strong>fuerit</strong></span> <span class='ocrx_word' id='word_1_661' title='bbox 3344 4302 3360 4325; x_wconf 87' lang='lat'><strong>,</strong></span> <span class='ocrx_word' id='word_1_662' title='bbox 3403 4258 3490 4329; x_wconf 90' lang='lat' dir='ltr'><strong>qui</strong></span> <span class='ocrx_word' id='word_1_663' title='bbox 3536 4256 3663 4314; x_wconf 82' lang='lat' dir='ltr'><strong>dixit</strong></span> <span class='ocrx_word' id='word_1_664' title='bbox 3705 4258 3745 4308; x_wconf 92' lang='lat' dir='ltr'><strong>in</strong></span> 
     </span>
    </p>
   </div>
   <div class='ocr_carea' id='block_1_92' title="bbox 2186 4346 3748 4424">
    <p class='ocr_par' dir='ltr' id='par_1_92' title="bbox 2186 4346 3748 4424">
     <span class='ocr_line' id='line_1_92' title="bbox 2186 4346 3748 4424; baseline -0.001 -20"><span class='ocrx_word' id='word_1_665' title='bbox 2186 4346 2485 4420; x_wconf 72' lang='lat' dir='ltr'><strong>Evangelid</strong></span> <span class='ocrx_word' id='word_1_666' title='bbox 2512 4370 2523 4403; x_wconf 92' lang='lat'><strong>:</strong></span> <span class='ocrx_word' id='word_1_667' title='bbox 2565 4346 2775 4418; x_wconf 79' lang='lat' dir='ltr'><strong>Quoties</strong></span> <span class='ocrx_word' id='word_1_668' title='bbox 2796 4353 2931 4405; x_wconf 85' lang='lat' dir='ltr'><strong>volui</strong></span> <span class='ocrx_word' id='word_1_669' title='bbox 2964 4367 3277 4423; x_wconf 82' lang='lat' dir='ltr'><strong>congregare</strong></span> <span class='ocrx_word' id='word_1_670' title='bbox 3306 4352 3444 4424; x_wconf 61' lang='lat' dir='ltr'><strong>[dies</strong></span> <span class='ocrx_word' id='word_1_671' title='bbox 3469 4364 3597 4417; x_wconf 86' lang='lat' dir='ltr'><strong>tuos,</strong></span> <span class='ocrx_word' id='word_1_672' title='bbox 3623 4347 3748 4422; x_wconf 67' lang='lat' dir='ltr'><strong>quasi</strong></span> 
     </span>
    </p>
   </div>
   <div class='ocr_carea' id='block_1_93' title="bbox 2186 4440 3749 4515">
    <p class='ocr_par' dir='ltr' id='par_1_93' title="bbox 2186 4440 3749 4515">
     <span class='ocr_line' id='line_1_93' title="bbox 2186 4440 3749 4515; baseline -0.002 -19"><span class='ocrx_word' id='word_1_673' title='bbox 2186 4440 2387 4514; x_wconf 81' lang='lat' dir='ltr'><strong>gallina</strong></span> <span class='ocrx_word' id='word_1_674' title='bbox 2416 4443 2588 4515; x_wconf 84' lang='lat' dir='ltr'><strong>pullos</strong></span> <span class='ocrx_word' id='word_1_675' title='bbox 2613 4462 2736 4498; x_wconf 84' lang='lat' dir='ltr'><strong>suos</strong></span> <span class='ocrx_word' id='word_1_676' title='bbox 2761 4444 2852 4497; x_wconf 86' lang='lat' dir='ltr'><strong>sub</strong></span> <span class='ocrx_word' id='word_1_677' title='bbox 2884 4441 3017 4511; x_wconf 76' lang='lat' dir='ltr'><strong>uias,</strong></span> <span class='ocrx_word' id='word_1_678' title='bbox 3052 4455 3099 4500; x_wconf 87' lang='lat' dir='ltr'><strong>et</strong></span> <span class='ocrx_word' id='word_1_679' title='bbox 3124 4448 3385 4501; x_wconf 84' lang='lat' dir='ltr'><strong>noluisti!</strong></span> <span class='ocrx_word' id='word_1_680' title='bbox 3429 4446 3525 4501; x_wconf 85' lang='lat' dir='ltr'><strong>iste</strong></span> <span class='ocrx_word' id='word_1_681' title='bbox 3555 4456 3749 4499; x_wconf 79' lang='lat' dir='ltr'><strong>securus</strong></span> 
     </span>
    </p>
   </div>
   <div class='ocr_carea' id='block_1_94' title="bbox 2187 4532 3747 4609">
    <p class='ocr_par' dir='ltr' id='par_1_94' title="bbox 2187 4532 3747 4609">
     <span class='ocr_line' id='line_1_94' title="bbox 2187 4532 3747 4609; baseline -0.004 -18"><span class='ocrx_word' id='word_1_682' title='bbox 2187 4537 2288 4591; x_wconf 89' lang='lat' dir='ltr'><strong>erit</strong></span> <span class='ocrx_word' id='word_1_683' title='bbox 2330 4534 2399 4590; x_wconf 90' lang='lat' dir='ltr'><strong>ab</strong></span> <span class='ocrx_word' id='word_1_684' title='bbox 2450 4536 2711 4605; x_wconf 87' lang='lat' dir='ltr'><strong>accipitre</strong></span> <span class='ocrx_word' id='word_1_685' title='bbox 2743 4536 2991 4602; x_wconf 84' lang='lat' dir='ltr'><strong>diabolo,</strong></span> <span class='ocrx_word' id='word_1_686' title='bbox 3048 4538 3115 4593; x_wconf 91' lang='lat' dir='ltr'><strong>ab</strong></span> <span class='ocrx_word' id='word_1_687' title='bbox 3145 4540 3346 4609; x_wconf 88' lang='lat' dir='ltr'><strong>aquilis</strong></span> <span class='ocrx_word' id='word_1_688' title='bbox 3377 4532 3662 4593; x_wconf 77' lang='lat' dir='ltr'><strong>volantibus</strong></span> <span class='ocrx_word' id='word_1_689' title='bbox 3705 4533 3747 4586; x_wconf 90' lang='lat' dir='ltr'><strong>in</strong></span> 
     </span>
    </p>
   </div>
   <div class='ocr_carea' id='block_1_95' title="bbox 489 4596 3747 4703">
    <p class='ocr_par' dir='ltr' id='par_1_95' title="bbox 489 4596 3747 4703">
     <span class='ocr_line' id='line_1_95' title="bbox 489 4596 3747 4703; baseline 0 -22"><span class='ocrx_word' id='word_1_690' title='bbox 489 4626 595 4681; x_wconf 83' lang='lat' dir='ltr'><strong>Per</strong></span> <span class='ocrx_word' id='word_1_691' title='bbox 617 4625 756 4680; x_wconf 86' lang='lat' dir='ltr'><strong>hanc</strong></span> <span class='ocrx_word' id='word_1_692' title='bbox 788 4634 996 4694; x_wconf 82' lang='lat' dir='ltr'><strong>portam</strong></span> <span class='ocrx_word' id='word_1_693' title='bbox 1030 4624 1234 4695; x_wconf 86' lang='lat' dir='ltr'><strong>primus</strong></span> <span class='ocrx_word' id='word_1_694' title='bbox 1279 4624 1417 4679; x_wconf 86' lang='lat' dir='ltr'><strong>latro</strong></span> <span class='ocrx_word' id='word_1_695' title='bbox 1448 4638 1571 4679; x_wconf 90' lang='lat' dir='ltr'><strong>cum</strong></span> <span class='ocrx_word' id='word_1_696' title='bbox 1598 4622 1829 4681; x_wconf 92' lang='lat' dir='ltr'><strong>Domino</strong></span> <span class='ocrx_word' id='word_1_697' title='bbox 1871 4625 2083 4696; x_wconf 85' lang='lat' dir='ltr'><strong>ingres-</strong></span> <span class='ocrx_word' id='word_1_698' title='bbox 2108 4596 2163 4661; x_wconf 78' lang='lat' dir='ltr'><strong>D</strong></span> <span class='ocrx_word' id='word_1_699' title='bbox 2193 4628 2509 4698; x_wconf 87' lang='lat' dir='ltr'><strong>Ezechiele,</strong></span> <span class='ocrx_word' id='word_1_700' title='bbox 2540 4640 2596 4685; x_wconf 92' lang='lat' dir='ltr'><strong>et</strong></span> <span class='ocrx_word' id='word_1_701' title='bbox 2624 4630 2805 4685; x_wconf 86' lang='lat' dir='ltr'><strong>omnia</strong></span> <span class='ocrx_word' id='word_1_702' title='bbox 2846 4641 3193 4702; x_wconf 87' lang='lat' dir='ltr'><strong>peccatorum</strong></span> <span class='ocrx_word' id='word_1_703' title='bbox 3226 4630 3346 4703; x_wconf 86' lang='lat' dir='ltr'><strong>ejus</strong></span> <span class='ocrx_word' id='word_1_704' title='bbox 3378 4634 3595 4689; x_wconf 87' lang='lat' dir='ltr'><strong>vulnera</strong></span> <span class='ocrx_word' id='word_1_705' title='bbox 3617 4644 3747 4685; x_wconf 84' lang='lat' dir='ltr'><strong>sana-</strong></span> 
     </span>
    </p>
   </div>
   <div class='ocr_carea' id='block_1_96' title="bbox 486 4726 705 4775">
    <p class='ocr_par' dir='ltr' id='par_1_96' title="bbox 486 4726 705 4775">
     <span class='ocr_line' id='line_1_96' title="bbox 486 4726 705 4775; baseline -0.009 0"><span class='ocrx_word' id='word_1_706' title='bbox 486 4726 581 4775; x_wconf 82' lang='lat' dir='ltr'><strong>&#39;sus</strong></span> <span class='ocrx_word' id='word_1_707' title='bbox 604 4728 705 4775; x_wconf 87' lang='lat' dir='ltr'><strong>est.</strong></span> 
     </span>
    </p>
   </div>
   <div class='ocr_carea' id='block_1_97' title="bbox 560 4808 2078 4881">
    <p class='ocr_par' dir='ltr' id='par_1_97' title="bbox 560 4808 2078 4881">
     <span class='ocr_line' id='line_1_97' title="bbox 560 4808 2078 4881; baseline 0.001 -15"><span class='ocrx_word' id='word_1_708' title='bbox 560 4812 628 4868; x_wconf 90' lang='grc'><strong>11.</strong></span> <span class='ocrx_word' id='word_1_709' title='bbox 672 4810 935 4866; x_wconf 83' lang='lat' dir='ltr'><strong>llabelote</strong></span> <span class='ocrx_word' id='word_1_710' title='bbox 980 4808 1251 4877; x_wconf 82' lang='lat' dir='ltr'><strong>ﬁduciam,</strong></span> <span class='ocrx_word' id='word_1_711' title='bbox 1284 4819 1338 4865; x_wconf 89' lang='lat' dir='ltr'><strong>et</strong></span> <span class='ocrx_word' id='word_1_712' title='bbox 1366 4819 1695 4881; x_wconf 85' lang='lat' dir='ltr'><strong>vossperate</strong></span> <span class='ocrx_word' id='word_1_713' title='bbox 1716 4811 1939 4867; x_wconf 88' lang='lat' dir='ltr'><strong>similia.</strong></span> <span class='ocrx_word' id='word_1_714' title='bbox 1983 4809 2078 4868; x_wconf 90' lang='lat' dir='ltr'><strong>Sic</strong></span> 
     </span>
    </p>
   </div>
   <div class='ocr_carea' id='block_1_98' title="bbox 490 4894 2079 4978">
    <p class='ocr_par' dir='ltr' id='par_1_98' title="bbox 490 4894 2079 4978">
     <span class='ocr_line' id='line_1_98' title="bbox 490 4894 2079 4978; baseline 0.001 -18"><span class='ocrx_word' id='word_1_715' title='bbox 490 4909 633 4962; x_wconf 79' lang='lat' dir='ltr'><strong>enim</strong></span> <span class='ocrx_word' id='word_1_716' title='bbox 690 4908 804 4978; x_wconf 89' lang='lat' dir='ltr'><strong>ipse</strong></span> <span class='ocrx_word' id='word_1_717' title='bbox 828 4905 1125 4977; x_wconf 80' lang='lat' dir='ltr'><strong>Apostolus</strong></span> <span class='ocrx_word' id='word_1_718' title='bbox 1176 4902 1339 4961; x_wconf 81' lang='lat' dir='ltr'><strong>dixit:</strong></span> <span class='ocrx_word' id='word_1_719' title='bbox 1388 4905 1451 4961; x_wconf 89' lang='lat' dir='ltr'><strong>Si</strong></span> <span class='ocrx_word' id='word_1_720' title='bbox 1512 4894 1912 4961; x_wconf 72' lang='lat' dir='ltr'><strong>consurrexistis</strong></span> <span class='ocrx_word' id='word_1_721' title='bbox 1962 4923 2079 4961; x_wconf 87' lang='lat' dir='ltr'><strong>cum</strong></span> 
     </span>
    </p>
   </div>
   <div class='ocr_carea' id='block_1_99' title="bbox 491 4997 2076 5071">
    <p class='ocr_par' dir='ltr' id='par_1_99' title="bbox 491 4997 2076 5071">
     <span class='ocr_line' id='line_1_99' title="bbox 491 4997 2076 5071; baseline 0.001 -19"><span class='ocrx_word' id='word_1_722' title='bbox 491 5000 694 5054; x_wconf 83' lang='lat' dir='ltr'><strong>Christo</strong></span> <span class='ocrx_word' id='word_1_723' title='bbox 717 5043 730 5061; x_wconf 88' lang='lat'><strong>,</strong></span> <span class='ocrx_word' id='word_1_724' title='bbox 780 5004 899 5071; x_wconf 74' lang='lat' dir='ltr'><strong>q‘uce</strong></span> <span class='ocrx_word' id='word_1_725' title='bbox 946 5008 1152 5054; x_wconf 82' lang='lat' dir='ltr'><strong>sursum</strong></span> <span class='ocrx_word' id='word_1_726' title='bbox 1193 5004 1327 5071; x_wconf 82' lang='lat' dir='ltr'><strong>sunt</strong></span> <span class='ocrx_word' id='word_1_727' title='bbox 1359 5000 1596 5069; x_wconf 65' lang='lat' dir='ltr'><strong>quaerite,</strong></span> <span class='ocrx_word' id='word_1_728' title='bbox 1646 4999 1730 5052; x_wconf 83' lang='lat' dir='ltr'><strong>ubi</strong></span> <span class='ocrx_word' id='word_1_729' title='bbox 1759 4997 1993 5054; x_wconf 81' lang='lat' dir='ltr'><strong>Christus</strong></span> <span class='ocrx_word' id='word_1_730' title='bbox 2022 5000 2076 5053; x_wconf 87' lang='lat' dir='ltr'><strong>in</strong></span> 
     </span>
    </p>
   </div>
   <div class='ocr_carea' id='block_1_100' title="bbox 488 5089 2079 5161">
    <p class='ocr_par' dir='ltr' id='par_1_100' title="bbox 488 5089 2079 5161">
     <span class='ocr_line' id='line_1_100' title="bbox 488 5089 2079 5161; baseline 0.003 -19"><span class='ocrx_word' id='word_1_731' title='bbox 488 5090 702 5143; x_wconf 73' lang='lat' dir='ltr'><strong>dextera</strong></span> <span class='ocrx_word' id='word_1_732' title='bbox 729 5090 823 5143; x_wconf 82' lang='lat' dir='ltr'><strong>Dei</strong></span> <span class='ocrx_word' id='word_1_733' title='bbox 849 5090 1009 5145; x_wconf 83' lang='lat' dir='ltr'><strong>sedet.</strong></span> <span class='ocrx_word' id='word_1_734' title='bbox 1057 5089 1175 5144; x_wconf 85' lang='lat' dir='ltr'><strong>Non</strong></span> <span class='ocrx_word' id='word_1_735' title='bbox 1202 5089 1333 5145; x_wconf 85' lang='lat' dir='ltr'><strong>dicit</strong></span> <span class='ocrx_word' id='word_1_736' title='bbox 1375 5090 1463 5144; x_wconf 85' lang='lat' dir='ltr'><strong>hic</strong></span> <span class='ocrx_word' id='word_1_737' title='bbox 1512 5091 1775 5160; x_wconf 84' lang='lat' dir='ltr'><strong>psalmus,</strong></span> <span class='ocrx_word' id='word_1_738' title='bbox 1817 5092 1917 5146; x_wconf 91' lang='lat' dir='ltr'><strong>soli</strong></span> <span class='ocrx_word' id='word_1_739' title='bbox 1947 5104 2079 5161; x_wconf 88' lang='lat' dir='ltr'><strong>apo-</strong></span> 
     </span>
    </p>
   </div>
   <div class='ocr_carea' id='block_1_101' title="bbox 488 5181 2075 5254">
    <p class='ocr_par' dir='ltr' id='par_1_101' title="bbox 488 5181 2075 5254">
     <span class='ocr_line' id='line_1_101' title="bbox 488 5181 2075 5254; baseline 0.001 -17"><span class='ocrx_word' id='word_1_740' title='bbox 488 5182 639 5247; x_wconf 82' lang='lat' dir='ltr'><strong>Stoli,</strong></span> <span class='ocrx_word' id='word_1_741' title='bbox 672 5182 771 5237; x_wconf 89' lang='lat' dir='ltr'><strong>soli</strong></span> <span class='ocrx_word' id='word_1_742' title='bbox 798 5185 1075 5252; x_wconf 59' lang='lat' dir='ltr'><strong>protllietaa</strong></span> <span class='ocrx_word' id='word_1_743' title='bbox 1104 5190 1158 5241; x_wconf 86' lang='lat' dir='ltr'><strong>et</strong></span> <span class='ocrx_word' id='word_1_744' title='bbox 1181 5190 1447 5254; x_wconf 75' lang='lat' dir='ltr'><strong>martyres</strong></span> <span class='ocrx_word' id='word_1_745' title='bbox 1485 5181 1767 5238; x_wconf 88' lang='lat' dir='ltr'><strong>intrabunt</strong></span> <span class='ocrx_word' id='word_1_746' title='bbox 1797 5199 1894 5253; x_wconf 88' lang='lat' dir='ltr'><strong>per</strong></span> <span class='ocrx_word' id='word_1_747' title='bbox 1923 5196 2075 5239; x_wconf 86' lang='lat' dir='ltr'><strong>eam:</strong></span> 
     </span>
    </p>
   </div>
   <div class='ocr_carea' id='block_1_102' title="bbox 489 5275 2082 5349">
    <p class='ocr_par' dir='ltr' id='par_1_102' title="bbox 489 5275 2082 5349">
     <span class='ocr_line' id='line_1_102' title="bbox 489 5275 2082 5349; baseline -0.001 -16"><span class='ocrx_word' id='word_1_748' title='bbox 489 5277 584 5333; x_wconf 83' lang='lat' dir='ltr'><strong>sed</strong></span> <span class='ocrx_word' id='word_1_749' title='bbox 609 5277 741 5348; x_wconf 88' lang='lat' dir='ltr'><strong>justi</strong></span> <span class='ocrx_word' id='word_1_750' title='bbox 789 5275 1085 5332; x_wconf 81' lang='lat' dir='ltr'><strong>introibant</strong></span> <span class='ocrx_word' id='word_1_751' title='bbox 1114 5292 1209 5347; x_wconf 90' lang='lat' dir='ltr'><strong>per</strong></span> <span class='ocrx_word' id='word_1_752' title='bbox 1233 5290 1374 5332; x_wconf 84' lang='lat' dir='ltr'><strong>eam.</strong></span> <span class='ocrx_word' id='word_1_753' title='bbox 1405 5275 1743 5347; x_wconf 88' lang='lat' dir='ltr'><strong>Quicumque</strong></span> <span class='ocrx_word' id='word_1_754' title='bbox 1790 5294 1917 5349; x_wconf 85' lang='lat' dir='ltr'><strong>ergo</strong></span> <span class='ocrx_word' id='word_1_755' title='bbox 1937 5276 2082 5348; x_wconf 76' lang='lat' dir='ltr'><strong>jUste</strong></span> 
     </span>
    </p>
   </div>
   <div class='ocr_carea' id='block_1_103' title="bbox 491 5368 2081 5441">
    <p class='ocr_par' dir='ltr' id='par_1_103' title="bbox 491 5368 2081 5441">
     <span class='ocr_line' id='line_1_103' title="bbox 491 5368 2081 5441; baseline -0.001 -16"><span class='ocrx_word' id='word_1_756' title='bbox 491 5372 618 5441; x_wconf 84' lang='lat' dir='ltr'><strong>agit,</strong></span> <span class='ocrx_word' id='word_1_757' title='bbox 652 5383 704 5425; x_wconf 82' lang='lat' dir='ltr'><strong>et</strong></span> <span class='ocrx_word' id='word_1_758' title='bbox 736 5370 878 5423; x_wconf 87' lang='lat' dir='ltr'><strong>inter</strong></span> <span class='ocrx_word' id='word_1_759' title='bbox 901 5369 1074 5436; x_wconf 76' lang='lat' dir='ltr'><strong>justos</strong></span> <span class='ocrx_word' id='word_1_760' title='bbox 1102 5368 1318 5423; x_wconf 88' lang='lat' dir='ltr'><strong>Domini</strong></span> <span class='ocrx_word' id='word_1_761' title='bbox 1352 5383 1472 5424; x_wconf 79' lang='lat' dir='ltr'><strong>esse</strong></span> <span class='ocrx_word' id='word_1_762' title='bbox 1503 5371 1724 5434; x_wconf 84' lang='lat' dir='ltr'><strong>meruit,</strong></span> <span class='ocrx_word' id='word_1_763' title='bbox 1757 5368 2081 5425; x_wconf 84' lang='lat' dir='ltr'><strong>llducialiter</strong></span> 
     </span>
    </p>
   </div>
   <div class='ocr_carea' id='block_1_104' title="bbox 490 5461 2075 5534">
    <p class='ocr_par' dir='ltr' id='par_1_104' title="bbox 490 5461 2075 5534">
     <span class='ocr_line' id='line_1_104' title="bbox 490 5461 2075 5534; baseline 0.001 -16"><span class='ocrx_word' id='word_1_764' title='bbox 490 5474 615 5534; x_wconf 75' lang='lat' dir='ltr'><strong>agat</strong></span> <span class='ocrx_word' id='word_1_765' title='bbox 642 5462 694 5517; x_wconf 89' lang='lat' dir='ltr'><strong>in</strong></span> <span class='ocrx_word' id='word_1_766' title='bbox 725 5477 791 5516; x_wconf 86' lang='lat' dir='ltr'><strong>eo</strong></span> <span class='ocrx_word' id='word_1_767' title='bbox 832 5475 1084 5531; x_wconf 83' lang='lat' dir='ltr'><strong>sperans,</strong></span> <span class='ocrx_word' id='word_1_768' title='bbox 1113 5463 1236 5529; x_wconf 88' lang='lat' dir='ltr'><strong>quia</strong></span> <span class='ocrx_word' id='word_1_769' title='bbox 1281 5461 1503 5517; x_wconf 87' lang='lat' dir='ltr'><strong>intrabit</strong></span> <span class='ocrx_word' id='word_1_770' title='bbox 1549 5477 1643 5531; x_wconf 89' lang='lat' dir='ltr'><strong>per</strong></span> <span class='ocrx_word' id='word_1_771' title='bbox 1666 5462 1804 5516; x_wconf 85' lang='lat' dir='ltr'><strong>hanc</strong></span> <span class='ocrx_word' id='word_1_772' title='bbox 1843 5472 2075 5532; x_wconf 81' lang='lat' dir='ltr'><strong>portatu.</strong></span> 
     </span>
    </p>
   </div>
   <div class='ocr_carea' id='block_1_105' title="bbox 489 5553 2076 5625">
    <p class='ocr_par' dir='ltr' id='par_1_105' title="bbox 489 5553 2076 5625">
     <span class='ocr_line' id='line_1_105' title="bbox 489 5553 2076 5625; baseline 0.003 -17"><span class='ocrx_word' id='word_1_773' title='bbox 489 5556 623 5622; x_wconf 85' lang='lat' dir='ltr'><strong>Quia</strong></span> <span class='ocrx_word' id='word_1_774' title='bbox 665 5554 925 5610; x_wconf 85' lang='lat' dir='ltr'><strong>Dominus</strong></span> <span class='ocrx_word' id='word_1_775' title='bbox 950 5567 1057 5609; x_wconf 91' lang='lat' dir='ltr'><strong>non</strong></span> <span class='ocrx_word' id='word_1_776' title='bbox 1098 5553 1290 5623; x_wconf 68' lang='lat' dir='ltr'><strong>quaerit</strong></span> <span class='ocrx_word' id='word_1_777' title='bbox 1322 5556 1637 5625; x_wconf 83' lang='lat' dir='ltr'><strong>sanguinem</strong></span> <span class='ocrx_word' id='word_1_778' title='bbox 1665 5555 2076 5612; x_wconf 81' lang='lat' dir='ltr'><strong>conﬁtentium:</strong></span> 
     </span>
    </p>
   </div>
   <div class='ocr_carea' id='block_1_106' title="bbox 488 5646 2074 5719">
    <p class='ocr_par' dir='ltr' id='par_1_106' title="bbox 488 5646 2074 5719">
     <span class='ocr_line' id='line_1_106' title="bbox 488 5646 2074 5719; baseline 0.002 -16"><span class='ocrx_word' id='word_1_779' title='bbox 488 5649 585 5703; x_wconf 87' lang='lat' dir='ltr'><strong>sed</strong></span> <span class='ocrx_word' id='word_1_780' title='bbox 637 5650 819 5715; x_wconf 80' lang='lat' dir='ltr'><strong>(idem,</strong></span> <span class='ocrx_word' id='word_1_781' title='bbox 854 5664 951 5719; x_wconf 85' lang='lat' dir='ltr'><strong>pro</strong></span> <span class='ocrx_word' id='word_1_782' title='bbox 983 5664 1086 5719; x_wconf 90' lang='lat' dir='ltr'><strong>qua</strong></span> <span class='ocrx_word' id='word_1_783' title='bbox 1116 5648 1337 5718; x_wconf 80' lang='lat' dir='ltr'><strong>sanguis</strong></span> <span class='ocrx_word' id='word_1_784' title='bbox 1368 5646 1658 5703; x_wconf 73' lang='lat' dir='ltr'><strong>eilunditur</strong></span> <span class='ocrx_word' id='word_1_785' title='bbox 1716 5650 2074 5706; x_wconf 85' lang='lat' dir='ltr'><strong>credentium.</strong></span> 
     </span>
    </p>
   </div>
   <div class='ocr_carea' id='block_1_107' title="bbox 483 5726 2073 5812">
    <p class='ocr_par' dir='ltr' id='par_1_107' title="bbox 483 5726 2073 5812">
     <span class='ocr_line' id='line_1_107' title="bbox 483 5726 2073 5812; baseline 0.004 -18"><span class='ocrx_word' id='word_1_786' title='bbox 483 5726 542 5794; x_wconf 78' lang='lat' dir='ltr'><strong>Si</strong></span> <span class='ocrx_word' id='word_1_787' title='bbox 572 5740 918 5795; x_wconf 80' lang='lat' dir='ltr'><strong>habuerimus</strong></span> <span class='ocrx_word' id='word_1_788' title='bbox 943 5738 1103 5796; x_wconf 88' lang='lat' dir='ltr'><strong>iidem</strong></span> <span class='ocrx_word' id='word_1_789' title='bbox 1135 5755 1257 5811; x_wconf 71' lang='lat' dir='ltr'><strong>qua:</strong></span> <span class='ocrx_word' id='word_1_790' title='bbox 1284 5750 1460 5809; x_wconf 85' lang='lat' dir='ltr'><strong>potest</strong></span> <span class='ocrx_word' id='word_1_791' title='bbox 1482 5744 1797 5811; x_wconf 86' lang='lat' dir='ltr'><strong>sanguinem</strong></span> <span class='ocrx_word' id='word_1_792' title='bbox 1823 5742 2073 5812; x_wconf 81' lang='lat' dir='ltr'><strong>tundere,</strong></span> 
     </span>
    </p>
   </div>
   <div class='ocr_carea' id='block_1_108' title="bbox 482 5828 2068 5901">
    <p class='ocr_par' dir='ltr' id='par_1_108' title="bbox 482 5828 2068 5901">
     <span class='ocr_line' id='line_1_108' title="bbox 482 5828 2068 5901; baseline 0.004 -14"><span class='ocrx_word' id='word_1_793' title='bbox 482 5828 834 5901; x_wconf 79' lang='lat' dir='ltr'><strong>imputabitur</strong></span> <span class='ocrx_word' id='word_1_794' title='bbox 873 5831 1024 5891; x_wconf 76' lang='lat' dir='ltr'><strong>nobis</strong></span> <span class='ocrx_word' id='word_1_795' title='bbox 1056 5844 1111 5893; x_wconf 86' lang='lat' dir='ltr'><strong>et</strong></span> <span class='ocrx_word' id='word_1_796' title='bbox 1142 5833 1353 5890; x_wconf 79' lang='lat' dir='ltr'><strong>cruoris</strong></span> <span class='ocrx_word' id='word_1_797' title='bbox 1382 5832 1595 5893; x_wconf 81' lang='lat' dir='ltr'><strong>etl‘usio.</strong></span> <span class='ocrx_word' id='word_1_798' title='bbox 1634 5834 1679 5890; x_wconf 88' lang='lat'><strong>0</strong></span> <span class='ocrx_word' id='word_1_799' title='bbox 1712 5851 1839 5893; x_wconf 84' lang='lat' dir='ltr'><strong>vere</strong></span> <span class='ocrx_word' id='word_1_800' title='bbox 1878 5837 2068 5896; x_wconf 45' lang='lat' dir='ltr'><strong>infulis</strong></span> 
     </span>
    </p>
   </div>
   <div class='ocr_carea' id='block_1_109' title="bbox 2190 4722 2415 4777">
    <p class='ocr_par' dir='ltr' id='par_1_109' title="bbox 2190 4722 2415 4777">
     <span class='ocr_line' id='line_1_109' title="bbox 2190 4722 2415 4777; baseline 0 -1"><span class='ocrx_word' id='word_1_801' title='bbox 2190 4722 2415 4777; x_wconf 84' lang='lat' dir='ltr'><strong>buntur.</strong></span> 
     </span>
    </p>
   </div>
   <div class='ocr_carea' id='block_1_110' title="bbox 2261 4808 3746 4891">
    <p class='ocr_par' dir='ltr' id='par_1_110' title="bbox 2261 4808 3746 4891">
     <span class='ocr_line' id='line_1_110' title="bbox 2261 4808 3746 4891; baseline -0.005 -18"><span class='ocrx_word' id='word_1_802' title='bbox 2261 4815 2327 4873; x_wconf 84' lang='lat' dir='ltr'><strong>V.</strong></span> <span class='ocrx_word' id='word_1_803' title='bbox 2367 4815 2438 4873; x_wconf 89' lang='lat' dir='ltr'><strong>Ut</strong></span> <span class='ocrx_word' id='word_1_804' title='bbox 2489 4824 2669 4873; x_wconf 90' lang='lat' dir='ltr'><strong>autem</strong></span> <span class='ocrx_word' id='word_1_805' title='bbox 2710 4816 2913 4881; x_wconf 88' lang='lat' dir='ltr'><strong>sciatis,</strong></span> <span class='ocrx_word' id='word_1_806' title='bbox 2960 4814 3155 4873; x_wconf 80' lang='lat' dir='ltr'><strong>fratres</strong></span> <span class='ocrx_word' id='word_1_807' title='bbox 3192 4819 3321 4889; x_wconf 86' lang='lat' dir='ltr'><strong>mei,</strong></span> <span class='ocrx_word' id='word_1_808' title='bbox 3374 4808 3514 4891; x_wconf 82' lang='lat' dir='ltr'><strong>quod</strong></span> <span class='ocrx_word' id='word_1_809' title='bbox 3558 4814 3746 4886; x_wconf 82' lang='lat' dir='ltr'><strong>proprie</strong></span> 
     </span>
    </p>
   </div>
   <div class='ocr_carea' id='block_1_111' title="bbox 2189 4909 3749 4982">
    <p class='ocr_par' dir='ltr' id='par_1_111' title="bbox 2189 4909 3749 4982">
     <span class='ocr_line' id='line_1_111' title="bbox 2189 4909 3749 4982; baseline -0.003 -17"><span class='ocrx_word' id='word_1_810' title='bbox 2189 4910 2428 4982; x_wconf 83' lang='lat' dir='ltr'><strong>psalmus</strong></span> <span class='ocrx_word' id='word_1_811' title='bbox 2458 4909 2561 4965; x_wconf 77' lang='lat' dir='ltr'><strong>lSle</strong></span> <span class='ocrx_word' id='word_1_812' title='bbox 2587 4909 2655 4965; x_wconf 87' lang='lat' dir='ltr'><strong>de</strong></span> <span class='ocrx_word' id='word_1_813' title='bbox 2686 4909 2913 4965; x_wconf 91' lang='lat' dir='ltr'><strong>Domino</strong></span> <span class='ocrx_word' id='word_1_814' title='bbox 2944 4911 3180 4981; x_wconf 88' lang='lat' dir='ltr'><strong>scriptus</strong></span> <span class='ocrx_word' id='word_1_815' title='bbox 3210 4922 3294 4968; x_wconf 90' lang='lat' dir='ltr'><strong>est</strong></span> <span class='ocrx_word' id='word_1_816' title='bbox 3329 4931 3341 4966; x_wconf 93' lang='lat'><strong>:</strong></span> <span class='ocrx_word' id='word_1_817' title='bbox 3374 4922 3427 4967; x_wconf 87' lang='lat' dir='ltr'><strong>et</strong></span> <span class='ocrx_word' id='word_1_818' title='bbox 3459 4910 3507 4966; x_wconf 89' lang='lat' dir='ltr'><strong>in</strong></span> <span class='ocrx_word' id='word_1_819' title='bbox 3537 4911 3749 4978; x_wconf 67' lang='lat' dir='ltr'><strong>Evange-</strong></span> 
     </span>
    </p>
   </div>
   <div class='ocr_carea' id='block_1_112' title="bbox 2186 5000 3749 5073">
    <p class='ocr_par' dir='ltr' id='par_1_112' title="bbox 2186 5000 3749 5073">
     <span class='ocr_line' id='line_1_112' title="bbox 2186 5000 3749 5073; baseline -0.003 -14"><span class='ocrx_word' id='word_1_820' title='bbox 2186 5005 2260 5059; x_wconf 91' lang='lat' dir='ltr'><strong>lio</strong></span> <span class='ocrx_word' id='word_1_821' title='bbox 2292 5004 2443 5073; x_wconf 89' lang='lat' dir='ltr'><strong>pueri</strong></span> <span class='ocrx_word' id='word_1_822' title='bbox 2503 5000 2645 5056; x_wconf 89' lang='lat' dir='ltr'><strong>sicut</strong></span> <span class='ocrx_word' id='word_1_823' title='bbox 2696 5001 3076 5069; x_wconf 89' lang='lat' dir='ltr'><strong>meminimus,</strong></span> <span class='ocrx_word' id='word_1_824' title='bbox 3111 5006 3201 5073; x_wconf 89' lang='lat' dir='ltr'><strong>qui</strong></span> <span class='ocrx_word' id='word_1_825' title='bbox 3234 5004 3471 5059; x_wconf 90' lang='lat' dir='ltr'><strong>intrante</strong></span> <span class='ocrx_word' id='word_1_826' title='bbox 3512 5000 3749 5069; x_wconf 77' lang='lat' dir='ltr'><strong>Jerusaly~</strong></span> 
     </span>
    </p>
   </div>
   <div class='ocr_carea' id='block_1_113' title="bbox 2186 5092 3750 5162">
    <p class='ocr_par' dir='ltr' id='par_1_113' title="bbox 2186 5092 3750 5162">
     <span class='ocr_line' id='line_1_113' title="bbox 2186 5092 3750 5162; baseline -0.006 -12"><span class='ocrx_word' id='word_1_827' title='bbox 2186 5110 2325 5151; x_wconf 70' lang='lat' dir='ltr'><strong>manu</strong></span> <span class='ocrx_word' id='word_1_828' title='bbox 2351 5092 2630 5150; x_wconf 87' lang='lat' dir='ltr'><strong>Salvatore</strong></span> <span class='ocrx_word' id='word_1_829' title='bbox 2664 5092 2869 5162; x_wconf 84' lang='lat' dir='ltr'><strong>palmas</strong></span> <span class='ocrx_word' id='word_1_830' title='bbox 2909 5094 3189 5160; x_wconf 80' lang='lat' dir='ltr'><strong>levantes,</strong></span> <span class='ocrx_word' id='word_1_831' title='bbox 3221 5095 3750 5159; x_wconf 65' lang='lat' dir='ltr'><strong>clamaveruntatqnc</strong></span> 
     </span>
    </p>
   </div>
   <div class='ocr_carea' id='block_1_114' title="bbox 2184 5181 3746 5254">
    <p class='ocr_par' dir='ltr' id='par_1_114' title="bbox 2184 5181 3746 5254">
     <span class='ocr_line' id='line_1_114' title="bbox 2184 5181 3746 5254; baseline -0.01 -10"><span class='ocrx_word' id='word_1_832' title='bbox 2184 5186 2471 5245; x_wconf 76' lang='lat' dir='ltr'><strong>dixerunt:</strong></span> <span class='ocrx_word' id='word_1_833' title='bbox 2511 5182 2722 5240; x_wconf 88' lang='lat' dir='ltr'><strong>Osanna</strong></span> <span class='ocrx_word' id='word_1_834' title='bbox 2749 5187 2800 5238; x_wconf 85' lang='lat' dir='ltr'><strong>in</strong></span> <span class='ocrx_word' id='word_1_835' title='bbox 2841 5184 3081 5247; x_wconf 73' lang='lat' dir='ltr'><strong>excelsis,</strong></span> <span class='ocrx_word' id='word_1_836' title='bbox 3127 5187 3419 5242; x_wconf 85' lang='lat' dir='ltr'><strong>benedictus</strong></span> <span class='ocrx_word' id='word_1_837' title='bbox 3446 5186 3532 5254; x_wconf 81' lang='lat' dir='ltr'><strong>qui</strong></span> <span class='ocrx_word' id='word_1_838' title='bbox 3560 5184 3681 5239; x_wconf 67' lang='lat' dir='ltr'><strong>venit</strong></span> <span class='ocrx_word' id='word_1_839' title='bbox 3704 5181 3746 5232; x_wconf 87' lang='lat' dir='ltr'><strong>in</strong></span> 
     </span>
    </p>
   </div>
   <div class='ocr_carea' id='block_1_115' title="bbox 2185 5270 3747 5349">
    <p class='ocr_par' dir='ltr' id='par_1_115' title="bbox 2185 5270 3747 5349">
     <span class='ocr_line' id='line_1_115' title="bbox 2185 5270 3747 5349; baseline -0.005 -14"><span class='ocrx_word' id='word_1_840' title='bbox 2185 5282 2386 5335; x_wconf 82' lang='lat' dir='ltr'><strong>nomine</strong></span> <span class='ocrx_word' id='word_1_841' title='bbox 2411 5278 2640 5343; x_wconf 81' lang='lat' dir='ltr'><strong>Domini,</strong></span> <span class='ocrx_word' id='word_1_842' title='bbox 2675 5274 2886 5331; x_wconf 87' lang='lat' dir='ltr'><strong>Osanna</strong></span> <span class='ocrx_word' id='word_1_843' title='bbox 2911 5276 2962 5330; x_wconf 85' lang='lat' dir='ltr'><strong>in</strong></span> <span class='ocrx_word' id='word_1_844' title='bbox 2996 5279 3209 5333; x_wconf 74' lang='lat' dir='ltr'><strong>excelsis</strong></span> <span class='ocrx_word' id='word_1_845' title='bbox 3235 5279 3428 5349; x_wconf 75' lang='lat' dir='ltr'><strong>(Marc.</strong></span> <span class='ocrx_word' id='word_1_846' title='bbox 3461 5295 3531 5345; x_wconf 76' lang='lat' dir='ltr'><strong>st,</strong></span> <span class='ocrx_word' id='word_1_847' title='bbox 3561 5275 3611 5345; x_wconf 85' lang='lat'><strong>9)</strong></span> <span class='ocrx_word' id='word_1_848' title='bbox 3645 5292 3656 5327; x_wconf 90' lang='lat'><strong>:</strong></span> <span class='ocrx_word' id='word_1_849' title='bbox 3692 5270 3747 5324; x_wconf 67' lang='lat' dir='ltr'><strong>de</strong></span> 
     </span>
    </p>
   </div>
   <div class='ocr_carea' id='block_1_116' title="bbox 2183 5368 3746 5437">
    <p class='ocr_par' dir='ltr' id='par_1_116' title="bbox 2183 5368 3746 5437">
     <span class='ocr_line' id='line_1_116' title="bbox 2183 5368 3746 5437; baseline -0.006 -10"><span class='ocrx_word' id='word_1_850' title='bbox 2183 5372 2489 5429; x_wconf 86' lang='lat' dir='ltr'><strong>centesimo</strong></span> <span class='ocrx_word' id='word_1_851' title='bbox 2533 5368 2746 5424; x_wconf 87' lang='lat' dir='ltr'><strong>decimo</strong></span> <span class='ocrx_word' id='word_1_852' title='bbox 2791 5371 3018 5437; x_wconf 79' lang='lat' dir='ltr'><strong>septimo</strong></span> <span class='ocrx_word' id='word_1_853' title='bbox 3068 5372 3275 5437; x_wconf 86' lang='lat' dir='ltr'><strong>psalmo</strong></span> <span class='ocrx_word' id='word_1_854' title='bbox 3306 5372 3438 5426; x_wconf 89' lang='lat' dir='ltr'><strong>istos</strong></span> <span class='ocrx_word' id='word_1_855' title='bbox 3475 5368 3746 5425; x_wconf 72' lang='lat' dir='ltr'><strong>versiculos</strong></span> 
     </span>
    </p>
   </div>
   <div class='ocr_carea' id='block_1_117' title="bbox 2184 5458 3746 5531">
    <p class='ocr_par' dir='ltr' id='par_1_117' title="bbox 2184 5458 3746 5531">
     <span class='ocr_line' id='line_1_117' title="bbox 2184 5458 3746 5531; baseline -0.007 -12"><span class='ocrx_word' id='word_1_856' title='bbox 2184 5471 2593 5531; x_wconf 84' lang='lat' dir='ltr'><strong>assutnpserunt</strong></span> <span class='ocrx_word' id='word_1_857' title='bbox 2614 5460 2688 5516; x_wconf 92' lang='lat'><strong>:0</strong></span> <span class='ocrx_word' id='word_1_858' title='bbox 2723 5458 2961 5524; x_wconf 83' lang='lat' dir='ltr'><strong>Domine,</strong></span> <span class='ocrx_word' id='word_1_859' title='bbox 2999 5460 3193 5515; x_wconf 59' lang='lat' dir='ltr'><strong>salvum</strong></span> <span class='ocrx_word' id='word_1_860' title='bbox 3224 5476 3303 5515; x_wconf 82' lang='lat' dir='ltr'><strong>me</strong></span> <span class='ocrx_word' id='word_1_861' title='bbox 3331 5466 3429 5531; x_wconf 79' lang='lat' dir='ltr'><strong>fac.</strong></span> <span class='ocrx_word' id='word_1_862' title='bbox 3460 5460 3516 5516; x_wconf 88' lang='lat' dir='ltr'><strong>In</strong></span> <span class='ocrx_word' id='word_1_863' title='bbox 3546 5459 3746 5515; x_wconf 60' lang='lat' dir='ltr'><strong>llebrmo</strong></span> 
     </span>
    </p>
   </div>
   <div class='ocr_carea' id='block_1_118' title="bbox 2185 5551 3740 5621">
    <p class='ocr_par' dir='ltr' id='par_1_118' title="bbox 2185 5551 3740 5621">
     <span class='ocr_line' id='line_1_118' title="bbox 2185 5551 3740 5621; baseline -0.009 -8"><span class='ocrx_word' id='word_1_864' title='bbox 2185 5556 2456 5621; x_wconf 86' lang='lat' dir='ltr'><strong>scribitur,</strong></span> <span class='ocrx_word' id='word_1_865' title='bbox 2474 5568 2750 5611; x_wconf 74' lang='lat' dir='ltr'><strong>HOSIANNA.</strong></span> <span class='ocrx_word' id='word_1_866' title='bbox 2778 5551 2930 5609; x_wconf 82' lang='lat' dir='ltr'><strong>Unde</strong></span> <span class='ocrx_word' id='word_1_867' title='bbox 2950 5564 3004 5610; x_wconf 89' lang='lat' dir='ltr'><strong>et</strong></span> <span class='ocrx_word' id='word_1_868' title='bbox 3029 5553 3196 5609; x_wconf 63' lang='lat' dir='ltr'><strong>Juda-i</strong></span> <span class='ocrx_word' id='word_1_869' title='bbox 3230 5554 3565 5621; x_wconf 79' lang='lat' dir='ltr'><strong>impatienter</strong></span> <span class='ocrx_word' id='word_1_870' title='bbox 3588 5553 3740 5605; x_wconf 83' lang='lat' dir='ltr'><strong>feren-</strong></span> 
     </span>
    </p>
   </div>
   <div class='ocr_carea' id='block_1_119' title="bbox 2185 5644 3738 5719">
    <p class='ocr_par' dir='ltr' id='par_1_119' title="bbox 2185 5644 3738 5719">
     <span class='ocr_line' id='line_1_119' title="bbox 2185 5644 3738 5719; baseline -0.006 -14"><span class='ocrx_word' id='word_1_871' title='bbox 2185 5659 2265 5707; x_wconf 90' lang='lat' dir='ltr'><strong>tes</strong></span> <span class='ocrx_word' id='word_1_872' title='bbox 2290 5650 2476 5705; x_wconf 85' lang='lat' dir='ltr'><strong>volunt</strong></span> <span class='ocrx_word' id='word_1_873' title='bbox 2500 5648 2788 5719; x_wconf 83' lang='lat' dir='ltr'><strong>prohibere</strong></span> <span class='ocrx_word' id='word_1_874' title='bbox 2813 5650 3065 5715; x_wconf 78' lang='lat' dir='ltr'><strong>parvulos</strong></span> <span class='ocrx_word' id='word_1_875' title='bbox 3099 5667 3110 5701; x_wconf 87' lang='lat'><strong>:</strong></span> <span class='ocrx_word' id='word_1_876' title='bbox 3144 5648 3209 5703; x_wconf 87' lang='lat' dir='ltr'><strong>de</strong></span> <span class='ocrx_word' id='word_1_877' title='bbox 3238 5650 3436 5718; x_wconf 80' lang='lat' dir='ltr'><strong>quibus</strong></span> <span class='ocrx_word' id='word_1_878' title='bbox 3458 5650 3503 5702; x_wconf 90' lang='lat' dir='ltr'><strong>in</strong></span> <span class='ocrx_word' id='word_1_879' title='bbox 3528 5646 3649 5700; x_wconf 79' lang='lat' dir='ltr'><strong>Isaia</strong></span> <span class='ocrx_word' id='word_1_880' title='bbox 3672 5644 3738 5696; x_wconf 79' lang='lat' dir='ltr'><strong>lo-</strong></span> 
     </span>
    </p>
   </div>
   <div class='ocr_carea' id='block_1_120' title="bbox 2180 5733 3738 5811">
    <p class='ocr_par' dir='ltr' id='par_1_120' title="bbox 2180 5733 3738 5811">
     <span class='ocr_line' id='line_1_120' title="bbox 2180 5733 3738 5811; baseline -0.004 -19"><span class='ocrx_word' id='word_1_881' title='bbox 2180 5743 2444 5811; x_wconf 82' lang='lat' dir='ltr'><strong>quebatur</strong></span> <span class='ocrx_word' id='word_1_882' title='bbox 2460 5742 2749 5795; x_wconf 86' lang='lat' dir='ltr'><strong>Dominus:</strong></span> <span class='ocrx_word' id='word_1_883' title='bbox 2777 5737 2911 5794; x_wconf 84' lang='lat' dir='ltr'><strong>Ecce</strong></span> <span class='ocrx_word' id='word_1_884' title='bbox 2925 5755 3013 5811; x_wconf 75' lang='lat' dir='ltr'><strong>ego</strong></span> <span class='ocrx_word' id='word_1_885' title='bbox 3035 5750 3082 5794; x_wconf 88' lang='lat' dir='ltr'><strong>et</strong></span> <span class='ocrx_word' id='word_1_886' title='bbox 3109 5744 3247 5809; x_wconf 83' lang='lat' dir='ltr'><strong>pueri</strong></span> <span class='ocrx_word' id='word_1_887' title='bbox 3272 5741 3366 5794; x_wconf 82' lang='lat' dir='ltr'><strong>mei</strong></span> <span class='ocrx_word' id='word_1_888' title='bbox 3389 5754 3505 5808; x_wconf 81' lang='lat' dir='ltr'><strong>quos</strong></span> <span class='ocrx_word' id='word_1_889' title='bbox 3522 5733 3643 5791; x_wconf 69' lang='lat' dir='ltr'><strong>‘milti</strong></span> <span class='ocrx_word' id='word_1_890' title='bbox 3661 5735 3738 5786; x_wconf 84' lang='lat' dir='ltr'><strong>de-</strong></span> 
     </span>
    </p>
   </div>
   <div class='ocr_carea' id='block_1_121' title="bbox 2178 5827 3737 5909">
    <p class='ocr_par' dir='ltr' id='par_1_121' title="bbox 2178 5827 3737 5909">
     <span class='ocr_line' id='line_1_121' title="bbox 2178 5827 3737 5909; baseline -0.006 -20"><span class='ocrx_word' id='word_1_891' title='bbox 2178 5834 2257 5889; x_wconf 81' lang='lat' dir='ltr'><strong>dit</strong></span> <span class='ocrx_word' id='word_1_892' title='bbox 2289 5834 2542 5895; x_wconf 77' lang='lat' dir='ltr'><strong>Dominus</strong></span> <span class='ocrx_word' id='word_1_893' title='bbox 2576 5828 2709 5905; x_wconf 67' lang='lat' dir='ltr'><strong>(Ita.</strong></span> <span class='ocrx_word' id='word_1_894' title='bbox 2737 5846 2855 5909; x_wconf 81' lang='lat' dir='ltr'><strong>vin,</strong></span> <span class='ocrx_word' id='word_1_895' title='bbox 2890 5833 3003 5906; x_wconf 75' lang='grc'><strong>18).</strong></span> <span class='ocrx_word' id='word_1_896' title='bbox 3028 5831 3352 5896; x_wconf 82' lang='lat' dir='ltr'><strong>Tacentibus</strong></span> <span class='ocrx_word' id='word_1_897' title='bbox 3374 5832 3515 5893; x_wconf 82' lang='lat' dir='ltr'><strong>enim</strong></span> <span class='ocrx_word' id='word_1_898' title='bbox 3545 5827 3737 5890; x_wconf 73' lang='lat' dir='ltr'><strong>senibus</strong></span> 
     </span>
    </p>
   </div>
  </div>
