3926 6290
199 285 284 434 2f!

617 372 834 432 EPIST.
889 375 1083 432 XXIII.
1124 375 1218 432 AD
1255 373 1662 445 DARDANUM,
1698 375 1788 434 DE
1822 371 2138 434 DIYERSIS
2175 361 2428 435 GENER.
2463 370 2889 431 MUSICORUM.

3327 369 3434 430 2H

196 507 239 555 et
257 491 447 553 invidire
474 491 640 548 livore
661 492 938 564 cruciatis,
976 491 1186 564 parvuli
1216 492 1474 560 clamant,
1503 500 1560 548 et
1582 491 1742 548 Chri-
1768 493 1824 555 Α
1847 492 1950 548 hoc
1981 489 2144 548 modo
2172 488 2490 560 intelligitur
2522 506 2536 545 :
2568 489 2740 545 tribus
2767 488 2970 547 fistulis
2994 487 3149 545 :ereis
3180 487 3232 544 in
3265 477 3442 558 capite

196 599 312 646 stum
343 585 537 657 parvuli
583 585 933 642 confitentur.
957 584 1112 655 Quod
1158 585 1206 640 si
1236 594 1291 642 et
1317 580 1392 641 illi
1427 587 1742 653 tacuissent,

198 681 371 754 lapides
398 681 577 750 utique
597 680 918 746 clamarent,
954 679 1005 735 id
1037 688 1138 748 est,
1169 677 1444 752 gentilium
1471 680 1697 750 populus
1731 698 1743 734 :

199 776 250 834 de
275 773 452 846 quibus
480 773 532 828 in
557 771 852 844 Evangelio
878 773 1142 842 scriptum
1167 780 1249 827 est
1273 788 1286 825 :
1321 771 1508 826 Potens
1538 780 1610 825 est
1641 769 1747 825 Do-

201 871 336 921 minus
392 865 452 918 de
516 863 780 936 lapidibus
850 864 962 918 istis
1016 863 1264 918 suscitare
1334 861 1471 931 filios
1527 861 1750 915 Abraltw

200 947 380 1028 (Matth.
406 971 482 1024 ιιι,
513 955 573 1025 9)
618 973 632 1011 :
685 973 784 1011 nos
830 955 1145 1026 significans
1174 954 1267 1025 qui
1315 954 1451 1010 duro
1480 954 1749 1024 quondam

200 1049 333 1106 corde
359 1048 555 1104 fuimus
580 1067 592 1102 :
622 1047 714 1104 sed
748 1064 890 1104 nunc
916 1048 1201 1104 credentes
1231 1047 1282 1102 in
1307 1047 1520 1102 Christo
1542 1033 1667 1101 Jesu
1699 1043 1750 1100 in

199 1142 312 1199 ﬁlios
326 1139 583 1199 Abraham
598 1141 705 1215 [ΑΙ.
722 1149 851 1196 tacet
867 1143 918 1196 i'n
935 1141 1072 1196 filios
1088 1138 1406 1210 Abraham],
1425 1141 1477 1194 in
1500 1137 1640 1195 filios
1660 1137 1753 1194 Dei

204 1235 568 1306 omnipotentis,
598 1235 838 1305 adoptati
862 1249 1049 1289 sumus
1082 1249 1179 1304 per
1206 1234 1379 1302 ipsum
1412 1233 1701 1289 Dominum
1737 1251 1751 1290 :

205 1327 273 1384 cui
293 1337 363 1383 est
384 1327 552 1397 gloria
582 1328 636 1380 in
669 1328 866 1382 smcula
897 1327 1244 1382 surculorum.
1275 1325 1467 1382 Amen.

312 1433 610 1494 MllNlTUM
650 1437 718 1522 ΙΝ
758 1437 1149 1494 EPISTULAM
1188 1437 1626 1505 SEQUENTEM.

266 1531 478 1588 Erasmus
508 1533 615 1606 ait._
648 1529 769 1606 ῌοε
794 1532 934 1606 haud
962 1533 1078 1606 scio
1095 1535 1243 1604 cujus
1273 1534 1640 1606 fragmentum,
1676 1537 1760 1590 vix

206 1605 378 1675 dignum
424 1610 498 1658 m
537 1601 615 1657 uel
655 1601 754 1656 hoc
801 1604 1004 1658 ordine.
1034 1601 1431 1660 Tantum'abest
1471 1613 1524 1659 ut
1567 1604 1761 1662 Hiero-

204 1691 325 1745 nymo
344 1675 401 1729 sit
430 1675 792 1730 tribuendum.

669 1785 1004 1846 EPISTOLA
1044 1785 1236 1844 XXIII.

755 1897 824 1937 AD
863 1895 1174 1936 DARDANUI.

457 1975 545 2030 De
574 1967 788 2030 diversis
817 1971 1098 2029 Generibus
1123 1972 1462 2028 Musicarum.

256 2069 291 2124 1.
323 2067 494 2140 Cogor
525 2069 554 2122 a
603 2061 678 2138 te,
715 2074 775 2121 ut
802 2065 918 2134 tibi,
945 2063 1220 2132 Dardane,
1266 2063 1335 2120 de
1362 2064 1638 2135 aliquibus
1665 2080 1763 2137 ge-

201 2163 384 2220 nuribus
406 2162 769 2227 musicorum,
797 2159 938 2215 sicut
973 2173 1062 2214 res
1095 2159 1276 2227 docet,
1303 2158 1390 2214 vel
1414 2157 1646 2225 visione,
1681 2157 1764 2214 vel

201 2258 352 2314 auditu
379 2253 537 2313 ιιι-θνί
565 2269 822 2311 sermone
848 2254 1234 2324 respondeam.
1268 2254 1386 2310 Alia
1411 2255 1557 2310 enim
1586 2255 1654 2310 ad
1685 2254 1771 2310 lu-

199 2349 349 2406 cidem
400 2350 654 2421 proferre
685 2364 794 2404 non
825 2361 1044 2418 possum
1075 2363 1090 2401 :
1128 2347 1253 2417 quia
1302 2361 1640 2418 unaquaeque
1681 2355 1770 2403 res

199 2441 460 2497 secundum
497 2433 780 2511 ingenium
821 2437 940 2507 ejus
979 2445 1068 2493 est
1113 2455 1126 2491 :
1168 2454 1288 2508 quae
1334 2448 1512 2494 autem
1547 2449 1773 2510 possunt

197 2534 404 2589 enarrari
436 2532 678 2588 libenter
708 2529 1150 2601 explicabuntur.
1181 2529 1420 2586 Primum
1450 2532 1773 2588 omniumad

201 2643 452 2697 organum,
487 2641 557 2682 eo
579 2623 726 2696 quod
756 2624 932 2695 majus
961 2638 1082 2679 esse
1111 2623 1196 2678 his
1217 2623 1270 2680 in
1301 2625 1506 2691 Sonitu,
1535 2635 1590 2680 et
1622 2623 1775 2680 forti-

200 2717 357 2775 tudine
405 2719 576 2775 nimia
622 2724 1010 2788 computantur
1069 2716 1357 2782 clamores,
1412 2716 1645 2771 veniam.
1701 2718 1776 2773 De

201 2813 381 2866 duabus
408 2813 832 2882 elephantorum
884 2806 1118 2879 pellibus
1164 2824 1460 2887 concavum
1493 2808 1779 2880 conjungi-

201 2913 288 2970 tur,
318 2912 371 2959 et
399 2920 498 2972 per
524 2901 838 2974 quindecim
881 2901 1158 2955 fabrorum
1197 2900 1500 2956 sufflatoria
1527 2905 1778 2971 compre-

201 2997 432 3052 bensatur
489 3013 505 3048 :
560 3009 657 3064 per
685 2992 975 3048 duodecim
1007 2994 1213 3047 cicutas
1240 3007 1416 3047 terens
1450 2994 1501 3046 in
1545 2993 1780 3047 sonitum

200 3089 429 3157 nimium,
457 3103 602 3160 quos
635 3088 689 3143 in
723 3086 942 3142 moduni
973 3085 1194 3140 tonitrui
1235 3087 1476 3141 concitat
1520 3102 1534 3140 :
1588 3096 1644 3140 ut
1685 3101 1784 3155 per

202 3184 334 3238 mille
361 3189 621 3253 passuum
653 3183 826 3250 Spatia
856 3181 974 3234 sine
1005 3178 1173 3233 dubio
1219 3177 1554 3234 sensibiliter
1597 3177 1784 3248 utique

1847 596 2077 656 angusto
2103 584 2421 654 inspiratur.
2459 582 2511 637 lu
2543 583 2722 653 capite
2747 598 2846 654 per
2868 591 3098 654 quatuor
3124 581 3445 639 vociduclus

1849 692 2052 745 aereos,
2073 676 2162 746 qui
2187 692 2281 746 per
2307 689 2508 730 aereum
2533 673 2936 730 fundamentum
2960 683 3251 746 quaternas
3282 689 3443 731 voces

1851 772 2178 842 producunt,
2224 765 2484 839 mugitum
2523 767 2749 824 nimium
2784 763 3438 842 vehementissimumque

1853 865 2080 936 profert.
2105 863 2179 917 Ita
2204 861 2554 934 Evangelium
2584 873 2734 918 terna
2763 863 3108 920 confessione
3141 865 3299 920 trium
3324 881 3450 935 per-

1853 971 2110 1012 sonarum
2140 963 2340 1010 sanctae
2366 954 2646 1010 Trinitatis
2679 951 2730 1010 in
2762 956 2938 1026 capite
2965 967 3212 1027 angusto,
3243 957 3296 1012 id
3330 966 3434 1024 est,

1854 1047 2212 1103 innativitate
2252 1045 2475 1114 Christi,
2521 1045 2802 1103 divinitate
2847 1048 3141 1118 inspiratur
3186 1066 3199 1102 :
3244 1041 3297 1104 et
3348 1066 3446 1118 per

1855 1149 2087 1212 quatuor
2115 1139 2452 1206 vociductus,
2478 1139 2529 1195 id
2553 1149 2637 1195 est
2660 1149 2895 1212 quatuor
2921 1141 3286 1213 Etangelistas
3304 1183 3318 1207 ,
3353 1158 3450 1213 per

1859 1249 2100 1290 eremum
2140 1233 2544 1289 fundamentum
2596 1234 2939 1292 stabilitatem
2975 1225 3097 1290 fidei
3131 1246 3184 1292 et
3225 1251 3448 1306 opermn

1860 1327 1914 1382 in
1950 1335 2068 1382 toto
2099 1326 2229 1381 orbe
2272 1342 2402 1381 voce
2443 1325 2606 1380 nimia
2636 1326 2940 1396 clamores,
2977 1343 3113 1398 quos
3141 1328 3193 1383 in
3227 1329 3450 1385 modum

1862 1420 2006 1474 tuba:
2045 1419 2478 1490 congregationis
2511 1418 2721 1474 fortiter
2744 1420 2958 1475 emittit.

1931 1518 2022 1575 IV.
2066 1517 2270 1573 Fistula
2295 1526 2556 1590 prmterea
2589 1520 2720 1576 artis
2749 1536 2868 1577 esse
2897 1520 3171 1591 mysticae,
3203 1507 3340 1578 sicut
3373 1522 3458 1578 fu-

1863 1624 2016 1686 sores
2040 1625 2226 1664 earum
2248 1624 2435 1665 rerum
2454 1607 2724 1666 affirmant
2754 1630 2766 1664 :
2801 1611 3068 1681 reperitur
3092 1613 3187 1668 ita.
3221 1613 3456 1668 Bombu-

1864 1700 1974 1756 lum
2007 1705 2206 1755 aereum
2239 1699 2441 1756 ductile
2469 1700 2788 1770 quadratum
2822 1701 3276 1774 latissimumque,
3305 1706 3459 1775 quasi

1868 1797 1922 1848 in
1957 1791 2172 1849 modum
2206 1809 2422 1850 corona:
2440 1811 2562 1851 eum
2588 1796 2810 1851 fisoculo
2838 1813 2984 1852 aereo
3008 1797 3292 1870 ferreoque
3316 1815 3464 1854 cont-

1793 1881 1841 1940 B
1869 1885 2069 1951 mixto,
2102 1896 2263 1957 atque
2301 1887 2354 1942 in
2393 1887 2574 1943 medio
2596 1903 2886 1957 concusso,
2919 1889 3065 1959 quod
3094 1889 3147 1945 in
3180 1891 3325 1960 ligno
3354 1891 3464 1947 alto

1865 1977 2215 2048 spatiosoque
2266 1979 2556 2034 formatum
2601 1979 2883 2050 superiore
2924 1981 3101 2051 capite
3140 1975 3466 2052 con‘stringi-

1868 2077 1955 2123 tur
1984 2088 1998 2125 :
2033 2069 2260 2126 alterum
2292 2070 2466 2127 altero
2495 2072 2673 2144 capite
2694 2073 2933 2128 demisso
2968 2091 2982 2127 :
3016 2073 3111 2128 sed
3139 2063 3339 2130 terram
3364 2090 3470 2131 non

1870 2161 2017 2234 tangi
2049 2177 2079 2217 a
2112 2163 2384 2233 plerisque
2416 2173 2654 2234 putatur,
2687 2174 2742 2220 et
2776 2180 2872 2235 per
2897 2165 3112 2237 singula
3149 2166 3317 2222 latera
3336 2155 3470 2223 duo-

1869 2253 2045 2310 decim
2100 2254 2355 2310 bambula
2413 2270 2572 2324 terea,
2625 2255 2915 2311 duodecim
2962 2257 3155 2312 ﬁstulis
3198 2259 3251 2313 in
3285 2247 3468 2313 medio

1873 2348 2098 2422 positis,
2152 2349 2204 2403 in
2253 2357 2443 2404 catena
2475 2349 2593 2404 fixis
2623 2343 2950 2420 dependent.
2985 2349 3060 2406 Ita
3091 2351 3192 2405 tria
3213 2343 3470 2405 bombula

1875 2442 1928 2496 in
1974 2457 2083 2497 uno
2124 2441 2294 2496 latere
2330 2457 2427 2511 per
2466 2441 2810 2498 circumitum
2859 2437 3042 2514 utique
3086 2432 3360 2514 figuntur,
3420 2453 3475 2498 et

1876 2534 2144 2588 concitato
2200 2533 2372 2602 prium
2425 2533 2704 2601 bombulo,
2763 2542 2817 2588 et
2861 2534 3142 2589 concitatis
3186 2533 3474 2590 duodecim

1879 2623 2256 2680 bombulorum
2309 2623 2499 2680 fistulis
2545 2621 2600 2680 in
2655 2623 2833 2682 medio
2882 2621 3077 2697 positis
3111 2671 3124 2695 ,
3177 2615 3472 2682 clamorem

1880 2731 2132 2787 magnum
2185 2713 2558 2787 fragoremque
2605 2718 2831 2772 nimium
2865 2734 3027 2790 supra
3054 2718 3276 2775 modum
3307 2718 3472 2776 simul

1883 2813 2187 2885 proferunt.

1958 2904 2022 2960 V.
2064 2905 2384 2961 Bombulum
2431 2905 2610 2977 itaque
2645 2922 2768 2962 cum
2803 2907 3019 2976 fistulis,
3052 2909 3105 2964 id
3146 2918 3250 2976 est,
3284 2893 3479 2966 doctor

1885 2996 1939 3053 in
1973 2997 2151 3053 medio
2176 2998 2434 3054 Ecclesiae
2465 3007 2570 3066 est,
2617 3016 2740 3055 cum
2773 3001 2976 3071 Spiritu
3028 3013 3241 3067 sancto.
3273 2991 3363 3074 qui
3399 3005 3482 3058 lo-

1887 3089 2070 3159 quitur
2122 3090 2176 3144 in
2225 3087 2291 3146 eo
2339 3107 2353 3144 :
2403 3090 2793 3162 constringitur
2825 3094 2877 3148 in
2923 3094 3068 3164 ligno
3099 3081 3234 3160 alto,
3283 3095 3332 3149 id
3377 3077 3481 3162 est,

1887 3182 2125 3249 Christo,
2155 3184 2247 3254 qui
2274 3199 2303 3237 a
2332 3183 2669 3253 sapientibus
2699 3185 2844 3256 ligno
2868 3184 2992 3241 vitae
3014 3173 3363 3253 comparatur
3392 3204 3405 3241 :
3433 3165 3485 3241 in

202 3288 246 3332 et
273 3267 502 3348 amplius
531 3275 804 3340 audiatur,
837 3273 976 3328 sicut
1001 3263 1144 3344 apud
1179 3271 1438 3328 Hebraeos
1467 3271 1536 3326 de
1567 3271 1784 3342 organis
1813 3261 1863 3327 C
1894 3285 2105 3341 catena,
2140 3275 2192 3329 id
2220 3283 2324 3340 est,
2351 3273 2406 3330 in
2438 3274 2542 3330 fide
2569 3293 2582 3329 :
2614 3282 2670 3330 et
2701 3291 2807 3331 non
2836 3277 3007 3347 tangit
3039 3287 3264 3344 terram,
3300 3276 3352 3332 id
3379 3287 3485 3343 est,

201 3385 306 3438 quae
332 3372 396 3424 ab
419 3367 764 3432 Jerusalem,
794 3381 968 3436 usque
991 3366 1056 3420 ad
1081 3375 1320 3420 montem
1349 3363 1570 3432 Olivcti,
1594 3371 1650 3418 ct
1673 3380 1790 3419 am-

204 3462 328 3532 plius
351 3462 535 3517 sonitu
560 3459 878 3526 audiuntur,
911 3458 1324 3529 comprobatur.
1625 3450 1634 3458 ’

263 3558 324 3615 ll.
377 3559 501 3614 Duo
542 3561 741 3628 genera
770 3556 959 3627 organi
990 3567 1019 3609 a
1063 3554 1332 3625 plerisque
1361 3569 1482 3608 esse
1508 3552 1788 3608 dicuntur.

206 3651 426 3706 l‘rimum
454 3653 570 3718 'est,
595 3643 740 3720 quod
767 3649 1141 3718 praediximus,
1175 3653 1229 3702 et
1252 3643 1396 3700 aliud
1425 3645 1577 3714 quod
1608 3644 1676 3700 de
1706 3657 1798 3713 pe-

204 3744 563 3814 regrinatione
615 3739 890 3796 lsraelitici
940 3739 1123 3811 pepuli
1171 3737 1312 3810 apud
1361 3731 1684 3809 Babylonios
1717 3737 1800 3790 iu-

207 3835 476 3892 scribitur:
500 3834 675 3904 Super
689 3834 908 3906 ﬂumina
923 3831 1206 3904 Babylonis
1225 3829 1456 3905 (Psalm.
1473 3845 1692 3895 cxxxvr,
1721 3829 1799 3900 I),

206 3935 252 3984 et
278 3937 499 3984 cuneta.
536 3925 650 3980 IIoc
680 3933 850 3980 totum
902 3924 1200 3996 ﬁguraliter
1227 3937 1289 3978 ac
1329 3921 1688 3994 spiritualiter
1716 3921 1795 3976 si-

207 4019 413 4090 gnificat
455 4017 817 4089 Evangelium
861 4014 1088 4085 ChriSti,
1141 4015 1284 4085 quod
1332 4023 1388 4069 et
1427 4013 1556 4067 illud
1585 4013 1804 4068 duabus

209 4113 454 4182 pellibus,
510 4109 566 4166 id
593 4121 696 4177 est,
730 4111 960 4165 duarum
993 4108 1167 4178 legum
1199 4107 1491 4179 asperitate
1522 4105 1807 4176 conjungi-

209 4215 286 4260 tur
312 4223 405 4278 per
430 4205 748 4277 quindecim
781 4200 1084 4257 sufflatoria
1126 4197 1427 4264 fabrorum,
1485 4197 1537 4253 id
1579 4209 1682 4262 est,
1715 4214 1810 4268 per

208 4300 546 4368 patriarchas
595 4311 660 4352 ac
713 4295 1005 4366 prophetas
1057 4311 1068 4344 :
1130 4306 1230 4362 per
1267 4290 1557 4345 duodecim
1605 4289 1812 4344 cicutas

209 4407 399 4456 mrcas,
435 4388 490 4443 id
521 4397 627 4454 est,
662 4403 758 4458 per
783 4387 1059 4457 apostolos
1089 4397 1278 4438 sonum
1324 4383 1551 4437 nimium
1577 4380 1808 4449 emittit,

211 4482 345 4539 sicut
377 4483 648 4552 scriptum
681 4489 763 4536 est
798 4497 811 4534 :
867 4473 935 4532 In
978 4494 1176 4532 onmem
1225 4486 1414 4531 terram
1462 4478 1613 4532 exivit
1654 4494 1812 4531 sonus

212 4589 383 4628 eorum
413 4567 648 4646 (Psufm.
682 4585 830 4634 xvttl,
861 4569 914 4639 5)
947 4611 960 4634 ,
998 4577 1051 4623 et
1076 4568 1304 4639 reliqua.
1329 4566 1483 4636 Quod
1508 4579 1590 4624 est
1613 4569 1664 4622 in
1696 4582 1813 4622 mo-

1895 3385 2057 3439 Opera
2090 3370 2329 3422 carnalia
2373 3386 2383 3420 :
2425 3368 2712 3424 duodecim
2755 3369 3033 3439 bombulo,
3070 3371 3118 3424 id
3151 3373 3252 3435 est‘,
3285 3370 3486 3426 duode-r

1889 3464 2000 3518 cim
2031 3460 2259 3532 apostoli
2285 3480 2298 3517 :
2328 3477 2452 3516 cum
2500 3460 2718 3529 fistulis,
2769 3461 2820 3517 id
2874 3473 2980 3529 est,
3009 3463 3207 3518 divinis
3235 3463 3488 3531 eloquiis.

1896 3555 2114 3611 Cithara
2170 3555 2238 3609 de
2281 3569 2387 3624 qua
2431 3555 2485 3609 in
2535 3555 2948 3625 quadragesimo
2995 3555 3240 3612 secundo
3285 3557 3492 3624 psalmo

1898 3648 2162 3718 scriptum
2184 3658 2268 3703 est
2301 3666 2314 3703 :
2347 3647 2640 3716 Conﬁtebor
2684 3648 2774 3703 tibi
2803 3649 2858 3703 in
2905 3650 3126 3711 cit/mra.
3163 3648 3320 3716 Deus,
3357 3648 3497 3702 Deus

1902 3757 2041 3794 meus
2065 3738 2240 3812 (Psal.
2271 3745 2400 3803 XLII,
2425 3737 2504 3810 4),
2532 3742 2767 3810 propria:
2800 3742 3211 3797 consuetudinis
3243 3739 3327 3797 est.
3355 3739 3498 3811 apud

1905 3833 2192 3898 Hebraeos,
2224 3849 2343 3902 quae
2366 3848 2488 3887 cum
2517 3817 2738 3888 chordis
2779 3833 2967 3904 viginti
3010 3844 3260 3902 quatuor,
3299 3846 3418 3901 qua:
3443 3832 3494 3884 in

1905 3926 2123 3982 modum
2157 3925 2326 3980 Delta:
2352 3925 2568 3988 litterae,
2598 3925 2739 3978 sicut
2768 3922 3080 3992 peritissimi
3123 3921 3362 3984 tradunt.
3396 3922 3502 3976 uti-

1907 4035 2011 4089 que
2038 4018 2378 4087 componitur
2419 4031 2432 4070 :
2466 4024 2522 4072 et
2552 4031 2648 4086 per
2677 4015 2876 4085 digitos
2904 4013 3122 4070 Pindari
3163 4013 3329 4069 variis
3355 4013 3503 4068 voci-

1909 4114 2006 4168 bus
2032 4111 2251 4166 tinnulis
2277 4110 2578 4178 ictibuSque
2605 4109 2656 4164 in
2683 4107 2915 4164 diversis
2945 4106 3120 4163 modis
3170 4105 3502 4162 concitatur.

1985 4204 2066 4259 γι.
2111 4202 2321 4258 Cithara
2368 4209 2550 4256 autem
2574 4200 2640 4256 de
2681 4216 2786 4270 qua
2815 4214 2998 4256 sermo
3019 4205 3123 4266 est,
3156 4198 3394 4253 Ecclesia
3424 4205 3512 4252 est

1912 4297 2264 4366 spiritualiter
2308 4313 2319 4348 :
2353 4311 2474 4365 qua:
2515 4309 2635 4349 cum
2659 4305 2894 4366 quatuor
2919 4302 2975 4348 et
3008 4294 3195 4363 viginti
3228 4292 3505 4346 seniorum

1915 4389 2256 4460 dogmatibus
2293 4389 2490 4442 trinam
2542 4387 2768 4442 formam
2826 4388 3054 4449 habens,
3087 4383 3242 4455 quisi
3287 4383 3341 4438 in
3393 4398 3512 4438 mo-

1918 4482 2046 4537 dum
2078 4480 2246 4534 Delta:
2274 4479 2488 4544 litterte,
2524 4495 2618 4547 per
2663 4478 2820 4534 fidem
2860 4484 3065 4532 sanetae
3094 4475 3377 4531 Trinitatis
3408 4490 3517 4528 nta-

1923 4573 2270 4629 nifestissinte
2298 4574 2417 4626 sine
2444 4570 2609 4626 dubio
2640 4570 2910 4649 significat
2935 4587 2946 4622 :
2971 4580 3024 4624 et
3057 4583 3151 4639 pcr
3179 4581 3370 4622 manus
3394 4559 3518 4630 viri,

211 4665 335 4721 dum
368 4666 622 4732 tonitrui,
652 4661 706 4718 id
732 4670 832 4727 est,
872 4677 974 4716 vox
1004 4661 1277 4728 Evangelii
1307 4661 1359 4714 in
1393 4665 1508 4714 toto
1538 4661 1670 4715 orbe
1699 4668 1809 4713 ter—
1847 4655 1896 4717 D
1929 4667 2072 4723 Petri
2109 4653 2370 4736 apostoli,
2403 4664 2494 4734 qui
2527 4664 2852 4735 praedicator
2887 4664 3030 4719 illius
3059 4672 3144 4719 est
3187 4663 3238 4718 in
3272 4661 3519 4717 diversos

213 4773 422 4825 rarum,
454 4759 599 4814 sicut
648 4757 910 4829 scriptum
953 4765 1071 4810 est:
1113 4747 1230 4809 Vox
1259 4754 1471 4807 lonitrui
1502 4753 1598 4820 tui,
1651 4751 1810 4824 Deus,

215 4857 408 4914 iurata
447 4851 675 4928 (Psatm.
701 4867 884 4918 vavt,
917 4851 1028 4920 i9).
1063 4853 1166 4908 Per
1197 4851 1342 4906 mille
1377 4866 1590 4920 passus,
1623 4852 1675 4907 id
1707 4859 1814 4920 est,

216 4953 519 5023 perfectum
553 4964 840 5005 numerum
873 4948 1063 5003 decem
1116 4946 1402 5002 verborum
1444 4945 1581 5015 legis
1626 4946 1822 5016 imple-

217 5058 303 5103 tor
330 5063 344 5099 :
392 5051 552 5100 setius
592 5039 700 5117 [AL
729 5041 926 5112 sensus}
956 5045 1067 5114 ejus
1098 5039 1150 5094 in
1195 5041 1468 5105 salicibus,
1501 5039 1553 5094 id
1580 5049 1687 5117 est,
1727 5054 1824 5110 per

215 5131 466 5196 laborctti
521 5113 948 5207 uniuscujusque
975 5113 1231 5190 doctoris
1264 5132 1533 5188 labiorum
1573 5113 1820 5204 Evange-

219 5234 353 5294 llum
389 5225 741 5305 prmdicatui'.

289 5325 383 5384 Ill.
430 5315 583 5384 'I'uba
614 5327 818 5396 itaque,
849 5323 916 5379 de
947 5338 1050 5394 qua
1084 5324 1137 5379 in
1169 5322 1388 5377 Daniele
1416 5319 1682 5389 scriptum
1711 5327 1791 5374 est
1817 5337 1867 5375 ι.

223 5420 357 5476 Cum
421 5419 694 5475 audieritis
742 5432 916 5471 rorem
963 5413 1119 5483 tubie,
1167 5412 1378 5485 ﬁstulae,
1423 5414 1636 5466 cithara:
1669 5407 1835 5482 (Drin.

224 5530 304 5584 Ill,
371 5513 488 5580 IS),
520 5521 572 5568 et
604 5511 835 5582 reliqua,
866 5507 1098 5564 diversis
1131 5508 1315 5578 figuris
1339 5524 1400 5562 ac
1447 5505 1639 5560 formis
1670 5504 1841 5560 effici-

229 5617 338 5664 tur.
375 5607 556 5662 Aliter
577 5604 721 5661 enim
751 5609 835 5660 est
881 5604 1011 5658 tuba
1038 5600 1480 5672 congregationis
1505 5597 1711 5670 pepuli,
1744 5595 1845 5652 aii-

231 5709 315 5755 tcr
340 5698 754 5762 conductionis,
803 5695 960 5750 aliter
990 5692 1259 5757 victoriae,
1289 5693 1446 5747 aliter
1489 5688 1846 5761 persequendi

233 5795 504 5850 inimicos
528 5839 543 5863 ,
576 5791 738 5847 aliter
760 5788 1141 5846 concussionis
1173 5786 1454 5842 civitatum
1491 5804 1502 5837 :
1535 5795 1589 5840 et
1619 5784 1846 5853 reliqua.

236 5886 400 5945 Tuba
437 5896 610 5945 autem
640 5880 1048 5942 consuetudinis
1089 5877 1232 5949 apud
1278 5891 1459 5937 rerum
1492 5876 1854 5949 peritissimos

1928 4760 2178 4815 modulos
2207 4761 2403 4814 veteris
2434 4767 2488 4812 et
2517 4756 2641 4813 novi
2663 4755 3024 4825 Testamenti,
3049 4756 3207 4810 aliter
3236 4755 3288 4809 in
3316 4754 3520 4819 littera,

1929 4857 2083 4910 aliter
2105 4855 2156 4909 in
2183 4869 2344 4909 sensa
2375 4854 2671 4923 figuraliter
2696 4851 3024 4906 concutitur.

2008 4950 2114 5005 \‘ll.
2156 4949 2423 5005 Sambuca
2473 4949 2654 5017 itaque
2685 4961 2806 5017 qua:
2840 4943 2984 5016 apud
3031 4928 3387 5014 peritissimos
3414 4937 3525 4994 Ile-

1935 5043 2205 5097 braeorum
2252 5042 2429 5111 ignota
2470 5055 2559 5095 res
2601 5050 2708 5104 est,
2735 5038 2976 5108 antiquis
3018 5033 3355 5103 temporibus
3384 5031 3529 5100 apud

1937 5135 2220 5191 CILIIILI‘DS
2252 5133 2415 5188 fuisse
2444 5131 2711 5203 reperitur
2746 5149 2757 5184 :
2787 5131 2928 5185 sicut
2955 5126 3218 5197 scriptum
3244 5133 3329 5180 est
3356 5143 3367 5178 :
3397 5123 3530 5180 Cum

1941 5229 2212 5283 audieritis
2265 5242 2435 5280 vocem
2489 5225 2666 5291 tuba),
2725 5220 2936 5292 ﬁstulaz,
2990 5218 3226 5281 citharae,
3285 5217 3539 5272 sumbuca:

1944 5320 2111 5388 (Dan.
2143 5335 2224 5383 ιιι,
2250 5319 2338 5388 l5)
2387 5337 2397 5372 :
2446 5327 2502 5372 et
2533 5317 2762 5380 reliqua.
2795 5314 2970 5369 Bucca
2994 5323 3218 5368 vocatur
3240 5311 3366 5366 tuba
3396 5308 3539 5377 apud

1947 5414 2243 5469 Hebraeos:
2276 5409 2472 5467 deinde
2492 5426 2589 5481 per
2616 5407 3033 5464 diminutionem
3066 5406 3289 5461 buccina
3321 5401 3538 5456 dicitur.

1949 5506 2213 5560 Sambuca
2253 5514 2433 5559 autem
2480 5503 2558 5557 sol
2609 5500 2750 5569 apud
2808 5499 3068 5556 Hehrmns
3118 5500 3542 5562 interpretatur,

1950 5600 2090 5655 sicut
2138 5596 2398 5668 scriptum
2445 5604 2528 5650 est
2575 5611 2588 5647 :
2645 5594 2865 5649 Samson
2915 5592 2993 5645 sol
3020 5604 3216 5645 eorum.
3251 5587 3543 5653 Propterea

1952 5699 2132 5745 autem
2191 5688 2328 5758 apud
2385 5703 2480 5741 eos
2530 5687 2784 5740 sambuca
2831 5683 3166 5742 inscribitur,
3226 5677 3348 5748 quia
3390 5675 3548 5730 multi

1954 5781 2210 5836 corticem
2265 5778 2474 5833 arboris
2519 5791 2640 5832 esse
2687 5785 2902 5846 putant,
2957 5781 3012 5827 et
3059 5786 3155 5841 per
3213 5768 3551 5853 soliditatem

1961 5870 2157 5934 mellis,
2211 5888 2272 5926 ac
2323 5870 2468 5927 venti
2529 5865 2965 5934 tmttabihtetcm,
3021 5861 3176 5935 quasi
3227 5863 3283 5923 in
3335 5860 3559 5919 modum
