3926 6290
466 278 576 340 215

1503 277 1564 334 S.
1605 276 1989 336 HIERONYMI
2027 275 2313 335 OPERUM
2355 275 2715 336 MANTISSA.

3639 280 3730 340 216

466 397 619 454 tuba:
646 394 717 453 de
744 408 898 452 ramo
927 394 1138 451 arboris
1165 393 1374 450 moveri
1399 399 1581 465 potest
1608 409 1621 445 :
1654 391 1778 448 ideo
1805 391 2062 448 sambuca
2091 397 2144 456 Α
2170 390 2354 446 territae
2403 399 2614 446 mentes
2658 389 2990 459 obstupuere
3041 395 3305 446 tortorum
3339 409 3352 445 :
3397 390 3567 448 omnis
3592 392 3732 448 simul

471 488 694 558 dicitur,
725 490 851 561 quia
894 489 1096 542 aestatis
1129 495 1378 556 tempore
1416 485 1536 542 fieri
1584 493 1783 554 potest,
1814 491 1870 539 et
1897 498 2067 553 usque

471 582 544 636 ad
585 581 806 652 frigoris
849 589 1063 648 tempus
1090 577 1288 634 durare
1318 586 1518 646 potest.
1552 575 1766 631 Arescit
1797 574 1945 629 enim
1975 589 2063 629 se-

471 674 711 731 cundum
755 686 1095 728 communem
1137 669 1614 726 consuetudinem.
1664 668 1847 739 Typus
1875 681 2065 722 eorum

473 776 578 833 est,
628 767 720 837 qui
768 765 1050 820 Dominum
1082 765 1135 818 in
1166 764 1322 819 bonis
1351 761 1606 832 Operibus
1633 759 1894 826 laudant,
1927 767 1982 813 et
2013 760 2066 814 in

469 870 714 930 tempore
743 858 978 929 frigoris,
1012 859 1065 912 id
1099 867 1203 924 est,
1239 857 1648 912 tribulationum
1690 854 1774 909 vel
1805 868 2062 924 persecu-

474 951 663 1019 tionis,
697 951 919 1006 laudare
946 965 1070 1006 eum
1107 964 1214 1004 non
1245 959 1497 1020 possunt,
1528 955 1750 1018 propter
1781 946 2069 1001 infidelita-

473 1053 578 1100 tem
604 1045 730 1098 vitte
757 1052 812 1099 et
841 1043 1233 1098 abundantiam
1264 1041 1572 1097 divitiarum
1599 1055 1844 1101 suarum.

543 1135 672 1190 VIII.
715 1135 1043 1190 Psalterium
1069 1150 1284 1206 quoque
1311 1133 1580 1189 Ilebraice
1610 1130 1842 1196 Nablon,
1876 1130 2065 1186 Grtncc

470 1239 651 1284 autem
689 1228 1029 1299 psalterium,
1078 1227 1268 1283 Latine
1311 1238 1491 1283 autem
1538 1225 1900 1282 laudatorium
1933 1225 2066 1280 diei-

470 1333 578 1378 tur.
614 1324 689 1378 De
719 1338 828 1393 quo
874 1323 929 1377 in
962 1323 1415 1393 quinquagesimo
1456 1330 1652 1393 quarto
1680 1321 1890 1392 psalmo
1930 1320 2065 1375 diei-

467 1416 858 1490 turzExsurge,
879 1417 1199 1489 psalterium,
1232 1435 1347 1472 cum
1367 1419 1588 1472 cit/rara.
1619 1418 1714 1473 Est
1742 1425 1920 1472 autem
1944 1431 2064 1472 cum

469 1513 690 1569 chordis
719 1513 938 1580 decem,
972 1514 1111 1568 sicut
1140 1513 1404 1582 scriptum
1435 1521 1518 1568 est
1545 1529 1556 1565 :
1592 1510 1661 1564 In
1705 1511 1951 1580 psalterio
1979 1511 2068 1565 de-

469 1624 580 1662 cem
635 1606 950 1660 chordarum
993 1607 1215 1677 psallam
1270 1607 1364 1660 tibi
1423 1604 1647 1677 (Psalm.
1699 1620 1886 1669 exuri,
1938 1604 2062 1674 9)‘:

466 1701 644 1755 forma
675 1697 956 1769 quadrata.
989 1697 1313 1753 Psalterium
1344 1698 1524 1766 itaque
1548 1712 1670 1751 cum
1691 1695 1878 1751 decem
1907 1695 2067 1750 clior-

470 1790 579 1856 dis,
613 1789 669 1844 id
697 1799 800 1857 est,
831 1804 952 1845 cum
985 1788 1174 1844 decem
1205 1789 1388 1845 verbis
1421 1789 1554 1858 legis
1595 1787 1842 1842 contritis
1883 1795 2071 1841 contra
2104 1789 2149 1848 Β

467 1896 710 1946 omnem,
737 1881 1014 1948 haeresim,
1045 1880 1308 1952 quadrata
1351 1895 1450 1951 per
1492 1888 1726 1950 quatuor
1774 1879 2070 1950 Evangelia

466 1983 643 2043 poteSt
672 1974 917 2045 intelligi.

545 2067 633 2122 IX.
695 2067 1040 2136 Tympanum
1100 2067 1284 2137 paucis
1334 2065 1514 2120 verbis
1565 2064 1829 2135 explicari
1891 2072 2072 2134 potest

473 2176 591 2228 quae
623 2160 843 2214 minima
875 2176 962 2214 res
989 2167 1092 2221 est,
1125 2174 1189 2212 eo
1217 2158 1358 2227 quod
1392 2159 1445 2212 in
1478 2171 1642 2211 manu
1672 2155 1917 2211 mulieris
1941 2170 2070 2225 por—

470 2253 575 2307 tari
608 2252 783 2322 possit
831 2269 843 2304 :
896 2255 1037 2307 sicut
1065 2252 1326 2324 scriptum
1361 2261 1445 2305 est
1477 2253 1528 2305 in
1565 2249 1754 2305 Exodo
1792 2268 1803 2301 :
1840 2249 2072 2317 Sumpsit

466 2354 638 2400 autem
695 2344 872 2398 Maria
924 2345 1195 2415 prapltetes
1244 2359 1390 2398 soror
1444 2347 1618 2396 Aaron
1668 2353 1967 2412 tympanum
2022 2343 2072 2395 in

467 2457 626 2494 manu
658 2457 754 2494 sua
785 2440 983 2511 (Exod.
1024 2455 1115 2506 xv,
1145 2440 1238 2507 20)
1279 2456 1293 2493 :
1324 2446 1381 2494 et
1419 2449 1506 2494 est
1553 2439 1774 2492 minima
1806 2435 2075 2506 sapientia

467 2531 630 2601 Legis
656 2531 858 2586 veteris
888 2531 942 2584 in
983 2545 1144 2584 manu
1175 2530 1508 2586 Judaeorum.
1541 2529 1844 2601 Synagogte
1871 2537 1897 2564 ει
1935 2530 2075 2582 anti-

465 2625 591 2696 quis
647 2623 980 2692 temporibus
1027 2623 1128 2677 fuit
1157 2622 1358 2677 chorus
1393 2637 1608 2692 quoque
1657 2621 1885 2691 simplex
1911 2620 2074 2690 pellis

467 2729 594 2771 cum
643 2714 856 2770 duabus
896 2715 1088 2770 cicutis
1115 2715 1311 2770 sireis:
1347 2722 1402 2769 et
1441 2729 1540 2783 per
1587 2713 1812 2784 primam
1841 2713 2078 2783 inspira-

469 2815 580 2876 tur,
630 2822 726 2876 per
784 2806 1077 2862 secundam
1129 2821 1323 2862 vocem
1367 2806 1592 2862 emittit.
1644 2805 1830 2877 Typus
1886 2805 2072 2875 populi

469 2899 708 2972 prioris,
761 2901 854 2972 qui
894 2910 1174 2972 angustam
1226 2901 1635 2973 intelligentiam
1676 2902 1809 2970 legis
1840 2915 2072 2970 accepe-

468 3001 557 3047 rat
587 3011 598 3044 ε
631 3001 687 3048 et
713 3007 811 3062 per
835 3003 1120 3064 angustam
1147 2993 1482 3048 voluntatem
1525 2982 1931 3063 przedicatiouis
1957 3008 2073 3048 om-

470 3085 562 3140 nia
597 3083 884 3138 intirmiter
912 3085 1248 3154 praedicavit.
1284 3084 1342 3140 Si
1386 3092 1563 3138 autem
1609 3094 1818 3139 terrena
1858 3085 2072 3154 sapien-

2168 483 2382 538 offieina
2409 482 2574 552 impia
2601 484 2968 548 contremuit,
2996 500 3120 539 cum
3145 482 3417 540 Christum
3449 495 3656 557 repente
3683 487 3729 544 in

2169 577 2287 633 suis
2323 577 2540 634 sedibus
2589 577 2742 633 vidit.
2776 578 2903 634 Mox
2939 577 3102 648 igitur
3147 577 3438 649 ferruginei
3471 580 3727 650 janitores,

2169 668 2533 726 descendente
2554 671 2794 737 Christo,
2822 671 2948 727 talia
2973 671 3116 727 inter
3135 686 3194 726 se
3221 673 3351 728 caeci
3385 687 3478 742 per
3501 675 3731 732 umbrosa

2167 761 2384 818 silentia
2431 778 2554 818 eum
2592 761 2785 818 umbra
2825 763 3268 818 submurmurant
3313 784 3324 816 :
3378 763 3619 833 Quisnam
3662 779 3733 823 est

2166 852 2272 908 iste
2301 854 2578 920 terribilis,
2625 861 2683 908 et
2725 858 2862 909 miro
2908 855 3198 924 Splendore
3259 858 3555 912 coruscus?
3587 858 3733 914 Nutu-

2166 963 2328 1019 quam
2368 948 2530 1004 talem
2573 959 2756 1004 noster
2801 951 3016 1017 excepit
3066 958 3323 1004 tartarus.
3377 949 3659 1020 Numquam
3687 953 3730 1006 in

2168 1051 2355 1097 11051Γᾶ
2407 1057 2640 1099 caverna
2667 1043 2827 1098 talem
2857 1043 3094 1098 CVOIIllIil
3134 1041 3370 1098 mundus
3400 1061 3411 1095 ξ
3439 1043 3640 1098 ἱιινίιεοι*
3663 1054 3734 1099 est

2167 1133 2290 1201 iste,
2333 1149 2437 1188 non
2492 1134 2708 1190 debitor
2749 1153 2762 1188 :
2798 1143 2851 1191 et
2899 1137 3102 1190 fraetor
3130 1133 3239 1207 [Αι.
3284 1134 3478 1207 factor]
3507 1145 3604 1202 est,
3641 1153 3731 1193 non

2168 1237 2418 1300 precator
2454 1247 2464 1279 :
2517 1227 2758 1297 judicem
2811 1227 3078 1293 videmus,
3123 1243 3232 1283 non
3279 1227 3572 1298 supplicem
3608 1246 3621 1281 :
3651 1244 3735 1299 pu-

2168 1335 2339 1390 gnare
2358 1319 2530 1386 venit,
2563 1334 2670 1374 non
2695 1319 3051 1375 succumbere
3081 1337 3090 1370 :
3121 1319 3358 1389 eripere,
3383 1333 3489 1374 non
3515 1334 3730 1376 manere.

2170 1412 2424 1482 Ubinam,
2449 1413 2670 1482 putatis,
2695 1412 2828 1468 socii
2857 1413 3026 1468 nostri
3057 1427 3122 1466 ac
3143 1412 3414 1482 janitores
3430 1413 3736 1469 dormiebant

2171 1522 2293 1562 cum
2315 1507 2402 1562 ille
2417 1506 2718 1562 debellator
2729 1506 2960 1561 claustra
2980 1505 3241 1562 vexabat?
3265 1505 3373 1562 Iste
3387 1506 3433 1560 si
3455 1521 3572 1562 reus
3591 1517 3734 1573 esset,

2174 1599 2348 1656 audax
2401 1615 2507 1654 non
2539 1607 2705 1656 esset.
2751 1599 2807 1655 Si
2843 1614 2967 1653 eum
3007 1599 3187 1669 aliqua
3237 1598 3432 1655 delicta
3474 1599 3736 1666 fuscarent,

2172 1707 2464 1763 numquam
2490 1690 2702 1763 fulgore
2730 1706 2830 1747 suo
2862 1700 3078 1747 nostras
3101 1691 3356 1747 tenebras
3385 1691 3676 1763 dissiparet.

2249 1785 2334 1840 lll.
2371 1783 2476 1841 Sed
2507 1783 2553 1839 si
2587 1784 2730 1840 Deus
2758 1791 2844 1839 est
2867 1825 2881 1849 ,
2913 1783 3099 1854 utquid
3131 1783 3240 1838 huc
3269 1784 3418 1840 venit
3448 1786 3470 1838 ?
3519 1785 3572 1841 Si
3601 1785 3739 1840 homo

2175 1888 2278 1943 est,
2310 1878 2438 1949 quid
2469 1877 2856 1948 praesumpsit?
2887 1878 2944 1933 Si
2974 1877 3142 1945 Deus,
3168 1877 3304 1948 quid
3331 1878 3385 1932 in
3414 1879 3648 1947 sepulcro
3675 1880 3740 1933 fa-

2175 1973 2286 2028 cit?
2323 1970 2378 2028 Si
2411 1971 2608 2040 homo,
2637 1976 2818 2044 ‘quare
2855 1974 3099 2043 captivos
3137 1973 3341 2028 solvit?
3383 1973 3739 2044 Numquidnam

2175 2082 2294 2121 eum
2338 2077 2560 2121 auctore
2590 2075 2777 2121 nostro
2821 2067 2998 2122 fmdus
3040 2067 3387 2138 composuit?
3432 2069 3511 2121 An
3552 2067 3674 2122 forte
3694 2079 3744 2122 et

2179 2161 2352 2231 ipsum
2393 2175 2680 2230 aggressus
2719 2161 2875 2227 vicit,
2905 2169 2958 2215 et
2982 2161 3059 2214 sic
3087 2162 3152 2214 ad
3184 2169 3368 2215 nostra
3405 2176 3562 2231 regna
3593 2173 3740 2216 trans-

2178 2251 2317 2306 ivit?
2356 2254 2516 2307 Certe
2547 2263 2819 2320 mortuus,
2863 2262 3012 2308 certe
3045 2253 3225 2308 victus
3265 2263 3402 2308 erat.
3450 2252 3632 2310 lllusus
3671 2263 3740 2306 est

2179 2344 2456 2412 praaliator
2484 2351 2667 2399 noster
2689 2344 2744 2398 in
2767 2343 2994 2410 mundo,
3019 2345 3255 2399 nescivit
3280 2345 3406 2416 quia
3429 2345 3514 2400 hic
3534 2354 3740 2415 stragem

2177 2444 2497 2506 procuraret
2523 2436 2759 2492 inferno.
2787 2438 2830 2491 Ο
2852 2452 2986 2492 crux
3011 2438 3100 2492 illa
3131 2438 3328 2494 fallens
3355 2439 3542 2510 gaudia
3565 2447 3744 2506 nostra,

2178 2536 2233 2583 et
2255 2529 2568 2598 parturiens
2589 2529 2788 2584 damna
2815 2532 3020 2586 nostra!
3048 2530 3152 2585 Per
3172 2531 3546 2602 lignumditati
3563 2545 3742 2597 sumus,

2181 2635 2277 2691 per
2325 2621 2529 2690 lignum
2569 2623 2893 2680 avertimur.
2946 2622 3117 2678 Periit
3163 2634 3406 2693 potestas
3448 2625 3533 2681 illa
3565 2626 3746 2681 cunctis

2176 2727 2393 2783 semper
2434 2715 2651 2785 populis
2691 2715 2997 2770 formidata.
3044 2716 3240 2772 Nullus
3288 2719 3392 2774 sub
3425 2718 3549 2776 sede
3587 2728 3742 2774 nostra

2181 2806 2426 2876 captivus
2454 2806 2751 2876 palpitavit.
2787 2807 2868 2862 En
2895 2808 3037 2879 quod
3061 2810 3462 2878 gemebundum
3485 2820 3565 2868 est
3591 2811 3745 2866 exsul-

2177 2907 2276 2955 tat.
2315 2899 2432 2953 Non
2457 2899 2570 2969 jam
2603 2899 2898 2956 audiuntur
2925 2902 3130 2972 antiqui
3162 2902 3356 2970 fletus,
3398 2905 3644 2974 nullijam
3672 2919 3742 2958 te-

2179 3003 2375 3049 sonant
2395 2995 2444 3064 ej
2453 2995 2654 3062 ulatus,
2674 2996 2850 3050 omnis
2872 2997 3110 3067 mugitus
3132 2999 3464 3068 gementium
3483 2998 3739 3053 obmutuit.

2177 3088 2438 3156 Putasne,
2466 3089 2569 3144 iste
2593 3089 2712 3145 sine
2739 3099 2930 3144 nostro
2946 3089 3143 3145 redibit
3163 3090 3376 3145 exitio?
3401 3090 3564 3146 Nemo
3587 3089 3645 3145 ad
3665 3103 3747 3144 nos

473 3184 559 3230 ter
589 3190 652 3230 ac
685 3175 973 3246 diligenter
1006 3177 1321 3247 respiciam,
1350 3183 1407 3232 et
1449 3176 1807 3247 spiritualiter
1837 3193 1899 3233 ac
1928 3194 2075 3250 mys-
2103 3172 2148 3237 C
2181 3195 2436 3250 umquam
2466 3180 2622 3235 vivus
2659 3181 2915 3246 intravit,
2951 3195 3109 3236 nemo
3141 3182 3224 3237 sic
3253 3183 3429 3238 audax
3462 3181 3577 3248 fuit,
3611 3195 3746 3234 nemo

471 3268 582 3324 tice
610 3269 962 3344 intelligenda
989 3279 1137 3325 sunt.

603 3406 918 3464 MONITUSI
962 3407 1027 3463 IN
1066 3408 1484 3476 SEQUENTEM
1529 3409 1944 3467 EPISTULAM.

553 3517 742 3591 Fausti
789 3518 1099 3591 Rhegiensis
1129 3520 1268 3575 hunc
1298 3538 1407 3577 esse
1443 3531 1590 3590 putat
1618 3539 1900 3578 sermonem
1929 3526 2076 3580 Casi—

474 3587 939 3666 inirusﬂOutlinus,
969 3602 1214 3666 causatus
1243 3587 1486 3666 magnam
1525 3609 1703 3647 eorum
1733 3605 1952 3665 partem,
1987 3600 2075 3666 qui

472 3662 606 3713 inter
633 3657 853 3714 Eusebii
883 3661 1145 3716 Emisseni
1173 3657 1445 3730 haben-tur,
1481 3657 1742 3718 sermones
1782 3667 1922 3721 illius
1939 3657 2072 3723 esse.

474 3731 638 3804 ῥῖψις
667 3731 751 3782 hic
782 3733 986 3802 quidem
1013 3734 1308 3787 inscribitur
1329 3734 1470 3804 apud
1495 3733 1776 3788 Eusebium
1797 3752 1978 3792 sermo
2008 3739 2077 3794 de

472 3801 742 3855 Paschate
769 3801 798 3855 :'
820 3819 872 3854 re
904 3813 1078 3857 autem
1110 3805 1234 3880 ipsa
1267 3801 1372 3858 duo
1397 3806 1563 3880 simul
1585 3805 1641 3858 lti
1678 3817 1795 3880 sunt
1825 3813 2077 3880 compacti

473 3888 767 3942 perperam,
815 3891 1036 3942 quorum
1067 3875 1197 3928 alter
1241 3893 1271 3928 ιι
1301 3877 1484 3939 verbis,
1533 3875 2073 3935 Beneficia-Deinc-

470 3944 752 4020 stri..etc.,
788 3945 1084 4020 inchoatur,
1114 3963 1228 4020 qua:
1256 3963 1348 4000 nos
1379 3947 1622 4020 dictionis
1646 3949 1814 4020 gratia
1845 3967 1876 4002 a
1913 3955 2076 4006 conti-

473 4014 615 4086 τρωιὶ
647 4015 780 4086 serie
809 4017 1149 4086 sejunximus.
1177 4015 1426 4072 Cancrum
1454 4014 1703 4072 Erasmus
1724 4021 1818 4086 ait,
1855 4021 2073 4076 Nullam

474 4084 557 4164 llic
587 4083 820 4164 umbram
851 4083 1268 4164 :flieronymiani
1290 4091 1534 4164 pectoris
1580 4091 1745 4164 possis
1795 4083 2072 4164 deprehen-

472 4150 610 4208 dere.
635 4153 701 4208 Et
727 4156 780 4209 in
809 4155 926 4210 aliis
957 4150 1222 4211 codicibus
1248 4150 1350 4213 alio
1374 4170 1528 4228 atque
1557 4150 1663 4213 alio
1692 4161 1841 4217 titulo
1860 4150 2071 4234 'pru'no-

472 4233 632 4278 tatur.

973 4320 1311 4378 EPISTOLA
1352 4324 1550 4392 XXIV,

717 4448 812 4489 SEU
852 4449 1026 4490 SERHO
1065 4452 1131 4491 DE
1172 4453 1609 4496 RESURRECTIONE
1650 4457 1856 4500 DOIIINI.

2181 3275 2261 3330 sic
2301 3274 2587 3330 carniﬁces
2623 3275 2850 3341 terruit,
2887 3289 3180 3345 numquam
3221 3275 3277 3331 in
3316 3277 3417 3331 hac
3454 3275 3747 3330 habitatione

2179 3365 2332 3435 nigra
2359 3381 2576 3437 semper
2596 3376 2654 3420 et
2673 3366 2894 3438 fuligine
2913 3381 3055 3422 caeca
3077 3367 3382 3436 jucundum
3409 3368 3582 3422 lumen
3608 3379 3747 3436 appa-

2177 3458 2304 3513 ruit.
2355 3456 2437 3512 An
2495 3459 2633 3514 forte
2680 3458 2760 3512 sol
2808 3459 2875 3513 de
2923 3457 3127 3512 mundo
3180 3459 3468 3530 migravit?
3516 3456 3614 3514 Sed
3665 3470 3747 3510 nec

2177 3552 2376 3607 coelum
2423 3550 2580 3606 nobis
2619 3561 2878 3619 astraque
2919 3558 3115 3620 parent
3156 3567 3170 3603 :
3219 3560 3275 3606 et
3318 3560 3496 3606 tamen
3535 3547 3744 3604 infernus

2179 3644 2345 3701 lueet.
2414 3642 2550 3709 Quid
2609 3642 2919 3699 faciemus?
2973 3643 3093 3712 Quo
3148 3654 3529 3700 convertentur
3588 3649 3745 3698 contra

2180 3736 2382 3792 istum?
2415 3735 2684 3791 Cruentas
2714 3736 2907 3790 domos
2938 3744 2997 3791 et
3025 3736 3277 3792 obtinere
3309 3749 3505 3791 nostra:
3531 3748 3745 3790 caverna:

2180 3841 2458 3900 portarum
2487 3829 2769 3884 custodias
2798 3845 2904 3883 non
2934 3830 3178 3884 valemus
3213 3847 3226 3884 :
3262 3830 3405 3886 male
3437 3827 3744 3889 intravimus,

2179 3931 2383 3977 tantam
2422 3922 2603 3976 lucem
2642 3921 3009 3976 oblenebrare
3047 3921 3393 3990 nequivimus
3417 3963 3430 3987 ,
3471 3921 3746 3991 opprimere

2179 4023 2324 4068 tanta
2355 4015 2551 4068 virtute
2582 4013 2866 4082 praeditum
2899 4029 3005 4068 non
3038 4013 3317 4081 valemus,
3353 4023 3532 4092 nostra
3559 4023 3746 4082 quoque

2177 4107 2361 4176 urgeri
2395 4105 2534 4160 colla
2564 4105 2956 4176 conSpieimus,
2985 4114 3043 4160 et
3069 4106 3138 4162 de
3168 4117 3363 4161 nostro
3393 4108 3602 4174 insuper
3629 4103 3746 4156 inte-

2176 4198 2280 4253 ritu
2312 4197 2696 4253 formidamus.
2731 4197 2870 4263 Quid
2903 4198 3061 4252 nobis
3097 4213 3129 4254 e
3155 4197 3339 4254 casio?
3375 4197 3548 4268 Plagis
3578 4207 3743 4249 recen-

2177 4289 2410 4345 tioribus
2450 4290 2588 4345 ultra
2624 4289 2828 4359 justam
2873 4289 3134 4346 ultionem
3177 4289 3514 4359 ﬂagellamur
3554 4306 3565 4340 :
3608 4292 3744 4340 nocte

2176 4391 2362 4436 nostra
2390 4382 2632 4437 contenti
2659 4381 2858 4437 fuimus
2888 4399 2902 4435 :
2931 4382 3102 4437 antris
3124 4381 3324 4438 nostris
3347 4380 3740 4437 oecultabamur.

2174 4474 2354 4540 Quare
2383 4473 2552 4529 radiis
2580 4473 2714 4529 solis
2742 4472 3058 4543 prodimur?
3091 4460 3259 4543 quare
3289 4473 3538 4529 violentia
3565 4471 3744 4526 distur-

544 4545 589 4603 Ι.
636 4545 882 4615 Exsulta,
929 4551 1134 4616 coelum,
1163 4561 1210 4605 et
1253 4552 1308 4606 in
1333 4552 1514 4606 lwtitia
1547 4563 1653 4608 esto
1676 4598 1690 4620 ,
1736 4565 1871 4610 terra
1910 4556 2066 4628 (Joel.
2095 4551 2148 4612 D
2174 4565 2368 4620 bamur
2399 4584 2410 4618 :
2445 4580 2611 4634 quare
2640 4565 2692 4619 in
2722 4566 2926 4621 nostris
2964 4564 3185 4621 sedibus
3213 4564 3588 4636 captivamur?

473 4651 534 4702 ll,
562 4636 656 4706 2i)
684 4655 698 4692 :
733 4637 848 4693 dies
872 4639 974 4696 iste
999 4642 1230 4711 amplius
1267 4642 1425 4699 nobis
1453 4659 1520 4700 ex
1558 4645 1808 4716 sepulcro
1832 4649 2065 4706 radiavit

470 4745 631 4801 quam
670 4731 738 4788 de
777 4733 894 4789 sole
938 4733 1176 4789 refulsit.
1201 4737 1337 4791 Ovet
1371 4735 1614 4793 infernus
1636 4739 1762 4810 quia
1788 4741 2065 4798 resolutus

470 4834 555 4880 est
579 4842 591 4878 :
615 4825 869 4897 gaudeat,
897 4828 1024 4899 quia
1045 4828 1294 4884 visitatus
1323 4839 1406 4886 est
1432 4849 1442 4884 :
1479 4833 1725 4902 resultet,
1756 4835 1882 4905 quia
1915 4835 2068 4907 igno-

471 4933 580 4976 tam
629 4923 808 4980 lucem
840 4934 963 4995 post
993 4925 1190 4980 saecula
1224 4927 1388 4997 longa
1413 4927 1571 4994 vidit,
1597 4939 1657 4984 et
1703 4931 1755 4985 in
1788 4932 2065 5000 profundae

470 5019 653 5072 noctis
702 5019 932 5090 caligine
981 5020 1289 5089 respiravit.
1343 5020 1387 5075 Ο
1430 5022 1653 5091 pulchra
1696 5023 1812 5093 lux,
1843 5041 1961 5095 qua:
1995 5027 2065 5082 de

469 5109 704 5163 candido
734 5111 855 5166 coeli
910 5111 1126 5183 fastigio
1158 5113 1476 5182 promicasti
1525 5131 1539 5168 ε
1591 5125 1646 5170 et
1691 5115 1835 5172 inter
1863 5116 2064 5173 ﬂuenta

461 5215 740 5270 purpurea
788 5203 1041 5260 sedentes
1084 5205 1138 5260 in
1185 5206 1444 5274 tenebris,
1477 5217 1530 5264 et
1570 5207 1625 5263 in
1655 5209 1844 5265 umbra
1867 5213 2060 5268 mortis

459 5291 641 5346 subita
672 5293 918 5349 claritate
946 5297 1153 5353 vestisti
1182 5303 1194 5352 Ξ

536 5382 603 5439 Il.
624 5383 920 5440 Confestim
939 5386 1100 5456 igitur
1116 5399 1319 5449 :eterna
1335 5408 1442 5448 nox
1457 5393 1815 5466 infernorum,
1842 5398 2058 5456 Christo

467 5475 860 5546 descendente,
896 5479 1239 5548 respleuduit
1277 5502 1288 5539 :
1321 5485 1472 5541 siluit
1501 5488 1707 5543 stridor
1738 5490 1829 5544 ille
1863 5491 2052 5562 lugen-

464 5569 620 5635 tium,
653 5570 872 5642 dirupta
903 5571 1224 5629 ceciderunt
1259 5577 1470 5633 vincula
1520 5580 1898 5638 damnatorum
1934 5603 1945 5636 :
1981 5601 2060 5640 at-

543 5684 766 5763 n_litr(;s_
806 5687 930 5763 illos
986 5689 1259 5763 intelligit,
1308 5710 1444 5763 quos
1479 5699 1638 5752 etiam
1682 5716 1826 5754 nunc
1875 5702 2067 5759 inflant

466 5755 672 5814 I‘UIllCI.
722 5753 1033 5818 Utricularii
1083 5753 1256 5831 dic'ti,'
1288 5753 1343 5821 ei
1395 5765 1582 5826 Graece
1613 5753 2063 5832 actamnisi

2248 4656 2336 4711 IV.
2365 4657 2485 4712 Mox
2515 4659 2678 4728 igitur
2697 4655 2947 4714 Christus
2973 4658 3028 4712 in
3057 4659 3203 4728 ipsos
3225 4657 3475 4714 crudeles
3499 4653 3744 4710 ministros

2175 4767 2460 4822 poenarum
2505 4753 2652 4808 acies
2695 4752 2914 4822 dirigit,
2955 4762 3118 4824 atque
3158 4750 3525 4822 implacabiles
3565 4758 3744 4804 turmas

2174 4844 2378 4899 framea
2427 4843 2605 4898 divina
2654 4842 2890 4899 concidit
2927 4860 2942 4897 :
2991 4843 3235 4899 fremunt
3272 4843 3376 4900 diri
3421 4843 3519 4898 sub
3563 4849 3741 4896 tortore

2174 4938 2458 4994 carnifices
2483 4983 2497 5009 ,
2542 4947 2598 5010 et
2641 4936 2874 4994 rabiosis
2922 4937 3098 4994 adacti
3142 4938 3472 4995 stridoribus
3514 4935 3742 4992 contabe-

2175 5044 2352 5089 seunt.
2377 5033 2494 5103 Ipsa
2519 5049 2735 5106 quoque
2757 5043 2909 5089 antra
2935 5033 3094 5090 ferrei
3119 5033 3313 5090 cubilis
3333 5035 3563 5090 intrante
3585 5029 3741 5087 fortis-

2173 5126 2333 5192 simo,
2374 5142 2403 5181 a
2447 5126 2672 5182 fortiore
2717 5127 2935 5182 aeternis
2986 5126 3217 5182 nexibus
3256 5126 3594 5198 colligantur.
3643 5121 3738 5176 lloc

2165 5236 2397 5292 namque
2429 5221 2500 5275 ita
2546 5219 2792 5276 futurum
2834 5221 3095 5276 Dominus
3139 5221 3252 5292 ipse
3289 5221 3634 5290 promiserat,
3667 5211 3738 5267 di-

2164 5327 2292 5368 cens
2325 5329 2338 5366 :
2376 5312 2548 5367 Nemo
2569 5313 2729 5367 intrat
2760 5314 2813 5367 in
2844 5315 3056 5368 domum
3085 5315 3253 5385 fortis,
3284 5321 3331 5368 et
3353 5329 3472 5368 vasa
3496 5313 3601 5384 ejus
3627 5306 3738 5360 diri-

2163 5405 2258 5474 pit,
2288 5404 2390 5458 nisi
2426 5405 2571 5474 prius
2607 5405 2896 5473 alligaverit
2923 5409 3126 5476 fortem,
3163 5415 3209 5459 et
3235 5407 3308 5459 sic
3338 5422 3455 5461 vasa
3485 5406 3590 5475 ejus
3620 5399 3735 5453 diri-

2162 5498 2262 5568 piet
2291 5495 2485 5567 (Marc.
2525 5496 2592 5552 lll
2615 5540 2629 5563 ,
2658 5499 2775 5568 ‘27).
2811 5499 3016 5555 Tristes
3060 5499 3224 5570 igitur
3255 5514 3376 5553 mox
3410 5499 3736 5569 Ingentesque

2162 5587 2416 5644 diuturno
2466 5589 2721 5659 squalore
2767 5590 2937 5645 turbae
2981 5592 3273 5662 populique
3311 5590 3484 5646 vexati
3523 5600 3732 5643 concur-

2179 5720 2276 5775 pro
2303 5705 2535 5778 Charus,
2567 5705 2781 5778 dubitat
2807 5707 3125 5778 Salmasius,
3171 5708 3519 5778 legendumno
3539 5705 3621 5770 sit,
3650 5704 3727 5756 d0-

2177 5790 2297 5843 rus,‘
2331 5793 2452 5834 nam
2485 5775 2635 5854 δορός
2661 5776 2881 5837 Graecus
2904 5789 2986 5838 est
3016 5776 3186 5852 pellit,
3211 5775 3293 5836 vel
3318 5788 3444 5835 uter.
