  <div class='ocr_page' id='page_1' title='image "/cluster/home/n/w/nwhite01/storage/ocr_20150623/30/hvd.32044096580535/118.png"; bbox 0 0 3926 6290; ppageno 0'>
   <div class='ocr_carea' id='block_1_1' title="bbox 158 329 2780 406">
    <p class='ocr_par' dir='ltr' id='par_1_1' title="bbox 158 329 2780 406">
     <span class='ocr_line' id='line_1_1' title="bbox 158 329 2780 406; baseline -0.005 -6"><span class='ocrx_word' id='word_1_1' title='bbox 158 344 239 401; x_wconf 72' lang='grc'><strong>917</strong></span> <span class='ocrx_word' id='word_1_2' title='bbox 702 337 1029 396; x_wconf 81' lang='lat' dir='ltr'><strong>EPISTOLA</strong></span> <span class='ocrx_word' id='word_1_3' title='bbox 1080 337 1263 406; x_wconf 76' lang='lat' dir='ltr'><strong>XXIV,</strong></span> <span class='ocrx_word' id='word_1_4' title='bbox 1319 336 1450 394; x_wconf 82' lang='lat' dir='ltr'><strong>SEU</strong></span> <span class='ocrx_word' id='word_1_5' title='bbox 1517 329 1748 393; x_wconf 74' lang='lat' dir='ltr'><strong>SERMO</strong></span> <span class='ocrx_word' id='word_1_6' title='bbox 1786 333 1874 390; x_wconf 83' lang='lat' dir='ltr'><strong>DE</strong></span> <span class='ocrx_word' id='word_1_7' title='bbox 1912 330 2486 392; x_wconf 77' lang='lat' dir='ltr'><strong>RESUBRECTIONE</strong></span> <span class='ocrx_word' id='word_1_8' title='bbox 2528 330 2780 391; x_wconf 76' lang='lat' dir='ltr'><strong>DOMINI.</strong></span> 
     </span>
    </p>
   </div>
   <div class='ocr_carea' id='block_1_2' title="bbox 1735 448 3409 522">
    <p class='ocr_par' dir='ltr' id='par_1_2' title="bbox 1735 448 3409 522">
     <span class='ocr_line' id='line_1_2' title="bbox 1735 448 3409 522; baseline -0.001 -15"><span class='ocrx_word' id='word_1_9' title='bbox 1735 455 1786 513; x_wconf 83' lang='grc' dir='ltr'><strong>Α</strong></span> <span class='ocrx_word' id='word_1_10' title='bbox 1814 466 1974 522; x_wconf 88' lang='lat' dir='ltr'><strong>quam</strong></span> <span class='ocrx_word' id='word_1_11' title='bbox 1994 451 2213 507; x_wconf 88' lang='lat' dir='ltr'><strong>Judaiea</strong></span> <span class='ocrx_word' id='word_1_12' title='bbox 2239 452 2517 521; x_wconf 84' lang='lat' dir='ltr'><strong>impietate</strong></span> <span class='ocrx_word' id='word_1_13' title='bbox 2540 459 2833 506; x_wconf 76' lang='lat' dir='ltr'><strong>mactatur.</strong></span> <span class='ocrx_word' id='word_1_14' title='bbox 2860 450 2956 506; x_wconf 88' lang='lat' dir='ltr'><strong>ilic</strong></span> <span class='ocrx_word' id='word_1_15' title='bbox 2979 449 3121 507; x_wconf 91' lang='lat' dir='ltr'><strong>idem</strong></span> <span class='ocrx_word' id='word_1_16' title='bbox 3146 448 3409 505; x_wconf 84' lang='lat' dir='ltr'><strong>Dominus</strong></span> 
     </span>
    </p>
   </div>
   <div class='ocr_carea' id='block_1_3' title="bbox 154 455 1396 525">
    <p class='ocr_par' dir='ltr' id='par_1_3' title="bbox 154 455 1396 525">
     <span class='ocr_line' id='line_1_3' title="bbox 154 455 1396 525; baseline -0.008 -6"><span class='ocrx_word' id='word_1_17' title='bbox 154 457 344 525; x_wconf 77' lang='lat' dir='ltr'><strong>runt,&#39;et</strong></span> <span class='ocrx_word' id='word_1_18' title='bbox 369 456 605 515; x_wconf 73' lang='lat' dir='ltr'><strong>rectoris</strong></span> <span class='ocrx_word' id='word_1_19' title='bbox 628 457 712 512; x_wconf 89' lang='lat' dir='ltr'><strong>sui</strong></span> <span class='ocrx_word' id='word_1_20' title='bbox 739 457 983 525; x_wconf 77' lang='lat' dir='ltr'><strong>vestigiis</strong></span> <span class='ocrx_word' id='word_1_21' title='bbox 1013 455 1396 512; x_wconf 78' lang='lat' dir='ltr'><strong>advolvuntur.</strong></span> 
     </span>
    </p>
   </div>
   <div class='ocr_carea' id='block_1_4' title="bbox 205 545 1707 619">
    <p class='ocr_par' dir='ltr' id='par_1_4' title="bbox 205 545 1707 619">
     <span class='ocr_line' id='line_1_4' title="bbox 205 545 1707 619; baseline -0.007 -11"><span class='ocrx_word' id='word_1_22' title='bbox 205 553 257 609; x_wconf 66' lang='grc' dir='ltr'><strong>ν.</strong></span> <span class='ocrx_word' id='word_1_23' title='bbox 293 550 435 607; x_wconf 85' lang='lat' dir='ltr'><strong>Ecce</strong></span> <span class='ocrx_word' id='word_1_24' title='bbox 476 549 780 619; x_wconf 89' lang='lat' dir='ltr'><strong>apostolica</strong></span> <span class='ocrx_word' id='word_1_25' title='bbox 817 548 962 604; x_wconf 83' lang='lat' dir='ltr'><strong>dicta</strong></span> <span class='ocrx_word' id='word_1_26' title='bbox 1002 548 1299 619; x_wconf 80' lang='lat' dir='ltr'><strong>probantur</strong></span> <span class='ocrx_word' id='word_1_27' title='bbox 1342 565 1354 601; x_wconf 90' lang='lat'><strong>:</strong></span> <span class='ocrx_word' id='word_1_28' title='bbox 1406 547 1459 600; x_wconf 89' lang='lat' dir='ltr'><strong>in</strong></span> <span class='ocrx_word' id='word_1_29' title='bbox 1500 545 1707 600; x_wconf 81' lang='lat' dir='ltr'><strong>nomine</strong></span> 
     </span>
    </p>
   </div>
   <div class='ocr_carea' id='block_1_5' title="bbox 149 642 1707 717">
    <p class='ocr_par' dir='ltr' id='par_1_5' title="bbox 149 642 1707 717">
     <span class='ocr_line' id='line_1_5' title="bbox 149 642 1707 717; baseline -0.008 -13"><span class='ocrx_word' id='word_1_30' title='bbox 149 650 247 704; x_wconf 75' lang='lat' dir='ltr'><strong>Iesu</strong></span> <span class='ocrx_word' id='word_1_31' title='bbox 274 662 413 700; x_wconf 86' lang='lat' dir='ltr'><strong>omne</strong></span> <span class='ocrx_word' id='word_1_32' title='bbox 453 661 592 717; x_wconf 85' lang='lat' dir='ltr'><strong>genu</strong></span> <span class='ocrx_word' id='word_1_33' title='bbox 634 647 897 714; x_wconf 85' lang='lat' dir='ltr'><strong>ﬂectatur,</strong></span> <span class='ocrx_word' id='word_1_34' title='bbox 937 644 1238 708; x_wconf 70' lang='lat' dir='ltr'><strong>caelestium,</strong></span> <span class='ocrx_word' id='word_1_35' title='bbox 1282 642 1621 702; x_wconf 76' lang='lat' dir='ltr'><strong>terrestrium,</strong></span> <span class='ocrx_word' id='word_1_36' title='bbox 1658 647 1707 692; x_wconf 84' lang='lat' dir='ltr'><strong>et</strong></span> 
     </span>
    </p>
   </div>
   <div class='ocr_carea' id='block_1_6' title="bbox 151 732 1705 812">
    <p class='ocr_par' dir='ltr' id='par_1_6' title="bbox 151 732 1705 812">
     <span class='ocr_line' id='line_1_6' title="bbox 151 732 1705 812; baseline -0.008 -15"><span class='ocrx_word' id='word_1_37' title='bbox 151 743 427 812; x_wconf 72' lang='lat' dir='ltr'><strong>infernarum</strong></span> <span class='ocrx_word' id='word_1_38' title='bbox 457 736 633 807; x_wconf 85' lang='lat' dir='ltr'><strong>(Phil.</strong></span> <span class='ocrx_word' id='word_1_39' title='bbox 666 735 730 802; x_wconf 91' lang='lat' dir='ltr'><strong>ll,</strong></span> <span class='ocrx_word' id='word_1_40' title='bbox 767 735 879 806; x_wconf 76' lang='grc'><strong>10).</strong></span> <span class='ocrx_word' id='word_1_41' title='bbox 912 734 1034 790; x_wconf 83' lang='lat' dir='ltr'><strong>Mox</strong></span> <span class='ocrx_word' id='word_1_42' title='bbox 1069 733 1233 805; x_wconf 80' lang='lat' dir='ltr'><strong>igitur</strong></span> <span class='ocrx_word' id='word_1_43' title='bbox 1261 732 1486 804; x_wconf 64' lang='lat' dir='ltr'><strong>captivae</strong></span> <span class='ocrx_word' id='word_1_44' title='bbox 1510 732 1705 787; x_wconf 69' lang='lat' dir='ltr'><strong>anima:</strong></span> 
     </span>
    </p>
   </div>
   <div class='ocr_carea' id='block_1_7' title="bbox 149 826 1704 898">
    <p class='ocr_par' dir='ltr' id='par_1_7' title="bbox 149 826 1704 898">
     <span class='ocr_line' id='line_1_7' title="bbox 149 826 1704 898; baseline -0.009 -8"><span class='ocrx_word' id='word_1_45' title='bbox 149 837 201 890; x_wconf 87' lang='lat' dir='ltr'><strong>de</strong></span> <span class='ocrx_word' id='word_1_46' title='bbox 220 830 465 889; x_wconf 86' lang='lat' dir='ltr'><strong>custodiis</strong></span> <span class='ocrx_word' id='word_1_47' title='bbox 495 830 792 896; x_wconf 70' lang='lat' dir='ltr'><strong>relaxatae,</strong></span> <span class='ocrx_word' id='word_1_48' title='bbox 827 843 856 883; x_wconf 95' lang='lat' dir='ltr'><strong>a</strong></span> <span class='ocrx_word' id='word_1_49' title='bbox 890 837 1094 884; x_wconf 90' lang='lat' dir='ltr'><strong>tartaro</strong></span> <span class='ocrx_word' id='word_1_50' title='bbox 1126 826 1460 898; x_wconf 88' lang='lat' dir='ltr'><strong>prodierunt.</strong></span> <span class='ocrx_word' id='word_1_51' title='bbox 1494 826 1704 895; x_wconf 86' lang='lat' dir='ltr'><strong>Regna-</strong></span> 
     </span>
    </p>
   </div>
   <div class='ocr_carea' id='block_1_8' title="bbox 150 919 1704 999">
    <p class='ocr_par' dir='ltr' id='par_1_8' title="bbox 150 919 1704 999">
     <span class='ocr_line' id='line_1_8' title="bbox 150 919 1704 999; baseline -0.006 -18"><span class='ocrx_word' id='word_1_52' title='bbox 150 943 227 999; x_wconf 87' lang='lat' dir='ltr'><strong>que</strong></span> <span class='ocrx_word' id='word_1_53' title='bbox 249 927 506 982; x_wconf 73' lang='lat' dir='ltr'><strong>ccelorum</strong></span> <span class='ocrx_word' id='word_1_54' title='bbox 554 925 656 979; x_wconf 90' lang='lat' dir='ltr'><strong>ista</strong></span> <span class='ocrx_word' id='word_1_55' title='bbox 703 923 1101 994; x_wconf 84' lang='lat' dir='ltr'><strong>supplicatione</strong></span> <span class='ocrx_word' id='word_1_56' title='bbox 1142 921 1429 992; x_wconf 89' lang='lat' dir='ltr'><strong>deplorant</strong></span> <span class='ocrx_word' id='word_1_57' title='bbox 1464 919 1573 991; x_wconf 72' lang='lat' dir='ltr'><strong>[AL</strong></span> <span class='ocrx_word' id='word_1_58' title='bbox 1604 919 1704 973; x_wconf 93' lang='lat' dir='ltr'><strong>im-</strong></span> 
     </span>
    </p>
   </div>
   <div class='ocr_carea' id='block_1_9' title="bbox 148 1014 1701 1090">
    <p class='ocr_par' dir='ltr' id='par_1_9' title="bbox 148 1014 1701 1090">
     <span class='ocr_line' id='line_1_9' title="bbox 148 1014 1701 1090; baseline -0.005 -16"><span class='ocrx_word' id='word_1_59' title='bbox 148 1016 339 1090; x_wconf 76' lang='lat' dir='ltr'><strong>plorant]</strong></span> <span class='ocrx_word' id='word_1_60' title='bbox 370 1034 385 1070; x_wconf 88' lang='lat'><strong>:</strong></span> <span class='ocrx_word' id='word_1_61' title='bbox 420 1015 635 1073; x_wconf 82' lang='lat' dir='ltr'><strong>Venisti</strong></span> <span class='ocrx_word' id='word_1_62' title='bbox 666 1015 907 1079; x_wconf 87' lang='lat' dir='ltr'><strong>tandem,</strong></span> <span class='ocrx_word' id='word_1_63' title='bbox 941 1014 1367 1071; x_wconf 88' lang='lat' dir='ltr'><strong>clementissime</strong></span> <span class='ocrx_word' id='word_1_64' title='bbox 1397 1014 1548 1081; x_wconf 89' lang='lat' dir='ltr'><strong>Jesu,</strong></span> <span class='ocrx_word' id='word_1_65' title='bbox 1578 1026 1701 1067; x_wconf 67' lang='lat' dir='ltr'><strong>suco</strong></span> 
     </span>
    </p>
   </div>
   <div class='ocr_carea' id='block_1_10' title="bbox 147 1104 1700 1179">
    <p class='ocr_par' dir='ltr' id='par_1_10' title="bbox 147 1104 1700 1179">
     <span class='ocr_line' id='line_1_10' title="bbox 147 1104 1700 1179; baseline -0.004 -13"><span class='ocrx_word' id='word_1_66' title='bbox 147 1126 266 1167; x_wconf 83' lang='lat' dir='ltr'><strong>curre</strong></span> <span class='ocrx_word' id='word_1_67' title='bbox 298 1109 409 1179; x_wconf 83' lang='lat' dir='ltr'><strong>jam</strong></span> <span class='ocrx_word' id='word_1_68' title='bbox 462 1118 518 1164; x_wconf 89' lang='lat' dir='ltr'><strong>et</strong></span> <span class='ocrx_word' id='word_1_69' title='bbox 556 1122 722 1179; x_wconf 87' lang='lat' dir='ltr'><strong>parce</strong></span> <span class='ocrx_word' id='word_1_70' title='bbox 760 1107 921 1163; x_wconf 78' lang='lat' dir='ltr'><strong>fessis</strong></span> <span class='ocrx_word' id='word_1_71' title='bbox 953 1124 967 1165; x_wconf 90' lang='lat'><strong>:</strong></span> <span class='ocrx_word' id='word_1_72' title='bbox 1002 1106 1180 1171; x_wconf 88' lang='lat' dir='ltr'><strong>Nunc,</strong></span> <span class='ocrx_word' id='word_1_73' title='bbox 1228 1104 1444 1160; x_wconf 89' lang='lat' dir='ltr'><strong>Christe</strong></span> <span class='ocrx_word' id='word_1_74' title='bbox 1468 1147 1483 1171; x_wconf 94' lang='lat'><strong>,</strong></span> <span class='ocrx_word' id='word_1_75' title='bbox 1526 1118 1700 1160; x_wconf 81' lang='lat' dir='ltr'><strong>saevas</strong></span> 
     </span>
    </p>
   </div>
   <div class='ocr_carea' id='block_1_11' title="bbox 146 1197 1695 1270">
    <p class='ocr_par' dir='ltr' id='par_1_11' title="bbox 146 1197 1695 1270">
     <span class='ocr_line' id='line_1_11' title="bbox 146 1197 1695 1270; baseline -0.003 -13"><span class='ocrx_word' id='word_1_76' title='bbox 146 1201 387 1270; x_wconf 77' lang='lat' dir='ltr'><strong>exstingue</strong></span> <span class='ocrx_word' id='word_1_77' title='bbox 417 1200 596 1254; x_wconf 91' lang='lat' dir='ltr'><strong>minas</strong></span> <span class='ocrx_word' id='word_1_78' title='bbox 618 1242 631 1266; x_wconf 93' lang='lat'><strong>,</strong></span> <span class='ocrx_word' id='word_1_79' title='bbox 659 1199 769 1269; x_wconf 89' lang='lat' dir='ltr'><strong>jam</strong></span> <span class='ocrx_word' id='word_1_80' title='bbox 801 1198 1144 1253; x_wconf 90' lang='lat' dir='ltr'><strong>miserandos</strong></span> <span class='ocrx_word' id='word_1_81' title='bbox 1174 1197 1390 1253; x_wconf 86' lang='lat' dir='ltr'><strong>resolve</strong></span> <span class='ocrx_word' id='word_1_82' title='bbox 1416 1198 1652 1268; x_wconf 80' lang='lat' dir='ltr'><strong>mugitus</strong></span> <span class='ocrx_word' id='word_1_83' title='bbox 1680 1213 1695 1251; x_wconf 90' lang='lat'><strong>:</strong></span> 
     </span>
    </p>
   </div>
   <div class='ocr_carea' id='block_1_12' title="bbox 145 1292 1692 1361">
    <p class='ocr_par' dir='ltr' id='par_1_12' title="bbox 145 1292 1692 1361">
     <span class='ocr_line' id='line_1_12' title="bbox 145 1292 1692 1361; baseline -0.005 -10"><span class='ocrx_word' id='word_1_84' title='bbox 145 1294 377 1351; x_wconf 82' lang='lat' dir='ltr'><strong>redemisti</strong></span> <span class='ocrx_word' id='word_1_85' title='bbox 402 1294 562 1348; x_wconf 90' lang='lat' dir='ltr'><strong>vivos</strong></span> <span class='ocrx_word' id='word_1_86' title='bbox 586 1307 750 1348; x_wconf 89' lang='lat' dir='ltr'><strong>cruce</strong></span> <span class='ocrx_word' id='word_1_87' title='bbox 778 1300 865 1347; x_wconf 89' lang='lat' dir='ltr'><strong>tua</strong></span> <span class='ocrx_word' id='word_1_88' title='bbox 892 1309 906 1345; x_wconf 89' lang='lat'>:</span> <span class='ocrx_word' id='word_1_89' title='bbox 930 1292 1084 1361; x_wconf 89' lang='lat' dir='ltr'><strong>eripe</strong></span> <span class='ocrx_word' id='word_1_90' title='bbox 1112 1300 1354 1347; x_wconf 86' lang='lat' dir='ltr'><strong>mortuos</strong></span> <span class='ocrx_word' id='word_1_91' title='bbox 1382 1302 1557 1346; x_wconf 91' lang='lat' dir='ltr'><strong>morte</strong></span> <span class='ocrx_word' id='word_1_92' title='bbox 1583 1300 1692 1345; x_wconf 90' lang='lat' dir='ltr'><strong>tua.</strong></span> 
     </span>
    </p>
   </div>
   <div class='ocr_carea' id='block_1_13' title="bbox 144 1385 1695 1456">
    <p class='ocr_par' dir='ltr' id='par_1_13' title="bbox 144 1385 1695 1456">
     <span class='ocr_line' id='line_1_13' title="bbox 144 1385 1695 1456; baseline -0.002 -13"><span class='ocrx_word' id='word_1_93' title='bbox 144 1389 243 1444; x_wconf 78' lang='lat' dir='ltr'><strong>Pari</strong></span> <span class='ocrx_word' id='word_1_94' title='bbox 276 1388 550 1444; x_wconf 89' lang='lat' dir='ltr'><strong>nobiscum</strong></span> <span class='ocrx_word' id='word_1_95' title='bbox 592 1396 741 1443; x_wconf 87' lang='lat' dir='ltr'><strong>sorte</strong></span> <span class='ocrx_word' id='word_1_96' title='bbox 778 1385 1012 1442; x_wconf 89' lang='lat' dir='ltr'><strong>mundus</strong></span> <span class='ocrx_word' id='word_1_97' title='bbox 1056 1386 1171 1456; x_wconf 87' lang='lat' dir='ltr'><strong>ipse</strong></span> <span class='ocrx_word' id='word_1_98' title='bbox 1200 1386 1499 1451; x_wconf 86' lang='lat' dir='ltr'><strong>interierat,</strong></span> <span class='ocrx_word' id='word_1_99' title='bbox 1532 1394 1587 1441; x_wconf 87' lang='lat' dir='ltr'><strong>et</strong></span> <span class='ocrx_word' id='word_1_100' title='bbox 1627 1385 1695 1440; x_wconf 88' lang='lat' dir='ltr'><strong>ad</strong></span> 
     </span>
    </p>
   </div>
   <div class='ocr_carea' id='block_1_14' title="bbox 143 1478 1690 1548">
    <p class='ocr_par' dir='ltr' id='par_1_14' title="bbox 143 1478 1690 1548">
     <span class='ocr_line' id='line_1_14' title="bbox 143 1478 1690 1548; baseline 0 -17"><span class='ocrx_word' id='word_1_101' title='bbox 143 1479 383 1534; x_wconf 81' lang='lat' dir='ltr'><strong>adventum</strong></span> <span class='ocrx_word' id='word_1_102' title='bbox 445 1486 599 1533; x_wconf 92' lang='lat' dir='ltr'><strong>tuum</strong></span> <span class='ocrx_word' id='word_1_103' title='bbox 659 1478 843 1533; x_wconf 90' lang='lat' dir='ltr'><strong>omnis</strong></span> <span class='ocrx_word' id='word_1_104' title='bbox 896 1486 1143 1533; x_wconf 87' lang='lat' dir='ltr'><strong>creatura</strong></span> <span class='ocrx_word' id='word_1_105' title='bbox 1204 1478 1472 1548; x_wconf 89' lang='lat' dir='ltr'><strong>pendebat</strong></span> <span class='ocrx_word' id='word_1_106' title='bbox 1529 1496 1540 1531; x_wconf 90' lang='lat'>:</span> <span class='ocrx_word' id='word_1_107' title='bbox 1598 1478 1690 1532; x_wconf 84' lang='lat' dir='ltr'><strong>tibi</strong></span> 
     </span>
    </p>
   </div>
   <div class='ocr_carea' id='block_1_15' title="bbox 141 1569 1693 1641">
    <p class='ocr_par' dir='ltr' id='par_1_15' title="bbox 141 1569 1693 1641">
     <span class='ocr_line' id='line_1_15' title="bbox 141 1569 1693 1641; baseline -0.001 -16"><span class='ocrx_word' id='word_1_108' title='bbox 141 1582 287 1626; x_wconf 87' lang='lat' dir='ltr'><strong>nostra</strong></span> <span class='ocrx_word' id='word_1_109' title='bbox 312 1580 581 1626; x_wconf 86' lang='lat' dir='ltr'><strong>tormenta</strong></span> <span class='ocrx_word' id='word_1_110' title='bbox 607 1569 976 1641; x_wconf 86' lang='lat' dir='ltr'><strong>suspirabant,</strong></span> <span class='ocrx_word' id='word_1_111' title='bbox 1007 1578 1058 1624; x_wconf 90' lang='lat' dir='ltr'><strong>te</strong></span> <span class='ocrx_word' id='word_1_112' title='bbox 1081 1584 1299 1641; x_wconf 87' lang='lat' dir='ltr'><strong>semper</strong></span> <span class='ocrx_word' id='word_1_113' title='bbox 1320 1569 1563 1625; x_wconf 91' lang='lat' dir='ltr'><strong>infernus</strong></span> <span class='ocrx_word' id='word_1_114' title='bbox 1592 1570 1693 1623; x_wconf 88' lang='lat' dir='ltr'><strong>iste</strong></span> 
     </span>
    </p>
   </div>
   <div class='ocr_carea' id='block_1_16' title="bbox 138 1663 1685 1733">
    <p class='ocr_par' dir='ltr' id='par_1_16' title="bbox 138 1663 1685 1733">
     <span class='ocr_line' id='line_1_16' title="bbox 138 1663 1685 1733; baseline 0 -16"><span class='ocrx_word' id='word_1_115' title='bbox 138 1664 342 1733; x_wconf 72' lang='lat' dir='ltr'><strong>parebat.</strong></span> <span class='ocrx_word' id='word_1_116' title='bbox 370 1665 508 1719; x_wconf 85' lang='lat' dir='ltr'><strong>Dum</strong></span> <span class='ocrx_word' id='word_1_117' title='bbox 536 1663 625 1719; x_wconf 91' lang='lat' dir='ltr'><strong>hic</strong></span> <span class='ocrx_word' id='word_1_118' title='bbox 650 1679 736 1730; x_wconf 92' lang='lat' dir='ltr'><strong>es,</strong></span> <span class='ocrx_word' id='word_1_119' title='bbox 760 1664 983 1720; x_wconf 83' lang='lat' dir='ltr'><strong>absolve</strong></span> <span class='ocrx_word' id='word_1_120' title='bbox 1008 1680 1167 1729; x_wconf 87' lang='lat' dir='ltr'><strong>reos;</strong></span> <span class='ocrx_word' id='word_1_121' title='bbox 1198 1665 1325 1719; x_wconf 90' lang='lat' dir='ltr'><strong>dum</strong></span> <span class='ocrx_word' id='word_1_122' title='bbox 1348 1664 1685 1729; x_wconf 84' lang='lat' dir='ltr'><strong>ascenderis,</strong></span> 
     </span>
    </p>
   </div>
   <div class='ocr_carea' id='block_1_17' title="bbox 135 1756 1683 1823">
    <p class='ocr_par' dir='ltr' id='par_1_17' title="bbox 135 1756 1683 1823">
     <span class='ocr_line' id='line_1_17' title="bbox 135 1756 1683 1823; baseline 0.001 -13"><span class='ocrx_word' id='word_1_123' title='bbox 135 1756 320 1812; x_wconf 76' lang='lat' dir='ltr'><strong>defende</strong></span> <span class='ocrx_word' id='word_1_124' title='bbox 337 1767 492 1812; x_wconf 88' lang='lat' dir='ltr'><strong>tuos:</strong></span> <span class='ocrx_word' id='word_1_125' title='bbox 513 1756 641 1812; x_wconf 91' lang='lat' dir='ltr'><strong>dum</strong></span> <span class='ocrx_word' id='word_1_126' title='bbox 660 1756 751 1813; x_wconf 92' lang='lat' dir='ltr'><strong>hic</strong></span> <span class='ocrx_word' id='word_1_127' title='bbox 765 1772 845 1823; x_wconf 89' lang='lat' dir='ltr'><strong>es,</strong></span> <span class='ocrx_word' id='word_1_128' title='bbox 863 1757 1113 1811; x_wconf 89' lang='lat' dir='ltr'><strong>universa</strong></span> <span class='ocrx_word' id='word_1_129' title='bbox 1130 1757 1363 1811; x_wconf 80' lang='lat' dir='ltr'><strong>claustra</strong></span> <span class='ocrx_word' id='word_1_130' title='bbox 1381 1757 1683 1820; x_wconf 89' lang='lat' dir='ltr'><strong>solvantur;</strong></span> 
     </span>
    </p>
   </div>
   <div class='ocr_carea' id='block_1_18' title="bbox 3299 334 3406 393">
    <p class='ocr_par' dir='ltr' id='par_1_18' title="bbox 3299 334 3406 393">
     <span class='ocr_line' id='line_1_18' title="bbox 3299 334 3406 393; baseline 0.037 -4"><span class='ocrx_word' id='word_1_131' title='bbox 3299 334 3406 393; x_wconf 72' lang='lat'><strong>218</strong></span> 
     </span>
    </p>
   </div>
   <div class='ocr_carea' id='block_1_19' title="bbox 1814 544 3406 615">
    <p class='ocr_par' dir='ltr' id='par_1_19' title="bbox 1814 544 3406 615">
     <span class='ocr_line' id='line_1_19' title="bbox 1814 544 3406 615; baseline 0.001 -16"><span class='ocrx_word' id='word_1_132' title='bbox 1814 545 1866 599; x_wconf 92' lang='lat' dir='ltr'><strong>in</strong></span> <span class='ocrx_word' id='word_1_133' title='bbox 1911 545 2202 600; x_wconf 88' lang='lat' dir='ltr'><strong>novissima</strong></span> <span class='ocrx_word' id='word_1_134' title='bbox 2244 544 2428 599; x_wconf 88' lang='lat' dir='ltr'><strong>mundi</strong></span> <span class='ocrx_word' id='word_1_135' title='bbox 2470 544 2806 600; x_wconf 84' lang='lat' dir='ltr'><strong>senescentis</strong></span> <span class='ocrx_word' id='word_1_136' title='bbox 2841 555 3001 599; x_wconf 61' lang='lat' dir='ltr'><strong>(etate</strong></span> <span class='ocrx_word' id='word_1_137' title='bbox 3043 560 3139 614; x_wconf 90' lang='lat' dir='ltr'><strong>per</strong></span> <span class='ocrx_word' id='word_1_138' title='bbox 3180 544 3406 615; x_wconf 89' lang='lat' dir='ltr'><strong>ﬁguram</strong></span> 
     </span>
    </p>
   </div>
   <div class='ocr_carea' id='block_1_20' title="bbox 1812 636 3406 707">
    <p class='ocr_par' dir='ltr' id='par_1_20' title="bbox 1812 636 3406 707">
     <span class='ocr_line' id='line_1_20' title="bbox 1812 636 3406 707; baseline 0.003 -16"><span class='ocrx_word' id='word_1_139' title='bbox 1812 636 1950 691; x_wconf 82' lang='lat' dir='ltr'><strong>beati</strong></span> <span class='ocrx_word' id='word_1_140' title='bbox 1983 636 2215 692; x_wconf 67' lang='lat' dir='ltr'><strong>Abrahae</strong></span> <span class='ocrx_word' id='word_1_141' title='bbox 2251 636 2478 705; x_wconf 73' lang='lat' dir='ltr'><strong>longtevi</strong></span> <span class='ocrx_word' id='word_1_142' title='bbox 2520 637 2689 707; x_wconf 84' lang='lat' dir='ltr'><strong>patris</strong></span> <span class='ocrx_word' id='word_1_143' title='bbox 2724 637 2949 691; x_wconf 80' lang='lat' dir='ltr'><strong>oii‘crtur</strong></span> <span class='ocrx_word' id='word_1_144' title='bbox 2975 637 3041 691; x_wconf 89' lang='lat' dir='ltr'><strong>ad</strong></span> <span class='ocrx_word' id='word_1_145' title='bbox 3075 637 3348 692; x_wconf 79' lang='lat' dir='ltr'><strong>victimam</strong></span> <span class='ocrx_word' id='word_1_146' title='bbox 3391 654 3406 695; x_wconf 91' lang='lat'><strong>:</strong></span> 
     </span>
    </p>
   </div>
   <div class='ocr_carea' id='block_1_21' title="bbox 1807 730 3408 801">
    <p class='ocr_par' dir='ltr' id='par_1_21' title="bbox 1807 730 3408 801">
     <span class='ocr_line' id='line_1_21' title="bbox 1807 730 3408 801; baseline 0.004 -18"><span class='ocrx_word' id='word_1_147' title='bbox 1807 745 1917 801; x_wconf 90' lang='lat' dir='ltr'><strong>quo</strong></span> <span class='ocrx_word' id='word_1_148' title='bbox 1958 738 2204 800; x_wconf 90' lang='lat' dir='ltr'><strong>tempore</strong></span> <span class='ocrx_word' id='word_1_149' title='bbox 2242 730 2368 784; x_wconf 93' lang='lat' dir='ltr'><strong>dum</strong></span> <span class='ocrx_word' id='word_1_150' title='bbox 2420 745 2561 785; x_wconf 93' lang='lat' dir='ltr'><strong>novo</strong></span> <span class='ocrx_word' id='word_1_151' title='bbox 2600 731 2870 787; x_wconf 81' lang='lat' dir='ltr'><strong>sacrificio</strong></span> <span class='ocrx_word' id='word_1_152' title='bbox 2910 731 3150 786; x_wconf 90' lang='lat' dir='ltr'><strong>in.uniei</strong></span> <span class='ocrx_word' id='word_1_153' title='bbox 3192 732 3288 786; x_wconf 89' lang='lat' dir='ltr'><strong>ﬁlii</strong></span> <span class='ocrx_word' id='word_1_154' title='bbox 3320 733 3408 789; x_wconf 91' lang='lat' dir='ltr'><strong>sui</strong></span> 
     </span>
    </p>
   </div>
   <div class='ocr_carea' id='block_1_22' title="bbox 1802 821 3407 894">
    <p class='ocr_par' dir='ltr' id='par_1_22' title="bbox 1802 821 3407 894">
     <span class='ocr_line' id='line_1_22' title="bbox 1802 821 3407 894; baseline 0.002 -19"><span class='ocrx_word' id='word_1_155' title='bbox 1802 823 2050 894; x_wconf 82' lang='lat' dir='ltr'><strong>jugulum</strong></span> <span class='ocrx_word' id='word_1_156' title='bbox 2080 823 2195 891; x_wconf 91' lang='lat' dir='ltr'><strong>pius</strong></span> <span class='ocrx_word' id='word_1_157' title='bbox 2220 822 2486 892; x_wconf 84' lang='lat' dir='ltr'><strong>parricida</strong></span> <span class='ocrx_word' id='word_1_158' title='bbox 2516 823 2813 892; x_wconf 75' lang='lat' dir='ltr'><strong>consurgit,</strong></span> <span class='ocrx_word' id='word_1_159' title='bbox 2844 838 2905 877; x_wconf 76' lang='lat' dir='ltr'><strong>cx</strong></span> <span class='ocrx_word' id='word_1_160' title='bbox 2942 821 3240 892; x_wconf 87' lang='lat' dir='ltr'><strong>improviso</strong></span> <span class='ocrx_word' id='word_1_161' title='bbox 3264 822 3407 879; x_wconf 85' lang='lat' dir='ltr'><strong>aries</strong></span> 
     </span>
    </p>
   </div>
   <div class='ocr_carea' id='block_1_23' title="bbox 1808 916 3395 986">
    <p class='ocr_par' dir='ltr' id='par_1_23' title="bbox 1808 916 3395 986">
     <span class='ocr_line' id='line_1_23' title="bbox 1808 916 3395 986; baseline 0.001 -17"><span class='ocrx_word' id='word_1_162' title='bbox 1808 917 1977 971; x_wconf 85' lang='lat' dir='ltr'><strong>oeulis</strong></span> <span class='ocrx_word' id='word_1_163' title='bbox 2005 917 2122 986; x_wconf 88' lang='lat' dir='ltr'><strong>ejus</strong></span> <span class='ocrx_word' id='word_1_164' title='bbox 2145 918 2393 986; x_wconf 77' lang='lat' dir='ltr'><strong>apparuit</strong></span> <span class='ocrx_word' id='word_1_165' title='bbox 2418 934 2430 969; x_wconf 89' lang='lat'><strong>:</strong></span> <span class='ocrx_word' id='word_1_166' title='bbox 2466 917 2607 971; x_wconf 91' lang='lat' dir='ltr'><strong>sicut</strong></span> <span class='ocrx_word' id='word_1_167' title='bbox 2637 917 2903 986; x_wconf 90' lang='lat' dir='ltr'><strong>eloquitur</strong></span> <span class='ocrx_word' id='word_1_168' title='bbox 2933 932 3114 971; x_wconf 86' lang='lat' dir='ltr'><strong>sermo</strong></span> <span class='ocrx_word' id='word_1_169' title='bbox 3140 916 3357 973; x_wconf 90' lang='lat' dir='ltr'><strong>divinus</strong></span> <span class='ocrx_word' id='word_1_170' title='bbox 3384 936 3395 971; x_wconf 88' lang='lat'><strong>:</strong></span> 
     </span>
    </p>
   </div>
   <div class='ocr_carea' id='block_1_24' title="bbox 1805 1007 3402 1078">
    <p class='ocr_par' dir='ltr' id='par_1_24' title="bbox 1805 1007 3402 1078">
     <span class='ocr_line' id='line_1_24' title="bbox 1805 1007 3402 1078; baseline 0 -15"><span class='ocrx_word' id='word_1_171' title='bbox 1805 1019 1850 1063; x_wconf 89' lang='lat' dir='ltr'><strong>et</strong></span> <span class='ocrx_word' id='word_1_172' title='bbox 1874 1009 2003 1064; x_wconf 88' lang='lat' dir='ltr'><strong>vidit</strong></span> <span class='ocrx_word' id='word_1_173' title='bbox 2029 1008 2293 1063; x_wconf 83' lang='lat' dir='ltr'><strong>Abraham</strong></span> <span class='ocrx_word' id='word_1_174' title='bbox 2324 1009 2540 1063; x_wconf 79' lang='lat' dir='ltr'><strong>arietem</strong></span> <span class='ocrx_word' id='word_1_175' title='bbox 2569 1010 2703 1061; x_wconf 84' lang='lat' dir='ltr'><strong>inter</strong></span> <span class='ocrx_word' id='word_1_176' title='bbox 2729 1023 2906 1078; x_wconf 82' lang='lat' dir='ltr'><strong>vepres</strong></span> <span class='ocrx_word' id='word_1_177' title='bbox 2932 1007 3207 1063; x_wconf 79' lang='lat' dir='ltr'><strong>hwrentem</strong></span> <span class='ocrx_word' id='word_1_178' title='bbox 3229 1009 3402 1063; x_wconf 82' lang='lat' dir='ltr'><strong>corni-</strong></span> 
     </span>
    </p>
   </div>
   <div class='ocr_carea' id='block_1_25' title="bbox 1805 1100 3011 1171">
    <p class='ocr_par' dir='ltr' id='par_1_25' title="bbox 1805 1100 3011 1171">
     <span class='ocr_line' id='line_1_25' title="bbox 1805 1100 3011 1171; baseline -0.002 -15"><span class='ocrx_word' id='word_1_179' title='bbox 1805 1103 1895 1156; x_wconf 84' lang='lat' dir='ltr'><strong>bus</strong></span> <span class='ocrx_word' id='word_1_180' title='bbox 1924 1101 2080 1171; x_wconf 85' lang='lat' dir='ltr'><strong>(Gen.</strong></span> <span class='ocrx_word' id='word_1_181' title='bbox 2112 1117 2247 1169; x_wconf 81' lang='lat' dir='ltr'><strong>xm,</strong></span> <span class='ocrx_word' id='word_1_182' title='bbox 2278 1100 2388 1171; x_wconf 80' lang='lat' dir='ltr'><strong>i5).</strong></span> <span class='ocrx_word' id='word_1_183' title='bbox 2426 1100 2568 1156; x_wconf 87' lang='lat' dir='ltr'><strong>Inter</strong></span> <span class='ocrx_word' id='word_1_184' title='bbox 2591 1117 2788 1171; x_wconf 80' lang='lat' dir='ltr'><strong>vepres,</strong></span> <span class='ocrx_word' id='word_1_185' title='bbox 2823 1100 3011 1171; x_wconf 85' lang='lat' dir='ltr'><strong>inquit.</strong></span> 
     </span>
    </p>
   </div>
   <div class='ocr_carea' id='block_1_26' title="bbox 1881 1192 3399 1265">
    <p class='ocr_par' dir='ltr' id='par_1_26' title="bbox 1881 1192 3399 1265">
     <span class='ocr_line' id='line_1_26' title="bbox 1881 1192 3399 1265; baseline 0.002 -17"><span class='ocrx_word' id='word_1_186' title='bbox 1881 1193 2009 1249; x_wconf 80' lang='lat' dir='ltr'><strong>Vill.</strong></span> <span class='ocrx_word' id='word_1_187' title='bbox 2046 1194 2406 1265; x_wconf 86' lang='lat' dir='ltr'><strong>Requiramus</strong></span> <span class='ocrx_word' id='word_1_188' title='bbox 2431 1210 2550 1264; x_wconf 70' lang='lat' dir='ltr'><strong>qua:</strong></span> <span class='ocrx_word' id='word_1_189' title='bbox 2583 1195 2685 1249; x_wconf 88' lang='lat' dir='ltr'><strong>ista</strong></span> <span class='ocrx_word' id='word_1_190' title='bbox 2723 1196 2793 1249; x_wconf 86' lang='lat' dir='ltr'><strong>sit</strong></span> <span class='ocrx_word' id='word_1_191' title='bbox 2824 1194 3034 1248; x_wconf 89' lang='lat' dir='ltr'><strong>novitas</strong></span> <span class='ocrx_word' id='word_1_192' title='bbox 3064 1210 3078 1247; x_wconf 90' lang='lat'><strong>:</strong></span> <span class='ocrx_word' id='word_1_193' title='bbox 3114 1192 3165 1249; x_wconf 90' lang='lat' dir='ltr'><strong>id</strong></span> <span class='ocrx_word' id='word_1_194' title='bbox 3196 1203 3309 1261; x_wconf 90' lang='lat' dir='ltr'><strong>est,</strong></span> <span class='ocrx_word' id='word_1_195' title='bbox 3345 1195 3399 1251; x_wconf 90' lang='lat' dir='ltr'><strong>in</strong></span> 
     </span>
    </p>
   </div>
   <div class='ocr_carea' id='block_1_27' title="bbox 1804 1286 3398 1358">
    <p class='ocr_par' dir='ltr' id='par_1_27' title="bbox 1804 1286 3398 1358">
     <span class='ocr_line' id='line_1_27' title="bbox 1804 1286 3398 1358; baseline 0.001 -18"><span class='ocrx_word' id='word_1_196' title='bbox 1804 1286 2148 1343; x_wconf 83' lang='lat' dir='ltr'><strong>multitudine</strong></span> <span class='ocrx_word' id='word_1_197' title='bbox 2181 1288 2649 1343; x_wconf 78' lang='lat' dir='ltr'><strong>circumStantium</strong></span> <span class='ocrx_word' id='word_1_198' title='bbox 2684 1296 3058 1358; x_wconf 87' lang='lat' dir='ltr'><strong>peccatorum.</strong></span> <span class='ocrx_word' id='word_1_199' title='bbox 3102 1286 3398 1342; x_wconf 73' lang='lat' dir='ltr'><strong>timentem</strong></span> 
     </span>
    </p>
   </div>
   <div class='ocr_carea' id='block_1_28' title="bbox 1801 1377 3398 1445">
    <p class='ocr_par' dir='ltr' id='par_1_28' title="bbox 1801 1377 3398 1445">
     <span class='ocr_line' id='line_1_28' title="bbox 1801 1377 3398 1445; baseline 0.003 -14"><span class='ocrx_word' id='word_1_200' title='bbox 1801 1377 2041 1431; x_wconf 83' lang='lat' dir='ltr'><strong>cornibus</strong></span> <span class='ocrx_word' id='word_1_201' title='bbox 2071 1394 2088 1430; x_wconf 91' lang='lat'><strong><em>:</em></strong></span> <span class='ocrx_word' id='word_1_202' title='bbox 2118 1378 2170 1433; x_wconf 89' lang='lat' dir='ltr'><strong>id</strong></span> <span class='ocrx_word' id='word_1_203' title='bbox 2199 1386 2317 1445; x_wconf 84' lang='lat' dir='ltr'><strong>est,</strong></span> <span class='ocrx_word' id='word_1_204' title='bbox 2351 1381 2417 1435; x_wconf 87' lang='lat' dir='ltr'><strong>ad</strong></span> <span class='ocrx_word' id='word_1_205' title='bbox 2459 1380 2638 1435; x_wconf 91' lang='lat' dir='ltr'><strong>crucis</strong></span> <span class='ocrx_word' id='word_1_206' title='bbox 2668 1394 2874 1435; x_wconf 88' lang='lat' dir='ltr'><strong>cornua</strong></span> <span class='ocrx_word' id='word_1_207' title='bbox 2911 1380 3188 1435; x_wconf 87' lang='lat' dir='ltr'><strong>clavorqu</strong></span> <span class='ocrx_word' id='word_1_208' title='bbox 3225 1382 3398 1437; x_wconf 90' lang='lat' dir='ltr'><strong>cruci-</strong></span> 
     </span>
    </p>
   </div>
   <div class='ocr_carea' id='block_1_29' title="bbox 1799 1472 3393 1544">
    <p class='ocr_par' dir='ltr' id='par_1_29' title="bbox 1799 1472 3393 1544">
     <span class='ocr_line' id='line_1_29' title="bbox 1799 1472 3393 1544; baseline 0.001 -17"><span class='ocrx_word' id='word_1_209' title='bbox 1799 1472 1998 1529; x_wconf 84' lang='lat' dir='ltr'><strong>ﬁxione</strong></span> <span class='ocrx_word' id='word_1_210' title='bbox 2027 1472 2355 1543; x_wconf 89' lang='lat' dir='ltr'><strong>pendentem</strong></span> <span class='ocrx_word' id='word_1_211' title='bbox 2383 1491 2398 1529; x_wconf 88' lang='lat'>:</span> <span class='ocrx_word' id='word_1_212' title='bbox 2427 1476 2570 1529; x_wconf 89' lang='lat' dir='ltr'><strong>sicut</strong></span> <span class='ocrx_word' id='word_1_213' title='bbox 2597 1475 2648 1529; x_wconf 93' lang='lat' dir='ltr'><strong>in</strong></span> <span class='ocrx_word' id='word_1_214' title='bbox 2675 1474 2783 1529; x_wconf 89' lang='lat' dir='ltr'><strong>alio</strong></span> <span class='ocrx_word' id='word_1_215' title='bbox 2812 1474 2934 1530; x_wconf 93' lang='lat' dir='ltr'><strong>loco</strong></span> <span class='ocrx_word' id='word_1_216' title='bbox 2962 1474 3194 1544; x_wconf 81' lang='lat' dir='ltr'><strong>legimus</strong></span> <span class='ocrx_word' id='word_1_217' title='bbox 3229 1493 3239 1526; x_wconf 90' lang='lat'>:</span> <span class='ocrx_word' id='word_1_218' title='bbox 3266 1474 3393 1529; x_wconf 75' lang='lat' dir='ltr'><strong>(Ior-</strong></span> 
     </span>
    </p>
   </div>
   <div class='ocr_carea' id='block_1_30' title="bbox 1799 1568 3395 1641">
    <p class='ocr_par' dir='ltr' id='par_1_30' title="bbox 1799 1568 3395 1641">
     <span class='ocr_line' id='line_1_30' title="bbox 1799 1568 3395 1641; baseline 0.004 -22"><span class='ocrx_word' id='word_1_219' title='bbox 1799 1584 1902 1622; x_wconf 84' lang='lat' dir='ltr'><strong>nua</strong></span> <span class='ocrx_word' id='word_1_220' title='bbox 1927 1569 1979 1621; x_wconf 88' lang='lat' dir='ltr'><strong>in</strong></span> <span class='ocrx_word' id='word_1_221' title='bbox 2009 1568 2246 1623; x_wconf 80' lang='lat' dir='ltr'><strong>manibus</strong></span> <span class='ocrx_word' id='word_1_222' title='bbox 2267 1572 2379 1641; x_wconf 82' lang='lat' dir='ltr'><strong>ejus</strong></span> <span class='ocrx_word' id='word_1_223' title='bbox 2411 1578 2528 1623; x_wconf 88' lang='lat' dir='ltr'><strong>sunt</strong></span> <span class='ocrx_word' id='word_1_224' title='bbox 2553 1568 2719 1638; x_wconf 89' lang='lat' dir='ltr'><strong>(Hab.</strong></span> <span class='ocrx_word' id='word_1_225' title='bbox 2751 1585 2831 1635; x_wconf 85' lang='lat' dir='ltr'><strong>ut,</strong></span> <span class='ocrx_word' id='word_1_226' title='bbox 2864 1568 2945 1639; x_wconf 76' lang='grc'><strong>4).</strong></span> <span class='ocrx_word' id='word_1_227' title='bbox 2980 1570 3091 1624; x_wconf 92' lang='lat' dir='ltr'><strong>Hoc</strong></span> <span class='ocrx_word' id='word_1_228' title='bbox 3121 1570 3242 1624; x_wconf 90' lang='lat' dir='ltr'><strong>ideo</strong></span> <span class='ocrx_word' id='word_1_229' title='bbox 3272 1570 3395 1639; x_wconf 84' lang='lat' dir='ltr'><strong>quia</strong></span> 
     </span>
    </p>
   </div>
   <div class='ocr_carea' id='block_1_31' title="bbox 1796 1660 3392 1731">
    <p class='ocr_par' dir='ltr' id='par_1_31' title="bbox 1796 1660 3392 1731">
     <span class='ocr_line' id='line_1_31' title="bbox 1796 1660 3392 1731; baseline 0.002 -19"><span class='ocrx_word' id='word_1_230' title='bbox 1796 1660 2136 1716; x_wconf 82' lang='lat' dir='ltr'><strong>venerandus</strong></span> <span class='ocrx_word' id='word_1_231' title='bbox 2160 1676 2353 1716; x_wconf 91' lang='lat' dir='ltr'><strong>manus</strong></span> <span class='ocrx_word' id='word_1_232' title='bbox 2376 1661 2493 1731; x_wconf 83' lang='lat' dir='ltr'><strong>ejus</strong></span> <span class='ocrx_word' id='word_1_233' title='bbox 2520 1661 2746 1730; x_wconf 82' lang='lat' dir='ltr'><strong>patibuli</strong></span> <span class='ocrx_word' id='word_1_234' title='bbox 2773 1660 2993 1715; x_wconf 90' lang='lat' dir='ltr'><strong>brachia</strong></span> <span class='ocrx_word' id='word_1_235' title='bbox 3015 1671 3392 1731; x_wconf 89' lang='lat' dir='ltr'><strong>susceperunt.</strong></span> 
     </span>
    </p>
   </div>
   <div class='ocr_carea' id='block_1_32' title="bbox 1795 1754 3393 1826">
    <p class='ocr_par' dir='ltr' id='par_1_32' title="bbox 1795 1754 3393 1826">
     <span class='ocr_line' id='line_1_32' title="bbox 1795 1754 3393 1826; baseline 0.001 -18"><span class='ocrx_word' id='word_1_236' title='bbox 1795 1754 1942 1810; x_wconf 87' lang='lat' dir='ltr'><strong>Inter</strong></span> <span class='ocrx_word' id='word_1_237' title='bbox 1983 1756 2166 1824; x_wconf 81' lang='lat' dir='ltr'><strong>Spinas</strong></span> <span class='ocrx_word' id='word_1_238' title='bbox 2208 1764 2391 1811; x_wconf 87' lang='lat' dir='ltr'><strong>autem</strong></span> <span class='ocrx_word' id='word_1_239' title='bbox 2437 1755 2729 1825; x_wconf 89' lang='lat' dir='ltr'><strong>deputatus</strong></span> <span class='ocrx_word' id='word_1_240' title='bbox 2772 1764 2888 1820; x_wconf 86' lang='lat' dir='ltr'><strong>est,</strong></span> <span class='ocrx_word' id='word_1_241' title='bbox 2934 1754 3151 1826; x_wconf 85' lang='lat' dir='ltr'><strong>quando</strong></span> <span class='ocrx_word' id='word_1_242' title='bbox 3196 1755 3393 1824; x_wconf 89' lang='lat' dir='ltr'><strong>spineo</strong></span> 
     </span>
    </p>
   </div>
   <div class='ocr_carea' id='block_1_33' title="bbox 134 1846 3389 1919">
    <p class='ocr_par' dir='ltr' id='par_1_33' title="bbox 134 1846 3389 1919">
     <span class='ocr_line' id='line_1_33' title="bbox 134 1846 3389 1919; baseline 0.001 -18"><span class='ocrx_word' id='word_1_243' title='bbox 134 1848 230 1902; x_wconf 85' lang='lat' dir='ltr'><strong>dum</strong></span> <span class='ocrx_word' id='word_1_244' title='bbox 248 1848 570 1915; x_wconf 87' lang='lat' dir='ltr'><strong>ascenderis,</strong></span> <span class='ocrx_word' id='word_1_245' title='bbox 599 1863 705 1904; x_wconf 91' lang='lat' dir='ltr'><strong>non</strong></span> <span class='ocrx_word' id='word_1_246' title='bbox 731 1847 1075 1904; x_wconf 89' lang='lat' dir='ltr'><strong>claudantur.</strong></span> <span class='ocrx_word' id='word_1_247' title='bbox 1103 1847 1180 1903; x_wconf 92' lang='lat' dir='ltr'><strong>Tu</strong></span> <span class='ocrx_word' id='word_1_248' title='bbox 1207 1848 1356 1903; x_wconf 88' lang='lat' dir='ltr'><strong>solus</strong></span> <span class='ocrx_word' id='word_1_249' title='bbox 1379 1849 1686 1917; x_wconf 89' lang='lat' dir='ltr'><strong>caputdra-</strong></span> <span class='ocrx_word' id='word_1_250' title='bbox 1714 1846 1762 1907; x_wconf 90' lang='lat' dir='ltr'><strong>B</strong></span> <span class='ocrx_word' id='word_1_251' title='bbox 1792 1858 1938 1904; x_wconf 82' lang='lat' dir='ltr'><strong>serto</strong></span> <span class='ocrx_word' id='word_1_252' title='bbox 1978 1849 2303 1905; x_wconf 70' lang='lat' dir='ltr'><strong>innocentia:</strong></span> <span class='ocrx_word' id='word_1_253' title='bbox 2344 1860 2398 1904; x_wconf 90' lang='lat' dir='ltr'><strong>et</strong></span> <span class='ocrx_word' id='word_1_254' title='bbox 2431 1849 2658 1919; x_wconf 74' lang='lat' dir='ltr'><strong>iustitia:</strong></span> <span class='ocrx_word' id='word_1_255' title='bbox 2690 1856 2880 1904; x_wconf 90' lang='lat' dir='ltr'><strong>auctor</strong></span> <span class='ocrx_word' id='word_1_256' title='bbox 2913 1848 3108 1904; x_wconf 87' lang='lat' dir='ltr'><strong>illusus</strong></span> <span class='ocrx_word' id='word_1_257' title='bbox 3136 1857 3239 1903; x_wconf 89' lang='lat' dir='ltr'><strong>est.</strong></span> <span class='ocrx_word' id='word_1_258' title='bbox 3284 1847 3389 1904; x_wconf 85' lang='lat' dir='ltr'><strong>Sed</strong></span> 
     </span>
    </p>
   </div>
   <div class='ocr_carea' id='block_1_34' title="bbox 138 1942 1685 2012">
    <p class='ocr_par' dir='ltr' id='par_1_34' title="bbox 138 1942 1685 2012">
     <span class='ocr_line' id='line_1_34' title="bbox 138 1942 1685 2012; baseline 0.002 -18"><span class='ocrx_word' id='word_1_259' title='bbox 138 1943 257 1996; x_wconf 84' lang='lat' dir='ltr'><strong>eonis</strong></span> <span class='ocrx_word' id='word_1_260' title='bbox 272 1942 639 1997; x_wconf 88' lang='lat' dir='ltr'><strong>comminuere</strong></span> <span class='ocrx_word' id='word_1_261' title='bbox 662 1942 907 2012; x_wconf 87' lang='lat' dir='ltr'><strong>potuisti,</strong></span> <span class='ocrx_word' id='word_1_262' title='bbox 941 1950 998 1997; x_wconf 89' lang='lat' dir='ltr'><strong>tu</strong></span> <span class='ocrx_word' id='word_1_263' title='bbox 1024 1951 1210 2009; x_wconf 85' lang='lat' dir='ltr'><strong>portas</strong></span> <span class='ocrx_word' id='word_1_264' title='bbox 1232 1957 1404 1998; x_wconf 83' lang='lat' dir='ltr'><strong>aereas</strong></span> <span class='ocrx_word' id='word_1_265' title='bbox 1427 1953 1482 1997; x_wconf 90' lang='lat' dir='ltr'><strong>et</strong></span> <span class='ocrx_word' id='word_1_266' title='bbox 1501 1952 1685 1998; x_wconf 85' lang='lat' dir='ltr'><strong>vectes</strong></span> 
     </span>
    </p>
   </div>
   <div class='ocr_carea' id='block_1_35' title="bbox 134 2034 1684 2104">
    <p class='ocr_par' dir='ltr' id='par_1_35' title="bbox 134 2034 1684 2104">
     <span class='ocr_line' id='line_1_35' title="bbox 134 2034 1684 2104; baseline 0.003 -20"><span class='ocrx_word' id='word_1_267' title='bbox 134 2034 298 2090; x_wconf 77' lang='lat' dir='ltr'><strong>ferreos</strong></span> <span class='ocrx_word' id='word_1_268' title='bbox 312 2034 531 2090; x_wconf 84' lang='lat' dir='ltr'><strong>valuisti</strong></span> <span class='ocrx_word' id='word_1_269' title='bbox 551 2044 857 2089; x_wconf 87' lang='lat' dir='ltr'><strong>conterere.</strong></span> <span class='ocrx_word' id='word_1_270' title='bbox 884 2034 1088 2099; x_wconf 88' lang='lat' dir='ltr'><strong>Pateat,</strong></span> <span class='ocrx_word' id='word_1_271' title='bbox 1106 2049 1437 2103; x_wconf 66' lang='lat' dir='ltr'><strong>quaesumus,</strong></span> <span class='ocrx_word' id='word_1_272' title='bbox 1459 2050 1684 2104; x_wconf 88' lang='lat' dir='ltr'><strong>precan-</strong></span> 
     </span>
    </p>
   </div>
   <div class='ocr_carea' id='block_1_36' title="bbox 134 2125 1683 2197">
    <p class='ocr_par' dir='ltr' id='par_1_36' title="bbox 134 2125 1683 2197">
     <span class='ocr_line' id='line_1_36' title="bbox 134 2125 1683 2197; baseline 0.005 -22"><span class='ocrx_word' id='word_1_273' title='bbox 134 2125 404 2194; x_wconf 79' lang='lat' dir='ltr'><strong>tibusjanua</strong></span> <span class='ocrx_word' id='word_1_274' title='bbox 428 2146 440 2182; x_wconf 87' lang='lat'><strong><em>:</em></strong></span> <span class='ocrx_word' id='word_1_275' title='bbox 464 2128 551 2181; x_wconf 77' lang='lat' dir='ltr'><strong>lux</strong></span> <span class='ocrx_word' id='word_1_276' title='bbox 578 2144 686 2183; x_wconf 91' lang='lat' dir='ltr'><strong>non</strong></span> <span class='ocrx_word' id='word_1_277' title='bbox 714 2127 853 2182; x_wconf 87' lang='lat' dir='ltr'><strong>desit</strong></span> <span class='ocrx_word' id='word_1_278' title='bbox 884 2128 998 2196; x_wconf 86' lang='lat' dir='ltr'><strong>pia:</strong></span> <span class='ocrx_word' id='word_1_279' title='bbox 1022 2129 1137 2181; x_wconf 77' lang='lat' dir='ltr'><strong>etsi</strong></span> <span class='ocrx_word' id='word_1_280' title='bbox 1158 2128 1385 2182; x_wconf 84' lang='lat' dir='ltr'><strong>redieris</strong></span> <span class='ocrx_word' id='word_1_281' title='bbox 1405 2128 1471 2183; x_wconf 90' lang='lat' dir='ltr'><strong>ad</strong></span> <span class='ocrx_word' id='word_1_282' title='bbox 1489 2144 1683 2197; x_wconf 79' lang='lat' dir='ltr'><strong>corpus</strong></span> 
     </span>
    </p>
   </div>
   <div class='ocr_carea' id='block_1_37' title="bbox 131 2218 1607 2289">
    <p class='ocr_par' dir='ltr' id='par_1_37' title="bbox 131 2218 1607 2289">
     <span class='ocr_line' id='line_1_37' title="bbox 131 2218 1607 2289; baseline 0.003 -23"><span class='ocrx_word' id='word_1_283' title='bbox 131 2218 363 2285; x_wconf 77' lang='lat' dir='ltr'><strong>majestate</strong></span> <span class='ocrx_word' id='word_1_284' title='bbox 398 2232 486 2273; x_wconf 90' lang='lat' dir='ltr'><strong>tua</strong></span> <span class='ocrx_word' id='word_1_285' title='bbox 507 2261 522 2281; x_wconf 90' lang='lat'><strong>,</strong></span> <span class='ocrx_word' id='word_1_286' title='bbox 551 2236 655 2273; x_wconf 91' lang='lat' dir='ltr'><strong>non</strong></span> <span class='ocrx_word' id='word_1_287' title='bbox 692 2221 934 2287; x_wconf 87' lang='lat' dir='ltr'><strong>privetur</strong></span> <span class='ocrx_word' id='word_1_288' title='bbox 958 2219 1199 2274; x_wconf 85' lang='lat' dir='ltr'><strong>infernus</strong></span> <span class='ocrx_word' id='word_1_289' title='bbox 1229 2222 1463 2289; x_wconf 88' lang='lat' dir='ltr'><strong>potentia</strong></span> <span class='ocrx_word' id='word_1_290' title='bbox 1501 2231 1607 2274; x_wconf 86' lang='lat' dir='ltr'><strong>tua.</strong></span> 
     </span>
    </p>
   </div>
   <div class='ocr_carea' id='block_1_38' title="bbox 190 2310 1681 2383">
    <p class='ocr_par' dir='ltr' id='par_1_38' title="bbox 190 2310 1681 2383">
     <span class='ocr_line' id='line_1_38' title="bbox 190 2310 1681 2383; baseline 0.003 -21"><span class='ocrx_word' id='word_1_291' title='bbox 190 2310 255 2363; x_wconf 75' lang='lat' dir='ltr'><strong>Vl.</strong></span> <span class='ocrx_word' id='word_1_292' title='bbox 282 2311 407 2366; x_wconf 78' lang='lat' dir='ltr'><strong>Post</strong></span> <span class='ocrx_word' id='word_1_293' title='bbox 447 2312 665 2368; x_wconf 83' lang='lat' dir='ltr'><strong>auditas</strong></span> <span class='ocrx_word' id='word_1_294' title='bbox 712 2313 896 2382; x_wconf 83' lang='lat' dir='ltr'><strong>itaque</strong></span> <span class='ocrx_word' id='word_1_295' title='bbox 940 2327 1167 2381; x_wconf 77' lang='lat' dir='ltr'><strong>preces,</strong></span> <span class='ocrx_word' id='word_1_296' title='bbox 1205 2324 1324 2383; x_wconf 90' lang='lat' dir='ltr'><strong>post</strong></span> <span class='ocrx_word' id='word_1_297' title='bbox 1350 2316 1681 2381; x_wconf 82' lang='lat' dir='ltr'><strong>compositas</strong></span> 
     </span>
    </p>
   </div>
   <div class='ocr_carea' id='block_1_39' title="bbox 127 2404 1680 2476">
    <p class='ocr_par' dir='ltr' id='par_1_39' title="bbox 127 2404 1680 2476">
     <span class='ocr_line' id='line_1_39' title="bbox 127 2404 1680 2476; baseline 0.005 -21"><span class='ocrx_word' id='word_1_298' title='bbox 127 2404 262 2472; x_wconf 85' lang='lat' dir='ltr'><strong>leges,</strong></span> <span class='ocrx_word' id='word_1_299' title='bbox 281 2416 398 2475; x_wconf 86' lang='lat' dir='ltr'><strong>post</strong></span> <span class='ocrx_word' id='word_1_300' title='bbox 421 2404 709 2461; x_wconf 83' lang='lat' dir='ltr'><strong>demersos</strong></span> <span class='ocrx_word' id='word_1_301' title='bbox 736 2407 787 2459; x_wconf 93' lang='lat' dir='ltr'><strong>in</strong></span> <span class='ocrx_word' id='word_1_302' title='bbox 811 2407 936 2461; x_wconf 70' lang='lat' dir='ltr'><strong>altae</strong></span> <span class='ocrx_word' id='word_1_303' title='bbox 960 2408 1231 2476; x_wconf 82' lang='lat' dir='ltr'><strong>voraginis</strong></span> <span class='ocrx_word' id='word_1_304' title='bbox 1256 2407 1400 2463; x_wconf 89' lang='lat' dir='ltr'><strong>fossa</strong></span> <span class='ocrx_word' id='word_1_305' title='bbox 1425 2418 1680 2473; x_wconf 88' lang='lat' dir='ltr'><strong>tortores,</strong></span> 
     </span>
    </p>
   </div>
   <div class='ocr_carea' id='block_1_40' title="bbox 105 2495 1683 2569">
    <p class='ocr_par' dir='ltr' id='par_1_40' title="bbox 105 2495 1683 2569">
     <span class='ocr_line' id='line_1_40' title="bbox 105 2495 1683 2569; baseline 0.004 -18"><span class='ocrx_word' id='word_1_306' title='bbox 105 2508 199 2551; x_wconf 79' lang='lat' dir='ltr'><strong>.rex</strong></span> <span class='ocrx_word' id='word_1_307' title='bbox 220 2505 390 2551; x_wconf 90' lang='lat' dir='ltr'><strong>uoster</strong></span> <span class='ocrx_word' id='word_1_308' title='bbox 420 2495 581 2553; x_wconf 89' lang='lat' dir='ltr'><strong>hodie</strong></span> <span class='ocrx_word' id='word_1_309' title='bbox 611 2496 680 2552; x_wconf 90' lang='lat' dir='ltr'><strong>de</strong></span> <span class='ocrx_word' id='word_1_310' title='bbox 710 2497 902 2554; x_wconf 84' lang='lat' dir='ltr'><strong>inferis</strong></span> <span class='ocrx_word' id='word_1_311' title='bbox 935 2498 1297 2569; x_wconf 84' lang='lat' dir='ltr'><strong>triumphator</strong></span> <span class='ocrx_word' id='word_1_312' title='bbox 1323 2508 1378 2555; x_wconf 89' lang='lat' dir='ltr'><strong>et</strong></span> <span class='ocrx_word' id='word_1_313' title='bbox 1409 2500 1683 2557; x_wconf 83' lang='lat' dir='ltr'><strong>laureatos</strong></span> 
     </span>
    </p>
   </div>
   <div class='ocr_carea' id='block_1_41' title="bbox 123 2586 1680 2651">
    <p class='ocr_par' dir='ltr' id='par_1_41' title="bbox 123 2586 1680 2651">
     <span class='ocr_line' id='line_1_41' title="bbox 123 2586 1680 2651; baseline 0.004 -12"><span class='ocrx_word' id='word_1_314' title='bbox 123 2586 271 2651; x_wconf 82' lang='lat' dir='ltr'><strong>exivit,</strong></span> <span class='ocrx_word' id='word_1_315' title='bbox 295 2604 393 2645; x_wconf 86' lang='lat' dir='ltr'><strong>nec</strong></span> <span class='ocrx_word' id='word_1_316' title='bbox 414 2588 769 2644; x_wconf 87' lang='lat' dir='ltr'><strong>candidatum</strong></span> <span class='ocrx_word' id='word_1_317' title='bbox 791 2588 1031 2644; x_wconf 86' lang='lat' dir='ltr'><strong>ofﬁcium</strong></span> <span class='ocrx_word' id='word_1_318' title='bbox 1057 2589 1227 2646; x_wconf 88' lang='lat' dir='ltr'><strong>deluit</strong></span> <span class='ocrx_word' id='word_1_319' title='bbox 1255 2607 1268 2643; x_wconf 87' lang='lat'><strong>:</strong></span> <span class='ocrx_word' id='word_1_320' title='bbox 1292 2591 1388 2646; x_wconf 90' lang='lat' dir='ltr'><strong>sed</strong></span> <span class='ocrx_word' id='word_1_321' title='bbox 1416 2590 1537 2647; x_wconf 70' lang='lat' dir='ltr'><strong>laeta</strong></span> <span class='ocrx_word' id='word_1_322' title='bbox 1560 2607 1680 2646; x_wconf 90' lang='lat' dir='ltr'><strong>cum</strong></span> 
     </span>
    </p>
   </div>
   <div class='ocr_carea' id='block_1_42' title="bbox 122 2678 1685 2754">
    <p class='ocr_par' dir='ltr' id='par_1_42' title="bbox 122 2678 1685 2754">
     <span class='ocr_line' id='line_1_42' title="bbox 122 2678 1685 2754; baseline 0.005 -21"><span class='ocrx_word' id='word_1_323' title='bbox 122 2678 324 2751; x_wconf 86' lang='lat' dir='ltr'><strong>principe</strong></span> <span class='ocrx_word' id='word_1_324' title='bbox 348 2697 479 2748; x_wconf 88' lang='lat' dir='ltr'><strong>suo,</strong></span> <span class='ocrx_word' id='word_1_325' title='bbox 504 2683 686 2739; x_wconf 92' lang='lat' dir='ltr'><strong>omnis</strong></span> <span class='ocrx_word' id='word_1_326' title='bbox 716 2683 1001 2739; x_wconf 89' lang='lat' dir='ltr'><strong>beatorum</strong></span> <span class='ocrx_word' id='word_1_327' title='bbox 1046 2684 1206 2739; x_wconf 87' lang='lat' dir='ltr'><strong>turba</strong></span> <span class='ocrx_word' id='word_1_328' title='bbox 1237 2686 1504 2754; x_wconf 88' lang='lat' dir='ltr'><strong>processit</strong></span> <span class='ocrx_word' id='word_1_329' title='bbox 1532 2704 1544 2739; x_wconf 88' lang='lat'><strong>:</strong></span> <span class='ocrx_word' id='word_1_330' title='bbox 1580 2686 1685 2741; x_wconf 84' lang='lat' dir='ltr'><strong>sic-</strong></span> 
     </span>
    </p>
   </div>
   <div class='ocr_carea' id='block_1_43' title="bbox 120 2771 1679 2849">
    <p class='ocr_par' dir='ltr' id='par_1_43' title="bbox 120 2771 1679 2849">
     <span class='ocr_line' id='line_1_43' title="bbox 120 2771 1679 2849; baseline 0.007 -27"><span class='ocrx_word' id='word_1_331' title='bbox 120 2780 162 2822; x_wconf 91' lang='lat' dir='ltr'><strong>ut</strong></span> <span class='ocrx_word' id='word_1_332' title='bbox 186 2771 232 2825; x_wconf 90' lang='lat' dir='ltr'><strong>in</strong></span> <span class='ocrx_word' id='word_1_333' title='bbox 261 2772 554 2844; x_wconf 83' lang='lat' dir='ltr'><strong>Evangelio</strong></span> <span class='ocrx_word' id='word_1_334' title='bbox 600 2776 869 2843; x_wconf 89' lang='lat' dir='ltr'><strong>scriptum</strong></span> <span class='ocrx_word' id='word_1_335' title='bbox 897 2785 978 2831; x_wconf 89' lang='lat' dir='ltr'><strong>est</strong></span> <span class='ocrx_word' id='word_1_336' title='bbox 1013 2793 1026 2831; x_wconf 92' lang='lat'><strong>:</strong></span> <span class='ocrx_word' id='word_1_337' title='bbox 1082 2777 1215 2841; x_wconf 83' lang='lat' dir='ltr'><strong>Quia</strong></span> <span class='ocrx_word' id='word_1_338' title='bbox 1247 2788 1540 2849; x_wconf 80' lang='lat' dir='ltr'><strong>resurgente</strong></span> <span class='ocrx_word' id='word_1_339' title='bbox 1567 2777 1679 2833; x_wconf 87' lang='lat' dir='ltr'><strong>Do-</strong></span> 
     </span>
    </p>
   </div>
   <div class='ocr_carea' id='block_1_44' title="bbox 118 2864 1681 2937">
    <p class='ocr_par' dir='ltr' id='par_1_44' title="bbox 118 2864 1681 2937">
     <span class='ocr_line' id='line_1_44' title="bbox 118 2864 1681 2937; baseline 0.008 -25"><span class='ocrx_word' id='word_1_340' title='bbox 118 2864 247 2927; x_wconf 79' lang='lat' dir='ltr'><strong>mino,</strong></span> <span class='ocrx_word' id='word_1_341' title='bbox 272 2864 437 2918; x_wconf 66' lang='lat' dir='ltr'><strong>nauita</strong></span> <span class='ocrx_word' id='word_1_342' title='bbox 466 2882 695 2934; x_wconf 75' lang='lat' dir='ltr'><strong>corpora</strong></span> <span class='ocrx_word' id='word_1_343' title='bbox 725 2874 1023 2921; x_wconf 81' lang='lat' dir='ltr'><strong>sanctorum</strong></span> <span class='ocrx_word' id='word_1_344' title='bbox 1049 2869 1137 2937; x_wconf 86' lang='lat' dir='ltr'><strong>qui</strong></span> <span class='ocrx_word' id='word_1_345' title='bbox 1170 2868 1483 2923; x_wconf 82' lang='lat' dir='ltr'><strong>dormierunt</strong></span> <span class='ocrx_word' id='word_1_346' title='bbox 1508 2886 1681 2924; x_wconf 83' lang='lat' dir='ltr'><strong>resur-</strong></span> 
     </span>
    </p>
   </div>
   <div class='ocr_carea' id='block_1_45' title="bbox 116 2960 1681 3032">
    <p class='ocr_par' dir='ltr' id='par_1_45' title="bbox 116 2960 1681 3032">
     <span class='ocr_line' id='line_1_45' title="bbox 116 2960 1681 3032; baseline 0.004 -24"><span class='ocrx_word' id='word_1_347' title='bbox 116 2967 323 3009; x_wconf 72' lang='lat' dir='ltr'><strong>raeruut</strong></span> <span class='ocrx_word' id='word_1_348' title='bbox 360 2974 483 3011; x_wconf 79' lang='lat' dir='ltr'><strong>cum</strong></span> <span class='ocrx_word' id='word_1_349' title='bbox 524 2974 583 3013; x_wconf 90' lang='lat' dir='ltr'><strong>eo</strong></span> <span class='ocrx_word' id='word_1_350' title='bbox 629 2974 647 3011; x_wconf 92' lang='lat'><em>:</em></span> <span class='ocrx_word' id='word_1_351' title='bbox 684 2967 733 3012; x_wconf 87' lang='lat' dir='ltr'><strong>et</strong></span> <span class='ocrx_word' id='word_1_352' title='bbox 781 2969 1023 3014; x_wconf 68' lang='lat' dir='ltr'><strong>exeuntes</strong></span> <span class='ocrx_word' id='word_1_353' title='bbox 1066 2960 1131 3013; x_wconf 84' lang='lat' dir='ltr'><strong>de</strong></span> <span class='ocrx_word' id='word_1_354' title='bbox 1171 2962 1520 3015; x_wconf 77' lang='lat' dir='ltr'><strong>monumentis</strong></span> <span class='ocrx_word' id='word_1_355' title='bbox 1568 2971 1681 3032; x_wconf 80' lang='lat' dir='ltr'><strong>post</strong></span> 
     </span>
    </p>
   </div>
   <div class='ocr_carea' id='block_1_46' title="bbox 116 3049 1681 3118">
    <p class='ocr_par' dir='ltr' id='par_1_46' title="bbox 116 3049 1681 3118">
     <span class='ocr_line' id='line_1_46' title="bbox 116 3049 1681 3118; baseline 0.007 -23"><span class='ocrx_word' id='word_1_356' title='bbox 116 3049 508 3103; x_wconf 73' lang='lat' dir='ltr'><strong>resurrectionem</strong></span> <span class='ocrx_word' id='word_1_357' title='bbox 532 3050 669 3118; x_wconf 76' lang='lat' dir='ltr'><strong>ejus,</strong></span> <span class='ocrx_word' id='word_1_358' title='bbox 704 3060 949 3104; x_wconf 86' lang='lat' dir='ltr'><strong>venerunt</strong></span> <span class='ocrx_word' id='word_1_359' title='bbox 975 3051 1028 3105; x_wconf 86' lang='lat' dir='ltr'><strong>in</strong></span> <span class='ocrx_word' id='word_1_360' title='bbox 1054 3061 1289 3106; x_wconf 80' lang='lat' dir='ltr'><strong>sanctam</strong></span> <span class='ocrx_word' id='word_1_361' title='bbox 1317 3053 1596 3118; x_wconf 84' lang='lat' dir='ltr'><strong>ciuitatem,</strong></span> <span class='ocrx_word' id='word_1_362' title='bbox 1633 3064 1681 3107; x_wconf 91' lang='lat' dir='ltr'><strong>et</strong></span> 
     </span>
    </p>
   </div>
   <div class='ocr_carea' id='block_1_47' title="bbox 110 3139 1682 3216">
    <p class='ocr_par' dir='ltr' id='par_1_47' title="bbox 110 3139 1682 3216">
     <span class='ocr_line' id='line_1_47' title="bbox 110 3139 1682 3216; baseline 0.004 -23"><span class='ocrx_word' id='word_1_363' title='bbox 110 3151 438 3206; x_wconf 76' lang='lat' dir='ltr'><strong>apparuerunt</strong></span> <span class='ocrx_word' id='word_1_364' title='bbox 467 3141 649 3195; x_wconf 78' lang='lat' dir='ltr'><strong>multis</strong></span> <span class='ocrx_word' id='word_1_365' title='bbox 682 3139 899 3213; x_wconf 76' lang='lat' dir='ltr'><strong>(Matth.</strong></span> <span class='ocrx_word' id='word_1_366' title='bbox 938 3158 1093 3198; x_wconf 79' lang='lat' dir='ltr'><strong>xxvn</strong></span> <span class='ocrx_word' id='word_1_367' title='bbox 1115 3183 1131 3210; x_wconf 92' lang='lat'><strong>,</strong></span> <span class='ocrx_word' id='word_1_368' title='bbox 1162 3144 1262 3209; x_wconf 77' lang='lat'><strong>52,</strong></span> <span class='ocrx_word' id='word_1_369' title='bbox 1295 3144 1407 3216; x_wconf 75' lang='lat'><strong>53).</strong></span> <span class='ocrx_word' id='word_1_370' title='bbox 1438 3144 1682 3215; x_wconf 84' lang='lat' dir='ltr'><strong>Repedat</strong></span> 
     </span>
    </p>
   </div>
   <div class='ocr_carea' id='block_1_48' title="bbox 1790 1938 3389 2011">
    <p class='ocr_par' dir='ltr' id='par_1_48' title="bbox 1790 1938 3389 2011">
     <span class='ocr_line' id='line_1_48' title="bbox 1790 1938 3389 2011; baseline 0.001 -18"><span class='ocrx_word' id='word_1_371' title='bbox 1790 1940 1935 1995; x_wconf 85' lang='lat' dir='ltr'><strong>aliud</strong></span> <span class='ocrx_word' id='word_1_372' title='bbox 1966 1941 2327 2011; x_wconf 89' lang='lat' dir='ltr'><strong>introspicere</strong></span> <span class='ocrx_word' id='word_1_373' title='bbox 2355 1940 2639 2008; x_wconf 85' lang='lat' dir='ltr'><strong>debemus,</strong></span> <span class='ocrx_word' id='word_1_374' title='bbox 2666 1941 2922 2011; x_wconf 88' lang='lat' dir='ltr'><strong>quidnam</strong></span> <span class='ocrx_word' id='word_1_375' title='bbox 2950 1940 3041 2006; x_wconf 91' lang='lat' dir='ltr'><strong>sit,</strong></span> <span class='ocrx_word' id='word_1_376' title='bbox 3070 1938 3213 2011; x_wconf 90' lang='lat' dir='ltr'><strong>quod</strong></span> <span class='ocrx_word' id='word_1_377' title='bbox 3241 1940 3389 1995; x_wconf 80' lang='lat' dir='ltr'><strong>Isaac</strong></span> 
     </span>
    </p>
   </div>
   <div class='ocr_carea' id='block_1_49' title="bbox 1789 2032 3389 2102">
    <p class='ocr_par' dir='ltr' id='par_1_49' title="bbox 1789 2032 3389 2102">
     <span class='ocr_line' id='line_1_49' title="bbox 1789 2032 3389 2102; baseline 0 -17"><span class='ocrx_word' id='word_1_378' title='bbox 1789 2049 1817 2085; x_wconf 87' lang='lat' dir='ltr'><strong>a</strong></span> <span class='ocrx_word' id='word_1_379' title='bbox 1852 2042 2008 2102; x_wconf 88' lang='lat' dir='ltr'><strong>patre</strong></span> <span class='ocrx_word' id='word_1_380' title='bbox 2039 2033 2302 2088; x_wconf 79' lang='lat' dir='ltr'><strong>altaribus</strong></span> <span class='ocrx_word' id='word_1_381' title='bbox 2329 2033 2671 2098; x_wconf 79' lang='lat' dir='ltr'><strong>admovetur,</strong></span> <span class='ocrx_word' id='word_1_382' title='bbox 2711 2047 2773 2087; x_wconf 89' lang='lat' dir='ltr'><strong>ac</strong></span> <span class='ocrx_word' id='word_1_383' title='bbox 2810 2032 2991 2087; x_wconf 91' lang='lat' dir='ltr'><strong>subito</strong></span> <span class='ocrx_word' id='word_1_384' title='bbox 3021 2032 3163 2087; x_wconf 90' lang='lat' dir='ltr'><strong>aries</strong></span> <span class='ocrx_word' id='word_1_385' title='bbox 3194 2047 3293 2102; x_wconf 90' lang='lat' dir='ltr'><strong>pro</strong></span> <span class='ocrx_word' id='word_1_386' title='bbox 3323 2048 3389 2085; x_wconf 78' lang='lat' dir='ltr'><strong>eo</strong></span> 
     </span>
    </p>
   </div>
   <div class='ocr_carea' id='block_1_50' title="bbox 1790 2125 3389 2195">
    <p class='ocr_par' dir='ltr' id='par_1_50' title="bbox 1790 2125 3389 2195">
     <span class='ocr_line' id='line_1_50' title="bbox 1790 2125 3389 2195; baseline 0.001 -15"><span class='ocrx_word' id='word_1_387' title='bbox 1790 2139 1894 2181; x_wconf 73' lang='lat' dir='ltr'><strong>non</strong></span> <span class='ocrx_word' id='word_1_388' title='bbox 1924 2136 2147 2185; x_wconf 80' lang='lat' dir='ltr'><strong>mutata.</strong></span> <span class='ocrx_word' id='word_1_389' title='bbox 2184 2126 2278 2180; x_wconf 88' lang='lat' dir='ltr'><strong>sed</strong></span> <span class='ocrx_word' id='word_1_390' title='bbox 2308 2126 2578 2195; x_wconf 69' lang='lat' dir='ltr'><strong>duplicata</strong></span> <span class='ocrx_word' id='word_1_391' title='bbox 2602 2126 2881 2181; x_wconf 87' lang='lat' dir='ltr'><strong>oblatione</strong></span> <span class='ocrx_word' id='word_1_392' title='bbox 2906 2128 3249 2194; x_wconf 85' lang='lat' dir='ltr'><strong>supponitur.</strong></span> <span class='ocrx_word' id='word_1_393' title='bbox 3286 2125 3389 2181; x_wconf 87' lang='lat' dir='ltr'><strong>Ge-</strong></span> 
     </span>
    </p>
   </div>
   <div class='ocr_carea' id='block_1_51' title="bbox 1790 2217 3383 2285">
    <p class='ocr_par' dir='ltr' id='par_1_51' title="bbox 1790 2217 3383 2285">
     <span class='ocr_line' id='line_1_51' title="bbox 1790 2217 3383 2285; baseline -0.003 -12"><span class='ocrx_word' id='word_1_394' title='bbox 1790 2222 1929 2273; x_wconf 86' lang='lat' dir='ltr'><strong>mina</strong></span> <span class='ocrx_word' id='word_1_395' title='bbox 1957 2219 2042 2273; x_wconf 80' lang='lat' dir='ltr'><strong>hic</strong></span> <span class='ocrx_word' id='word_1_396' title='bbox 2066 2217 2337 2273; x_wconf 71' lang='lat' dir='ltr'><strong>adoranda</strong></span> <span class='ocrx_word' id='word_1_397' title='bbox 2358 2221 2653 2272; x_wconf 60' lang='lat' dir='ltr'><strong>substantia</strong></span> <span class='ocrx_word' id='word_1_398' title='bbox 2679 2218 3037 2285; x_wconf 82' lang='lat' dir='ltr'><strong>redempturis</strong></span> <span class='ocrx_word' id='word_1_399' title='bbox 3058 2217 3383 2271; x_wconf 82' lang='lat' dir='ltr'><strong>ostenditur.</strong></span> 
     </span>
    </p>
   </div>
   <div class='ocr_carea' id='block_1_52' title="bbox 1786 2309 3377 2380">
    <p class='ocr_par' dir='ltr' id='par_1_52' title="bbox 1786 2309 3377 2380">
     <span class='ocr_line' id='line_1_52' title="bbox 1786 2309 3377 2380; baseline -0.005 -13"><span class='ocrx_word' id='word_1_400' title='bbox 1786 2311 1881 2367; x_wconf 75' lang='lat' dir='ltr'><strong>Dei</strong></span> <span class='ocrx_word' id='word_1_401' title='bbox 1905 2312 2045 2366; x_wconf 86' lang='lat' dir='ltr'><strong>enim</strong></span> <span class='ocrx_word' id='word_1_402' title='bbox 2072 2311 2381 2380; x_wconf 76' lang='lat' dir='ltr'><strong>nnigenittts</strong></span> <span class='ocrx_word' id='word_1_403' title='bbox 2398 2310 2642 2371; x_wconf 80' lang='lat' dir='ltr'><strong>offertur,</strong></span> <span class='ocrx_word' id='word_1_404' title='bbox 2664 2320 2716 2365; x_wconf 91' lang='lat' dir='ltr'><strong>et</strong></span> <span class='ocrx_word' id='word_1_405' title='bbox 2740 2309 2961 2378; x_wconf 71' lang='lat' dir='ltr'><strong>Virginis</strong></span> <span class='ocrx_word' id='word_1_406' title='bbox 2989 2309 3377 2378; x_wconf 59' lang='lat' dir='ltr'><strong>pt‘irnogenitus</strong></span> 
     </span>
    </p>
   </div>
   <div class='ocr_carea' id='block_1_53' title="bbox 1788 2398 3372 2471">
    <p class='ocr_par' dir='ltr' id='par_1_53' title="bbox 1788 2398 3372 2471">
     <span class='ocr_line' id='line_1_53' title="bbox 1788 2398 3372 2471; baseline -0.002 -16"><span class='ocrx_word' id='word_1_407' title='bbox 1788 2401 2115 2456; x_wconf 88' lang='lat' dir='ltr'><strong>immolatur.</strong></span> <span class='ocrx_word' id='word_1_408' title='bbox 2150 2402 2259 2455; x_wconf 85' lang='lat' dir='ltr'><strong>Hoc</strong></span> <span class='ocrx_word' id='word_1_409' title='bbox 2278 2417 2491 2471; x_wconf 79' lang='lat' dir='ltr'><strong>quoque</strong></span> <span class='ocrx_word' id='word_1_410' title='bbox 2520 2402 2812 2455; x_wconf 72' lang='lat' dir='ltr'><strong>Dominicac</strong></span> <span class='ocrx_word' id='word_1_411' title='bbox 2841 2401 3105 2470; x_wconf 80' lang='lat' dir='ltr'><strong>passionis</strong></span> <span class='ocrx_word' id='word_1_412' title='bbox 3127 2398 3372 2471; x_wconf 68' lang='lat' dir='ltr'><strong>praeﬁgu-</strong></span> 
     </span>
    </p>
   </div>
   <div class='ocr_carea' id='block_1_54' title="bbox 1787 2494 3390 2566">
    <p class='ocr_par' dir='ltr' id='par_1_54' title="bbox 1787 2494 3390 2566">
     <span class='ocr_line' id='line_1_54' title="bbox 1787 2494 3390 2566; baseline -0.002 -15"><span class='ocrx_word' id='word_1_413' title='bbox 1787 2499 1942 2552; x_wconf 88' lang='lat' dir='ltr'><strong>rabat</strong></span> <span class='ocrx_word' id='word_1_414' title='bbox 1966 2496 2218 2565; x_wconf 85' lang='lat' dir='ltr'><strong>insignia,</strong></span> <span class='ocrx_word' id='word_1_415' title='bbox 2244 2497 2385 2566; x_wconf 90' lang='lat' dir='ltr'><strong>quod</strong></span> <span class='ocrx_word' id='word_1_416' title='bbox 2406 2494 2635 2566; x_wconf 83' lang='lat' dir='ltr'><strong>legimus</strong></span> <span class='ocrx_word' id='word_1_417' title='bbox 2658 2495 2875 2551; x_wconf 90' lang='lat' dir='ltr'><strong>beatum</strong></span> <span class='ocrx_word' id='word_1_418' title='bbox 2894 2494 3183 2550; x_wconf 64' lang='lat' dir='ltr'><strong>Helisaeum</strong></span> <span class='ocrx_word' id='word_1_419' title='bbox 3206 2497 3390 2561; x_wconf 86' lang='lat' dir='ltr'><strong>sepul-</strong></span> 
     </span>
    </p>
   </div>
   <div class='ocr_carea' id='block_1_55' title="bbox 1786 2587 3387 2661">
    <p class='ocr_par' dir='ltr' id='par_1_55' title="bbox 1786 2587 3387 2661">
     <span class='ocr_line' id='line_1_55' title="bbox 1786 2587 3387 2661; baseline -0.003 -16"><span class='ocrx_word' id='word_1_420' title='bbox 1786 2605 1880 2645; x_wconf 88' lang='lat' dir='ltr'><strong>cro</strong></span> <span class='ocrx_word' id='word_1_421' title='bbox 1906 2590 2203 2657; x_wconf 90' lang='lat' dir='ltr'><strong>conditum,</strong></span> <span class='ocrx_word' id='word_1_422' title='bbox 2239 2590 2454 2661; x_wconf 88' lang='lat' dir='ltr'><strong>ingesto</strong></span> <span class='ocrx_word' id='word_1_423' title='bbox 2484 2604 2513 2642; x_wconf 92' lang='lat' dir='ltr'><strong>a</strong></span> <span class='ocrx_word' id='word_1_424' title='bbox 2545 2598 2571 2625; x_wconf 74' lang='grc' dir='ltr'><strong>τι</strong></span> <span class='ocrx_word' id='word_1_425' title='bbox 2603 2588 2923 2643; x_wconf 85' lang='lat' dir='ltr'><strong>latrunculis</strong></span> <span class='ocrx_word' id='word_1_426' title='bbox 2951 2587 3220 2642; x_wconf 78' lang='lat' dir='ltr'><strong>cadavere</strong></span> <span class='ocrx_word' id='word_1_427' title='bbox 3247 2588 3387 2641; x_wconf 88' lang='lat' dir='ltr'><strong>intra</strong></span> 
     </span>
    </p>
   </div>
   <div class='ocr_carea' id='block_1_56' title="bbox 1792 2678 3388 2751">
    <p class='ocr_par' dir='ltr' id='par_1_56' title="bbox 1792 2678 3388 2751">
     <span class='ocr_line' id='line_1_56' title="bbox 1792 2678 3388 2751; baseline 0 -18"><span class='ocrx_word' id='word_1_428' title='bbox 1792 2681 2057 2736; x_wconf 88' lang='lat' dir='ltr'><strong>tumulum</strong></span> <span class='ocrx_word' id='word_1_429' title='bbox 2085 2696 2269 2749; x_wconf 89' lang='lat' dir='ltr'><strong>suum,</strong></span> <span class='ocrx_word' id='word_1_430' title='bbox 2292 2695 2490 2751; x_wconf 89' lang='lat' dir='ltr'><strong>corpus</strong></span> <span class='ocrx_word' id='word_1_431' title='bbox 2522 2678 2779 2736; x_wconf 80' lang='lat' dir='ltr'><strong>exstincti</strong></span> <span class='ocrx_word' id='word_1_432' title='bbox 2811 2686 2956 2735; x_wconf 90' lang='lat' dir='ltr'><strong>tactu</strong></span> <span class='ocrx_word' id='word_1_433' title='bbox 2982 2678 3125 2735; x_wconf 85' lang='lat' dir='ltr'><strong>sacri</strong></span> <span class='ocrx_word' id='word_1_434' title='bbox 3142 2680 3388 2749; x_wconf 87' lang='lat' dir='ltr'><strong>corporis</strong></span> 
     </span>
    </p>
   </div>
   <div class='ocr_carea' id='block_1_57' title="bbox 1784 2774 2101 2828">
    <p class='ocr_par' dir='ltr' id='par_1_57' title="bbox 1784 2774 2101 2828">
     <span class='ocr_line' id='line_1_57' title="bbox 1784 2774 2101 2828; baseline -0.006 -1"><span class='ocrx_word' id='word_1_435' title='bbox 1784 2774 2101 2828; x_wconf 89' lang='lat' dir='ltr'><strong>suscitasse.</strong></span> 
     </span>
    </p>
   </div>
   <div class='ocr_carea' id='block_1_58' title="bbox 1858 2863 3384 2935">
    <p class='ocr_par' dir='ltr' id='par_1_58' title="bbox 1858 2863 3384 2935">
     <span class='ocr_line' id='line_1_58' title="bbox 1858 2863 3384 2935; baseline 0.001 -16"><span class='ocrx_word' id='word_1_436' title='bbox 1858 2863 1949 2919; x_wconf 80' lang='lat' dir='ltr'><strong>IX.</strong></span> <span class='ocrx_word' id='word_1_437' title='bbox 1993 2865 2126 2933; x_wconf 87' lang='lat' dir='ltr'><strong>Quis</strong></span> <span class='ocrx_word' id='word_1_438' title='bbox 2162 2864 2251 2919; x_wconf 88' lang='lat' dir='ltr'><strong>hic</strong></span> <span class='ocrx_word' id='word_1_439' title='bbox 2293 2864 2431 2919; x_wconf 89' lang='lat' dir='ltr'><strong>alius</strong></span> <span class='ocrx_word' id='word_1_440' title='bbox 2476 2864 2942 2935; x_wconf 67' lang='lat' dir='ltr'><strong>prteiigurabatur,</strong></span> <span class='ocrx_word' id='word_1_441' title='bbox 2981 2864 3086 2919; x_wconf 91' lang='lat' dir='ltr'><strong>nisi</strong></span> <span class='ocrx_word' id='word_1_442' title='bbox 3121 2864 3384 2920; x_wconf 87' lang='lat' dir='ltr'><strong>Dominus</strong></span> 
     </span>
    </p>
   </div>
   <div class='ocr_carea' id='block_1_59' title="bbox 1785 2954 3386 3026">
    <p class='ocr_par' dir='ltr' id='par_1_59' title="bbox 1785 2954 3386 3026">
     <span class='ocr_line' id='line_1_59' title="bbox 1785 2954 3386 3026; baseline 0.002 -16"><span class='ocrx_word' id='word_1_443' title='bbox 1785 2965 1973 3011; x_wconf 90' lang='lat' dir='ltr'><strong>noster</strong></span> <span class='ocrx_word' id='word_1_444' title='bbox 2003 2955 2163 3011; x_wconf 85' lang='lat' dir='ltr'><strong>Jesus</strong></span> <span class='ocrx_word' id='word_1_445' title='bbox 2194 2956 2467 3022; x_wconf 89' lang='lat' dir='ltr'><strong>Christus,</strong></span> <span class='ocrx_word' id='word_1_446' title='bbox 2503 2955 2593 3026; x_wconf 84' lang='lat' dir='ltr'><strong>qui</strong></span> <span class='ocrx_word' id='word_1_447' title='bbox 2631 2954 3081 3011; x_wconf 69' lang='lat' dir='ltr'><strong>resurrectionem</strong></span> <span class='ocrx_word' id='word_1_448' title='bbox 3111 2955 3179 3011; x_wconf 94' lang='lat' dir='ltr'><strong>de</strong></span> <span class='ocrx_word' id='word_1_449' title='bbox 3211 2965 3386 3013; x_wconf 89' lang='lat' dir='ltr'><strong>morte</strong></span> 
     </span>
    </p>
   </div>
   <div class='ocr_carea' id='block_1_60' title="bbox 1786 3048 3384 3119">
    <p class='ocr_par' dir='ltr' id='par_1_60' title="bbox 1786 3048 3384 3119">
     <span class='ocr_line' id='line_1_60' title="bbox 1786 3048 3384 3119; baseline 0.002 -16"><span class='ocrx_word' id='word_1_450' title='bbox 1786 3048 2032 3119; x_wconf 89' lang='lat' dir='ltr'><strong>largitur,</strong></span> <span class='ocrx_word' id='word_1_451' title='bbox 2075 3059 2130 3105; x_wconf 91' lang='lat' dir='ltr'><strong>et</strong></span> <span class='ocrx_word' id='word_1_452' title='bbox 2161 3050 2326 3105; x_wconf 88' lang='lat' dir='ltr'><strong>vitam</strong></span> <span class='ocrx_word' id='word_1_453' title='bbox 2358 3050 2604 3119; x_wconf 88' lang='lat' dir='ltr'><strong>sepultus</strong></span> <span class='ocrx_word' id='word_1_454' title='bbox 2647 3049 2948 3119; x_wconf 85' lang='lat' dir='ltr'><strong>operatur?</strong></span> <span class='ocrx_word' id='word_1_455' title='bbox 2980 3048 3038 3104; x_wconf 87' lang='lat' dir='ltr'><strong>In</strong></span> <span class='ocrx_word' id='word_1_456' title='bbox 3079 3050 3384 3106; x_wconf 87' lang='lat' dir='ltr'><strong>latronibus</strong></span> 
     </span>
    </p>
   </div>
   <div class='ocr_carea' id='block_1_61' title="bbox 1785 3141 3383 3212">
    <p class='ocr_par' dir='ltr' id='par_1_61' title="bbox 1785 3141 3383 3212">
     <span class='ocr_line' id='line_1_61' title="bbox 1785 3141 3383 3212; baseline 0.001 -15"><span class='ocrx_word' id='word_1_457' title='bbox 1785 3144 1986 3198; x_wconf 87' lang='lat' dir='ltr'><strong>etenim</strong></span> <span class='ocrx_word' id='word_1_458' title='bbox 2023 3142 2320 3209; x_wconf 88' lang='lat' dir='ltr'><strong>mundum,</strong></span> <span class='ocrx_word' id='word_1_459' title='bbox 2356 3144 2410 3198; x_wconf 91' lang='lat' dir='ltr'><strong>in</strong></span> <span class='ocrx_word' id='word_1_460' title='bbox 2450 3143 2743 3212; x_wconf 69' lang='lat' dir='ltr'><strong>Pr0phetze</strong></span> <span class='ocrx_word' id='word_1_461' title='bbox 2780 3142 3070 3200; x_wconf 87' lang='lat' dir='ltr'><strong>virtutibus</strong></span> <span class='ocrx_word' id='word_1_462' title='bbox 3107 3141 3383 3199; x_wconf 87' lang='lat' dir='ltr'><strong>Christum</strong></span> 
     </span>
    </p>
   </div>
   <div class='ocr_carea' id='block_1_62' title="bbox 111 3229 3391 3305">
    <p class='ocr_par' dir='ltr' id='par_1_62' title="bbox 111 3229 3391 3305">
     <span class='ocr_line' id='line_1_62' title="bbox 111 3229 3391 3305; baseline 0.002 -24"><span class='ocrx_word' id='word_1_463' title='bbox 111 3229 244 3297; x_wconf 78' lang='lat' dir='ltr'><strong>igitur</strong></span> <span class='ocrx_word' id='word_1_464' title='bbox 260 3232 323 3287; x_wconf 85' lang='lat' dir='ltr'><strong>ad</strong></span> <span class='ocrx_word' id='word_1_465' title='bbox 350 3232 595 3289; x_wconf 86' lang='lat' dir='ltr'><strong>stadium</strong></span> <span class='ocrx_word' id='word_1_466' title='bbox 622 3248 783 3290; x_wconf 89' lang='lat' dir='ltr'><strong>suum</strong></span> <span class='ocrx_word' id='word_1_467' title='bbox 808 3234 1175 3305; x_wconf 89' lang='lat' dir='ltr'><strong>triumphator</strong></span> <span class='ocrx_word' id='word_1_468' title='bbox 1200 3236 1394 3291; x_wconf 87' lang='lat' dir='ltr'><strong>iterum</strong></span> <span class='ocrx_word' id='word_1_469' title='bbox 1420 3237 1598 3303; x_wconf 87' lang='lat' dir='ltr'><strong>vivus,</strong></span> <span class='ocrx_word' id='word_1_470' title='bbox 1623 3247 1681 3292; x_wconf 90' lang='lat' dir='ltr'><strong>ut</strong></span> <span class='ocrx_word' id='word_1_471' title='bbox 1706 3234 1753 3295; x_wconf 78' lang='grc' dir='ltr'>Ο</span> <span class='ocrx_word' id='word_1_472' title='bbox 1788 3233 2077 3289; x_wconf 91' lang='lat' dir='ltr'><strong>Dominum</strong></span> <span class='ocrx_word' id='word_1_473' title='bbox 2107 3248 2464 3305; x_wconf 82' lang='lat' dir='ltr'><strong>recognosce.</strong></span> <span class='ocrx_word' id='word_1_474' title='bbox 2500 3232 2691 3290; x_wconf 87' lang='lat' dir='ltr'><strong>Adhuc</strong></span> <span class='ocrx_word' id='word_1_475' title='bbox 2723 3234 3081 3290; x_wconf 88' lang='lat' dir='ltr'><strong>celeberrime</strong></span> <span class='ocrx_word' id='word_1_476' title='bbox 3109 3248 3207 3305; x_wconf 87' lang='lat' dir='ltr'><strong>per</strong></span> <span class='ocrx_word' id='word_1_477' title='bbox 3244 3234 3391 3291; x_wconf 80' lang='lat' dir='ltr'><strong>Scri-</strong></span> 
     </span>
    </p>
   </div>
   <div class='ocr_carea' id='block_1_63' title="bbox 108 3323 1677 3395">
    <p class='ocr_par' dir='ltr' id='par_1_63' title="bbox 108 3323 1677 3395">
     <span class='ocr_line' id='line_1_63' title="bbox 108 3323 1677 3395; baseline 0.006 -21"><span class='ocrx_word' id='word_1_478' title='bbox 108 3323 289 3379; x_wconf 80' lang='lat' dir='ltr'><strong>noverit</strong></span> <span class='ocrx_word' id='word_1_479' title='bbox 325 3323 516 3379; x_wconf 83' lang='lat' dir='ltr'><strong>omnis</strong></span> <span class='ocrx_word' id='word_1_480' title='bbox 547 3324 783 3380; x_wconf 86' lang='lat' dir='ltr'><strong>mundus</strong></span> <span class='ocrx_word' id='word_1_481' title='bbox 812 3326 939 3395; x_wconf 89' lang='lat' dir='ltr'><strong>quia</strong></span> <span class='ocrx_word' id='word_1_482' title='bbox 969 3325 1169 3382; x_wconf 91' lang='lat' dir='ltr'><strong>redivit</strong></span> <span class='ocrx_word' id='word_1_483' title='bbox 1200 3327 1269 3383; x_wconf 90' lang='lat' dir='ltr'><strong>ab</strong></span> <span class='ocrx_word' id='word_1_484' title='bbox 1304 3327 1493 3382; x_wconf 82' lang='lat' dir='ltr'><strong>inieris</strong></span> <span class='ocrx_word' id='word_1_485' title='bbox 1517 3325 1677 3383; x_wconf 84' lang='lat' dir='ltr'><strong>Chri-</strong></span> 
     </span>
    </p>
   </div>
   <div class='ocr_carea' id='block_1_64' title="bbox 107 3414 1681 3489">
    <p class='ocr_par' dir='ltr' id='par_1_64' title="bbox 107 3414 1681 3489">
     <span class='ocr_line' id='line_1_64' title="bbox 107 3414 1681 3489; baseline 0.008 -26"><span class='ocrx_word' id='word_1_486' title='bbox 107 3421 218 3468; x_wconf 90' lang='lat' dir='ltr'><strong>stus.</strong></span> <span class='ocrx_word' id='word_1_487' title='bbox 247 3414 567 3473; x_wconf 82' lang='lat' dir='ltr'><strong>Glorientur</strong></span> <span class='ocrx_word' id='word_1_488' title='bbox 597 3432 730 3488; x_wconf 87' lang='lat' dir='ltr'><strong>crgo</strong></span> <span class='ocrx_word' id='word_1_489' title='bbox 766 3418 1053 3475; x_wconf 88' lang='lat' dir='ltr'><strong>credentes</strong></span> <span class='ocrx_word' id='word_1_490' title='bbox 1083 3437 1096 3473; x_wconf 89' lang='lat'><strong>:</strong></span> <span class='ocrx_word' id='word_1_491' title='bbox 1142 3419 1403 3489; x_wconf 91' lang='lat' dir='ltr'><strong>plaudant</strong></span> <span class='ocrx_word' id='word_1_492' title='bbox 1430 3419 1681 3476; x_wconf 91' lang='lat' dir='ltr'><strong>manibus</strong></span> 
     </span>
    </p>
   </div>
   <div class='ocr_carea' id='block_1_65' title="bbox 106 3511 1681 3581">
    <p class='ocr_par' dir='ltr' id='par_1_65' title="bbox 106 3511 1681 3581">
     <span class='ocr_line' id='line_1_65' title="bbox 106 3511 1681 3581; baseline 0.006 -24"><span class='ocrx_word' id='word_1_493' title='bbox 106 3521 266 3562; x_wconf 86' lang='lat' dir='ltr'><strong>omnes</strong></span> <span class='ocrx_word' id='word_1_494' title='bbox 287 3519 518 3579; x_wconf 85' lang='lat' dir='ltr'><strong>gentes,</strong></span> <span class='ocrx_word' id='word_1_495' title='bbox 550 3511 680 3581; x_wconf 78' lang='lat' dir='ltr'><strong>quia</strong></span> <span class='ocrx_word' id='word_1_496' title='bbox 719 3525 813 3565; x_wconf 78' lang='lat' dir='ltr'><strong>rex</strong></span> <span class='ocrx_word' id='word_1_497' title='bbox 857 3520 1043 3567; x_wconf 91' lang='lat' dir='ltr'><strong>noster</strong></span> <span class='ocrx_word' id='word_1_498' title='bbox 1073 3522 1126 3568; x_wconf 91' lang='lat' dir='ltr'><strong>et</strong></span> <span class='ocrx_word' id='word_1_499' title='bbox 1159 3513 1213 3567; x_wconf 94' lang='lat' dir='ltr'><strong>in</strong></span> <span class='ocrx_word' id='word_1_500' title='bbox 1251 3514 1453 3569; x_wconf 66' lang='lat' dir='ltr'><strong>saeculo</strong></span> <span class='ocrx_word' id='word_1_501' title='bbox 1492 3512 1681 3567; x_wconf 84' lang='lat' dir='ltr'><strong>trium-</strong></span> 
     </span>
    </p>
   </div>
   <div class='ocr_carea' id='block_1_66' title="bbox 106 3600 792 3665">
    <p class='ocr_par' dir='ltr' id='par_1_66' title="bbox 106 3600 792 3665">
     <span class='ocr_line' id='line_1_66' title="bbox 106 3600 792 3665; baseline 0.012 -16"><span class='ocrx_word' id='word_1_502' title='bbox 106 3600 284 3665; x_wconf 79' lang='lat' dir='ltr'><strong>phavit,</strong></span> <span class='ocrx_word' id='word_1_503' title='bbox 316 3613 370 3657; x_wconf 87' lang='lat' dir='ltr'><strong>et</strong></span> <span class='ocrx_word' id='word_1_504' title='bbox 408 3600 615 3657; x_wconf 89' lang='lat' dir='ltr'><strong>inferos</strong></span> <span class='ocrx_word' id='word_1_505' title='bbox 642 3601 792 3657; x_wconf 90' lang='lat' dir='ltr'><strong>vicit.</strong></span> 
     </span>
    </p>
   </div>
   <div class='ocr_carea' id='block_1_67' title="bbox 161 3690 1679 3768">
    <p class='ocr_par' dir='ltr' id='par_1_67' title="bbox 161 3690 1679 3768">
     <span class='ocr_line' id='line_1_67' title="bbox 161 3690 1679 3768; baseline 0.007 -24"><span class='ocrx_word' id='word_1_506' title='bbox 161 3690 255 3745; x_wconf 75' lang='grc' dir='ltr'><strong>νη.</strong></span> <span class='ocrx_word' id='word_1_507' title='bbox 289 3692 572 3750; x_wconf 85' lang='lat' dir='ltr'><strong>Beneﬁcia</strong></span> <span class='ocrx_word' id='word_1_508' title='bbox 618 3694 714 3750; x_wconf 91' lang='lat' dir='ltr'><strong>Dei</strong></span> <span class='ocrx_word' id='word_1_509' title='bbox 752 3696 925 3752; x_wconf 91' lang='lat' dir='ltr'><strong>nostri</strong></span> <span class='ocrx_word' id='word_1_510' title='bbox 958 3710 1079 3752; x_wconf 92' lang='lat' dir='ltr'><strong>cum</strong></span> <span class='ocrx_word' id='word_1_511' title='bbox 1112 3710 1305 3768; x_wconf 88' lang='lat' dir='ltr'><strong>magna</strong></span> <span class='ocrx_word' id='word_1_512' title='bbox 1335 3706 1499 3768; x_wconf 89' lang='lat' dir='ltr'><strong>atque</strong></span> <span class='ocrx_word' id='word_1_513' title='bbox 1531 3698 1679 3754; x_wconf 88' lang='lat' dir='ltr'><strong>miri-</strong></span> 
     </span>
    </p>
   </div>
   <div class='ocr_carea' id='block_1_68' title="bbox 104 3784 1679 3863">
    <p class='ocr_par' dir='ltr' id='par_1_68' title="bbox 104 3784 1679 3863">
     <span class='ocr_line' id='line_1_68' title="bbox 104 3784 1679 3863; baseline 0.009 -27"><span class='ocrx_word' id='word_1_514' title='bbox 104 3784 181 3836; x_wconf 78' lang='lat' dir='ltr'><strong>fica</strong></span> <span class='ocrx_word' id='word_1_515' title='bbox 218 3786 324 3842; x_wconf 91' lang='lat' dir='ltr'><strong>siut</strong></span> <span class='ocrx_word' id='word_1_516' title='bbox 368 3806 379 3840; x_wconf 89' lang='lat'>:</span> <span class='ocrx_word' id='word_1_517' title='bbox 420 3800 603 3843; x_wconf 89' lang='lat' dir='ltr'><strong>tamen</strong></span> <span class='ocrx_word' id='word_1_518' title='bbox 651 3804 751 3845; x_wconf 90' lang='lat' dir='ltr'><strong>nec</strong></span> <span class='ocrx_word' id='word_1_519' title='bbox 789 3804 927 3845; x_wconf 89' lang='lat' dir='ltr'><strong>nova</strong></span> <span class='ocrx_word' id='word_1_520' title='bbox 973 3791 1271 3861; x_wconf 89' lang='lat' dir='ltr'><strong>probantur</strong></span> <span class='ocrx_word' id='word_1_521' title='bbox 1312 3807 1455 3857; x_wconf 90' lang='lat' dir='ltr'><strong>esse,</strong></span> <span class='ocrx_word' id='word_1_522' title='bbox 1503 3808 1679 3863; x_wconf 90' lang='lat' dir='ltr'><strong>neque</strong></span> 
     </span>
    </p>
   </div>
   <div class='ocr_carea' id='block_1_69' title="bbox 102 3875 1676 3952">
    <p class='ocr_par' dir='ltr' id='par_1_69' title="bbox 102 3875 1676 3952">
     <span class='ocr_line' id='line_1_69' title="bbox 102 3875 1676 3952; baseline 0.01 -28"><span class='ocrx_word' id='word_1_523' title='bbox 102 3875 285 3932; x_wconf 83' lang='lat' dir='ltr'><strong>subita:</strong></span> <span class='ocrx_word' id='word_1_524' title='bbox 315 3878 412 3935; x_wconf 89' lang='lat' dir='ltr'><strong>sed</strong></span> <span class='ocrx_word' id='word_1_525' title='bbox 446 3878 522 3935; x_wconf 86' lang='lat' dir='ltr'><strong>ab</strong></span> <span class='ocrx_word' id='word_1_526' title='bbox 544 3879 702 3935; x_wconf 90' lang='lat' dir='ltr'><strong>initio</strong></span> <span class='ocrx_word' id='word_1_527' title='bbox 732 3879 921 3936; x_wconf 68' lang='lat' dir='ltr'><strong>saeculi</strong></span> <span class='ocrx_word' id='word_1_528' title='bbox 948 3890 1002 3937; x_wconf 92' lang='lat' dir='ltr'><strong>et</strong></span> <span class='ocrx_word' id='word_1_529' title='bbox 1024 3882 1281 3952; x_wconf 70' lang='lat' dir='ltr'><strong>praedicta</strong></span> <span class='ocrx_word' id='word_1_530' title='bbox 1313 3892 1448 3939; x_wconf 90' lang='lat' dir='ltr'><strong>sunt</strong></span> <span class='ocrx_word' id='word_1_531' title='bbox 1478 3899 1676 3939; x_wconf 86' lang='lat' dir='ltr'><strong>oracu-</strong></span> 
     </span>
    </p>
   </div>
   <div class='ocr_carea' id='block_1_70' title="bbox 101 3965 1675 4045">
    <p class='ocr_par' dir='ltr' id='par_1_70' title="bbox 101 3965 1675 4045">
     <span class='ocr_line' id='line_1_70' title="bbox 101 3965 1675 4045; baseline 0.004 -22"><span class='ocrx_word' id='word_1_532' title='bbox 101 3965 172 4030; x_wconf 51' lang='lat' dir='ltr'><strong>lis,</strong></span> <span class='ocrx_word' id='word_1_533' title='bbox 192 3978 241 4023; x_wconf 89' lang='lat' dir='ltr'><strong>et</strong></span> <span class='ocrx_word' id='word_1_534' title='bbox 269 3974 624 4043; x_wconf 69' lang='lat' dir='ltr'><strong>prmiigurata</strong></span> <span class='ocrx_word' id='word_1_535' title='bbox 654 3973 953 4045; x_wconf 83' lang='lat' dir='ltr'><strong>mysteriis.</strong></span> <span class='ocrx_word' id='word_1_536' title='bbox 980 3973 1205 4030; x_wconf 89' lang='lat' dir='ltr'><strong>Sacram</strong></span> <span class='ocrx_word' id='word_1_537' title='bbox 1235 3975 1443 4029; x_wconf 91' lang='lat' dir='ltr'><strong>Domini</strong></span> <span class='ocrx_word' id='word_1_538' title='bbox 1468 3974 1675 4045; x_wconf 82' lang='lat' dir='ltr'><strong>passio-</strong></span> 
     </span>
    </p>
   </div>
   <div class='ocr_carea' id='block_1_71' title="bbox 98 4064 1678 4136">
    <p class='ocr_par' dir='ltr' id='par_1_71' title="bbox 98 4064 1678 4136">
     <span class='ocr_line' id='line_1_71' title="bbox 98 4064 1678 4136; baseline 0.008 -24"><span class='ocrx_word' id='word_1_539' title='bbox 98 4074 203 4116; x_wconf 83' lang='lat' dir='ltr'><strong>nem</strong></span> <span class='ocrx_word' id='word_1_540' title='bbox 239 4064 306 4118; x_wconf 84' lang='lat' dir='ltr'><strong>ab</strong></span> <span class='ocrx_word' id='word_1_541' title='bbox 341 4066 484 4135; x_wconf 85' lang='lat' dir='ltr'><strong>ipsis</strong></span> <span class='ocrx_word' id='word_1_542' title='bbox 521 4066 708 4121; x_wconf 89' lang='lat' dir='ltr'><strong>mundi</strong></span> <span class='ocrx_word' id='word_1_543' title='bbox 748 4066 1114 4124; x_wconf 86' lang='lat' dir='ltr'><strong>coalescentis</strong></span> <span class='ocrx_word' id='word_1_544' title='bbox 1152 4068 1428 4136; x_wconf 77' lang='lat' dir='ltr'><strong>exordiis,</strong></span> <span class='ocrx_word' id='word_1_545' title='bbox 1476 4069 1678 4125; x_wconf 88' lang='lat' dir='ltr'><strong>veteris</strong></span> 
     </span>
    </p>
   </div>
   <div class='ocr_carea' id='block_1_72' title="bbox 96 4151 1673 4230">
    <p class='ocr_par' dir='ltr' id='par_1_72' title="bbox 96 4151 1673 4230">
     <span class='ocr_line' id='line_1_72' title="bbox 96 4151 1673 4230; baseline 0.007 -25"><span class='ocrx_word' id='word_1_546' title='bbox 96 4151 407 4214; x_wconf 77' lang='lat' dir='ltr'><strong>Testamenti</strong></span> <span class='ocrx_word' id='word_1_547' title='bbox 450 4174 715 4230; x_wconf 88' lang='lat' dir='ltr'><strong>responsa</strong></span> <span class='ocrx_word' id='word_1_548' title='bbox 748 4160 1066 4217; x_wconf 89' lang='lat' dir='ltr'><strong>cecinerunt</strong></span> <span class='ocrx_word' id='word_1_549' title='bbox 1102 4179 1115 4215; x_wconf 92' lang='lat'><strong>:</strong></span> <span class='ocrx_word' id='word_1_550' title='bbox 1149 4170 1207 4217; x_wconf 88' lang='lat' dir='ltr'><strong>et</strong></span> <span class='ocrx_word' id='word_1_551' title='bbox 1242 4161 1368 4217; x_wconf 88' lang='lat' dir='ltr'><strong>ideo</strong></span> <span class='ocrx_word' id='word_1_552' title='bbox 1399 4162 1673 4217; x_wconf 86' lang='lat' dir='ltr'><strong>Christum</strong></span> 
     </span>
    </p>
   </div>
   <div class='ocr_carea' id='block_1_73' title="bbox 96 4244 1670 4323">
    <p class='ocr_par' dir='ltr' id='par_1_73' title="bbox 96 4244 1670 4323">
     <span class='ocr_line' id='line_1_73' title="bbox 96 4244 1670 4323; baseline 0.004 -21"><span class='ocrx_word' id='word_1_553' title='bbox 96 4244 355 4306; x_wconf 80' lang='lat' dir='ltr'><strong>Dominum</strong></span> <span class='ocrx_word' id='word_1_554' title='bbox 379 4251 770 4323; x_wconf 71' lang='lat' dir='ltr'><strong>prmdicatum,</strong></span> <span class='ocrx_word' id='word_1_555' title='bbox 798 4268 862 4308; x_wconf 92' lang='lat' dir='ltr'><strong>ac</strong></span> <span class='ocrx_word' id='word_1_556' title='bbox 887 4253 1226 4309; x_wconf 87' lang='lat' dir='ltr'><strong>enuntiatqu</strong></span> <span class='ocrx_word' id='word_1_557' title='bbox 1255 4254 1368 4310; x_wconf 93' lang='lat' dir='ltr'><strong>suis</strong></span> <span class='ocrx_word' id='word_1_558' title='bbox 1396 4254 1670 4323; x_wconf 82' lang='lat' dir='ltr'><strong>ﬁdelibus,</strong></span> 
     </span>
    </p>
   </div>
   <div class='ocr_carea' id='block_1_74' title="bbox 92 4344 1673 4415">
    <p class='ocr_par' dir='ltr' id='par_1_74' title="bbox 92 4344 1673 4415">
     <span class='ocr_line' id='line_1_74' title="bbox 92 4344 1673 4415; baseline 0.004 -19"><span class='ocrx_word' id='word_1_559' title='bbox 92 4354 331 4410; x_wconf 76' lang='lat' dir='ltr'><strong>apparere</strong></span> <span class='ocrx_word' id='word_1_560' title='bbox 369 4361 439 4402; x_wconf 82' lang='lat' dir='ltr'><strong>ex</strong></span> <span class='ocrx_word' id='word_1_561' title='bbox 482 4345 723 4415; x_wconf 90' lang='lat' dir='ltr'><strong>ipsorum</strong></span> <span class='ocrx_word' id='word_1_562' title='bbox 772 4344 927 4401; x_wconf 89' lang='lat' dir='ltr'><strong>libris</strong></span> <span class='ocrx_word' id='word_1_563' title='bbox 970 4355 1027 4402; x_wconf 92' lang='lat' dir='ltr'><strong>et</strong></span> <span class='ocrx_word' id='word_1_564' title='bbox 1069 4347 1437 4403; x_wconf 90' lang='lat' dir='ltr'><strong>voluminibus</strong></span> <span class='ocrx_word' id='word_1_565' title='bbox 1476 4349 1673 4405; x_wconf 88' lang='lat' dir='ltr'><strong>asseri-</strong></span> 
     </span>
    </p>
   </div>
   <div class='ocr_carea' id='block_1_75' title="bbox 96 4436 1671 4511">
    <p class='ocr_par' dir='ltr' id='par_1_75' title="bbox 96 4436 1671 4511">
     <span class='ocr_line' id='line_1_75' title="bbox 96 4436 1671 4511; baseline 0.006 -25"><span class='ocrx_word' id='word_1_566' title='bbox 96 4448 209 4488; x_wconf 85' lang='lat' dir='ltr'><strong>mus.</strong></span> <span class='ocrx_word' id='word_1_567' title='bbox 249 4436 472 4493; x_wconf 73' lang='lat' dir='ltr'><strong>Validis</strong></span> <span class='ocrx_word' id='word_1_568' title='bbox 514 4438 721 4507; x_wconf 88' lang='lat' dir='ltr'><strong>absque</strong></span> <span class='ocrx_word' id='word_1_569' title='bbox 765 4436 933 4494; x_wconf 90' lang='lat' dir='ltr'><strong>dubio</strong></span> <span class='ocrx_word' id='word_1_570' title='bbox 982 4438 1172 4493; x_wconf 90' lang='lat' dir='ltr'><strong>nititur</strong></span> <span class='ocrx_word' id='word_1_571' title='bbox 1211 4438 1535 4509; x_wconf 86' lang='lat' dir='ltr'><strong>privilegiis,</strong></span> <span class='ocrx_word' id='word_1_572' title='bbox 1578 4442 1671 4511; x_wconf 91' lang='lat' dir='ltr'><strong>qui</strong></span> 
     </span>
    </p>
   </div>
   <div class='ocr_carea' id='block_1_76' title="bbox 90 4529 1669 4590">
    <p class='ocr_par' dir='ltr' id='par_1_76' title="bbox 90 4529 1669 4590">
     <span class='ocr_line' id='line_1_76' title="bbox 90 4529 1669 4590; baseline 0.006 -11"><span class='ocrx_word' id='word_1_573' title='bbox 90 4539 280 4583; x_wconf 82' lang='lat' dir='ltr'><strong>causam</strong></span> <span class='ocrx_word' id='word_1_574' title='bbox 325 4544 494 4586; x_wconf 87' lang='lat' dir='ltr'><strong>suam</strong></span> <span class='ocrx_word' id='word_1_575' title='bbox 541 4529 612 4585; x_wconf 90' lang='lat' dir='ltr'><strong>de</strong></span> <span class='ocrx_word' id='word_1_576' title='bbox 653 4529 955 4585; x_wconf 90' lang='lat' dir='ltr'><strong>adversarii</strong></span> <span class='ocrx_word' id='word_1_577' title='bbox 996 4531 1196 4586; x_wconf 89' lang='lat' dir='ltr'><strong>asserit</strong></span> <span class='ocrx_word' id='word_1_578' title='bbox 1238 4530 1619 4587; x_wconf 87' lang='lat' dir='ltr'><strong>instrumentis</strong></span> <span class='ocrx_word' id='word_1_579' title='bbox 1654 4548 1669 4590; x_wconf 85' lang='lat'><strong>:</strong></span> 
     </span>
    </p>
   </div>
   <div class='ocr_carea' id='block_1_77' title="bbox 1744 4343 2410 4415">
    <p class='ocr_par' dir='ltr' id='par_1_77' title="bbox 1744 4343 2410 4415">
     <span class='ocr_line' id='line_1_77' title="bbox 1744 4343 2410 4415; baseline -0.003 -15"><span class='ocrx_word' id='word_1_580' title='bbox 1744 4343 1996 4413; x_wconf 85' lang='lat' dir='ltr'><strong>petebat</strong></span> <span class='ocrx_word' id='word_1_581' title='bbox 2042 4344 2347 4415; x_wconf 82' lang='lat' dir='ltr'><strong>ingreditur</strong></span> <span class='ocrx_word' id='word_1_582' title='bbox 2397 4362 2410 4398; x_wconf 90' lang='lat'>:</span> 
     </span>
    </p>
   </div>
   <div class='ocr_carea' id='block_1_78' title="bbox 1782 3328 3387 3398">
    <p class='ocr_par' dir='ltr' id='par_1_78' title="bbox 1782 3328 3387 3398">
     <span class='ocr_line' id='line_1_78' title="bbox 1782 3328 3387 3398; baseline 0.002 -18"><span class='ocrx_word' id='word_1_583' title='bbox 1782 3337 1971 3397; x_wconf 90' lang='lat' dir='ltr'><strong>pturas</strong></span> <span class='ocrx_word' id='word_1_584' title='bbox 1995 3336 2246 3396; x_wconf 92' lang='lat' dir='ltr'><strong>sanctas,</strong></span> <span class='ocrx_word' id='word_1_585' title='bbox 2279 3328 2442 3383; x_wconf 88' lang='lat' dir='ltr'><strong>etiam</strong></span> <span class='ocrx_word' id='word_1_586' title='bbox 2466 3328 2519 3382; x_wconf 94' lang='lat' dir='ltr'><strong>iu</strong></span> <span class='ocrx_word' id='word_1_587' title='bbox 2544 3328 2827 3398; x_wconf 69' lang='lat' dir='ltr'><strong>prOphetaz</strong></span> <span class='ocrx_word' id='word_1_588' title='bbox 2853 3328 3008 3384; x_wconf 77' lang='lat' dir='ltr'><strong>Joua:</strong></span> <span class='ocrx_word' id='word_1_589' title='bbox 3029 3328 3311 3384; x_wconf 81' lang='lat' dir='ltr'><strong>laboribus</strong></span> <span class='ocrx_word' id='word_1_590' title='bbox 3333 3338 3387 3385; x_wconf 91' lang='lat' dir='ltr'><strong>et</strong></span> 
     </span>
    </p>
   </div>
   <div class='ocr_carea' id='block_1_79' title="bbox 1782 3417 3384 3493">
    <p class='ocr_par' dir='ltr' id='par_1_79' title="bbox 1782 3417 3384 3493">
     <span class='ocr_line' id='line_1_79' title="bbox 1782 3417 3384 3493; baseline 0.004 -21"><span class='ocrx_word' id='word_1_591' title='bbox 1782 3420 2060 3486; x_wconf 78' lang='lat' dir='ltr'><strong>aerumnis,</strong></span> <span class='ocrx_word' id='word_1_592' title='bbox 2090 3417 2295 3477; x_wconf 90' lang='lat' dir='ltr'><strong>Christi</strong></span> <span class='ocrx_word' id='word_1_593' title='bbox 2324 3421 2503 3491; x_wconf 84' lang='lat' dir='ltr'><strong>passio</strong></span> <span class='ocrx_word' id='word_1_594' title='bbox 2526 3435 2589 3474; x_wconf 82' lang='lat' dir='ltr'><strong>ac</strong></span> <span class='ocrx_word' id='word_1_595' title='bbox 2613 3422 2939 3476; x_wconf 90' lang='lat' dir='ltr'><strong>resurrectio</strong></span> <span class='ocrx_word' id='word_1_596' title='bbox 2964 3421 3384 3493; x_wconf 68' lang='lat' dir='ltr'><strong>pra-signantur.</strong></span> 
     </span>
    </p>
   </div>
   <div class='ocr_carea' id='block_1_80' title="bbox 1782 3511 3384 3584">
    <p class='ocr_par' dir='ltr' id='par_1_80' title="bbox 1782 3511 3384 3584">
     <span class='ocr_line' id='line_1_80' title="bbox 1782 3511 3384 3584; baseline 0.002 -17"><span class='ocrx_word' id='word_1_597' title='bbox 1782 3511 1881 3569; x_wconf 89' lang='lat' dir='ltr'><strong>Hic</strong></span> <span class='ocrx_word' id='word_1_598' title='bbox 1908 3512 2074 3569; x_wconf 83' lang='lat' dir='ltr'><strong>Jonas</strong></span> <span class='ocrx_word' id='word_1_599' title='bbox 2106 3514 2290 3584; x_wconf 91' lang='lat' dir='ltr'><strong>(quod</strong></span> <span class='ocrx_word' id='word_1_600' title='bbox 2324 3513 2446 3569; x_wconf 87' lang='lat' dir='ltr'><strong>fidei</strong></span> <span class='ocrx_word' id='word_1_601' title='bbox 2482 3525 2683 3570; x_wconf 77' lang='lat' dir='ltr'><strong>vestra:</strong></span> <span class='ocrx_word' id='word_1_602' title='bbox 2723 3530 2829 3569; x_wconf 91' lang='lat' dir='ltr'><strong>non</strong></span> <span class='ocrx_word' id='word_1_603' title='bbox 2861 3514 3196 3571; x_wconf 90' lang='lat' dir='ltr'><strong>arbitramur</strong></span> <span class='ocrx_word' id='word_1_604' title='bbox 3234 3516 3384 3570; x_wconf 88' lang='lat' dir='ltr'><strong>inco-</strong></span> 
     </span>
    </p>
   </div>
   <div class='ocr_carea' id='block_1_81' title="bbox 1780 3604 3387 3680">
    <p class='ocr_par' dir='ltr' id='par_1_81' title="bbox 1780 3604 3387 3680">
     <span class='ocr_line' id='line_1_81' title="bbox 1780 3604 3387 3680; baseline 0.006 -22"><span class='ocrx_word' id='word_1_605' title='bbox 1780 3604 2028 3677; x_wconf 88' lang='lat' dir='ltr'><strong>gnitum)</strong></span> <span class='ocrx_word' id='word_1_606' title='bbox 2064 3614 2249 3677; x_wconf 87' lang='lat' dir='ltr'><strong>typum</strong></span> <span class='ocrx_word' id='word_1_607' title='bbox 2292 3608 2504 3661; x_wconf 77' lang='lat' dir='ltr'><strong>lininini</strong></span> <span class='ocrx_word' id='word_1_608' title='bbox 2545 3608 2782 3677; x_wconf 84' lang='lat' dir='ltr'><strong>gessisse</strong></span> <span class='ocrx_word' id='word_1_609' title='bbox 2817 3608 3216 3679; x_wconf 63' lang='lat' dir='ltr'><strong>praescribitur.</strong></span> <span class='ocrx_word' id='word_1_610' title='bbox 3264 3610 3387 3680; x_wconf 88' lang='lat' dir='ltr'><strong>ipse</strong></span> 
     </span>
    </p>
   </div>
   <div class='ocr_carea' id='block_1_82' title="bbox 1780 3697 3384 3769">
    <p class='ocr_par' dir='ltr' id='par_1_82' title="bbox 1780 3697 3384 3769">
     <span class='ocr_line' id='line_1_82' title="bbox 1780 3697 3384 3769; baseline 0.001 -15"><span class='ocrx_word' id='word_1_611' title='bbox 1780 3697 1924 3754; x_wconf 87' lang='lat' dir='ltr'><strong>enim</strong></span> <span class='ocrx_word' id='word_1_612' title='bbox 1960 3699 2220 3753; x_wconf 89' lang='lat' dir='ltr'><strong>Dominus</strong></span> <span class='ocrx_word' id='word_1_613' title='bbox 2250 3698 2391 3754; x_wconf 79' lang='lat' dir='ltr'><strong>dixit</strong></span> <span class='ocrx_word' id='word_1_614' title='bbox 2422 3717 2436 3757; x_wconf 86' lang='lat'><strong>:</strong></span> <span class='ocrx_word' id='word_1_615' title='bbox 2470 3699 2617 3756; x_wconf 85' lang='lat' dir='ltr'><strong>Sicut</strong></span> <span class='ocrx_word' id='word_1_616' title='bbox 2661 3702 2760 3769; x_wconf 80' lang='lat' dir='ltr'><strong>fuit</strong></span> <span class='ocrx_word' id='word_1_617' title='bbox 2786 3700 2954 3757; x_wconf 79' lang='lat' dir='ltr'><strong>Jonas</strong></span> <span class='ocrx_word' id='word_1_618' title='bbox 2985 3702 3039 3755; x_wconf 84' lang='lat' dir='ltr'><strong>in</strong></span> <span class='ocrx_word' id='word_1_619' title='bbox 3084 3710 3257 3756; x_wconf 68' lang='lat' dir='ltr'><strong>ventre</strong></span> <span class='ocrx_word' id='word_1_620' title='bbox 3287 3704 3384 3757; x_wconf 85' lang='lat' dir='ltr'><strong>ceti</strong></span> 
     </span>
    </p>
   </div>
   <div class='ocr_carea' id='block_1_83' title="bbox 1779 3790 3377 3861">
    <p class='ocr_par' dir='ltr' id='par_1_83' title="bbox 1779 3790 3377 3861">
     <span class='ocr_line' id='line_1_83' title="bbox 1779 3790 3377 3861; baseline 0.002 -16"><span class='ocrx_word' id='word_1_621' title='bbox 1779 3791 1941 3845; x_wconf 84' lang='lat' dir='ltr'><strong>tribus</strong></span> <span class='ocrx_word' id='word_1_622' title='bbox 1965 3790 2164 3857; x_wconf 79' lang='lat' dir='ltr'><strong>diebus,</strong></span> <span class='ocrx_word' id='word_1_623' title='bbox 2190 3800 2235 3845; x_wconf 87' lang='lat' dir='ltr'><strong>et</strong></span> <span class='ocrx_word' id='word_1_624' title='bbox 2268 3792 2430 3847; x_wconf 78' lang='lat' dir='ltr'><strong>tribus</strong></span> <span class='ocrx_word' id='word_1_625' title='bbox 2454 3795 2686 3847; x_wconf 76' lang='lat' dir='ltr'><strong>noctibus</strong></span> <span class='ocrx_word' id='word_1_626' title='bbox 2713 3810 2729 3847; x_wconf 89' lang='lat'><strong><em>:</em></strong></span> <span class='ocrx_word' id='word_1_627' title='bbox 2758 3795 2832 3847; x_wconf 86' lang='lat' dir='ltr'><strong>ita</strong></span> <span class='ocrx_word' id='word_1_628' title='bbox 2861 3795 2957 3848; x_wconf 89' lang='lat' dir='ltr'><strong>erit</strong></span> <span class='ocrx_word' id='word_1_629' title='bbox 2986 3794 3127 3861; x_wconf 82' lang='lat' dir='ltr'><strong>ﬁlius</strong></span> <span class='ocrx_word' id='word_1_630' title='bbox 3150 3794 3377 3848; x_wconf 83' lang='lat' dir='ltr'><strong>hominis</strong></span> 
     </span>
    </p>
   </div>
   <div class='ocr_carea' id='block_1_84' title="bbox 1781 3882 3375 3957">
    <p class='ocr_par' dir='ltr' id='par_1_84' title="bbox 1781 3882 3375 3957">
     <span class='ocr_line' id='line_1_84' title="bbox 1781 3882 3375 3957; baseline 0.004 -22"><span class='ocrx_word' id='word_1_631' title='bbox 1781 3883 1833 3937; x_wconf 86' lang='lat' dir='ltr'><strong>in</strong></span> <span class='ocrx_word' id='word_1_632' title='bbox 1856 3882 2013 3937; x_wconf 86' lang='lat' dir='ltr'><strong>corde</strong></span> <span class='ocrx_word' id='word_1_633' title='bbox 2044 3892 2194 3937; x_wconf 77' lang='lat' dir='ltr'><strong>terra:</strong></span> <span class='ocrx_word' id='word_1_634' title='bbox 2224 3884 2387 3938; x_wconf 77' lang='lat' dir='ltr'><strong>tribus</strong></span> <span class='ocrx_word' id='word_1_635' title='bbox 2414 3885 2593 3939; x_wconf 85' lang='lat' dir='ltr'><strong>diebus</strong></span> <span class='ocrx_word' id='word_1_636' title='bbox 2624 3896 2672 3940; x_wconf 89' lang='lat' dir='ltr'><strong>et</strong></span> <span class='ocrx_word' id='word_1_637' title='bbox 2704 3886 2867 3941; x_wconf 84' lang='lat' dir='ltr'><strong>tribus</strong></span> <span class='ocrx_word' id='word_1_638' title='bbox 2897 3886 3129 3940; x_wconf 83' lang='lat' dir='ltr'><strong>noctibus</strong></span> <span class='ocrx_word' id='word_1_639' title='bbox 3152 3886 3375 3957; x_wconf 78' lang='lat' dir='ltr'><strong>(Matth.</strong></span> 
     </span>
    </p>
   </div>
   <div class='ocr_carea' id='block_1_85' title="bbox 1777 3972 3381 4045">
    <p class='ocr_par' dir='ltr' id='par_1_85' title="bbox 1777 3972 3381 4045">
     <span class='ocr_line' id='line_1_85' title="bbox 1777 3972 3381 4045; baseline 0.002 -17"><span class='ocrx_word' id='word_1_640' title='bbox 1777 3972 2143 4044; x_wconf 68' lang='lat' dir='ltr'><strong>x11,40).ilic,</strong></span> <span class='ocrx_word' id='word_1_641' title='bbox 2164 3974 2411 4043; x_wconf 88' lang='lat' dir='ltr'><strong>inquam,</strong></span> <span class='ocrx_word' id='word_1_642' title='bbox 2428 3976 2599 4031; x_wconf 84' lang='lat' dir='ltr'><strong>Jonas</strong></span> <span class='ocrx_word' id='word_1_643' title='bbox 2620 3976 2684 4030; x_wconf 87' lang='lat' dir='ltr'><strong>ad</strong></span> <span class='ocrx_word' id='word_1_644' title='bbox 2703 3975 3107 4045; x_wconf 85' lang='lat' dir='ltr'><strong>praedicandum</strong></span> <span class='ocrx_word' id='word_1_645' title='bbox 3129 3976 3381 4033; x_wconf 83' lang='lat' dir='ltr'><strong>Ninivitis</strong></span> 
     </span>
    </p>
   </div>
   <div class='ocr_carea' id='block_1_86' title="bbox 1778 4066 3375 4141">
    <p class='ocr_par' dir='ltr' id='par_1_86' title="bbox 1778 4066 3375 4141">
     <span class='ocr_line' id='line_1_86' title="bbox 1778 4066 3375 4141; baseline 0.003 -19"><span class='ocrx_word' id='word_1_646' title='bbox 1778 4066 1875 4122; x_wconf 80' lang='lat' dir='ltr'><strong>irae</strong></span> <span class='ocrx_word' id='word_1_647' title='bbox 1914 4068 2153 4123; x_wconf 72' lang='lat' dir='ltr'><strong>caelestis</strong></span> <span class='ocrx_word' id='word_1_648' title='bbox 2196 4066 2490 4131; x_wconf 76' lang='lat' dir='ltr'><strong>oﬂensam,</strong></span> <span class='ocrx_word' id='word_1_649' title='bbox 2526 4069 2753 4123; x_wconf 90' lang='lat' dir='ltr'><strong>Domino</strong></span> <span class='ocrx_word' id='word_1_650' title='bbox 2786 4068 3045 4137; x_wconf 88' lang='lat' dir='ltr'><strong>jubente,</strong></span> <span class='ocrx_word' id='word_1_651' title='bbox 3078 4069 3328 4141; x_wconf 86' lang='lat' dir='ltr'><strong>dirigitur</strong></span> <span class='ocrx_word' id='word_1_652' title='bbox 3362 4088 3375 4126; x_wconf 91' lang='lat'><strong>:</strong></span> 
     </span>
    </p>
   </div>
   <div class='ocr_carea' id='block_1_87' title="bbox 1780 4159 3380 4232">
    <p class='ocr_par' dir='ltr' id='par_1_87' title="bbox 1780 4159 3380 4232">
     <span class='ocr_line' id='line_1_87' title="bbox 1780 4159 3380 4232; baseline 0.005 -21"><span class='ocrx_word' id='word_1_653' title='bbox 1780 4159 2042 4230; x_wconf 68' lang='lat' dir='ltr'><strong>praescius</strong></span> <span class='ocrx_word' id='word_1_654' title='bbox 2067 4160 2273 4215; x_wconf 90' lang='lat' dir='ltr'><strong>tristem</strong></span> <span class='ocrx_word' id='word_1_655' title='bbox 2298 4163 2624 4217; x_wconf 87' lang='lat' dir='ltr'><strong>sententiam</strong></span> <span class='ocrx_word' id='word_1_656' title='bbox 2648 4161 2917 4231; x_wconf 82' lang='lat' dir='ltr'><strong>PrOpheta</strong></span> <span class='ocrx_word' id='word_1_657' title='bbox 2945 4163 3127 4232; x_wconf 90' lang='lat' dir='ltr'><strong>populi</strong></span> <span class='ocrx_word' id='word_1_658' title='bbox 3146 4177 3380 4219; x_wconf 86' lang='lat' dir='ltr'><strong>conver-</strong></span> 
     </span>
    </p>
   </div>
   <div class='ocr_carea' id='block_1_88' title="bbox 1778 4251 3379 4324">
    <p class='ocr_par' dir='ltr' id='par_1_88' title="bbox 1778 4251 3379 4324">
     <span class='ocr_line' id='line_1_88' title="bbox 1778 4251 3379 4324; baseline 0.002 -16"><span class='ocrx_word' id='word_1_659' title='bbox 1778 4251 1932 4308; x_wconf 88' lang='lat' dir='ltr'><strong>sione</strong></span> <span class='ocrx_word' id='word_1_660' title='bbox 1975 4252 2349 4318; x_wconf 83' lang='lat' dir='ltr'><strong>vacuandam,</strong></span> <span class='ocrx_word' id='word_1_661' title='bbox 2399 4253 2577 4307; x_wconf 82' lang='lat' dir='ltr'><strong>navim</strong></span> <span class='ocrx_word' id='word_1_662' title='bbox 2630 4253 2890 4324; x_wconf 79' lang='lat' dir='ltr'><strong>profugus</strong></span> <span class='ocrx_word' id='word_1_663' title='bbox 2941 4268 3060 4324; x_wconf 67' lang='lat' dir='ltr'><strong>qua:</strong></span> <span class='ocrx_word' id='word_1_664' title='bbox 3110 4252 3379 4311; x_wconf 89' lang='lat' dir='ltr'><strong>Tharsqu</strong></span> 
     </span>
    </p>
   </div>
   <div class='ocr_carea' id='block_1_89' title="bbox 2455 4345 3382 4416">
    <p class='ocr_par' dir='ltr' id='par_1_89' title="bbox 2455 4345 3382 4416">
     <span class='ocr_line' id='line_1_89' title="bbox 2455 4345 3382 4416; baseline 0.004 -17"><span class='ocrx_word' id='word_1_665' title='bbox 2455 4345 2549 4401; x_wconf 88' lang='lat' dir='ltr'><strong>sed</strong></span> <span class='ocrx_word' id='word_1_666' title='bbox 2599 4346 2775 4399; x_wconf 81' lang='lat' dir='ltr'><strong>nautis</strong></span> <span class='ocrx_word' id='word_1_667' title='bbox 2816 4354 3005 4401; x_wconf 63' lang='lat' dir='ltr'><strong>exorta</strong></span> <span class='ocrx_word' id='word_1_668' title='bbox 3057 4355 3382 4416; x_wconf 86' lang='lat' dir='ltr'><strong>tempestate</strong></span> 
     </span>
    </p>
   </div>
   <div class='ocr_carea' id='block_1_90' title="bbox 1776 4436 3378 4509">
    <p class='ocr_par' dir='ltr' id='par_1_90' title="bbox 1776 4436 3378 4509">
     <span class='ocr_line' id='line_1_90' title="bbox 1776 4436 3378 4509; baseline 0 -18"><span class='ocrx_word' id='word_1_669' title='bbox 1776 4436 2031 4502; x_wconf 89' lang='lat' dir='ltr'><strong>turbatis,</strong></span> <span class='ocrx_word' id='word_1_670' title='bbox 2054 4444 2203 4493; x_wconf 87' lang='lat' dir='ltr'><strong>sorte</strong></span> <span class='ocrx_word' id='word_1_671' title='bbox 2228 4437 2480 4493; x_wconf 89' lang='lat' dir='ltr'><strong>fluctibus</strong></span> <span class='ocrx_word' id='word_1_672' title='bbox 2505 4437 2685 4505; x_wconf 90' lang='lat' dir='ltr'><strong>datur,</strong></span> <span class='ocrx_word' id='word_1_673' title='bbox 2717 4446 2771 4493; x_wconf 89' lang='lat' dir='ltr'><strong>et</strong></span> <span class='ocrx_word' id='word_1_674' title='bbox 2800 4436 3045 4493; x_wconf 88' lang='lat' dir='ltr'><strong>faucibus</strong></span> <span class='ocrx_word' id='word_1_675' title='bbox 3075 4440 3179 4493; x_wconf 87' lang='lat' dir='ltr'><strong>ceti</strong></span> <span class='ocrx_word' id='word_1_676' title='bbox 3214 4440 3378 4509; x_wconf 87' lang='lat' dir='ltr'><strong>piscis</strong></span> 
     </span>
    </p>
   </div>
   <div class='ocr_carea' id='block_1_91' title="bbox 1776 4528 3381 4600">
    <p class='ocr_par' dir='ltr' id='par_1_91' title="bbox 1776 4528 3381 4600">
     <span class='ocr_line' id='line_1_91' title="bbox 1776 4528 3381 4600; baseline 0.002 -15"><span class='ocrx_word' id='word_1_677' title='bbox 1776 4528 2057 4585; x_wconf 91' lang='lat' dir='ltr'><strong>demersus</strong></span> <span class='ocrx_word' id='word_1_678' title='bbox 2105 4531 2402 4600; x_wconf 77' lang='lat' dir='ltr'><strong>excipitur.</strong></span> <span class='ocrx_word' id='word_1_679' title='bbox 2453 4531 2558 4585; x_wconf 88' lang='lat' dir='ltr'><strong>Sed</strong></span> <span class='ocrx_word' id='word_1_680' title='bbox 2610 4531 2765 4599; x_wconf 92' lang='lat' dir='ltr'><strong>pisce</strong></span> <span class='ocrx_word' id='word_1_681' title='bbox 2816 4529 3042 4586; x_wconf 82' lang='lat' dir='ltr'><strong>illaesum</strong></span> <span class='ocrx_word' id='word_1_682' title='bbox 3092 4540 3381 4589; x_wconf 88' lang='lat' dir='ltr'><strong>eructante</strong></span> 
     </span>
    </p>
   </div>
   <div class='ocr_carea' id='block_1_92' title="bbox 90 4617 2973 4692">
    <p class='ocr_par' dir='ltr' id='par_1_92' title="bbox 90 4617 2973 4692">
     <span class='ocr_line' id='line_1_92' title="bbox 90 4617 2973 4692; baseline 0.001 -17"><span class='ocrx_word' id='word_1_683' title='bbox 90 4617 307 4683; x_wconf 69' lang='lat' dir='ltr'><strong>speciosa</strong></span> <span class='ocrx_word' id='word_1_684' title='bbox 350 4620 587 4675; x_wconf 87' lang='lat' dir='ltr'><strong>victoria</strong></span> <span class='ocrx_word' id='word_1_685' title='bbox 636 4630 719 4676; x_wconf 90' lang='lat' dir='ltr'><strong>est</strong></span> <span class='ocrx_word' id='word_1_686' title='bbox 764 4620 1093 4676; x_wconf 89' lang='lat' dir='ltr'><strong>contrariam</strong></span> <span class='ocrx_word' id='word_1_687' title='bbox 1141 4632 1352 4692; x_wconf 89' lang='lat' dir='ltr'><strong>partem</strong></span> <span class='ocrx_word' id='word_1_688' title='bbox 1404 4622 1669 4679; x_wconf 88' lang='lat' dir='ltr'><strong>chartulis</strong></span> <span class='ocrx_word' id='word_1_689' title='bbox 1696 4617 1750 4681; x_wconf 93' lang='lat' dir='ltr'><strong>D</strong></span> <span class='ocrx_word' id='word_1_690' title='bbox 1776 4620 2077 4691; x_wconf 91' lang='lat' dir='ltr'><strong>depositum</strong></span> <span class='ocrx_word' id='word_1_691' title='bbox 2097 4663 2110 4687; x_wconf 92' lang='lat'><strong>,</strong></span> <span class='ocrx_word' id='word_1_692' title='bbox 2140 4623 2302 4677; x_wconf 89' lang='lat' dir='ltr'><strong>tertia</strong></span> <span class='ocrx_word' id='word_1_693' title='bbox 2328 4622 2419 4678; x_wconf 90' lang='lat' dir='ltr'><strong>die</strong></span> <span class='ocrx_word' id='word_1_694' title='bbox 2450 4621 2614 4677; x_wconf 88' lang='lat' dir='ltr'><strong>terris</strong></span> <span class='ocrx_word' id='word_1_695' title='bbox 2646 4622 2973 4679; x_wconf 89' lang='lat' dir='ltr'><strong>refunditur.</strong></span> 
     </span>
    </p>
   </div>
   <div class='ocr_carea' id='block_1_93' title="bbox 87 4710 1671 4783">
    <p class='ocr_par' dir='ltr' id='par_1_93' title="bbox 87 4710 1671 4783">
     <span class='ocr_line' id='line_1_93' title="bbox 87 4710 1671 4783; baseline 0.006 -23"><span class='ocrx_word' id='word_1_696' title='bbox 87 4710 205 4776; x_wconf 56' lang='lat' dir='ltr'><strong>suis,</strong></span> <span class='ocrx_word' id='word_1_697' title='bbox 241 4712 397 4768; x_wconf 80' lang='lat' dir='ltr'><strong>velut</strong></span> <span class='ocrx_word' id='word_1_698' title='bbox 435 4712 673 4782; x_wconf 89' lang='lat' dir='ltr'><strong>propriis</strong></span> <span class='ocrx_word' id='word_1_699' title='bbox 704 4713 919 4783; x_wconf 87' lang='lat' dir='ltr'><strong>laqueis</strong></span> <span class='ocrx_word' id='word_1_700' title='bbox 950 4713 1170 4770; x_wconf 88' lang='lat' dir='ltr'><strong>irrctire</strong></span> <span class='ocrx_word' id='word_1_701' title='bbox 1200 4732 1211 4766; x_wconf 93' lang='lat'>:</span> <span class='ocrx_word' id='word_1_702' title='bbox 1244 4722 1298 4769; x_wconf 87' lang='lat' dir='ltr'><strong>et</strong></span> <span class='ocrx_word' id='word_1_703' title='bbox 1329 4714 1671 4770; x_wconf 84' lang='lat' dir='ltr'><strong>testimonio-</strong></span> 
     </span>
    </p>
   </div>
   <div class='ocr_carea' id='block_1_94' title="bbox 89 4804 1669 4871">
    <p class='ocr_par' dir='ltr' id='par_1_94' title="bbox 89 4804 1669 4871">
     <span class='ocr_line' id='line_1_94' title="bbox 89 4804 1669 4871; baseline 0.008 -19"><span class='ocrx_word' id='word_1_704' title='bbox 89 4816 185 4855; x_wconf 87' lang='lat' dir='ltr'><strong>rum</strong></span> <span class='ocrx_word' id='word_1_705' title='bbox 220 4820 456 4860; x_wconf 84' lang='lat' dir='ltr'><strong>suorum</strong></span> <span class='ocrx_word' id='word_1_706' title='bbox 496 4804 727 4860; x_wconf 87' lang='lat' dir='ltr'><strong>vocibus</strong></span> <span class='ocrx_word' id='word_1_707' title='bbox 763 4805 1048 4862; x_wconf 88' lang='lat' dir='ltr'><strong>confutare</strong></span> <span class='ocrx_word' id='word_1_708' title='bbox 1072 4848 1085 4871; x_wconf 93' lang='lat'><strong>,</strong></span> <span class='ocrx_word' id='word_1_709' title='bbox 1138 4815 1194 4862; x_wconf 90' lang='lat' dir='ltr'><strong>et</strong></span> <span class='ocrx_word' id='word_1_710' title='bbox 1243 4806 1494 4861; x_wconf 69' lang='lat' dir='ltr'><strong>aemulum</strong></span> <span class='ocrx_word' id='word_1_711' title='bbox 1546 4808 1669 4865; x_wconf 90' lang='lat' dir='ltr'><strong>telis</strong></span> 
     </span>
    </p>
   </div>
   <div class='ocr_carea' id='block_1_95' title="bbox 84 4896 1669 4971">
    <p class='ocr_par' dir='ltr' id='par_1_95' title="bbox 84 4896 1669 4971">
     <span class='ocr_line' id='line_1_95' title="bbox 84 4896 1669 4971; baseline 0.008 -26"><span class='ocrx_word' id='word_1_712' title='bbox 84 4896 176 4950; x_wconf 87' lang='lat' dir='ltr'><strong>suis</strong></span> <span class='ocrx_word' id='word_1_713' title='bbox 198 4899 496 4967; x_wconf 84' lang='lat' dir='ltr'><strong>evincere,</strong></span> <span class='ocrx_word' id='word_1_714' title='bbox 546 4906 605 4953; x_wconf 91' lang='lat' dir='ltr'><strong>ut</strong></span> <span class='ocrx_word' id='word_1_715' title='bbox 632 4898 1020 4969; x_wconf 74' lang='lat' dir='ltr'><strong>oppugnaturis</strong></span> <span class='ocrx_word' id='word_1_716' title='bbox 1058 4898 1131 4954; x_wconf 93' lang='lat' dir='ltr'><strong>tui</strong></span> <span class='ocrx_word' id='word_1_717' title='bbox 1165 4911 1517 4971; x_wconf 89' lang='lat' dir='ltr'><strong>argumenta,</strong></span> <span class='ocrx_word' id='word_1_718' title='bbox 1558 4902 1669 4957; x_wconf 91' lang='lat' dir='ltr'><strong>tuis</strong></span> 
     </span>
    </p>
   </div>
   <div class='ocr_carea' id='block_1_96' title="bbox 84 4990 1666 5064">
    <p class='ocr_par' dir='ltr' id='par_1_96' title="bbox 84 4990 1666 5064">
     <span class='ocr_line' id='line_1_96' title="bbox 84 4990 1666 5064; baseline 0.008 -24"><span class='ocrx_word' id='word_1_719' title='bbox 84 4990 366 5052; x_wconf 84' lang='lat' dir='ltr'><strong>probentur</strong></span> <span class='ocrx_word' id='word_1_720' title='bbox 422 4992 750 5049; x_wconf 88' lang='lat' dir='ltr'><strong>utilitatibus</strong></span> <span class='ocrx_word' id='word_1_721' title='bbox 797 4995 1053 5051; x_wconf 91' lang='lat' dir='ltr'><strong>militare.</strong></span> <span class='ocrx_word' id='word_1_722' title='bbox 1108 4992 1296 5064; x_wconf 85' lang='lat' dir='ltr'><strong>Itaque</strong></span> <span class='ocrx_word' id='word_1_723' title='bbox 1349 4994 1404 5049; x_wconf 93' lang='lat' dir='ltr'><strong>in</strong></span> <span class='ocrx_word' id='word_1_724' title='bbox 1454 4994 1666 5052; x_wconf 90' lang='lat' dir='ltr'><strong>Domini</strong></span> 
     </span>
    </p>
   </div>
   <div class='ocr_carea' id='block_1_97' title="bbox 78 5086 1668 5159">
    <p class='ocr_par' dir='ltr' id='par_1_97' title="bbox 78 5086 1668 5159">
     <span class='ocr_line' id='line_1_97' title="bbox 78 5086 1668 5159; baseline 0.006 -23"><span class='ocrx_word' id='word_1_725' title='bbox 78 5086 227 5140; x_wconf 82' lang='lat' dir='ltr'><strong>nostri</strong></span> <span class='ocrx_word' id='word_1_726' title='bbox 270 5100 550 5156; x_wconf 82' lang='lat' dir='ltr'><strong>persona,</strong></span> <span class='ocrx_word' id='word_1_727' title='bbox 595 5087 721 5142; x_wconf 90' lang='lat' dir='ltr'><strong>dum</strong></span> <span class='ocrx_word' id='word_1_728' title='bbox 765 5103 831 5142; x_wconf 80' lang='lat' dir='ltr'><strong>ex</strong></span> <span class='ocrx_word' id='word_1_729' title='bbox 872 5086 1003 5143; x_wconf 76' lang='lat' dir='ltr'><strong>Ada:</strong></span> <span class='ocrx_word' id='word_1_730' title='bbox 1041 5088 1199 5159; x_wconf 92' lang='lat' dir='ltr'><strong>primi</strong></span> <span class='ocrx_word' id='word_1_731' title='bbox 1243 5089 1478 5145; x_wconf 92' lang='lat' dir='ltr'><strong>hominis</strong></span> <span class='ocrx_word' id='word_1_732' title='bbox 1520 5100 1668 5146; x_wconf 89' lang='lat' dir='ltr'><strong>costa</strong></span> 
     </span>
    </p>
   </div>
   <div class='ocr_carea' id='block_1_98' title="bbox 79 5180 1670 5252">
    <p class='ocr_par' dir='ltr' id='par_1_98' title="bbox 79 5180 1670 5252">
     <span class='ocr_line' id='line_1_98' title="bbox 79 5180 1670 5252; baseline 0.008 -27"><span class='ocrx_word' id='word_1_733' title='bbox 79 5186 235 5234; x_wconf 79' lang='lat' dir='ltr'><strong>mater</strong></span> <span class='ocrx_word' id='word_1_734' title='bbox 263 5190 602 5235; x_wconf 89' lang='lat' dir='ltr'><strong>cunctorum</strong></span> <span class='ocrx_word' id='word_1_735' title='bbox 631 5180 930 5236; x_wconf 90' lang='lat' dir='ltr'><strong>viventium</strong></span> <span class='ocrx_word' id='word_1_736' title='bbox 965 5180 1078 5236; x_wconf 83' lang='lat' dir='ltr'><strong>Eva</strong></span> <span class='ocrx_word' id='word_1_737' title='bbox 1104 5181 1419 5252; x_wconf 89' lang='lat' dir='ltr'><strong>producitur</strong></span> <span class='ocrx_word' id='word_1_738' title='bbox 1446 5202 1455 5235; x_wconf 93' lang='lat'>:</span> <span class='ocrx_word' id='word_1_739' title='bbox 1483 5198 1545 5238; x_wconf 80' lang='lat' dir='ltr'><strong>ex</strong></span> <span class='ocrx_word' id='word_1_740' title='bbox 1573 5182 1670 5238; x_wconf 86' lang='lat' dir='ltr'><strong>hu-</strong></span> 
     </span>
    </p>
   </div>
   <div class='ocr_carea' id='block_1_99' title="bbox 74 5266 1667 5335">
    <p class='ocr_par' dir='ltr' id='par_1_99' title="bbox 74 5266 1667 5335">
     <span class='ocr_line' id='line_1_99' title="bbox 74 5266 1667 5335; baseline 0.004 -13"><span class='ocrx_word' id='word_1_741' title='bbox 74 5266 144 5331; x_wconf 80' lang='lat' dir='ltr'><strong>ius</strong></span> <span class='ocrx_word' id='word_1_742' title='bbox 164 5285 328 5325; x_wconf 79' lang='lat' dir='ltr'><strong>sacro</strong></span> <span class='ocrx_word' id='word_1_743' title='bbox 356 5271 557 5335; x_wconf 80' lang='lat' dir='ltr'><strong>latere,</strong></span> <span class='ocrx_word' id='word_1_744' title='bbox 581 5281 634 5326; x_wconf 90' lang='lat' dir='ltr'><strong>et</strong></span> <span class='ocrx_word' id='word_1_745' title='bbox 656 5271 889 5327; x_wconf 85' lang='lat' dir='ltr'><strong>salutari</strong></span> <span class='ocrx_word' id='word_1_746' title='bbox 912 5275 1137 5329; x_wconf 85' lang='lat' dir='ltr'><strong>vulnere</strong></span> <span class='ocrx_word' id='word_1_747' title='bbox 1161 5273 1402 5329; x_wconf 87' lang='lat' dir='ltr'><strong>Ecclesia</strong></span> <span class='ocrx_word' id='word_1_748' title='bbox 1425 5274 1667 5329; x_wconf 89' lang='lat' dir='ltr'><strong>omnium</strong></span> 
     </span>
    </p>
   </div>
   <div class='ocr_carea' id='block_1_100' title="bbox 77 5364 1671 5440">
    <p class='ocr_par' dir='ltr' id='par_1_100' title="bbox 77 5364 1671 5440">
     <span class='ocr_line' id='line_1_100' title="bbox 77 5364 1671 5440; baseline 0.006 -25"><span class='ocrx_word' id='word_1_749' title='bbox 77 5364 301 5421; x_wconf 70' lang='lat' dir='ltr'><strong>ﬁdelium</strong></span> <span class='ocrx_word' id='word_1_750' title='bbox 336 5379 561 5435; x_wconf 84' lang='lat' dir='ltr'><strong>parens,</strong></span> <span class='ocrx_word' id='word_1_751' title='bbox 594 5366 895 5435; x_wconf 88' lang='lat' dir='ltr'><strong>reparanda</strong></span> <span class='ocrx_word' id='word_1_752' title='bbox 926 5375 1286 5423; x_wconf 88' lang='lat' dir='ltr'><strong>monstratur.</strong></span> <span class='ocrx_word' id='word_1_753' title='bbox 1318 5367 1371 5422; x_wconf 84' lang='lat' dir='ltr'><strong>in</strong></span> <span class='ocrx_word' id='word_1_754' title='bbox 1398 5367 1516 5439; x_wconf 88' lang='lat' dir='ltr'><strong>ejus</strong></span> <span class='ocrx_word' id='word_1_755' title='bbox 1542 5380 1671 5440; x_wconf 84' lang='lat' dir='ltr'><strong>typo</strong></span> 
     </span>
    </p>
   </div>
   <div class='ocr_carea' id='block_1_101' title="bbox 72 5454 1671 5517">
    <p class='ocr_par' dir='ltr' id='par_1_101' title="bbox 72 5454 1671 5517">
     <span class='ocr_line' id='line_1_101' title="bbox 72 5454 1671 5517; baseline 0.004 -9"><span class='ocrx_word' id='word_1_756' title='bbox 72 5454 190 5513; x_wconf 80' lang='lat' dir='ltr'><strong>Abel</strong></span> <span class='ocrx_word' id='word_1_757' title='bbox 236 5456 437 5514; x_wconf 77' lang='lat' dir='ltr'><strong>victus</strong></span> <span class='ocrx_word' id='word_1_758' title='bbox 477 5456 746 5515; x_wconf 88' lang='lat' dir='ltr'><strong>occiditur</strong></span> <span class='ocrx_word' id='word_1_759' title='bbox 782 5474 797 5513; x_wconf 88' lang='lat'><strong>:</strong></span> <span class='ocrx_word' id='word_1_760' title='bbox 842 5467 898 5516; x_wconf 89' lang='lat' dir='ltr'><strong>et</strong></span> <span class='ocrx_word' id='word_1_761' title='bbox 942 5458 1209 5517; x_wconf 88' lang='lat' dir='ltr'><strong>innocens</strong></span> <span class='ocrx_word' id='word_1_762' title='bbox 1253 5457 1495 5517; x_wconf 87' lang='lat' dir='ltr'><strong>fraterna</strong></span> <span class='ocrx_word' id='word_1_763' title='bbox 1539 5469 1671 5516; x_wconf 89' lang='lat' dir='ltr'><strong>tam-</strong></span> 
     </span>
    </p>
   </div>
   <div class='ocr_carea' id='block_1_102' title="bbox 88 5615 1667 5693">
    <p class='ocr_par' dir='ltr' id='par_1_102' title="bbox 88 5615 1667 5693">
     <span class='ocr_line' id='line_1_102' title="bbox 88 5615 1667 5693; baseline 0.001 -21"><span class='ocrx_word' id='word_1_764' title='bbox 88 5686 95 5693; x_wconf 30' lang='lat'><em>.</em></span> <span class='ocrx_word' id='word_1_765' title='bbox 132 5624 153 5653; x_wconf 81' lang='grc'><strong><em>⁸</em></strong></span> <span class='ocrx_word' id='word_1_766' title='bbox 190 5615 525 5693; x_wconf 59' lang='lat' dir='ltr'><strong>Scilicctiv</strong></span> <span class='ocrx_word' id='word_1_767' title='bbox 559 5617 764 5689; x_wconf 85' lang='lat' dir='ltr'><strong>Regum</strong></span> <span class='ocrx_word' id='word_1_768' title='bbox 798 5634 945 5693; x_wconf 73' lang='lat' dir='ltr'><strong>xm,</strong></span> <span class='ocrx_word' id='word_1_769' title='bbox 973 5618 1067 5693; x_wconf 68' lang='lat' dir='ltr'><strong>2i,</strong></span> <span class='ocrx_word' id='word_1_770' title='bbox 1096 5618 1244 5693; x_wconf 72' lang='lat' dir='ltr'><strong>juxta</strong></span> <span class='ocrx_word' id='word_1_771' title='bbox 1277 5618 1421 5693; x_wconf 52' lang='lat' dir='ltr'><strong>LX}</strong></span> <span class='ocrx_word' id='word_1_772' title='bbox 1454 5618 1667 5689; x_wconf 86' lang='lat' dir='ltr'><strong>legerit.</strong></span> 
     </span>
    </p>
   </div>
   <div class='ocr_carea' id='block_1_103' title="bbox 67 5687 1667 5760">
    <p class='ocr_par' dir='ltr' id='par_1_103' title="bbox 67 5687 1667 5760">
     <span class='ocr_line' id='line_1_103' title="bbox 67 5687 1667 5760; baseline 0.004 -21"><span class='ocrx_word' id='word_1_773' title='bbox 67 5687 186 5742; x_wconf 71' lang='lat' dir='ltr'><strong>Cum</strong></span> <span class='ocrx_word' id='word_1_774' title='bbox 212 5691 381 5760; x_wconf 14' lang='lat' dir='ltr'><strong>enim,</strong></span> <span class='ocrx_word' id='word_1_775' title='bbox 410 5687 769 5760; x_wconf 25' lang='lat' dir='ltr'><strong>Vulgata‘pro</strong></span> <span class='ocrx_word' id='word_1_776' title='bbox 807 5690 1075 5759; x_wconf 83' lang='lat' dir='ltr'><strong>ambiguis</strong></span> <span class='ocrx_word' id='word_1_777' title='bbox 1099 5690 1320 5745; x_wconf 79' lang='lat' dir='ltr'><strong>vocibus</strong></span> <span class='ocrx_word' id='word_1_778' title='bbox 1350 5687 1535 5745; x_wconf 68' lang='lat' dir='ltr'><strong>Grmca</strong></span> <span class='ocrx_word' id='word_1_779' title='bbox 1570 5694 1667 5746; x_wconf 78' lang='grc' dir='ltr'><strong>αὐ-</strong></span> 
     </span>
    </p>
   </div>
   <div class='ocr_carea' id='block_1_104' title="bbox 70 5758 1667 5831">
    <p class='ocr_par' dir='ltr' id='par_1_104' title="bbox 70 5758 1667 5831">
     <span class='ocr_line' id='line_1_104' title="bbox 70 5758 1667 5831; baseline 0.006 -22"><span class='ocrx_word' id='word_1_780' title='bbox 70 5766 171 5821; x_wconf 56' lang='grc' dir='ltr'><strong>τῶν,</strong></span> <span class='ocrx_word' id='word_1_781' title='bbox 202 5769 257 5815; x_wconf 85' lang='lat' dir='ltr'><strong>et</strong></span> <span class='ocrx_word' id='word_1_782' title='bbox 280 5758 556 5816; x_wconf 83' lang='lat' dir='ltr'><strong>liebraica</strong></span> <span class='ocrx_word' id='word_1_783' title='bbox 586 5758 689 5825; x_wconf 67' lang='lat' dir='ltr'><strong>Di‘l,</strong></span> <span class='ocrx_word' id='word_1_784' title='bbox 716 5770 891 5831; x_wconf 78' lang='lat' dir='ltr'><strong>vertat</strong></span> <span class='ocrx_word' id='word_1_785' title='bbox 910 5758 1141 5831; x_wconf 76' lang='lat' dir='ltr'><strong>quidam,</strong></span> <span class='ocrx_word' id='word_1_786' title='bbox 1167 5770 1222 5831; x_wconf 77' lang='lat' dir='ltr'><strong>et</strong></span> <span class='ocrx_word' id='word_1_787' title='bbox 1242 5760 1308 5831; x_wconf 77' lang='lat' dir='ltr'><strong>ad</strong></span> <span class='ocrx_word' id='word_1_788' title='bbox 1332 5760 1667 5831; x_wconf 73' lang='lat' dir='ltr'><strong>sepelienlea</strong></span> 
     </span>
    </p>
   </div>
   <div class='ocr_carea' id='block_1_105' title="bbox 69 5827 1669 5899">
    <p class='ocr_par' dir='ltr' id='par_1_105' title="bbox 69 5827 1669 5899">
     <span class='ocr_line' id='line_1_105' title="bbox 69 5827 1669 5899; baseline 0.008 -20"><span class='ocrx_word' id='word_1_789' title='bbox 69 5832 259 5885; x_wconf 57' lang='lat' dir='ltr'><strong>icit-rat</strong></span> <span class='ocrx_word' id='word_1_790' title='bbox 284 5871 299 5899; x_wconf 86' lang='lat'><strong>,</strong></span> <span class='ocrx_word' id='word_1_791' title='bbox 334 5840 561 5887; x_wconf 82' lang='lat' dir='ltr'><strong>omnem</strong></span> <span class='ocrx_word' id='word_1_792' title='bbox 591 5827 987 5889; x_wconf 80' lang='lat' dir='ltr'><strong>dubitationem</strong></span> <span class='ocrx_word' id='word_1_793' title='bbox 1024 5830 1159 5891; x_wconf 83' lang='lat' dir='ltr'><strong>tollit</strong></span> <span class='ocrx_word' id='word_1_794' title='bbox 1190 5829 1259 5889; x_wconf 88' lang='lat' dir='ltr'><strong>dc</strong></span> <span class='ocrx_word' id='word_1_795' title='bbox 1285 5827 1505 5891; x_wconf 80' lang='lat' dir='ltr'><strong>homine</strong></span> <span class='ocrx_word' id='word_1_796' title='bbox 1533 5846 1562 5889; x_wconf 73' lang='grc' dir='ltr'><em>α</em></span> <span class='ocrx_word' id='word_1_797' title='bbox 1590 5831 1669 5891; x_wconf 85' lang='lat' dir='ltr'><strong>la-</strong></span> 
     </span>
    </p>
   </div>
   <div class='ocr_carea' id='block_1_106' title="bbox 1760 4704 3375 4775">
    <p class='ocr_par' dir='ltr' id='par_1_106' title="bbox 1760 4704 3375 4775">
     <span class='ocr_line' id='line_1_106' title="bbox 1760 4704 3375 4775; baseline 0.004 -7"><span class='ocrx_word' id='word_1_798' title='bbox 1760 4704 1770 4717; x_wconf 87' lang='grc'><em>’</em></span> <span class='ocrx_word' id='word_1_799' title='bbox 1846 4713 1916 4768; x_wconf 80' lang='lat' dir='ltr'><strong>X.</strong></span> <span class='ocrx_word' id='word_1_800' title='bbox 1945 4713 2140 4769; x_wconf 81' lang='lat' dir='ltr'><strong>Videte</strong></span> <span class='ocrx_word' id='word_1_801' title='bbox 2169 4714 2455 4769; x_wconf 91' lang='lat' dir='ltr'><strong>Dominum</strong></span> <span class='ocrx_word' id='word_1_802' title='bbox 2479 4715 2641 4770; x_wconf 88' lang='lat' dir='ltr'><strong>etiam</strong></span> <span class='ocrx_word' id='word_1_803' title='bbox 2670 4715 2720 4769; x_wconf 93' lang='lat' dir='ltr'><strong>in</strong></span> <span class='ocrx_word' id='word_1_804' title='bbox 2746 4715 2916 4770; x_wconf 91' lang='lat' dir='ltr'><strong>veteri</strong></span> <span class='ocrx_word' id='word_1_805' title='bbox 2943 4715 3296 4774; x_wconf 81' lang='lat' dir='ltr'><strong>Testamento</strong></span> <span class='ocrx_word' id='word_1_806' title='bbox 3321 4718 3375 4775; x_wconf 90' lang='lat' dir='ltr'><strong>in</strong></span> 
     </span>
    </p>
   </div>
   <div class='ocr_carea' id='block_1_107' title="bbox 1773 4806 3377 4884">
    <p class='ocr_par' dir='ltr' id='par_1_107' title="bbox 1773 4806 3377 4884">
     <span class='ocr_line' id='line_1_107' title="bbox 1773 4806 3377 4884; baseline 0.003 -21"><span class='ocrx_word' id='word_1_807' title='bbox 1773 4807 1918 4864; x_wconf 88' lang='lat' dir='ltr'><strong>servi</strong></span> <span class='ocrx_word' id='word_1_808' title='bbox 1959 4806 2132 4862; x_wconf 92' lang='lat' dir='ltr'><strong>forma</strong></span> <span class='ocrx_word' id='word_1_809' title='bbox 2165 4808 2489 4863; x_wconf 87' lang='lat' dir='ltr'><strong>mirabiliter</strong></span> <span class='ocrx_word' id='word_1_810' title='bbox 2526 4824 2795 4880; x_wconf 86' lang='lat' dir='ltr'><strong>apparere</strong></span> <span class='ocrx_word' id='word_1_811' title='bbox 2833 4827 2845 4863; x_wconf 91' lang='lat'>:</span> <span class='ocrx_word' id='word_1_812' title='bbox 2880 4809 3065 4867; x_wconf 85' lang='lat' dir='ltr'><strong>videte</strong></span> <span class='ocrx_word' id='word_1_813' title='bbox 3102 4812 3377 4884; x_wconf 91' lang='lat' dir='ltr'><strong>quomodo</strong></span> 
     </span>
    </p>
   </div>
   <div class='ocr_carea' id='block_1_108' title="bbox 1774 4900 3376 4968">
    <p class='ocr_par' dir='ltr' id='par_1_108' title="bbox 1774 4900 3376 4968">
     <span class='ocr_line' id='line_1_108' title="bbox 1774 4900 3376 4968; baseline 0.004 -13"><span class='ocrx_word' id='word_1_814' title='bbox 1774 4914 1835 4955; x_wconf 89' lang='lat' dir='ltr'><strong>se</strong></span> <span class='ocrx_word' id='word_1_815' title='bbox 1881 4908 2004 4955; x_wconf 90' lang='lat' dir='ltr'><strong>ante</strong></span> <span class='ocrx_word' id='word_1_816' title='bbox 2047 4900 2180 4955; x_wconf 84' lang='lat' dir='ltr'><strong>actis</strong></span> <span class='ocrx_word' id='word_1_817' title='bbox 2215 4902 2429 4955; x_wconf 72' lang='lat' dir='ltr'><strong>smeulis</strong></span> <span class='ocrx_word' id='word_1_818' title='bbox 2470 4902 2765 4968; x_wconf 88' lang='lat' dir='ltr'><strong>indicavit,</strong></span> <span class='ocrx_word' id='word_1_819' title='bbox 2812 4905 3115 4959; x_wconf 89' lang='lat' dir='ltr'><strong>secundum</strong></span> <span class='ocrx_word' id='word_1_820' title='bbox 3162 4905 3376 4961; x_wconf 89' lang='lat' dir='ltr'><strong>servilis</strong></span> 
     </span>
    </p>
   </div>
   <div class='ocr_carea' id='block_1_109' title="bbox 1774 4994 3373 5055">
    <p class='ocr_par' dir='ltr' id='par_1_109' title="bbox 1774 4994 3373 5055">
     <span class='ocr_line' id='line_1_109' title="bbox 1774 4994 3373 5055; baseline 0.004 -6"><span class='ocrx_word' id='word_1_821' title='bbox 1774 4995 1961 5051; x_wconf 74' lang='lat' dir='ltr'><strong>formze</strong></span> <span class='ocrx_word' id='word_1_822' title='bbox 2004 4994 2365 5051; x_wconf 91' lang='lat' dir='ltr'><strong>humilitatem</strong></span> <span class='ocrx_word' id='word_1_823' title='bbox 2410 5006 2721 5051; x_wconf 89' lang='lat' dir='ltr'><strong>venturum.</strong></span> <span class='ocrx_word' id='word_1_824' title='bbox 2770 4996 2937 5053; x_wconf 85' lang='lat' dir='ltr'><strong>Jonas</strong></span> <span class='ocrx_word' id='word_1_825' title='bbox 2982 4999 3113 5052; x_wconf 87' lang='lat' dir='ltr'><strong>iram</strong></span> <span class='ocrx_word' id='word_1_826' title='bbox 3157 4998 3373 5055; x_wconf 92' lang='lat' dir='ltr'><strong>Domini</strong></span> 
     </span>
    </p>
   </div>
   <div class='ocr_carea' id='block_1_110' title="bbox 1780 5087 3370 5159">
    <p class='ocr_par' dir='ltr' id='par_1_110' title="bbox 1780 5087 3370 5159">
     <span class='ocr_line' id='line_1_110' title="bbox 1780 5087 3370 5159; baseline 0.002 -17"><span class='ocrx_word' id='word_1_827' title='bbox 1780 5087 2177 5159; x_wconf 71' lang='lat' dir='ltr'><strong>praidicaturus</strong></span> <span class='ocrx_word' id='word_1_828' title='bbox 2198 5087 2264 5143; x_wconf 92' lang='lat' dir='ltr'><strong>ad</strong></span> <span class='ocrx_word' id='word_1_829' title='bbox 2291 5103 2540 5158; x_wconf 86' lang='lat' dir='ltr'><strong>magnam</strong></span> <span class='ocrx_word' id='word_1_830' title='bbox 2563 5088 2924 5144; x_wconf 85' lang='lat' dir='ltr'><strong>Ninivitarum</strong></span> <span class='ocrx_word' id='word_1_831' title='bbox 2954 5089 3256 5144; x_wconf 80' lang='lat' dir='ltr'><strong>chtinatur</strong></span> <span class='ocrx_word' id='word_1_832' title='bbox 3278 5105 3370 5145; x_wconf 85' lang='lat' dir='ltr'><strong>ur-</strong></span> 
     </span>
    </p>
   </div>
   <div class='ocr_carea' id='block_1_111' title="bbox 1773 5181 3373 5257">
    <p class='ocr_par' dir='ltr' id='par_1_111' title="bbox 1773 5181 3373 5257">
     <span class='ocr_line' id='line_1_111' title="bbox 1773 5181 3373 5257; baseline 0 -17"><span class='ocrx_word' id='word_1_833' title='bbox 1773 5183 1897 5240; x_wconf 92' lang='lat' dir='ltr'><strong>bem</strong></span> <span class='ocrx_word' id='word_1_834' title='bbox 1925 5181 2203 5239; x_wconf 89' lang='lat' dir='ltr'><strong>dicturus:</strong></span> <span class='ocrx_word' id='word_1_835' title='bbox 2232 5183 2417 5237; x_wconf 81' lang='lat' dir='ltr'><strong>Adhuc</strong></span> <span class='ocrx_word' id='word_1_836' title='bbox 2439 5184 2795 5257; x_wconf 84' lang='lat' dir='ltr'><strong>quadraginta</strong></span> <span class='ocrx_word' id='word_1_837' title='bbox 2818 5184 3013 5249; x_wconf 64' lang='lat' dir='ltr'><strong>dies,“</strong></span> <span class='ocrx_word' id='word_1_838' title='bbox 3034 5182 3081 5237; x_wconf 85' lang='grc' dir='ltr'><strong><em>Ν</em></strong></span> <span class='ocrx_word' id='word_1_839' title='bbox 3090 5184 3224 5239; x_wconf 86' lang='lat' dir='ltr'><strong>inive</strong></span> <span class='ocrx_word' id='word_1_840' title='bbox 3250 5185 3373 5240; x_wconf 81' lang='lat' dir='ltr'><strong>sub-</strong></span> 
     </span>
    </p>
   </div>
   <div class='ocr_carea' id='block_1_112' title="bbox 1773 5273 3376 5344">
    <p class='ocr_par' dir='ltr' id='par_1_112' title="bbox 1773 5273 3376 5344">
     <span class='ocr_line' id='line_1_112' title="bbox 1773 5273 3376 5344; baseline 0.002 -14"><span class='ocrx_word' id='word_1_841' title='bbox 1773 5284 2019 5330; x_wconf 83' lang='lat' dir='ltr'><strong>vertetur.</strong></span> <span class='ocrx_word' id='word_1_842' title='bbox 2054 5275 2121 5330; x_wconf 85' lang='lat' dir='ltr'><strong>Et</strong></span> <span class='ocrx_word' id='word_1_843' title='bbox 2147 5273 2398 5331; x_wconf 88' lang='lat' dir='ltr'><strong>Christus</strong></span> <span class='ocrx_word' id='word_1_844' title='bbox 2426 5275 2496 5330; x_wconf 86' lang='lat' dir='ltr'><strong>ad</strong></span> <span class='ocrx_word' id='word_1_845' title='bbox 2527 5274 2711 5330; x_wconf 90' lang='lat' dir='ltr'><strong>mundi</strong></span> <span class='ocrx_word' id='word_1_846' title='bbox 2740 5274 2969 5329; x_wconf 91' lang='lat' dir='ltr'><strong>mittitur</strong></span> <span class='ocrx_word' id='word_1_847' title='bbox 2990 5275 3289 5344; x_wconf 79' lang='lat' dir='ltr'><strong>civitatein,</strong></span> <span class='ocrx_word' id='word_1_848' title='bbox 3318 5287 3376 5333; x_wconf 93' lang='lat' dir='ltr'><strong>ut</strong></span> 
     </span>
    </p>
   </div>
   <div class='ocr_carea' id='block_1_113' title="bbox 1773 5367 3445 5439">
    <p class='ocr_par' dir='ltr' id='par_1_113' title="bbox 1773 5367 3445 5439">
     <span class='ocr_line' id='line_1_113' title="bbox 1773 5367 3445 5439; baseline 0.001 -15"><span class='ocrx_word' id='word_1_849' title='bbox 1773 5368 1915 5424; x_wconf 89' lang='lat' dir='ltr'><strong>diem</strong></span> <span class='ocrx_word' id='word_1_850' title='bbox 1948 5367 2137 5424; x_wconf 84' lang='lat' dir='ltr'><strong>salutis</strong></span> <span class='ocrx_word' id='word_1_851' title='bbox 2187 5379 2244 5424; x_wconf 92' lang='lat' dir='ltr'><strong>et</strong></span> <span class='ocrx_word' id='word_1_852' title='bbox 2275 5369 2598 5439; x_wconf 72' lang='lat' dir='ltr'><strong>praeﬁnitum</strong></span> <span class='ocrx_word' id='word_1_853' title='bbox 2620 5368 2808 5439; x_wconf 91' lang='lat' dir='ltr'><strong>judicii</strong></span> <span class='ocrx_word' id='word_1_854' title='bbox 2832 5376 3045 5439; x_wconf 87' lang='lat' dir='ltr'><strong>tempus</strong></span> <span class='ocrx_word' id='word_1_855' title='bbox 3068 5370 3369 5426; x_wconf 71' lang='lat' dir='ltr'><strong>annuntiat.</strong></span> <span class='ocrx_word' id='word_1_856' title='bbox 3437 5416 3445 5425; x_wconf 91' lang='lat'><strong>.</strong></span> 
     </span>
    </p>
   </div>
   <div class='ocr_carea' id='block_1_114' title="bbox 1777 5460 3367 5531">
    <p class='ocr_par' dir='ltr' id='par_1_114' title="bbox 1777 5460 3367 5531">
     <span class='ocr_line' id='line_1_114' title="bbox 1777 5460 3367 5531; baseline -0.001 -14"><span class='ocrx_word' id='word_1_857' title='bbox 1777 5461 1942 5519; x_wconf 90' lang='lat' dir='ltr'><strong>Jonas</strong></span> <span class='ocrx_word' id='word_1_858' title='bbox 1975 5460 2154 5517; x_wconf 85' lang='lat' dir='ltr'><strong>navim</strong></span> <span class='ocrx_word' id='word_1_859' title='bbox 2179 5464 2414 5531; x_wconf 82' lang='lat' dir='ltr'><strong>expetit,</strong></span> <span class='ocrx_word' id='word_1_860' title='bbox 2438 5460 2690 5518; x_wconf 90' lang='lat' dir='ltr'><strong>Christus</strong></span> <span class='ocrx_word' id='word_1_861' title='bbox 2720 5461 3043 5519; x_wconf 81' lang='lat' dir='ltr'><strong>Ecclesium.</strong></span> <span class='ocrx_word' id='word_1_862' title='bbox 3075 5462 3243 5519; x_wconf 90' lang='lat' dir='ltr'><strong>Jonas</strong></span> <span class='ocrx_word' id='word_1_863' title='bbox 3264 5462 3367 5516; x_wconf 86' lang='lat' dir='ltr'><strong>ilu-</strong></span> 
     </span>
    </p>
   </div>
   <div class='ocr_carea' id='block_1_115' title="bbox 1783 5619 3369 5691">
    <p class='ocr_par' dir='ltr' id='par_1_115' title="bbox 1783 5619 3369 5691">
     <span class='ocr_line' id='line_1_115' title="bbox 1783 5619 3369 5691; baseline 0.002 -18"><span class='ocrx_word' id='word_1_864' title='bbox 1783 5619 2047 5677; x_wconf 91' lang='lat' dir='ltr'><strong>trunculis</strong></span> <span class='ocrx_word' id='word_1_865' title='bbox 2070 5620 2269 5691; x_wconf 87' lang='lat' dir='ltr'><strong>occiso,</strong></span> <span class='ocrx_word' id='word_1_866' title='bbox 2297 5627 2457 5691; x_wconf 90' lang='lat' dir='ltr'><strong>atque</strong></span> <span class='ocrx_word' id='word_1_867' title='bbox 2481 5619 2548 5673; x_wconf 90' lang='lat' dir='ltr'><strong>ab</strong></span> <span class='ocrx_word' id='word_1_868' title='bbox 2569 5619 2761 5675; x_wconf 88' lang='lat' dir='ltr'><strong>iisdem</strong></span> <span class='ocrx_word' id='word_1_869' title='bbox 2786 5622 3032 5691; x_wconf 87' lang='lat' dir='ltr'><strong>sepulto:</strong></span> <span class='ocrx_word' id='word_1_870' title='bbox 3056 5636 3178 5691; x_wconf 70' lang='lat' dir='ltr'><strong>qua:</strong></span> <span class='ocrx_word' id='word_1_871' title='bbox 3198 5622 3369 5676; x_wconf 90' lang='lat' dir='ltr'><strong>nostri</strong></span> 
     </span>
    </p>
   </div>
   <div class='ocr_carea' id='block_1_116' title="bbox 1776 5690 3369 5759">
    <p class='ocr_par' dir='ltr' id='par_1_116' title="bbox 1776 5690 3369 5759">
     <span class='ocr_line' id='line_1_116' title="bbox 1776 5690 3369 5759; baseline 0.003 -13"><span class='ocrx_word' id='word_1_872' title='bbox 1776 5696 2016 5746; x_wconf 84' lang='lat' dir='ltr'><strong>auctoris</strong></span> <span class='ocrx_word' id='word_1_873' title='bbox 2054 5733 2067 5753; x_wconf 85' lang='lat'><strong>.</strong></span> <span class='ocrx_word' id='word_1_874' title='bbox 2097 5690 2321 5759; x_wconf 87' lang='lat' dir='ltr'><strong>Josephi</strong></span> <span class='ocrx_word' id='word_1_875' title='bbox 2354 5702 2409 5745; x_wconf 87' lang='lat' dir='ltr'><strong>et</strong></span> <span class='ocrx_word' id='word_1_876' title='bbox 2434 5690 2687 5746; x_wconf 83' lang='lat' dir='ltr'><strong>Chroniei</strong></span> <span class='ocrx_word' id='word_1_877' title='bbox 2721 5690 3369 5750; x_wconf 25' lang='lat' dir='ltr'><strong>Alex’amlrinisententia</strong></span> 
     </span>
    </p>
   </div>
   <div class='ocr_carea' id='block_1_117' title="bbox 1778 5761 3059 5831">
    <p class='ocr_par' dir='ltr' id='par_1_117' title="bbox 1778 5761 3059 5831">
     <span class='ocr_line' id='line_1_117' title="bbox 1778 5761 3059 5831; baseline -0.003 -12"><span class='ocrx_word' id='word_1_878' title='bbox 1778 5768 1881 5831; x_wconf 86' lang='lat' dir='ltr'><strong>est,</strong></span> <span class='ocrx_word' id='word_1_879' title='bbox 1914 5762 2113 5821; x_wconf 79' lang='lat' dir='ltr'><strong>aliisin</strong></span> <span class='ocrx_word' id='word_1_880' title='bbox 2144 5761 2277 5821; x_wconf 85' lang='lat' dir='ltr'><strong>alias</strong></span> <span class='ocrx_word' id='word_1_881' title='bbox 2308 5763 2605 5821; x_wconf 78' lang='lat' dir='ltr'><strong>sententias</strong></span> <span class='ocrx_word' id='word_1_882' title='bbox 2633 5762 3059 5822; x_wconf 70' lang='lat' dir='ltr'><strong>discedentibus.</strong></span> 
     </span>
    </p>
   </div>
  </div>
