3926 6290
119 416 198 477 29.!

955 400 1292 463 EPISTOLA
1321 395 1514 468 XXVI,
1556 395 1688 457 SEU
1729 393 1962 455 SERMO
1999 392 2090 451 DE
2130 381 2523 449 EPIPHANIA.

3291 375 3400 435 9‘39.

123 529 397 604 Deniquein
422 523 716 585 Ezechiele
742 518 1036 594 propheta,
1065 529 1188 573 cum
1221 527 1412 570 omnes
1438 513 1529 584 qui
1563 505 1691 566 mis-
1717 510 1769 572 Α
1793 509 1970 564 luerat
2019 507 2354 576 congregare
2385 544 2401 570 ,
2453 483 2512 558 ul
2557 496 2772 556 Domini
2828 511 3028 569 corpus
3083 493 3394 565 attingeret.

122 639 193 684 sus
214 603 376 679 fuerat
403 618 637 690 angelus
668 613 981 679 occidisset,
1013 619 1071 666 et
1096 606 1403 664 interfectio
1440 603 1697 674 coepisset

123 733 144 772 a
166 715 362 781 sanctis,
399 711 481 768 illi
507 703 885 767 tantummodo
904 704 1142 775 sOSpites
1165 707 1535 766 reservantpt,
1558 701 1694 768 quos

124 809 239 866 Titan
266 806 472 869 littera,
503 797 556 858 id
579 811 682 867 εει,
709 799 886 855 crucis
907 797 1118 868 pictura
1141 795 1473 849 servaverat.
1500 789 1694 845 Exsul-

123 912 261 958 temus
279 898 468 968 itaque
488 894 559 950 ad
581 893 762 949 crucis
785 886 1200 947 similitudinem
1223 901 1239 940 :
1267 892 1485 940 sanctas
1508 882 1564 938 in
1584 895 1696 938 cm-

121 996 204 1052 lam
225 993 468 1048 levemus
498 1002 729 1044 manus:
757 1000 880 1042 cum
908 983 987 1038 sic
1017 996 1118 1038 nos
1147 985 1392 1035 armatos
1415 976 1693 1033 drentones

121 1083 329 1150 viderint,
353 1080 763 1153 opprimentur.
783 1074 1013 1144 Quando
1044 1073 1260 1144 Moyses
1287 1079 1499 1127 erectas
1527 1068 1694 1124 habe-

119 1181 190 1237 bat
228 1187 412 1233 manus
435 1216 452 1240 ,
502 1172 824 1231 vincebatur
871 1166 1173 1225 Amalech:
1201 1166 1244 1221 si
1277 1161 1555 1236 paululum
1584 1159 1694 1218 illa:

122 1269 475 1332 conciderant,
527 1262 922 1320 invalescebat.
973 1267 1000 1298 ⁸
1048 1258 1319 1317 Antenna:
1366 1253 1586 1310 navium
1637 1252 1694 1310 el

123 1365 322 1419 velorum
352 1373 591 1424 cornua,
616 1358 722 1414 sub
752 1357 922 1428 ligura
971 1361 1173 1408 nostra:
1217 1347 1397 1407 crucis
1442 1348 1690 1406 volitant.
1725 1368 1739 1380 ·

124 1459 242 1512 Aves
265 1467 470 1526 quoque
501 1453 637 1523 ipsa.-
663 1448 880 1522 quando
910 1448 967 1503 in
997 1444 1316 1503 sublimiora
1347 1441 1610 1499 tolluntur
1637 1449 1691 1498 et

123 1547 320 1619 pendent
346 1560 451 1616 per
480 1559 690 1611 aerem,
725 1540 965 1597 extensis
993 1538 1096 1594 alis
1123 1526 1405 1594 imitantur
1445 1537 1686 1590 crucem.

125 1643 213 1699 Sed
233 1653 278 1696 et
303 1638 548 1708 trophaaa
580 1637 698 1709 ipsa
729 1645 784 1692 et
815 1634 1041 1691 victoria
1073 1631 1476 1700 triumphortttn
1531 1641 1690 1682 orna-

125 1743 268 1787 menta
291 1730 477 1787 crucis
504 1736 672 1784 sunt:
707 1740 870 1798 quam
915 1739 1023 1780 non
1069 1723 1245 1778 solum
1294 1722 1348 1776 in
1397 1718 1688 1784 frontibus,

122 1824 195 1879 scd
228 1825 273 1878 in
306 1821 564 1876 manibus
595 1832 811 1889 quoque
837 1817 1039 1873 nostris
1069 1815 1273 1870 habere
1297 1813 1560 1868 debemus
1585 1829 1598 1866 :
1633 1820 1690 1865 ut

1871 600 1936 656 11.
1971 599 2184 665 Videte,
2213 593 2426 663 fratres,
2455 592 2725 664 quomodo
2753 588 2805 647 id
2829 587 2975 662 quod
3002 588 3057 644 in
3105 583 3400 656 Evangelia

1798 693 1994 749 lectum
2040 700 2144 765 est,
2193 691 2248 745 in
2295 681 2558 757 vigesimo
2605 691 2801 741 octavo
2839 687 3046 752 psalmo
3074 681 3239 737 fuerit
3263 689 3393 736 ante

1797 781 2147 853 praedictum:
2177 779 2293 834 Vua:
2314 775 2523 831 Domini
2543 775 2696 846 super
2713 771 2874 846 aquas
2894 771 3068 846 (Psal.
3095 786 3290 838 xxvnt,
3315 771 3396 843 5).

1797 873 2032 928 Locutus
2062 871 2205 928 enim
2229 869 2321 926 Det
2351 868 2517 924 Filius
2543 867 2609 922 ad
2631 865 2929 922 Joannem:
2963 863 3093 920 Sine
3123 863 3298 926 modo.
3324 862 3398 916 sic

1797 967 1932 1018 enim
1959 972 2159 1035 oportet
2185 971 2275 1016 nos
2296 959 2509 1032 implere
2537 972 2735 1013 omnem
2755 956 3016 1029 justitiam
3046 954 3065 1026 (
3090 951 3281 1008 Matth.
3311 961 3396 1019 ut;

1800 1055 1909 1123 15).
1935 1056 2191 1127 Sequitur
2215 1071 2227 1107 :
2256 1053 2391 1107 Deus
2415 1050 2703 1125 majestatis
2728 1047 2972 1113 intonuit,
2995 1044 3211 1116 quando
3235 1045 3400 1100 Pater

1797 1147 1936 1203 Filio
1985 1144 2351 1201 testimonium
2395 1140 2656 1205 reddidit,
2701 1138 2928 1193 dicens:
2960 1135 3066 1190 Hic
3104 1141 3179 1189 est
3221 1127 3397 1189 Filius

1798 1253 1940 1293 meus
1978 1237 2214 1304 dilectus,
2256 1235 2310 1288 in
2349 1245 2451 1302 qua
2481 1231 2610 1284 mihi
2635 1230 2758 1285 bene
2788 1226 3102 1300 comptacui.
3138 1224 3254 1279 Vox
3285 1224 3399 1278 Doa

1794 1332 1922 1386 mini
1959 1329 2328 1400 canit-ingentis
2356 1325 2557 1381 cedros.
2601 1324 2914 1394 Baptizatus
2955 1330 3038 1377 est
3061 1320 3205 1376 enim
3244 1315 3401 1376 Chri-

1794 1434 1930 1494 stus,
1962 1433 2015 1480 et
2042 1423 2208 1478 erecti
2235 1421 2381 1491 prius
2402 1428 2560 1489 atque
2582 1417 2844 1472 Sublimes
2870 1415 3148 1470 dzemone's
3171 1417 3394 1469 corrueé

1796 1527 1922 1573 runt
1947 1531 1962 1570 :
1994 1515 2228 1572 Succidit
2257 1529 2342 1568 eos
2369 1510 2625 1567 Dominus
2650 1519 2920 1579 tamquam
2958 1507 3138 1561 eedros
3166 1505 3351 1560 Libani
3379 1517 3398 1559 :

1793 1619 1842 1664 et
1867 1607 2166 1663 comminuit
2193 1620 2280 1660 eas
2312 1603 2565 1659 Dominus
2587 1611 2850 1672 tamquam
2889 1599 3080 1654 vitulus
3112 1599 3402 1670 fragmenta

1792 1702 2036 1756 arborum
2080 1699 2354 1764 ventilans,
2398 1707 2446 1752 et
2481 1695 2711 1751 calcibus
2755 1696 2942 1766 stirpes
2983 1695 3040 1747 in
3078 1693 3278 1747 diversa
3318 1694 3403 1746 di-

1792 1811 2054 1868 spergens.
2099 1796 2167 1849 Et
2194 1794 2498 1850 ccontrario
2542 1793 2609 1847 de
2653 1791 2932 1847 Salvatore
2961 1787 3086 1858 quid
3126 1787 3293 1842 dicit?
3331 1785 3401 1841 Et

122 1917 236 1971 sisic
259 1915 527 1970 fuerimus
557 1882 776 1977 ar-mat-i,
821 1911 1100 1967 calcemus
1141 1923 1302 1980 super
1346 1906 1589 1977 aspidem
1636 1915 1690 1962 ει
1721 1892 1766 1960 Β
1795 1893 2012 1947 dilectus
2035 1891 2164 1946 sicut
2187 1890 2329 1960 [ilius
2355 1888 2700 1942 unicornium.
2734 1885 2970 1940 Dilectus
2998 1882 3262 1937 Dominus
3299 1896 3400 1936 110·-

120 2010 423 2071 basiliscum,
453 2023 554 2078 per
585 2006 873 2061 Dominum
906 2013 1151 2060 nostrum
1184 2000 1368 2057 lesum
1392 1999 1688 2063 Christum,

121 2104 192 2157 cui
210 2114 279 2158 est
302 2103 480 2157 honor
502 2108 561 2156 et
585 2100 757 2171 gloria
786 2098 839 2154 in
868 2085 1067 2154 saecula
1095 2095 1441 2152 saeculorum.
1492 2096 1686 2150 Amen.

235 2253 550 2317 MONITUM
579 2255 648 2313 1N
679 2245 1069 2312 EPISTULAM
1101 2247 1541 2322 SEQUENTEM.

178 2369 408 2444 Ejusdem
442 2371 646 2444 videtur
673 2382 734 2444 ac
766 2369 997 2440 proxime
1015 2367 1686 2444 superior__aut:tot;is_ess_e.

121 2442 174 2497 Ut
205 2436 326 2497 nihil
355 2443 504 2498 aliud
533 2436 776 2511 accedat,
795 2450 932 2495 certe
957 2436 1092 2511 quod
1122 2439 1194 2493 ait
1225 2439 1334 2511 ille,
1377 2436 1492 2495 sive
1531 2438 1692 2495 hodie

117 2514 344 2570 Dominus
373 2515 536 2570 Jesus
567 2509 757 2576 natus,
777 2517 892 2567 sive
913 2509 1074 2566 hedie
1107 2509 1405 2581 baptizatus
1445 2519 1562 2565 est:
1604 2511 1689 2564 di—

115 2601 242 2666 versa
269 2588 472 2655 quippe
510 2587 698 2665 opinio
727 2585 895 2666 l'erlu'r
929 2584 983 2637 in
1007 2581 1229 2661 mundo,
1259 2589 1314 2636 et
1343 2581 1688 2666 tradilionum

115 2657 350 2712 varietate
388 2654 656 2713 sententia
699 2665 782 2710 est
821 2656 1059 2718 diversa,
1090 2654 1314 2707 immane
1345 2664 1596 2723 quantum
1627 2655 1690 2707 ab

113 2726 398 2798 Hieronymi
443 2737 613 2798 mente
638 2728 961 2798 ingenioque
1001 2724 1300 2798 abhorreat.
1342 2721 1432 2793 qui
1452 2723 1504 2778 in
1538 2721 1694 2798 Com-

112 2793 356 2853 mentariis
376 2802 430 2852 in
453 2795 714 2852 Ezechiel.
741 2795 832 2850 lib.
858 2793 894 2860 ιζ
921 2811 1035 2866 cap.
1062 2811 1098 2858 l,
1126 2793 1537 2866 Epiphaniorunt
1558 2793 1690 2848 diem

113 2885 140 2918 a
165 2867 333 2949 biatali
357 2886 465 2923 non
493 2870 648 2953 ηιράο
675 2868 1154 2953 ντορειάξειὶιιθιιέῑ,
1180 2867 1269 2919 sed
1295 2878 1342 2919 et
1369 2882 1452 2947 eos
1473 2866 1687 2953 refellit,

108 2941 184 3004 qui
205 2957 294 3008 pro
324 2958 431 2995 uno
458 2935 740 3010 eodemque
763 2935 1037 3010 habebant.
1070 2935 1321 3010 Erasmus
1346 2937 1455 3010 ait:
1491 2935 1599 2991 Nec
1628 2937 1693 2990 de

110 3007 507 3083 liaequidqnattt
547 3007 710 3064 habeo
753 3008 903 3083 quod,
930 3007 1276 3083 pronuntiem,
1323 3007 1424 3061 nisi
1450 3024 1691 3083 n_on_esse

111 3078 422 3154 Hieronymi.
454 3082 524 3137 Et
553 3083 860 3136 addubitant
889 3078 1248 3152 inscriptiones
1293 3078 1688 3152 exemplarium.

622 3198 954 3300 EPISTULA
978 3241 1191 3314 χχιιι,

407 3395 510 3437 εει]
538 3394 713 3436 εειιιο
739 3395 808 3436 υι
836 3393 1122 3435 EPIPIAIIL
1151 3392 1357 3435 DOIINI.

165 3511 203 3568 Ι.
236 3507 358 3570 Dies
393 3511 822 3586 Epiphaniorum
850 3513 1044 3570 Grtcco
1079 3513 1297 3568 nomine
1335 3513 1413 3568 sic
1448 3519 1690 3568 vocatur.

105 3607 242 3676 Quod
271 3612 421 3665 enim
456 3627 557 3664 nos
586 3610 1007 3679 apparitionem,
1040 3608 1121 3664 vel
1153 3601 1516 3663 osten~innem
1559 3608 1694 3663 dici-

107 3716 231 3766 mus,
261 3703 446 3759 Gnaei
475 3705 770 3778 ἐπιφάνειαν
799 3711 1013 3757 vocant.
1039 3701 1150 3756 Hoc
1183 3710 1361 3755 autem
1394 3699 1537 3764 ideo,
1570 3703 1693 3771 quia

105 3794 352 3850 Dominus
386 3808 577 3850 noster
606 3795 765 3849 hodie
792 3789 846 3850 et
875 3793 1123 3850 Salvator
1153 3791 1402 3861 apparuit
1443 3794 1495 3848 in
1541 3803 1692 3847 tene-

103 3885 222 3940 bris.
253 3885 411 3944 Licet
431 3889 577 3943 enim
599 3885 729 3942 olim
755 3898 912 3942 natus
933 3897 1080 3942 esset
1102 3873 1168 3941 ex
1191 3877 1378 3954 Maria,
1401 3887 1452 3940 et
1477 3885 1694 3954 triginta

95 3979 193 4046 jam
222 3995 494 4036 annorum
527 3979 799 4049 capiesset
823 3985 1036 4034 aetatem
1065 3995 1078 4032 :
1128 3990 1304 4033 tamen
1347 3977 1698 4048 ignorabatur

99 4085 123 4120 a
145 4073 363 4128 mundo.
417 4072 498 4128 lio
531 4081 776 4141 letttpore
801 4072 1047 4140 cttgnitus
1073 4079 1178 4138 est,
1210 4085 1315 4140 qun
1342 4067 1407 4123 ad
1431 4059 1695 4123 .ioannem

96 4163 409 4233 Baptistam,
430 4174 487 4219 ut
510 4164 564 4219 iu
587 4157 824 4219 Iordane
849 4163 1236 4233 baptizaretur,
1261 4160 1501 4224 advenit,
1519 4173 1571 4213 et
1595 4155 1696 4214 vni

95 4259 154 4312 de
175 4259 317 4316 caelo
343 4260 529 4319 Patris
560 4259 851 4313 intonantis
883 4258 1063 4311 audita
1089 4265 1206 4312 est:
1254 4249 1356 4309 Hic
1403 4263 1476 4309 est
1524 4249 1697 4308 Filius

91 4369 219 4407 metu
250 4349 508 4418 dilectus,
535 4354 588 4407 in
619 4368 722 4424 quo
749 4352 872 4406 mihi
895 4349 1019 4405 bene
1039 4349 1328 4421 complacui
1354 4343 1585 4420 (Matth.
1611 4363 1692 4414 ιιι,

95 4445 194 4512 ti).
221 4448 404 4516 Quem
434 4447 593 4501 Pater
621 4447 688 4500 de
715 4446 870 4502 caelis
901 4454 1306 4500 monstraverat
1333 4457 1467 4499 voce
1496 4459 1509 4495 :
1546 4443 1689 4497 hunc

90 4539 314 4606 Spiritus
342 4547 570 4594 sanctus
603 4555 792 4595 versus
817 4533 869 4594 in
899 4539 1226 4606 columbam,
1261 4537 1317 4593 et
1348 4554 1510 4608 super
1531 4547 1696 4607 caput

92 4631 223 4689 illius
251 4634 484 4699 sedens,
520 4631 672 4688 laetu
701 4618 914 4704 quoque
945 4633 1062 4704 ipso
1092 4627 1263 4686 voluit
1289 4627 1688 4698 demonstrare,

92 4741 148 4780 ne
175 4725 301 4798 quis
325 4725 473 4782 alius
502 4723 597 4781 Dei
625 4707 792 4782 Filius
815 4734 1097 4798 putaretur
1126 4741 1154 4779 a
1181 4725 1399 4794 populo.
1427 4725 1569 4794 Quid
1597 4724 1695 4781 hac

89 4819 393 4879 humilitate
445 4807 770 4877 'isublimi'us?
817 4803 945 4890 quid
996 4815 1096 4874 hac
1146 4819 1357 4873 vilitate
1406 4816 1704 4872 nobilius?

91 4910 407 4983 Baptizatur
437 4925 467 4967 a
504 4909 689 4979 Servo,
722 4922 776 4968 et
815 4929 843 4966 a
890 4909 1121 4968 Domino
1164 4909 1334 4967 Filius
1365 4910 1695 4981 appellatur.

87 5004 218 5062 later
269 5003 624 5078 publicanos,
674 5016 728 5062 et
773 5005 1112 5071 meretrices,
1157 5015 1212 5062 et
1263 5013 1596 5074 peccatores,
1627 5004 1693 5059 ad

83 5095 360 5156 lavacrum
385 5089 557 5165 venit,
583 5105 638 5154 et
667 5099 904 5155 sanctior
933 5107 1016 5154 est
1044 5097 1283 5168 Baptista
1305 5112 1426 5152 suo.
1460 5089 1697 5152 Lavatur

86 5208 110 5244 a
136 5191 358 5249 Joanne
391 5183 444 5248 in
474 5187 662 5255 carne,
694 5201 747 5247 et
776 5189 892 5263 ipse
920 5191 1186 5247 Joannem
1219 5190 1270 5246 in
1305 5191 1496 5260 Spiritu
1529 5190 1698 5245 lavat.

83 5285 243 5355 Aqua
273 5293 412 5357 qua:
440 5289 640 5340 cattera
685 5283 946 5339 mundare
995 5292 1415 5346 consueverunt,
1471 5282 1703 5336 Domino

86 5384 268 5431 nostro
317 5376 567 5440 lavante,
599 5372 868 5431 mundata:
893 5382 1039 5430 sunt.
1070 5374 1322 5431 Jurdauis
1363 5372 1581 5438 ﬂuvius,
1614 5373 1704 5444 qui

81 5484 140 5524 ea
165 5471 436 5540 tempore
466 5469 688 5539 quando
721 5470 978 5540 populum
1009 5467 1171 5524 lsracl
1212 5467 1398 5522 eduxit
1437 5465 1603 5522 lcsus
1637 5467 1704 5520 ad

85 5574 289 5619 terram
325 5563 794 5631 repromissionis,
831 5565 998 5617 fuerat
1021 5564 1348 5618 exsiccatus:
1376 5571 1517 5616 nunc
1539 5575 1707 5615 mem-

81 5654 188 5712 bris
217 5653 456 5714 Domini
485 5654 662 5722 tactis,
696 5656 737 5709 si
769 5643 1054 5727 potuisset,
1088 5655 1256 5708 undas
1295 5667 1402 5708 uno
1445 5652 1565 5707 loco
1607 5667 1705 5706 vo-

145 5897 164 5913 ·
197 5883 402 5940 Verus
423 5883 794 5954 hieronymus,
808 5881 966 5954 epist.
988 5878 1051 5934 14
1072 5878 1138 5954 ad
1163 5877 1520 5934 Heliodorum
1538 5916 1551 5941 ,
1574 5878 1692 5954 cru-

76 5968 142 6010 m
188 5965 448 6014 autenm
473 5947 663 6026 ﬁgatur
691 5951 744 6010 in
779 5947 1058 6026 frontibus.
1106 5951 1279 6020 Quam
1329 5948 1694 6021 comparatio-

1791 1992 1907 2039 ster
1931 1992 2093 2052 atque
2121 1982 2372 2036 Salvator
2397 1986 2504 2044 est,
2537 1977 2680 2048 ﬁlius
2705 1975 3057 2040 unicornium,
3091 1973 3235 2028 illius
3267 1987 3398 2028 cru-

1790 2078 1906 2132 cis:
1935 2076 2002 2132 de
2029 2090 2136 2147 quo
2165 2072 2361 2130 dicitur
2392 2071 2443 2127 in
2491 2073 2705 2126 cantico
2755 2068 3043 2126 llabacuc:
3090 2066 3302 2122 Cornua
3341 2068 3398 2122 in

1791 2169 2026 2222 manibus
2061 2171 2199 2240 ejus,
2231 2167 2300 2220 ibi
2329 2163 2596 2220 abscondit
2630 2161 2995 2234 fortitudinem
3031 2177 3184 2215 suam
3220 2160 3398 2229 (IIab.

1791 2277 1870 2329 tu,
1896 2263 1981 2334 4).
2010 2261 2298 2330 Postquam
2319 2271 2450 2329 ergo
2471 2256 2699 2313 dilectus
2721 2255 2822 2309 iste
2844 2253 3137 2308 cruciﬁxus
3156 2260 3260 2319 est,
3287 2253 3361 2306 im
3375 2281 3398 2292 -

1791 2357 1992 2425 pictum
2015 2362 2100 2409 est
2121 2352 2251 2408 illud
2273 2349 2416 2423 quod
2437 2349 2682 2419 sequitur
2699 2348 2751 2402 in
2773 2346 2980 2415 psalmo
3004 2343 3148 2400 :Voa:
3176 2343 3389 2398 Domini

1791 2447 2142 2503 intercidentis
2170 2448 2436 2517 ﬂammam
2462 2443 2621 2514 ignis.
2664 2440 2762 2496 Illo
2801 2438 2948 2495 enim
2989 2435 3260 2508 baptizata
3293 2478 3308 2504 ,
3347 2443 3405 2493 et

1791 2540 2044 2596 universo
2073 2536 2296 2602 mundo,
2322 2535 2538 2591 Christo
2568 2534 2801 2597 iuvante,
2837 2529 3401 2601 mundata‘,gehennce

1791 2634 1930 2703 ignis
1949 2633 2248 2690 exstinctus
2265 2638 2367 2686 est.
2401 2629 2515 2684 νοω
2534 2625 2745 2681 Domini
2761 2625 3101 2680 concutientis
3121 2624 3401 2678 desertum.

1793 2725 2018 2781 Deserta
2047 2723 2149 2779 fuit
2179 2722 2442 2784 Ecclesia,
2475 2732 2596 2791 qua:
2626 2719 2778 2788 prius
2811 2714 2950 2772 tilios
2976 2731 3084 2771 non
3112 2713 3368 2771 habebat.

1866 2818 1952 2874 lli.
1983 2817 2064 2873 Ad
2107 2817 2546 2886 praedicationem
2593 2813 2822 2879 Christi,
2864 2812 3082 2867 deserta
3125 2809 3402 2866 cornmota

1791 2919 1900 2977 est,
1928 2923 1980 2967 et
2013 2910 2302 2981 parturivit
2330 2917 2384 2964 et
2415 2905 2659 2977 peperit:
2692 2914 2745 2960 et
2777 2912 2902 2960 nata
2940 2915 3025 2959 est
3067 2903 3122 2957 in
3159 2916 3265 2957 una
3310 2901 3402 2956 dio

1791 3019 1925 3075 gens
1954 3014 2066 3059 tota
2090 3003 2249 3059 simul
2279 2999 2392 3070 illa,
2422 3015 2542 3070 qute
2567 3008 2694 3053 ante
2715 2997 2998 3052 dicebatur
3021 2996 3278 3050 desertum
3299 2993 3398 3048 Ca-

1791 3098 1902 3164 des,
1938 3097 2043 3153 hoc
2066 3106 2170 3162 est,
2193 3095 2468 3151 desertum
2491 3091 2828 3149 sanctitatis:
2851 3087 3128 3160 Siquidem
3153 3101 3274 3159 quae
3295 3099 3405 3141 non

1799 3190 2059 3245 habuerat
2104 3189 2474 3253 sanctitatem,
2517 3184 2683 3254 erepit
2711 3197 2900 3252 parere
2925 3195 3143 3247 cervos,
3177 3189 3232 3234 et
3276 3194 3403 3234 san-

1722 3283 1768 3346 C
1800 3293 2009 3338 olorum
2036 3278 2286 3337 emittere
2314 3293 2532 3349 greges,
2581 3275 2674 3348 qui
2713 3283 2997 3345 serpentes
3047 3273 3402 3338 interﬁciunt,

1796 3379 1889 3445 qui
1935 3392 2143 3434 venena
2190 3380 2586 3431 contemnunt:
2632 3370 2826 3442 quibus
2871 3366 3306 3424 discurrentibus
3350 3367 3407 3420 in

1799 3478 1914 3525 toto
1942 3470 2092 3534 orbe,
2127 3478 2182 3524 et
2209 3465 2411 3522 Christi
2455 3462 2814 3534 Evangelium
2861 3459 3301 3530 praedicantibus,
3347 3457 3404 3510 in'

1798 3565 1986 3636 templo
2005 3565 2119 3634 ejus
2150 3577 2325 3616 omnes
2345 3559 2514 3612 dicent
2545 3556 2766 3628 gloriam
2796 3551 2926 3608 Deo.
2966 3551 3257 3620 Sequitur:
3293 3549 3406 3603 Dea

1800 3659 1969 3712 minus
1996 3655 2248 3710 diluvium
2280 3651 2570 3707 inhabitare
2597 3649 2747 3721 facit.
2775 3646 3409 3704 Consideremustotutn

1800 3749 2021 3813 urbem,
2073 3746 2427 3815 respiciamus
2466 3743 2726 3798 barbaras
2777 3739 3048 3794 nationes.
3101 3737 3407 3792 Romanum

1800 3856 2020 3912 quoque
2046 3848 2228 3895 mente
2256 3837 2549 3892 lustremus
2580 3833 2867 3903 imperium
2892 3847 2906 3884 :
2939 3832 3141 3900 ubique
3169 3828 3223 3884 in
3252 3827 3412 3884 Chri-

1800 3945 1941 3989 stum
1971 3931 2225 3994 crcdunt,
2247 3927 2446 3998 ubique
2476 3927 2529 3980 in
2554 3923 2775 3980 nomine
2804 3922 3015 3976 Domini
3039 3921 3400 3988 baptizantur:

1801 4035 1856 4080 et
1887 4027 1960 4078 ita
1992 4022 2051 4078 lit
2076 4029 2134 4076 ut
2159 4037 2266 4075 non
2297 4035 2400 4074 una
2434 4032 2598 4086 aqua,
2626 4015 2722 4072 sed
2743 4011 3143 4086 quodammodo
3165 4013 3240 4068 sit
3261 4012 3396 4066 dilu-

1802 4116 1949 4171 vium
2003 4113 2420 4184 baptismorum.
2469 4108 2816 4176 Quapropter
2873 4113 3288 4160 consummatum
3334 4110 3410 4158 est

1803 4207 2190 4264 tabernaculum
2207 4223 2228 4261 :
2256 4204 2360 4258 hoc
2379 4202 2524 4258 enim
2561 4201 2755 4272 psalmi
2781 4201 2935 4255 istius
2958 4199 3115 4254 titulo
3138 4205 3408 4269 prtenOta-

1804 4313 1928 4358 tur:
1961 4299 2218 4372 quoniam
2251 4297 2494 4354 Ecclesia
2531 4310 2598 4349 ex
2637 4293 2778 4348 vivis
2821 4291 3094 4360 lapidibus
3133 4299 3409 4346 exstructa

1804 4406 1907 4452 est.
1943 4394 2251 4450 All'eranms
2282 4391 2516 4447 Domino
2546 4388 2686 4443 ﬁlios
2717 4385 2836 4450 Dei,
2864 4383 3156 4439 aderamus
3185 4383 3234 4438 ei
3269 4382 3410 4436 lilio's

1803 4489 2055 4550 arietum.
2106 4484 2491 4554 Apostolorum
2540 4489 2596 4535 et
2638 4487 2988 4534 sanctorum:
3041 4485 3094 4530 et
3133 4474 3412 4530 imitemur

1803 4583 2138 4641 Salvatoretn
2180 4588 2425 4633 nostrum
2470 4574 2628 4645 (quia
2675 4572 2792 4642 ipse
2825 4579 2880 4626 et
2928 4579 3114 4640 pastor
3155 4577 3212 4625 et
3233 4584 3406 4640 agnus

1723 4693 1778 4756 (ι
1805 4684 1862 4732 et
1890 4676 2034 4731 aries
2064 4669 2404 4742 appellatur)
2435 4668 2525 4738 qui
2557 4681 2658 4737 pro
2687 4665 2845 4722 nobis
2879 4663 3195 4719 immolatur
3229 4663 3282 4718 in
3321 4660 3417 4717 Αἰ-

1805 4766 1991 4841 gypto,
2025 4766 2114 4838 qui
2148 4777 2246 4834 pro
2273 4763 2422 4818 isaac
2447 4759 2705 4816 cornibus
2737 4764 2952 4814 tenetur
2978 4759 3033 4812 in
3059 4755 3327 4818 sentibus,
3359 4763 3417 4810 et

1806 4861 2088 4916 dicamus:
2119 4855 2372 4910 Dominus
2418 4851 2582 4921 pascit
2609 4867 2709 4916 me,
2743 4859 2790 4906 et
2823 4851 2954 4904 nihil
2991 4849 3117 4903 mihi
3141 4849 3328 4912 deerit,
3359 4848 3415 4902 in

1808 4956 1922 5010 loco
1950 4963 2175 5020 pascua,
2209 4947 2278 5001 ibi
2301 4962 2379 5001 me
2396 4945 2688 5001 collocauit.
2717 4943 2887 5014 Super
2905 4949 3097 5012 aquam
3115 4940 3415 5010 refectioni!

1807 5043 2042 5102 educavit
2066 5057 2180 5107 me;
2209 5043 2294 5094 cui
2325 5049 2409 5094 est
2439 5036 2618 5094 honor
2643 5045 2698 5093 et
2725 5035 2896 5106 gloria
2924 5034 2978 5090 itt
3007 5031 3205 5089 saacula
3237 5045 3412 5087 stccuo

1805 5135 2235 5194 iorum.‘Ameu.

1942 5288 2253 5349 MONITUM
2294 5287 2359 5344 IN
2403 5284 2790 5344 EPISTOLAM
2831 5282 3280 5352 SEQUENTEM.

1891 5427 2515 5502 Ingeniumseriptionis,
2547 5421 2824 5502 ag_stylus,
2859 5422 2987 5502 ordo
3007 5431 3208 5502 qttoque
3249 5425 3406 5502 ipse__,

1810 5493 2037 5574 quem'in
2059 5499 2389 5574 editionibus,
2421 5497 2554 5574 etin
2589 5493 2872 5574 Veronensi
2903 5511 2998 5547 ms.
3021 5493 3212 5574 obtinet
3234 5536 3248 5556 ,
3277 5493 3413 5545 indi-

1810 5565 1889 5629 cio
1928 5581 2044 5627 sunt
2073 5609 2086 5638 ,
2132 5569 2379 5642 ejusdem,
2403 5568 2626 5642 quinque
2669 5565 2792 5642 istos
2826 5583 3086 5642 sermones
3113 5607 3126 5629 ,
3158 5565 3220 5616 ab
3249 5579 3407 5642 supe-

1812 5647 1946 5701 riore
1973 5633 2085 5698 illo-
2106 5633 2170 5696 de
2204 5633 2486 5695 Nativitate
2530 5635 2776 5702 Domini,
2810 5636 3040 5692 auctoris
3070 5651 3195 5690 esse.
3245 5633 3401 5688 Hunc

1801 5888 1949 5937 nem,
1989 5880 2055 5952 ut.
2082 5877 2137 5923 et
2163 5867 2294 5952 alias
2323 5863 2641 5952 abauctore
2665 5861 2930 5920 adductas
2953 5897 2968 5927 ,
3025 5857 3228 5929 passim
3269 5860 3414 5933 apud

1801 5951 2016 6020 veteres
2041 5943 2295 5999 invenire
2323 5943 2431 5996 est.
