3926 6290
513 320 622 381 225

1548 322 1606 377 S.
1651 322 2027 381 lllERONYMl
2067 322 2354 383 OPERUM
2394 323 2758 384 MAN'IISSA.

3690 332 3807 390 924

514 450 683 497 tamen
711 439 958 514 Erasmus
984 440 1135 509 pauci
1162 439 1294 494 adeo
1316 439 1453 511 fecit,
1483 448 1537 514 ut
1557 456 1744 514 parum
1769 440 1999 512 abfuisse
2022 440 2104 494 di-
2131 443 2182 503 Α
2209 440 2369 507 verit,
2400 439 2581 497 divina
2602 442 2872 499 sententia
2895 442 3180 514 punietur!
3205 444 3314 504 Sed
3347 454 3404 505 et
3430 448 3817 509 sacerdotibus

515 521 598 569 cat
623 553 638 581 ,
661 515 786 584 quin
817 512 870 566 in
900 523 1178 567 extremam
1205 514 1419 566 classem
1446 511 1710 584 relegarit.
1773 552 1821 583 __,

1016 624 1352 681 EPISTULA
1391 623 1609 691 XXVII,

875 733 974 774 εευ
1005 733 1177 775 εειυιο
1215 734 1284 774 DE
1321 733 1745 782 QUADBAGESIIIA.

587 812 627 869 l.
653 810 936 880 Quomodo
968 811 1126 867 miles
1158 825 1375 881 semper
1400 821 1686 867 exercetur
1710 810 1777 867 ad
1813 810 2059 881 prmlium
2088 854 2103 879 ,

516 913 572 962 et
599 903 865 960 simulatis
898 903 1123 969 ictibus,
1157 903 1301 959 veris
1340 912 1525 973 postea
1552 903 1867 960 vulneribus
1897 919 2109 975 praepa-

516 1008 705 1055 ratur:
738 996 809 1053 ita
850 997 1027 1053 omnis
1056 996 1271 1067 quidem
1302 996 1738 1053 Christianorum
1769 998 1877 1053 vita
1906 997 2113 1068 indiget

515 1089 844 1146 abstinentia
874 1106 888 1143 :
919 1088 1014 1145 sed
1054 1089 1293 1144 maxime
1333 1088 1548 1161 quando
1579 1090 1754 1146 hosns
1784 1105 1959 1162 prope
1984 1100 2067 1147 est
2093 1131 2109 1157 ,

516 1191 569 1238 et
592 1189 950 1252 praeparatum
980 1180 1269 1237 adversum
1299 1196 1399 1237 nos
1420 1182 1723 1237 exercitum
1755 1180 1904 1237 ducit
1933 1181 2112 1237 inimi-

517 1289 634 1331 cus.
659 1272 820 1330 Omni
846 1273 1018 1329 servis
1046 1273 1140 1330 Dei
1163 1282 1408 1345 tempore
1443 1273 1800 1345 jejunandum
1841 1284 1925 1331 est
1962 1294 1972 1328 :
2012 1276 2110 1330 sed

519 1374 649 1421 tunc
674 1365 909 1436 amplius
928 1380 1048 1421 cum
1077 1364 1146 1420 ad
1173 1365 1599 1421 immolationem
1622 1367 1779 1438 agni,
1807 1367 1873 1423 ad
1900 1375 2109 1439 myste-

522 1462 661 1518 rium
698 1461 1035 1531 baptismatis
1060 1501 1075 1525 ,
1122 1460 1189 1515 ad
1219 1460 1423 1517 Christi
1461 1476 1682 1517 carnem
1712 1470 1767 1518 et
1794 1461 2110 1534 sanguinem

517 1578 908 1635 prmparamur.
939 1561 1131 1619 Statim
1157 1562 1301 1618 enim
1323 1571 1381 1617 ut
1401 1577 1531 1618 oves
1551 1576 1679 1618 suas
1699 1562 1958 1619 recedere
1972 1563 2113 1618 Velle

518 1659 587 1714 de
619 1657 837 1729 proprio
865 1671 1027 1728 grege
1052 1656 1249 1712 viderit
1268 1656 1546 1723 diabolus,
1576 1657 1759 1713 fremit
1784 1698 1798 1719 ,
1828 1656 2110 1724 irascitur,

519 1750 680 1817 furit,
736 1759 791 1805 et
838 1748 970 1805 foris
999 1747 1261 1806 adversus
1302 1764 1397 1806 eas
1442 1749 1648 1805 viribus
1688 1758 2062 1806 commovetur
2093 1794 2108 1817 ,

523 1843 702 1913 perire
731 1841 832 1899 sibi
864 1842 1181 1898 existimans
1207 1841 1466 1912 quidquid
1495 1840 1714 1897 Christo
1739 1842 1979 1897 salvatur
2010 1859 2025 1898 z
2058 1851 2110 1898 et
2140 1843 2191 1903 B

518 1938 660 1996 mori
685 1952 974 2010 synagoga:
998 1951 1111 1993 sua:
1136 1981 1151 2003 ,
1185 1934 1441 2007 quidquid
1466 1936 1723 1992 Ecclesiae
1748 1935 2072 1991 vivificatur.

520 2053 534 2063 ~
595 2031 656 2085 II.
691 2030 824 2099 Quia
858 2044 1019 2101 ergo,
1067 2029 1262 2084 fratres
1302 2028 1637 2094 charissitni,
1679 2028 1745 2082 ad
1777 2030 1987 2083 Domini
2024 2044 2113 2079 sa-

522 2135 853 2178 cramentum
913 2122 1266 2193 quadraginta
1322 2123 1529 2177 dierum
1580 2120 1793 2190 jejunio
1842 2136 2114 2190 praepara—

524 2234 672 2277 mnr.
727 2216 1032 2287 iejnncmus
1072 2226 1146 2269 tot
1189 2216 1382 2270 diebus
1428 2230 1532 2283 pro
1582 2220 1819 2284 peccatis
1868 2218 2110 2282 nostris,

522 2320 650 2378 quot
683 2323 779 2378 pro
805 2308 1104 2365 sceleribus
1136 2309 1335 2363 nostris
1363 2308 1622 2363 Dominus
1644 2307 1927 2378 jejunavit.
1961 2307 2141 2373 illum,

524 2410 639 2470 post
664 2400 989 2470 baptismum
1029 2406 1204 2454 tentat
1241 2399 1508 2455 diabolus.
1553 2398 1672 2455 Non
1713 2400 1858 2454 enim
1903 2399 2116 2455 sciebat

521 2507 649 2549 eum
673 2506 795 2547 esse
826 2490 1022 2547 Filium
1061 2492 1157 2547 Dei
1188 2510 1198 2543 :
1230 2502 1517 2562 propterea
1561 2493 1874 2563 negligebat
1906 2509 1921 2548 :
1956 2494 2121 2549 Deni-

522 2602 626 2654 que
653 2594 842 2654 postea
865 2599 1202 2655 cognoscere
1222 2585 1373 2655 cupit
1402 2585 1454 2640 in
1494 2586 1793 2642 tentatione
1818 2632 1831 2655 ,
1876 2586 2066 2641 dicens
2100 2603 2115 2640 :

526 2677 587 2732 Si
615 2674 787 2731 Filius
809 2674 908 2731 Dei
929 2692 985 2731 es
1004 2718 1020 2744 ,
1045 2676 1129 2730 dic
1151 2686 1208 2731 ut
1239 2676 1437 2748 lapides
1458 2678 1543 2731 isti
1564 2693 1720 2748 panes
1743 2677 1892 2746 ﬁant.
1919 2677 2020 2744 Et,
2056 2677 2120 2733 Si

524 2769 698 2824 Filius
722 2768 816 2823 Dei
840 2786 892 2825 es
911 2811 924 2836 ,
956 2770 1096 2824 mitte
1126 2779 1174 2824 te
1195 2769 1433 2825 deorsum
1464 2768 1681 2841 (Matth.
1712 2785 1764 2824 1v
1787 2812 1801 2837 ,
1844 2770 1879 2825 ὅ
1908 2786 2047 2841 seqq.
2073 2770 2117 2841 ).

523 2861 632 2918 Nos
654 2869 836 2919 autem
868 2864 992 2934 quia
1023 2863 1128 2919 scit
1155 2863 1294 2919 velle
1326 2862 1468 2918 filios
1496 2862 1592 2919 Dei
1626 2864 1745 2917 ﬁeri
1767 2904 1782 2928 ,
1826 2870 2119 2935 pr0pterea

523 2970 834 3027 expugnare
865 2955 1058 3011 nititur
1081 2997 1095 3021 ,
1126 2964 1181 3011 et
1210 2955 1363 3026 quasi
1385 2970 1612 3025 serpens
1637 2955 1878 3011 lubricus
1904 2966 2121 3013 nostros

526 3050 806 3108 involvere
836 3051 1002 3122 pedes
1028 3098 1041 3122 ,
1071 3068 1141 3109 ne
1168 3052 1467 3109 ascendere
1494 3054 1766 3109 valeamus
1796 3055 1864 3110 ad
1891 3056 2114 3113 cmlum.

534 3145 593 3202 Si
624 3154 803 3203 autem
832 3146 1117 3202 Dominum
1153 3154 1365 3203 tentare
1409 3162 1575 3203 ausus
1614 3157 1697 3203 est
1724 3149 2031 3220 versipellis
2058 3160 2112 3206 et

2210 530 2534 603 simpliciter
2589 537 3007 603 praecavendum
3060 547 3184 606 est,
3239 556 3307 597 ne
3338 541 3569 613 Ldnplici
3625 554 3816 601 mente

2212 625 2343 693 sint,
2380 641 2461 687 ne.
2480 627 2693 683 Domini
2723 630 2997 702 ambigunt
3018 640 3364 703 potestatem.
3390 636 3451 693 Si
3472 637 3638 694 etiam
3660 639 3817 712 Moy-

2211 733 2301 775 ses
2326 729 2383 776 et
2405 723 2582 777 Aaron
2609 722 2721 795 (qui
2746 725 2815 780 ad
2846 740 3042 798 aquam
3066 728 3523 789 contradictionis
3552 733 3653 789 visi
3684 744 3819 792 sunt

2211 812 2499 887 fluctuare)
2528 830 2631 871 non
2666 827 2981 875 meruerunt
3011 829 3213 877 terram
3244 825 3690 893 repromissionis
3720 829 3812 884 in-

2213 912 2357 960 trare
2382 920 2394 959 :
2421 906 2605 977 utique
2632 909 2801 963 multo
2840 910 3010 982 magis
3040 928 3139 969 nos
3174 916 3264 985 qui
3293 928 3639 986 peccatorum
3676 938 3809 991 pre-

2214 996 2415 1051 mimur
2466 998 2736 1069 pondere,
2773 1016 2883 1057 non
2913 1004 3214 1062 valebimus
3245 1008 3506 1067 ﬂuentum
3550 1012 3816 1071 Iordanis

2214 1097 2565 1151 transire:et
2596 1097 2663 1151 ad
2713 1097 2887 1155 locum
2939 1100 3386 1172 circumcisionis,
3424 1106 3477 1161 id
3516 1117 3639 1176 est,
3688 1110 3823 1166 Gal-

2213 1188 2335 1260 gala
2366 1190 2680 1259 pervenire,
2704 1192 2752 1246 si
2776 1193 3327 1253 scandalizaverimus
3358 1214 3524 1254 unum
3556 1200 3627 1257 de
3655 1204 3826 1260 mini-

2214 1283 2318 1337 mis
2357 1282 2498 1338 istis.
2551 1281 2708 1340 Unde
2744 1292 2851 1339 tam
2880 1284 3098 1343 labores
3130 1290 3365 1359 pastoris
3391 1332 3405 1358 ,
3438 1307 3600 1363 quam
3630 1297 3819 1366 gregis

2212 1376 2685 1433 fecunditasztam
2720 1378 2938 1435 ubertas
2982 1382 3237 1438 messium
3268 1426 3283 1451 ,
3330 1399 3490 1455 quam
3538 1388 3811 1457 agricola:

2213 1472 2453 1529 studium
2479 1515 2494 1542 ,
2520 1474 2736 1529 Domini
2764 1474 2980 1532 horreis
3012 1486 3407 1548 praeparentur.
3432 1480 3568 1536 Toto
3597 1481 3728 1538 nisu
3758 1498 3821 1539 ac

2215 1566 2405 1622 labore
2445 1567 2736 1625 tendamus
2762 1609 2779 1637 ,
2820 1578 2876 1624 ut
2908 1568 3054 1640 digni
3088 1569 3393 1628 efficiamur
3420 1574 3657 1631 adventu
3686 1592 3817 1647 pas-

2216 1657 2332 1715 chae
2352 1699 2368 1727 ,
2393 1667 2451 1716 et
2473 1674 2638 1717 carne
2666 1676 2731 1716 ac
2759 1662 3025 1732 sanguine
3046 1664 3168 1734 agni
3194 1663 3397 1721 Christi
3427 1665 3574 1726 Jesu.
3604 1670 3819 1727 Amen.

2700 1773 3038 1832 EPISTOLA
3076 1775 3315 1847 XXVIII,

2552 1904 2648 1946 SEU
2690 1904 2862 1948 δειωο
2902 1907 2953 1947 ΙΝ
2994 1907 3190 1949 νιϐιωΑ
3232 1908 3465 1951 Ρλδϐιίιε.

2806 1988 2884 2044 De
2912 1988 3020 2043 Esu
3047 1991 3201 2063 Agni.

2285 2100 2297 2149 l
2308 2098 2529 2169 Habetin:
2554 2084 2759 2169 eﬁnter
2782 2104 3095 2169 supposititia
3115 2103 3372 2169 Augustini
3392 2116 3540 2167 Opera
3562 2108 3610 2153 in
3629 2118 3825 2169 appen-

2220 2160 2327 2231 qice
2342 2160 2550 2231 tonii‘t’l,
2580 2160 2860 2231 inscriptus;
2882 2160 2946 2231 In
2964 2160 3217 2231 pervigilio
3237 2160 3451 2231 pascluv',
3477 2169 3649 2218 det-Isu
3664 2160 3823 2231 Igni.

2223 2221 2357 2291 Alius
2379 2221 3046 2291 ἰπὶ-γεξοδδΠεῖνβρθξιιιῑίψιο
3077 2221 3168 2291 riis.
3203 2221 3317 2277 huic
3352 2221 3679 2291 praémittimr,
3722 2221 3827 2281 Tim:

2223 2243 2357 2270 ,ιυιιιδ
2383 2243 2428 2270 Ill
2464 2243 2729 2273 terouenSI
2756 2243 3046 2289 peranttqtto
3077 2243 3168 2277 ms.
3203 2243 3317 2277 nutc
3384 2243 3679 2291 τωωιιυωτ,
3736 2243 3827 2281 litin:

2223 2285 2253 2331 ti
2260 2284 2363 2359 tuto
2390 2298 2399 2332 :
2432 2286 2569 2359 U
2588 2298 2739 2357 supra
2777 2288 2972 2359 Moyses
2987 2288 3311 2359 quadraginta
3335 2243 3499 2340 diebus
3532 2297 3575 2359 et
3602 2293 3828 2355 quadraw

2219 2349 2353 2409 ginta
2395 2349 2609 2417 noctibus
2653 2349 2899 2417 jejunum.
2935 2350 3163 2401 Erasmus
3181 2349 3343 2417 'hujus
3374 2363 3425 2402 et
3465 2356 3549 2415 qui
3591 2349 3829 2417 proximi:

2221 2410 2473 2469 praecedit,
2504 2423 2616 2461 esse
2637 2410 2865 2461 eumdem
2886 2419 3135 2463 auctorem
3159 2410 3352 2475 sentit.)

2349 2512 2665 2573 MONITUM
2708 2516 2775 2573 IN
2814 2517 3237 2586 SEQUENTEM
3281 2520 3695 2578 EPISTOLAM.

2295 2631 2549 2711 Erasmus
2575 2635 2648 2711 ait
2668 2632 2806 2711 :_Ea:_
2829 2637 3008 2711 eadem
3035 2647 3081 2691 et
3122 2637 3205 2691 hic
3233 2654 3399 2693 sermo
3448 2643 3722 2711 profectus
3759 2653 3831 2697 est

2222 2703 2458 2773 ofﬁcina,
2490 2714 2538 2759 et
2568 2706 2636 2759 ad
2663 2707 2993 2762 charissimos
3025 2711 3213 2778 fratres
3240 2703 3476 2780 pertinet.

2727 2819 3068 2878 EPISTOLA
3109 2823 3307 2890 XXIX,

2455 2946 2552 2988 SEU
2580 2948 2755 2990 SERHO
2793 2951 2860 2991 DE
2900 2950 3334 2993 RESURBECTIONE
3363 2952 3565 2994 DOIINI.

2292 3045 2335 3100 Ι.
2364 3044 2481 3101 Non
2512 3062 2675 3117 queo,
2710 3047 2907 3104 fratres
2929 3048 3263 3117 cbarissimi,
3288 3067 3451 3124 quem
3483 3062 3670 3110 mente
3694 3071 3834 3113 cono

2220 3139 2380 3209 cepi,
2409 3154 2509 3195 ore
2553 3139 2804 3210 proferre
2850 3156 3183 3211 sermonem,
3229 3154 3285 3201 et
3330 3144 3510 3200 cordis
3536 3146 3647 3201 mei
3680 3147 3834 3203 laeti-

526 3254 803 3308 nequam:
842 3247 1042 3309 quanto
1091 3238 1262 3310 magis
1304 3254 1407 3295 nos
1438 3239 1693 3311 decipere
1722 3256 1829 3297 non
1863 3242 2113 3300 timebit!

2232 3232 2361 3287 tiam
2388 3232 2567 3304 lingua
2595 3249 2703 3289 non
2731 3234 2985 3304 eXplicat.
3015 3235 3130 3291 Hoc
3155 3248 3336 3293 autem
3368 3253 3476 3329 no¢n
3498 3238 3687 3309 solum
3725 3256 3832 3312 ego

527 3333 587 3390 Si
634 3340 822 3388 contra
858 3333 953 3389 Dei
988 3333 1181 3389 Filium
1213 3342 1267 3390 et
1293 3334 1512 3405 figulum
1538 3350 1695 3391 suum
1718 3376 1734 3405 ,
1787 3352 1880 3393 vas
1930 3338 2114 3408 perdi-

528 3432 639 3478 tum
669 3425 987 3495 repugnavit
1013 3442 1026 3478 :
1055 3434 1256 3495 quanto
1287 3426 1459 3497 magis
1498 3436 1691 3483 contra
1724 3442 1823 3484 nos
1855 3428 1949 3497 qui
1980 3430 2119 3486 inle-

524 3514 688 3570 rioris
720 3515 787 3569 ab
807 3530 873 3571 eo
898 3524 1105 3573 natura:
1128 3533 1316 3573 sumus
1338 3517 1563 3573 audebit
1584 3519 1864 3591 insurgere
1889 3523 1901 3576 !
1927 3521 1983 3577 Si
1999 3522 2118 3591 jus.

527 3616 614 3664 tus
640 3608 729 3663 vix
777 3609 1078 3665 salvabitur
1100 3652 1115 3677 ,
1166 3612 1317 3681 impii
1348 3621 1401 3666 et
1436 3621 1751 3683 peccatores
1777 3615 1868 3670 ubi
1900 3631 2119 3684 perma-

524 3699 731 3755 nebunt
774 3700 815 3771 (Ι
844 3699 988 3756 Patr.
1018 3716 1093 3767 tv,
1131 3703 1257 3773 >18)?
1313 3702 1433 3757 Non
1485 3718 1591 3774 quo
1627 3703 1885 3761 Dominus
1934 3716 2121 3764 noster

524 3788 703 3861 decipi
733 3792 967 3857 potuerit
988 3806 1019 3845 a
1048 3791 1289 3861 diabolo,
1320 3793 1415 3849 sed
1444 3809 1550 3864 quo
1580 3794 1808 3851 formam
1839 3798 1988 3854 servi
2020 3813 2117 3854 ac-

526 3881 764 3952 ceperit,
799 3883 850 3938 in
875 3882 1127 3940 omnibus
1161 3898 1220 3941 se
1254 3885 1491 3941 tribuere
1533 3885 1726 3942 volens
1763 3888 2070 3959 exemplum
2102 3930 2120 3958 ,

526 3988 769 4036 ntnemo
801 3978 905 4033 sibi
937 3977 990 4033 in
1019 3979 1308 4035 sanctitate
1336 3979 1580 4036 confidat
1603 4023 1619 4049 ,
1671 3996 1792 4037 cum
1836 3984 1998 4038 etiam
2031 3984 2122 4042 ille

529 4083 769 4129 tentatur
789 4115 804 4138 ,
825 4088 985 4143 quem
1015 4090 1121 4130 non
1153 4082 1379 4143 possunt
1408 4083 1744 4131 tentamenta
1774 4090 2055 4147 superare.

598 4165 689 4221 ΙΙΙ.
721 4165 834 4221 Hoc
864 4173 1033 4220 totum
1059 4166 1261 4221 idcirco
1288 4167 1619 4238 replicamus
1646 4211 1661 4237 ,
1702 4170 1896 4226 fratres
1916 4172 2119 4229 charis-

532 4259 692 4322 simi,
729 4268 786 4312 ut
815 4258 1046 4315 sollicita
1075 4270 1253 4315 mente
1282 4275 1576 4319 caveamus
1602 4304 1618 4329 ,
1665 4278 1733 4319 ne
1755 4277 2017 4323 exeuntes
2053 4267 2122 4325 de

531 4349 789 4421 1Egypt0,
820 4360 874 4405 et
903 4365 999 4419 per
1020 4350 1376 4421 quadraginta
1404 4352 1545 4423 dies,
1569 4355 1724 4423 quasi
1755 4370 1853 4425 per
1883 4358 2121 4428 quadra-

524 4443 670 4512 ginta
716 4458 889 4499 aunos
926 4443 991 4498 ad
1037 4445 1478 4515 repromissionis
1511 4456 1712 4503 terram
1755 4465 1850 4520 per
1876 4466 2120 4509 eremum

527 4536 849 4593 festinantes
871 4583 884 4605 ,
920 4537 1293 4594 desideremus
1324 4554 1517 4595 carnes
1546 4549 1602 4596 et
1625 4542 1762 4598 ollas
1791 4543 2033 4617 Egypti,
2066 4554 2122 4603 et

2226 3323 2424 3394 patior,
2455 3323 2552 3394 qui
2595 3323 2755 3395 cupio
2783 3340 3009 3383 narrare
3036 3342 3159 3397 quae
3184 3328 3362 3384 sentio
3391 3346 3407 3388 :
3435 3323 3531 3385 sed
3563 3331 3744 3387 etiam
3780 3342 3837 3389 et

2227 3434 2327 3475 vos
2346 3435 2558 3475 mecum
2581 3419 2850 3489 patimini,
2878 3421 3000 3491 plus
3022 3422 3360 3480 exsultantes
3381 3424 3434 3480 in
3456 3425 3836 3494 conscientia,

2224 3529 2386 3583 quam
2436 3513 2656 3584 eloquio
2707 3513 3069 3586 profcrentes.
3121 3516 3346 3574 Videtur
3392 3520 3523 3573 mihi
3572 3520 3665 3576 hic
3712 3523 3837 3579 dies

2225 3608 2438 3661 caeteris
2479 3606 2674 3662 diebus
2721 3622 2845 3664 esse
2894 3608 3129 3665 lucidior
3182 3628 3196 3665 :
3242 3613 3323 3667 sol
3368 3613 3569 3668 mundo
3622 3614 3840 3671 clarior

2224 3696 2472 3754 illuxisse
2503 3716 2515 3751 :
2549 3709 2698 3755 astra
2726 3714 2947 3771 quoque
2975 3710 3031 3758 et
3079 3704 3260 3758 omnia
3293 3705 3559 3762 elementa
3592 3705 3788 3765 lmtari
3822 3728 3835 3763 :

2225 3798 2282 3846 et
2310 3805 2453 3860 qum,
2488 3790 2735 3862 patiente
2760 3790 3011 3862 Domino,
3046 3796 3334 3865 proprium
3361 3796 3550 3852 lumen
3577 3808 3844 3856 retraxe-

2226 3889 2347 3936 rant
2376 3889 2432 3936 et
2459 3881 2735 3952 fugerant,
2762 3893 2816 3938 et
2839 3883 3129 3940 noluerant
3152 3886 3467 3945 Creatorem
3490 3904 3651 3945 suum
3684 3894 3843 3965 aspi-

2225 3990 2352 4029 cere
2398 3972 2742 4035 crucilixum.
2772 3975 2889 4031 haec
2929 3993 3071 4033 nunc
3120 3978 3388 4035 victorem
3438 3980 3618 4046 illum,
3672 3994 3735 4040 et
3770 3987 3843 4039 ab

2226 4066 2414 4122 inferis
2442 4078 2843 4139 resurgentem,
2875 4086 2973 4125 suo
2999 4070 3067 4141 (si
3093 4070 3200 4127 dici
3230 4073 3429 4145 potest)
3459 4074 3703 4145 fulgore,
3736 4094 3843 4134 suo

2226 4170 2635 4232 prosequuntur
2661 4161 2865 4219 officio.
2912 4166 3102 4221 Credit
3126 4166 3348 4235 caelum,
3400 4169 3576 4225 credit
3634 4180 3841 4231 terra:

2226 4263 2280 4309 et
2310 4268 2508 4325 sagena
2549 4269 2670 4325 qua:
2721 4264 2894 4311 totum
2934 4258 3194 4315 mundum
3224 4260 3428 4331 piscata
3458 4270 3573 4331 est,
3604 4262 3845 4323 Judteos

2228 4355 2417 4403 tenere
2447 4364 2554 4405 non
2588 4350 2785 4419 potuit.
3522 4402 3529 4409 .

2295 4440 2356 4496 ll.
2403 4442 2534 4497 Ilwc
2573 4442 2685 4497 dies
2734 4461 2888 4513 quant
2931 4447 3054 4516 fecit
3085 4445 3370 4515 Dominus,
3420 4451 3752 4510 exsultemus
3795 4466 3845 4510 et

2226 4533 2458 4611 laetemur
2490 4534 2543 4587 in
2573 4551 2633 4588 ea
2678 4534 2906 4607 (Psalm.
2940 4554 3106 4605 cxvn,
3152 4539 3267 4610 2i).
3318 4540 3607 4609 Quomodo
3652 4545 3845 4604 Maria

531 4647 559 4683 a
609 4631 952 4701 serpentibus
995 4632 1363 4688 tnordeamur.
1412 4634 1695 4691 Exivimus
1732 4636 1801 4692 de
1836 4612 2069 4712 ἐξώτριο
2102 4659 2113 4696 :

2226 4624 2376 4695 virgo
2408 4632 2581 4679 mater
2613 4624 2829 4682 Domini
2857 4628 3001 4684 inter
3022 4645 3213 4686 omnes
3244 4632 3499 4689 mulieres
3520 4637 3845 4709 [principa-

525 4724 653 4794 quid
681 4724 842 4781 nobis
872 4740 993 4780 cum
1017 4725 1286 4798 Egyptiis
1330 4728 1516 4786 cibis?
1558 4729 1663 4798 Qui
1705 4731 1971 4789 habemus
2000 4750 2117 4792 cm-

533 4817 725 4871 lestem
778 4832 972 4887 panem
1002 4858 1017 4883 ,
1056 4826 1269 4874 terrena
1306 4818 1562 4876 alimenta
1605 4820 1735 4892 quid
1778 4825 2119 4893 quaerimus?

526 4910 866 4981 Reliquimus
891 4910 1231 4966 Pharaonem
1258 4953 1270 4975 ,
1304 4912 1615 4969 invocemus
1644 4915 1901 4973 auxilium
1933 4917 2118 4974 Domi-

526 5004 579 5056 ni
615 5021 629 5057 :
658 5013 717 5058 ut
741 5003 899 5058 nobis
920 5003 1324 5075 ZEgyptiusrex
1354 5004 1407 5059 in
1438 5005 1780 5062 credentium
1794 5009 2119 5079 baptismate

522 5097 928 5169 submergatur.
958 5096 1033 5153 lbi
1065 5106 1287 5168 pereant
1306 5099 1430 5168 equi
1457 5107 1511 5153 et
1536 5114 1858 5157 ascensores
1880 5118 2069 5158 eorum
2098 5120 2113 5163 :

525 5189 599 5245 ibi
626 5189 867 5246 fremens
893 5190 1198 5247 adversarii
1223 5200 1447 5247 necetur
1474 5194 1769 5248 exercitus.
1817 5193 1933 5250 Non
1964 5211 2115 5251 mur-

526 5293 802 5335 muremus
831 5281 1094 5337 adversus
1126 5283 1412 5337 Dominum
1442 5324 1457 5349 ,
1497 5298 1568 5338 ne
1594 5299 1622 5337 a
1654 5284 1887 5359 Domino
1925 5301 2115 5357 percu-

428 5362 492 5403 δ’
522 5375 739 5429 tiamur.
790 5372 906 5429 Non
947 5374 1297 5432 detrahamus
1338 5376 1404 5432 de
1445 5377 1816 5435 sacerdotibus
1862 5380 2108 5436 nostris:

521 5476 578 5525 et
621 5467 797 5540 magis
840 5482 868 5521 a
906 5466 1053 5522 vitiis
1085 5468 1395 5539 jejunemus
1428 5485 1588 5541 quam
1629 5486 1659 5525 a
1686 5471 1822 5527 cibis
1858 5490 1871 5527 :
1906 5471 2034 5528 licet
2060 5481 2116 5529 et

517 5562 764 5618 ciborum
793 5560 1124 5616 abundantia
1154 5562 1261 5617 sint
1288 5562 1523 5617 fomenta
1546 5563 1821 5619 vitiorum.
1846 5563 1904 5619 Si
1931 5563 2112 5620 Aaron

524 5656 580 5710 et
606 5652 768 5709 Maria
796 5665 983 5709 contra
1016 5652 1236 5724 Moysen
1267 5665 1668 5712 murmurantes
1696 5698 1710 5721 ,
1744 5656 1842 5712 Dei
1872 5672 1970 5727 pro
1993 5671 2114 5713 ser-

520 5758 588 5800 vo
639 5762 739 5802 suo
778 5757 1063 5803 senserunt
1104 5747 1405 5803 vindictam
1440 5766 1452 5802 :
1485 5758 1688 5820 quanto
1736 5750 1908 5821 magis
1946 5750 1991 5806 si
2019 5752 2120 5806 alin-

517 5834 638 5907 quis
660 5845 904 5897 nostrum
936 5840 1292 5915 praepositum
1326 5856 1483 5900 suum
1513 5843 1735 5917 vipereo
1777 5844 2115 5919 orelacera-

2223 4723 2337 4771 tum
2380 4724 2528 4772 tenet
2557 4736 2568 4770 :
2595 4717 2669 4773 ita
2698 4719 2841 4775 inter
2868 4730 3098 4779 caeteros
3120 4723 3239 4781 dies
3269 4725 3385 4782 hinc
3426 4728 3675 4786 omnium
3710 4732 3846 4791 die-

2224 4826 2340 4865 rum
2375 4821 2546 4867 mater
2586 4822 2688 4869 est.
2722 4813 2855 4871 Rem
2890 4831 3089 4873 novam
3125 4819 3274 4889 dico,
3307 4820 3404 4877 sed
3430 4837 3551 4893 qua:
3580 4823 3848 4897 Scriptu-

2220 4919 2403 4959 rarum
2462 4904 2686 4960 vocibus
2723 4911 3109 4977 comprobatur
3134 4954 3149 4976 ,
3191 4910 3306 4967 haec
3342 4912 3462 4969 dies
3510 4923 3568 4969 et
3615 4932 3738 4975 una
3774 4920 3851 4975 de

2219 5007 2453 5067 septem,
2479 5006 2534 5053 et
2549 5008 2704 5054 extra
2731 5009 2940 5071 septem
2970 5010 3074 5059 est.
3102 5002 3230 5059 Ιίςιξε
3243 5004 3460 5061 estdies
3475 5021 3597 5077 qua:
3624 5013 3845 5082 appet-

2223 5089 2366 5144 tatur
2387 5100 2598 5146 octava.
2628 5090 2784 5148 Unde
2810 5105 2864 5148 et
2885 5092 2936 5149 in
2971 5094 3297 5165 quibusdam
3326 5096 3660 5168 psalmorum
3706 5103 3851 5159 tilu-

2218 5182 2285 5238 lis
2309 5183 2755 5253 superscribitur,
2796 5203 2890 5259 pro
2918 5198 3115 5244 octava.
3161 5189 3286 5247 lirec
3313 5192 3472 5249 estin
3499 5209 3608 5264 qua
3641 5195 3851 5268 Syna~

2219 5290 2354 5346 goga
2409 5276 2634 5344 linitur,
2689 5286 2745 5334 et
2792 5278 3037 5337 Ecclesia
3088 5282 3351 5340 nascitur.
3409 5284 3536 5342 Haec
3574 5286 3631 5343 in
3668 5292 3849 5361 cujus

2220 5383 2444 5424 numero
2471 5377 2595 5424 octo
2622 5369 2817 5428 animae
2847 5372 3066 5429 salvatze
3094 5383 3223 5431 sunt
3244 5376 3296 5432 in
3330 5392 3455 5434 arca
3481 5377 3610 5448 ,Noe
3650 5379 3839 5452 (Cen.

2223 5477 2339 5528 vni,
2366 5462 2479 5533 16).
2513 5462 2799 5533 Similiter,
2832 5464 3007 5537 inquit
3036 5468 3249 5538 Petrus,
3272 5480 3328 5527 et
3354 5486 3450 5528 vos
3471 5471 3655 5530 salvos
3698 5474 3851 5534 facit

2223 5555 2489 5611 Ecclesia.
2545 5555 2672 5612 llaec
2715 5568 2799 5614 est
2836 5558 2905 5615 de
2947 5576 3050 5631 qua
3095 5561 3461 5621 Ecclesiastes.
3498 5566 3768 5637 praecipit
3828 5588 3844 5624 :

2225 5651 2353 5705 Date
2380 5658 2553 5722 partes
2594 5660 2808 5723 septem,
2860 5654 2978 5710 date
3003 5666 3051 5711 et
3090 5666 3203 5712 octo
3256 5656 3456 5727 (Eccle.
3511 5676 3589 5727 ιι,
3626 5660 3721 5732 2).
3773 5663 3846 5719 lli

2224 5753 2354 5802 sunt
2390 5754 2515 5801 octo
2545 5746 2765 5817 gradus,
2812 5764 2911 5818 per
2948 5766 3087 5821 quos
3132 5750 3187 5806 in
3227 5751 3523 5809 Ezechiele
3555 5755 3841 5824 templum

2230 5839 2324 5899 Dei
2356 5838 2708 5921 seandimus.
2741 5839 2866 5901 ηερε
2911 5844 3297 5923 octavaudies,
3328 5844 3396 5907 de
3440 5846 3597 5927 cujus
3627 5860 3843 5910 sacra-
