3926 6290
117 269 210 342 925;

711 260 1045 322 EPISTOLA
1084 258 1255 320 XXX.
1295 262 1387 319 AD
1426 254 1892 329 EUSTOCIIIUM,
1936 255 2025 315 DE
2066 251 2381 315 VINCULIS
2420 254 2483 311 Β.
2525 251 2753 312 PETRI.

3261 248 3370 312 296

115 392 282 453 mento,
314 388 369 439 et
394 380 643 439 omnium
673 380 954 438 nationum
983 381 1037 436 in
1064 379 1265 437 Christi
1298 380 1421 449 fide,
1454 388 1674 435 octavus
1701 381 1750 441 A
1783 386 1989 432 tramus
2010 384 2223 447 portam
2256 374 2516 447 paradisi.
2541 375 2618 430 Ita
2643 374 2903 431 debemus
2928 370 3137 442 vivere,
3178 385 3248 426 ne
3276 370 3376 441 eji-

115 490 293 551 quoque
336 475 586 546 psalmus
628 472 821 544 incipit
858 491 875 530 :
912 472 1134 527 Domine
1174 472 1429 528 Dominus
1460 481 1677 538 noster,

114 585 236 642 quam
274 564 587 621 admirabile
634 576 711 620 est
752 581 935 621 nomen
974 573 1121 618 tuum
1160 565 1213 618 in
1259 566 1496 618 universa
1542 572 1678 617 terra

116 661 255 735 (Ρωί.
286 675 409 728 vm,
456 658 541 731 2)!
576 659 647 715 Et
687 657 816 730 quid
847 672 934 714 me
966 672 1194 714 necesse
1234 667 1321 714 est
1355 657 1565 713 inﬁnita
1595 672 1680 712 re-

117 754 324 828 plicare?
356 752 491 809 Dies
512 766 601 807 me
626 751 865 820 deficiet,
893 752 938 807 si
955 751 1183 808 voluero
1202 765 1365 807 omne
1386 736 1679 806 diei‘istius

117 859 354 918 exponere
375 852 785 899 sacramentum
795 884 812 901 ο

165 939 239 995 ιιι.
274 938 388 994 lloc
421 946 633 993 tantum
663 937 813 1005 dico,
846 936 990 1010 quod
1028 937 1282 994 universa
1314 936 1526 993 sabbati
1551 951 1681 1008 gra-

119 1035 168 1090 tia
190 1042 239 1089 et
276 1032 499 1104 antiqua
551 1032 646 1088 illa
678 1031 949 1089 festivitas
978 1033 1163 1105 populi
1207 1032 1543 1100 Judtcorum,
1571 1031 1682 1088 diei

120 1129 241 1184 istius
286 1126 641 1184 solemnitate
690 1134 894 1203 mutata
926 1138 1031 1183 est.
1074 1126 1157 1181 Illi
1206 1128 1257 1181 in
1302 1128 1531 1183 sabbato
1574 1143 1682 1183 non

122 1220 354 1277 iaciebant
400 1236 545 1291 opus
573 1220 799 1289 servile,
851 1236 950 1277 nos
982 1219 1035 1276 in
1083 1221 1173 1277 die
1207 1222 1489 1277 Dominica
1516 1266 1529 1289 ,
1580 1221 1683 1276 hoc

122 1325 203 1382 est,
224 1312 690 1381 Resurrectionis,
724 1326 866 1383 opus
894 1313 1101 1369 servile
1132 1329 1238 1369 non
1268 1313 1532 1369 facimus:
1557 1314 1682 1384 quia

120 1407 245 1463 vitiis
271 1416 321 1462 et
343 1406 593 1477 peccatis
622 1421 735 1462 non
784 1406 1073 1461 servimus.
1107 1406 1209 1472 Qui
1239 1409 1374 1460 enim
1405 1406 1531 1476 facit
1561 1423 1684 1476 pec-

122 1511 281 1568 catum,
321 1519 499 1557 seruus
528 1510 603 1557 est
631 1501 829 1570 peccati
853 1501 1039 1575 (Joan.
1071 1517 1186 1569 vni,
1232 1500 1347 1573 54).
1382 1500 1462 1556 Illi
1488 1501 1555 1557 de
1583 1501 1685 1557 do-

122 1599 270 1655 mibus
312 1597 429 1653 suis
478 1613 592 1652 non
639 1596 1069 1667 egrediebantur
1113 1614 1126 1649 :
1168 1605 1225 1651 et
1270 1610 1369 1651 nos
1412 1595 1481 1651 de
1524 1595 1686 1651 domo

122 1689 295 1746 Christi
340 1705 454 1746 non
505 1688 841 1761 egredimur,
893 1705 1082 1744 sumus
1126 1689 1273 1745 enim
1323 1689 1376 1744 in
1420 1688 1682 1745 Ecclesia.

124 1784 187 1839 Illi
229 1800 328 1840 non
378 1783 760 1840 accendebant
802 1783 983 1855 ignem
1031 1785 1083 1839 in
1144 1783 1233 1838 die
1277 1782 1487 1839 sabbati
1546 1802 1557 1835 :
1593 1797 1691 1839 nos
1723 1781 1769 1840 B

124 1878 406 1933 econtrario
418 1875 773 1932 accendimus
791 1876 843 1931 in
860 1876 1017 1931 nobis
1043 1877 1218 1947 ignem
1239 1876 1474 1944 Spiritus
1492 1876 1690 1941 sancti,

125 1978 165 2024 et
197 1984 348 2025 omne
399 1969 601 2024 vitium
652 1968 1010 2039 excoquimus
1060 1979 1406 2039 peccatorum
1449 1969 1561 2023 :de
1587 1983 1693 2038 quo

124 2063 226 2131 igne
244 2062 503 2117 Dominus
526 2060 605 2115 ait
638 2080 651 2114 :
685 2059 869 2131 Ignem
906 2062 1017 2116 ι·εηὶ
1059 2062 1262 2117 mittere
1297 2063 1350 2131 ip
1378 2072 1566 2115 terram
1596 2078 1615 2115 :
1646 2069 1693 2115 et

122 2171 253 2224 quam
276 2155 386 2209 volo
409 2162 472 2208 ut
513 2154 699 2209 ardeat
729 2153 887 2226 (Luc.
922 2170 1017 2219 xu,
1048 2152 1163 2225 49).
1204 2152 1490 2209 Desiderat
1514 2152 1696 2209 Domi-

124 2266 209 2303 nus
230 2249 405 2320 ignem
436 2249 604 2304 istum
636 2248 832 2304 ardere
865 2249 916 2303 in
954 2250 1111 2305 nobis
1142 2265 1157 2305 :
1209 2246 1513 2304 secundum
1545 2250 1693 2318 Apo-

124 2344 320 2411 stolum,
351 2342 406 2397 id
436 2351 547 2409 est,
589 2341 796 2413 Spiritu
826 2357 925 2397 nos
968 2353 1159 2398 sancto
1201 2340 1444 2408 fervere,
1490 2349 1548 2395 ut
1586 2356 1694 2395 non

124 2432 425 2506 refrigescat
453 2435 507 2490 in
542 2433 703 2490 nobis
732 2434 974 2491 charitas
1008 2435 1126 2491 Dei.
1158 2433 1239 2490 llli
1275 2449 1369 2505 per
1398 2433 1542 2489 diem
1574 2435 1696 2489 sab-

123 2526 212 2581 bati
257 2544 367 2583 non
418 2527 705 2582 ambulant
758 2528 811 2582 in
861 2527 1109 2583 itinere:
1146 2525 1502 2597 perdiderunt
1548 2526 1694 2580 enim

116 2616 252 2673 illum
296 2619 386 2689 qui
434 2618 617 2674 dixit:
652 2616 765 2689 Ego
787 2634 899 2673 sum
948 2619 1030 2671 via
1061 2615 1245 2689 (Joan.
1300 2632 1412 2684 xtv,
1462 2616 1561 2687 6):
1595 2631 1697 2671 nos

118 2721 273 2766 autem
305 2710 539 2768 dicimus
575 2732 588 2767 :
618 2710 772 2765 Beati
814 2711 1158 2777 immaculati,
1209 2711 1298 2781 qui
1334 2710 1602 2763 ambulant
1644 2709 1697 2762 in

116 2804 211 2874 lege
257 2803 467 2859 Domini
517 2802 751 2878 (Psalm.
796 2819 983 2869 cxvnt,
1024 2802 1102 2875 t).
1154 2802 1221 2857 Et
1261 2802 1456 2858 iterum
1501 2800 1697 2855 :l’iam

115 2899 326 2953 raritatis
372 2897 531 2969 elegi,
584 2906 633 2951 et
676 2897 810 2950 ciam
831 2897 1274 2968 justi/icationum
1319 2904 1524 2948 tuarum
1572 2894 1700 2948 doce

114 3006 203 3041 nte.
234 2988 316 3044 Illi
351 2990 418 3045 de
444 2990 622 3061 spinis
658 2988 951 3043 Dominum
984 2996 1390 3042 coronaverunt
1425 3006 1437 3041 :
1471 3001 1571 3041 nos
1599 3002 1697 3041 au-

114 3091 228 3147 tem,
253 3083 298 3136 si
325 3081 592 3138 fuerimus
623 3080 830 3152 lapides
858 3080 1108 3152 pretiosi,
1139 3080 1424 3135 Dominum
1455 3090 1698 3134 nostrum

1782 473 1993 527 ciamur
2021 470 2091 526 de
2117 470 2280 543 domo
2303 471 2414 538 illa,
2450 480 2503 526 et
2530 468 2688 541 ejeeti
2714 468 2864 524 foras
2884 484 2913 523 a
2938 466 3127 523 bestiis
3150 464 3378 522 devore-

1783 581 1951 619 mur:
1982 578 2117 635 quas
2160 564 2214 619 in
2262 564 2370 618 alio
2412 563 2531 618 loco
2572 561 2839 633 Pr0pheta
2884 559 3218 627 formidans,
3252 560 3373 613 ait:

1786 657 1869 713 Ne
1918 658 2096 711 tradas
2143 657 2319 713 bestiis
2366 656 2564 711 animas
2610 656 2963 725 conﬁtentium
3002 653 3091 708 tibi
3136 651 3376 725 (Psalm.

1785 767 1974 822 Lxxm,
2009 752 2119 823 l9).

1861 842 1923 897 V.
1978 844 2116 899 Ecce
2150 858 2293 899 nunc
2335 843 2598 899 Dominus
2638 853 2791 900 stans
2837 843 2889 898 in
2934 841 3168 913 paradisi
3212 842 3375 913 janua

1786 934 2029 1005 loquitur
2078 933 2147 990 ad
2198 948 2299 990 nos
2352 934 2444 1005 qui
2466 948 2654 989 sumus
2703 932 2759 989 in
2788 932 2949 989 domo
3005 934 3175 1005 ipsius
3210 950 3223 988 :
3253 948 3379 989 cum

1785 1029 2113 1100 quicumque
2168 1037 2483 1084 sanctorum
2537 1026 2701 1084 fuerit
2747 1027 3027 1099 ingressus
3069 1043 3083 1082 :
3134 1027 3382 1097 quamvis

1787 1124 2031 1179 diabolus
2063 1122 2370 1193 prohibeat,
2403 1123 2650 1194 quamvis
2683 1122 2935 1177 inimicus
2973 1130 3230 1178 accuset:
3263 1122 3381 1193 ipse

1786 1225 1873 1272 est
1899 1216 2168 1288 siquidem
2196 1225 2481 1271 accusator
2529 1215 2757 1271 fratrum
2793 1227 3122 1285 nostrorum,
3159 1217 3273 1286 ipse
3299 1224 3384 1271 est

1790 1311 1987 1367 vindex
2022 1312 2312 1367 inimicus:
2346 1312 2486 1366 sicut
2518 1312 2571 1366 in
2603 1312 2905 1367 centesimo
2935 1310 3199 1381 vigesimo
3226 1318 3382 1365 sexto

1788 1406 2001 1475 psalmo
2037 1404 2236 1460 dicitur
2265 1422 2277 1458 :
2312 1404 2413 1471 Qui
2443 1416 2653 1459 sanctus
2694 1404 2849 1474 fuerit
2880 1420 2982 1459 non
3014 1403 3383 1473 confundetur,

1790 1510 1906 1547 cum
1932 1494 2168 1566 loquetur
2211 1494 2437 1548 inimicis
2463 1496 2570 1547 suis
2608 1495 2660 1547 in
2691 1504 2841 1564 porta
2872 1509 2891 1549 :
2931 1497 2982 1549 in
3013 1493 3140 1549 Jesu
3168 1491 3387 1550 Christo

1790 1586 1877 1641 cui
1907 1596 1989 1643 est
2018 1588 2193 1641 honor
2214 1597 2265 1642 et
2288 1586 2456 1658 gloria
2486 1587 2539 1642 in
2563 1587 2761 1642 saecula
2788 1587 3113 1642 saeculorum
3148 1605 3159 1639 :
3185 1585 3381 1643 Amen.

1920 1766 2233 1825 MONITUM
2273 1766 2341 1824 IN
2382 1766 2806 1836 SEQUENTEM
2848 1768 3261 1826 EPISTULAM.

1874 1922 1940 1977 Ut
1968 1922 2098 1995 nihil
2141 1925 2205 1977 de
2244 1925 2443 1993 artiﬁce
2477 1924 2591 1991 ipso
2632 1925 2827 1986 dicam,
2870 1924 2962 1995 qui
3014 1922 3389 1995 Hieronymum

1796 1996 1999 2049 mentiri
2027 1994 2123 2047 hac
2144 1995 2366 2062 epistola
2396 2005 2497 2049 tam
2524 1996 2676 2049 malis
2700 1994 2892 2050 artibus
2918 2004 3133 2049 conatus
3157 2007 3254 2059 est,
3276 1996 3393 2064 qui-

1796 2083 1895 2137 que
1916 2067 2048 2121 adeo
2075 2067 2191 2137 plus
2214 2068 2337 2119 satis
2359 2067 2421 2118 ab
2439 2064 2658 2120 Erasmo
2687 2067 2896 2136 vapulat
2921 2082 2938 2120 :
2965 2076 3147 2120 auctor
3173 2083 3311 2127 sum,
3336 2075 3393 2120 ut

1798 2135 1884 2192 eas
1928 2154 2044 2190 cum
2076 2135 2248 2208 Beda?
2286 2153 2518 2191 sermone
2560 2138 2613 2191 in
2654 2135 2769 2206 Itoc'.
2791 2139 2957 2207 ipsum
3002 2146 3388 2208 argumentum,

1798 2224 2015 2278 cumque
2043 2209 2151 2261 alio
2174 2207 2421 2263 Encomio
2449 2219 2767 2277 catenarum,
2799 2219 2848 2261 et
2876 2208 3042 2278 gladii
3077 2207 3223 2263 Petri
3249 2208 3392 2279 apud

1800 2279 2207 2345 Metaphrastem
2230 2320 2246 2346 ,
2291 2280 2549 2350 conferas.
2589 2279 2882 2349 Conﬁctum
2920 2279 2985 2332 ab
3024 2295 3083 2333 eo
3122 2280 3279 2350 etiam
3318 2286 3393 2333 est

1795 2350 1936 2404 illud
1962 2350 2305 2417 Imperatoris
2338 2349 2661 2405 Canstantini
2687 2351 2757 2404 ad
2786 2352 3014 2405 unirersi
3058 2351 3197 2405 orbis
3239 2349 3395 2403 Citri-

1797 2425 1994 2476 stianos
2040 2420 2376 2492 Epistolium,
2428 2424 2567 2492 quod
2606 2422 2867 2477 interserit
2908 2438 3027 2491 cap.
3072 2422 3127 2490 5,
3158 2420 3392 2492 quodque

1800 2509 1947 2548 nemo
1974 2492 2243 2547 hominum
2272 2494 2408 2547 alius
2436 2494 2595 2548 novit.

2325 2650 2663 2708 EPISTOLA
2703 2650 2873 2706 XXX.

2372 2805 2440 2843 ΑΙ)
2478 2805 2839 2845 Ευετοοιιῐυυ.

2248 2922 2325 2978 De
2364 2923 2602 2980 Vinculis
2628 2924 2764 2980 beati
2786 2924 2949 2980 Petri.

1879 3079 1917 3134 1.
1955 3078 2270 3151 Stcpissimo
2298 3091 2507 3153 rogatu,
2535 3097 2568 3138 ο
2598 3083 2748 3154 virgo
2788 3082 2992 3138 Christi
3024 3081 3400 3151 Eustochium,

112 3178 510 3234 coronabimus.
550 3176 724 3248 Caput
772 3176 1163 3247 imperatorum
1196 3174 1354 3230 istius
1388 3173 1576 3228 surculi
1612 3187 1701 3228 or-
1726 3173 1771 3237 C
1803 3187 1831 3228 a
1865 3187 1953 3227 me
1986 3182 2073 3227 tua
2104 3173 2348 3244 deposcit
2373 3175 2635 3244 charitas,
2668 3186 2729 3231 ut
2759 3177 2852 3233 tibi
2878 3177 3086 3248 tuisque
3110 3177 3404 3248 virginibus

112 3280 197 3324 nat
229 3270 483 3327 diadema
518 3290 533 3325 :
568 3285 668 3326 nos
702 3270 827 3326 ide'o
854 3269 909 3324 in
939 3269 1120 3340 capite
1152 3268 1319 3324 nostri
1350 3268 1490 3338 regis
1523 3265 1699 3336 impo-

108 3365 314 3431 nimur,
362 3374 419 3421 ut
448 3380 717 3420 ornemur
762 3380 789 3417 a
822 3364 1019 3434 capite.
1064 3363 1146 3417 llli
1192 3377 1302 3417 non
1345 3370 1705 3432 susceperunt

110 3457 401 3527 Christum,
452 3468 511 3515 ct
561 3459 869 3529 suscepturi
911 3465 1041 3512 sunt
1087 3454 1483 3511 Antichristnm
1539 3472 1551 3507 :
1604 3469 1704 3509 nos

109 3552 409 3622 recepimus
442 3550 708 3605 humilem
738 3549 933 3604 Filium
965 3547 1082 3614 Dei,
1109 3556 1167 3602 ut
1192 3555 1379 3619 postea
1410 3546 1706 3602 habeamus

112 3643 563 3715 triumphantem.
626 3640 712 3696 Ad
761 3648 1060 3696 extremum
1112 3649 1301 3694 noster
1344 3638 1531 3693 hircus
1580 3648 1706 3692 ante

110 3733 327 3791 Domini
362 3735 684 3792 immolatur
712 3734 883 3788 altare
918 3752 932 3787 :
964 3733 1178 3789 illorum
1218 3732 1403 3787 hircus
1433 3730 1708 3787 Antichri-

106 3839 216 3882 stns
244 3836 557 3900 consputus
583 3835 639 3883 et
668 3824 1013 3891 maledictus,
1048 3825 1334 3897 projicitur
1367 3825 1419 3878 in
1449 3822 1703 3879 solitudi-

103 3934 243 3975 nem.
297 3920 505 3976 Noster
537 3919 683 3974 latro
719 3934 843 3975 cum
890 3917 1123 3973 Domino
1169 3916 1470 3988 ingreditur
1498 3914 1711 3986 paradi-

100 4027 213 4065 sum
262 4031 278 4066 :
337 4011 568 4068 illorum
618 4012 760 4067 latro
807 4008 1080 4064 homicida
1116 4016 1281 4079 atque
1330 4006 1706 4075 blasphemus,

100 4103 334 4160 moritur
383 4104 440 4159 in
491 4111 720 4173 peccato
758 4116 878 4156 suo.
922 4100 1031 4155 Illis
1062 4099 1338 4154 Barabbas
1370 4096 1661 4153 dimittitur
1696 4115 1710 4151 :

100 4214 127 4250 η
150 4200 254 4253 ibis
284 4198 559 4256 CltriStus
590 4195 880 4252 occiditur.
916 4192 1020 4248 Pro
1048 4192 1247 4263 quibus
1277 4190 1572 4256 universis,
1606 4190 1713 4243 fra-

104 4301 208 4346 t'es
258 4289 624 4357 charissimi,
675 4303 915 4344 consona
957 4286 1161 4358 pariter
1216 4301 1351 4341 voce
1399 4295 1711 4341 cantemus:

100 4384 225 4439 "ire
255 4395 345 4441 est
374 4386 494 4439 dies
517 4400 673 4454 quam
695 4385 817 4454 fecit
846 4381 1097 4438 Dominus
1117 4425 1131 4449 ,
1160 4382 1469 4436 exsultemus
1494 4390 1542 4435 et
1575 4381 1717 4435 la'te-

99 4496 207 4531 misr
228 4481 287 4533 in
327 4495 401 4535 ea
437 4476 670 4550 (Psalm.
694 4491 862 4544 cxvn,
894 4474 1009 4549 24).

1807 3274 1992 3322 notum
2019 3265 2233 3333 faciam,
2268 3268 2411 3324 unde
2448 3269 2588 3325 beati
2616 3269 2759 3324 l’elri
2806 3269 3035 3338 apostoli
3080 3270 3129 3324 in
3156 3267 3406 3325 kalendis

1809 3361 2060 3433 AuguSIi,
2086 3378 2204 3431 qua:
2225 3362 2531 3419 celebratur
2555 3364 2838 3431 festivitas,
2866 3363 3080 3419 initium
3110 3363 3357 3419 habuerit
3385 3380 3402 3424 :

1808 3465 1861 3509 et
1892 3470 2059 3523 quare
2089 3470 2188 3510 nec
2215 3467 2357 3525 post,
2391 3471 2489 3511 nec
2519 3464 2701 3522 antea,
2726 3456 2821 3510 scd
2851 3457 3019 3524 prima
3052 3455 3140 3511 die
3179 3455 3403 3510 mensis.

1808 3546 2055 3617 Ingeritis
2085 3558 2263 3601 autem
2298 3547 2556 3617 quosdam
2589 3562 2712 3603 esse
2741 3546 2831 3619 qui
2863 3549 2965 3602 hoc
2991 3546 3078 3602 die
3101 3546 3405 3619 apostolum

1810 3639 2027 3695 Petrum
2059 3639 2311 3696 eductum
2343 3656 2461 3697 esse
2492 3641 2559 3697 ab
2598 3642 2792 3711 angelo
2818 3641 2884 3696 de
2914 3655 3135 3696 carcere
3161 3640 3404 3696 credant.

1812 3732 1891 3787 Ad
1925 3733 2173 3788 ultimum
2208 3734 2389 3805 petitis
2416 3734 2566 3790 vobis
2600 3734 2885 3802 declarari,
2911 3734 3146 3805 qualiter
3168 3734 3413 3805 psalmus

1812 3829 2142 3884 centesimus
2191 3831 2499 3900 trigesimus
2540 3841 2726 3885 sextus
2768 3832 3139 3901 apostolorum
3182 3828 3413 3900 principi

1812 3919 1973 3975 beato
2014 3920 2177 3976 Petro
2224 3923 2552 3991 conveniat,
2603 3921 2687 3977 vel
2733 3923 2779 3977 si
2827 3921 2894 3978 de
2946 3920 3065 3992 ipso
3114 3919 3412 3992 propheta-

1817 4022 1901 4067 tus
1931 4012 2024 4067 sit.
3193 4024 3197 4027 '

1887 4104 1953 4159 II.
1982 4103 2060 4159 Ad
2079 4120 2199 4176 quae
2218 4104 2325 4160 duo
2343 4105 2542 4176 priora,
2559 4106 2797 4162 breviter
2811 4119 2897 4161 me
2911 4105 3243 4176 respondere
3254 4120 3415 4175 opor-

1817 4205 1916 4265 tet,
1948 4207 2007 4252 ut
2054 4198 2104 4252 in
2137 4207 2413 4270 postremo
2462 4198 2593 4254 mihi
2643 4199 2799 4256 liceat
2849 4200 3148 4255 immorari.
3194 4198 3418 4255 Beatum

1818 4288 2041 4344 Petrum
2074 4291 2381 4361 apostolum
2412 4291 2518 4346 hoc
2550 4292 2637 4347 die
2661 4292 2729 4348 de
2757 4307 2982 4348 carcere
3011 4291 3266 4347 eductum
3298 4306 3422 4348 esse

1820 4382 1909 4452 qui
1944 4382 2137 4449 credit,
2186 4383 2353 4455 ipsius
2385 4385 2726 4454 repetitionis
2772 4384 3109 4455 Evangelicm
3139 4384 3278 4456 legat
3308 4392 3423 4439 tex-

1823 4484 1958 4541 tum,
1992 4487 2045 4532 et
2090 4477 2327 4531 inveniet
2366 4493 2608 4532 errorem
2653 4493 2711 4531 se
2751 4491 2966 4546 passum
3000 4491 3124 4532 esse
3159 4495 3169 4529 :
3204 4475 3256 4530 in
3302 4484 3424 4531 tan-

160 4573 249 4627 Ν,
288 4572 545 4644 [gnitam
579 4571 725 4626 illam
758 4571 1092 4642 romphtcam
1141 4576 1195 4624 et
1222 4568 1455 4640 paradisi
1493 4567 1714 4638 januam
1746 4574 1797 4634 D
1823 4581 1933 4628 tum
1978 4574 2124 4628 enim
2168 4584 2355 4642 aperte
2384 4572 2640 4638 refertur,
2674 4581 2732 4627 ut
2760 4572 2972 4628 cunctis
3000 4568 3308 4643 legentibus
3350 4570 3427 4625 fa-

92 4680 249 4731 qttam
285 4664 499 4721 nullus
549 4664 725 4734 potuit
778 4661 1089 4734 ell‘ringere,
1117 4660 1279 4717 hodie
1306 4661 1554 4717 Christus
1594 4674 1717 4715 cum

92 4759 312 4815 latrone
362 4756 643 4814 reseravit
676 4771 691 4813 :
728 4755 851 4811 ideo
882 4753 1046 4811 hodie
1066 4752 1314 4809 Christus
1342 4754 1477 4808 dixit
1509 4752 1575 4807 ad
1623 4768 1720 4807 an—

90 4853 242 4920 gelos
294 4872 313 4909 :
370 4851 604 4922 Aperite
649 4850 780 4904 mihi
832 4857 1008 4921 portas
1051 4849 1316 4921 justitite,
1356 4849 1619 4920 ingressus
1664 4847 1721 4900 in

88 4964 171 5001 eas
204 4944 531 5017 conﬁtebor
564 4942 790 4998 Domino
828 4960 846 4998 :
874 4959 995 5014 qua:
1023 4957 1146 4998 cum
1193 4942 1359 4997 semel
1390 4951 1577 5009 aperta
1611 4948 1716 5007 est,

89 5054 418 5113 numnam
452 5036 809 5094 credentibus
833 5036 1126 5093 clauditur.
1157 5035 1234 5091 Ex
1258 5051 1324 5090 eo
1347 5045 1590 5105 tempore
1613 5050 1720 5106 quo

88 5147 295 5199 passus
342 5139 456 5189 est
515 5129 774 5186 Dominus
820 5143 992 5199 usque
1049 5127 1116 5183 ad
1165 5135 1485 5197 prtesentem
1541 5127 1723 5194 diem,

90 5238 320 5296 semper
355 5224 495 5279 hac
525 5234 680 5293 porta
709 5222 893 5277 clausa
925 5231 981 5277 et
1006 5226 1244 5276 reserata
1276 5229 1380 5275 est.
1424 5219 1619 5274 Clausa
1648 5226 1732 5274 est

88 5316 512 5383 peccatoribus
562 5322 617 5369 et
658 5312 977 5369 incredulis.
1032 5311 1295 5367 Reserata
1347 5320 1430 5367 est
1468 5311 1629 5382 justis
1677 5321 1734 5368 et

88 5409 508 5466 credentibus.
534 5405 638 5462 Per
669 5405 809 5463 hanc
839 5408 1118 5478 ingressus
1141 5418 1222 5463 est
1247 5406 1443 5463 Petrus
1477 5423 1490 5461 :
1523 5406 1733 5478 ingres-

88 5522 179 5561 sus
208 5514 307 5562 est
339 5501 590 5560 Paulus.
648 5501 751 5557 Per
796 5501 938 5557 hanc
961 5516 1152 5558 omnes
1183 5504 1356 5557 sancti
1387 5510 1440 5558 et
1467 5510 1735 5573 martyres

92 5597 501 5653 intraverunt.
541 5592 645 5650 Per
674 5593 816 5649 hanc
860 5593 1108 5665 quotidie
1138 5594 1206 5650 de
1242 5602 1355 5650 toto
1388 5595 1586 5650 mundo
1611 5594 1733 5664 jus-

90 5702 277 5747 torum
311 5689 547 5743 animae
599 5685 999 5755 ingrediuntur.
1029 5684 1160 5741 Dua:
1201 5696 1375 5757 portae
1405 5695 1551 5751 sunt,
1581 5696 1733 5757 porta

90 5784 343 5855 ιωηὰὴὶ
380 5790 453 5837 ct
492 5789 645 5851 porta
676 5779 955 5839 Ecclesiae.
988 5779 1090 5839 Per
1120 5789 1330 5854 portam
1354 5778 1611 5838 Ecclesice
1646 5780 1727 5838 in-

1828 4669 1929 4724 cilc
1951 4668 2020 4723 sit
2044 4667 2108 4721 ad
2137 4667 2565 4739 intelligendum.
2600 4667 2730 4721 Nam
2766 4666 3008 4722 Herodes
3032 4681 3155 4733 rex,
3196 4664 3428 4720 Herodis

1832 4759 2056 4832 majmis
2088 4759 2259 4825 filius,
2292 4761 2382 4830 qui
2439 4760 2489 4814 in
2535 4758 2830 4814 Salvatoris
2862 4774 3053 4814 necem
3083 4758 3431 4814 consentiens

1830 4850 1954 4920 fuit,
1991 4852 2201 4907 Domini
2241 4853 2410 4906 nostri
2451 4852 2580 4906 Jesu
2610 4849 2806 4906 Christi
2838 4851 3164 4919 doctrinam,
3187 4866 3307 4924 qua:
3335 4865 3433 4922 per

1831 4945 2107 5016 apostolos
2158 4943 2555 5014 prmdicabatur
2604 4943 2927 4999 subvertere
2976 4944 3241 5012 studens,
3293 4943 3433 4996 misit

1832 5051 2016 5090 manus
2046 5044 2101 5088 ut
2133 5036 2376 5106 afﬂigeret
2405 5035 2658 5113 quosdam
2689 5036 2753 5088 de
2787 5034 3023 5089 Ecclesia
3053 5033 3189 5106 (Act.
3221 5048 3323 5101 xtl,
3353 5032 3433 5106 I).

1832 5128 1910 5185 Ibi
1938 5128 2099 5185 datur
2144 5131 2369 5201 intelligi
2422 5130 2604 5201 plures
2637 5130 2806 5200 ipsius
2848 5128 3179 5200 significatos
3208 5139 3441 5185 eonatus

1838 5239 1984 5293 esse,
2018 5225 2109 5295 qui
2135 5223 2312 5280 adhuc
2339 5226 2609 5295 superbia:
2638 5240 2752 5279 suae
2784 5238 2963 5279 ramos
2994 5223 3318 5290 extendens,
3348 5240 3441 5279 oc-

1840 5317 1964 5371 cidit
1986 5315 2240 5370 Iacobum
2268 5317 2483 5387 fratrem
2509 5315 2731 5371 Joannis
2760 5316 2967 5386 gladio,
3008 5327 3063 5371 et
3093 5315 3196 5372 hoc
3233 5327 3438 5373 tantum

1840 5410 2052 5467 facinus
2095 5410 2288 5467 diebus
2318 5426 2630 5483 azymorum
2664 5410 2843 5466 facere
2891 5409 3116 5466 studuit.
3163 5408 3316 5478 Erat,
3361 5411 3444 5465 in-

1843 5504 1982 5579 quit,
2012 5503 2122 5559 dies
2168 5520 2487 5575 azymorum.
2536 5502 2603 5559 Et
2634 5501 2722 5573 qui
2770 5503 3057 5559 Dominum
3106 5502 3442 5559 Salvatorem

1844 5614 1988 5654 anno
2012 5600 2292 5669 przeterito
2316 5598 2509 5653 diebus
2534 5613 2847 5668 azymorum
2870 5597 3198 5662 occiderant,
3226 5593 3445 5653 Petrum

1844 5690 2152 5762 apostolum
2201 5688 2334 5759 ipsis
2380 5689 2433 5744 in
2474 5688 2667 5746 diebus
2715 5690 3062 5761 exstinguere
3108 5686 3447 5757 satagebant.

1850 5781 2015 5853 Quem
2046 5798 2163 5841 cum
2191 5783 2642 5857 apprehendisset,
2675 5780 2813 5840 misit
2842 5782 2894 5839 in
2923 5794 3214 5839 carcerem:
3237 5780 3453 5840 tradens
