3926 6290
550 228 657 289 29.7

1592 226 1649 286 S.
1695 225 2077 285 HIERONYMI
2123 224 2413 291 OPERUM
2450 227 2855 293 MANTISSAH

3745 240 3858 303 228

551 358 775 423 quatuor
797 346 1217 421 quaternionibus
1249 345 1471 402 militum
1494 345 1911 402 custodiendum
1938 360 1954 402 :
1978 344 2148 399 volens
2174 344 2227 406 Α
2255 358 2373 410 cus,
2407 345 2703 405 fabricatur
2731 344 2999 421 Ecclesia,
3031 353 3086 405 et
3111 348 3231 409 btee
3275 360 3625 413 consecratur
3648 354 3717 413 ab
3762 373 3861 416 co-

552 438 669 514 post
692 443 886 516 pascha
942 441 1228 515 producere
1252 455 1370 493 eum
1395 437 1611 512 p0pulo.
1645 437 1750 494 Sed
1781 453 1888 493 non
1921 447 2001 493 est
2027 452 2153 493 con-

554 536 759 602 silium,
790 550 895 589 uon
925 544 1010 589 est
1038 534 1265 588 scientia
1298 573 1312 597 ,
1346 547 1453 587 non
1482 542 1564 587 est
1591 531 1877 598 sapientia,
1905 545 2005 586 nec
2038 528 2152 584 for-

552 627 724 682 titudo
748 627 923 697 aliqua
951 635 1140 681 contra
1170 624 1339 680 Deum
1386 624 1568 696 (Prov.
1599 639 1692 679 χχι
1712 667 1725 691 ,
1758 621 1869 693 30).
1905 620 1972 677 In
2013 624 2150 694 ipsa,

552 721 749 791 inquit,
781 730 926 775 nocte
952 737 1066 774 cum
1093 720 1441 789 producturus
1469 727 1596 773 esset
1619 734 1733 771 eum
1756 716 2014 781 Herodes,
2040 725 2153 771 erat

548 813 740 869 Petrus
769 814 1028 867 dormiens
1055 815 1187 867 inter
1210 814 1342 867 duos
1372 812 1561 867 milites
1581 812 1773 865 cinctus
1800 812 1995 863 catenis
2016 811 2148 864 dua-

549 906 639 961 bus
669 922 689 961 :
718 919 761 962 et
793 907 1030 961 custodes
1059 918 1180 961 ante
1210 909 1432 979 jauuam
1458 906 1813 960 custodiebant
1842 920 2100 958 carcerem
2131 920 2151 960 :

544 1010 591 1055 et
619 1017 731 1055 ecce
759 1000 988 1075 Angelus
1021 1000 1231 1054 Domini
1262 1001 1442 1065 astitit,
1476 1010 1521 1054 et
1552 997 1723 1052 lumen
1746 996 1950 1067 refulsit
1981 997 2033 1049 in
2055 995 2149 1049 ha-

543 1094 771 1147 bitacula
805 1094 1046 1147 carceris.
1099 1092 1456 1162 Perrussoque
1496 1089 1656 1145 latere
1698 1090 1863 1157 Petri,
1907 1089 2144 1143 excitauit

542 1203 656 1243 eum
686 1188 861 1241 dicens
886 1205 903 1239 :
945 1186 1115 1257 Surge
1144 1186 1403 1241 velociter.
1445 1184 1513 1238 Et
1540 1183 1833 1239 ceciderunt
1860 1193 2054 1239 catena:
2083 1184 2148 1238 de

542 1280 776 1335 manibus
822 1281 955 1352 ejus,
1003 1289 1050 1332 et
1099 1280 1272 1333 exiens
1321 1280 1627 1349 sequebatur
1680 1278 1950 1348 Angelum.
2008 1277 2145 1333 Ecce

545 1373 823 1445 quomodo
891 1373 1083 1429 Petrus
1137 1372 1335 1427 diebus
1385 1388 1696 1444 azymorum
1757 1373 2141 1433 incarceratus,

543 1480 668 1539 post
700 1466 904 1537 pascha
936 1476 1158 1536 ereptus
1189 1468 1283 1529 sit,
1313 1475 1368 1521 et
1392 1484 1497 1519 non
1530 1466 1583 1521 in
1616 1464 1858 1520 kalendis
1890 1465 2139 1534 Augusti.

614 1560 704 1614 lll.
733 1560 837 1616 Sed
872 1562 987 1613 luce
1017 1560 1285 1615 festivitas
1315 1559 1449 1613 tanti
1479 1557 1709 1629 aposmli
1737 1557 1970 1629 qualiter
1990 1556 2145 1612 adin-

544 1664 705 1709 venta
749 1655 842 1716 sit,
892 1651 1145 1722 pandam.
1199 1651 1526 1705 Octavianus
1574 1651 1757 1705 Caesar
1805 1650 2015 1719 imperii
2058 1649 2140 1704 sui

2264 438 2383 494 dem
2408 453 2566 509 papa.

2338 529 2399 585 V.
2445 531 2610 587 Aﬁuit
2638 532 2713 588 ibi
2747 534 3019 606 Augustus
3052 552 3066 597 :
3096 548 3151 593 et
3178 539 3348 595 sacris
3379 539 3598 611 scriptis
3636 557 3733 614 per
3760 558 3859 599 ve-

2257 624 2501 680 rcdarios
2534 626 2637 681 toti
2666 626 2781 682 orbi
2824 629 3081 685 mandare
3118 629 3346 703 studuit,
3396 633 3448 691 in
3494 632 3608 701 hate
3642 635 3811 692 verba
3844 654 3859 691 :

2262 736 2281 769 ι
2326 716 2520 773 Notum
2543 734 2664 774 esse
2690 719 2945 777 volumus
2972 722 3222 779 omnibus
3251 722 3523 780 Christum
3556 726 3643 799 pie
3669 728 3861 784 colen-

2257 811 2420 881 tibus,
2456 812 2674 868 beatum
2708 814 2924 870 Petrum
2953 819 3255 888 apostolum
3284 836 3310 873 a
3337 819 3449 877 Deo
3480 821 3635 878 nobis
3667 823 3857 880 datum

2255 917 2528 977 pastorem
2561 919 2614 963 et
2660 910 2959 981 principem
3009 927 3223 968 summo
3265 914 3447 971 studio
3488 918 3744 973 venerari
3775 919 3859 973 vel

2252 999 2493 1064 assidue,
2522 1006 2579 1055 et
2604 1002 2838 1057 maxime
2869 1001 2921 1057 in
2955 1001 3053 1058 hac
3074 1002 3162 1060 die
3191 1003 3545 1062 kalendarum
3575 1010 3860 1079 Augusta-

2250 1108 2394 1161 rum,
2431 1093 2484 1147 in
2513 1109 2620 1163 quo
2662 1104 2719 1148 ut
2747 1095 2882 1151 deus
2910 1113 2939 1150 a
2970 1097 3123 1152 vobis
3149 1098 3294 1154 soliti
3327 1115 3545 1157 eramus
3585 1101 3809 1159 adorari
3842 1120 3859 1161 :

2248 1194 2305 1241 ut
2331 1186 2445 1256 ipse
2470 1187 2587 1256 pius
2616 1196 2818 1257 pastor,
2850 1190 3107 1259 precibus
3140 1190 3253 1246 Deo
3283 1193 3437 1262 fusis,
3465 1210 3563 1249 nos
3592 1204 3651 1251 et
3686 1196 3861 1267 impe-

2250 1279 2388 1334 rium
2419 1290 2665 1335 nostrum
2692 1281 2952 1352 adjuvare
2973 1281 3231 1354 dignetur
3263 1304 3275 1338 :
3310 1284 3519 1342 Valete.
3561 1306 3579 1340 ι
3615 1286 3860 1346 Sanctus

2248 1381 2429 1426 autent
2460 1371 2734 1443 Sylvester
2764 1373 2907 1429 hunc
2942 1374 3087 1430 diem
3129 1375 3404 1432 celebrem
3451 1380 3713 1435 omnibus
3754 1378 3860 1437 Ec-

2250 1466 2435 1522 clesiis
2463 1482 2586 1521 esse
2614 1466 2867 1534 instituit,
2901 1480 2957 1522 ut
2987 1468 3128 1527 sicut
3165 1470 3545 1527 celebrabatur
3572 1473 3642 1528 ad
3683 1472 3861 1531 bono-

2247 1572 2360 1612 rem
2397 1557 2601 1613 terreni
2630 1559 2912 1630 principis,
2941 1560 3005 1615 ad
3036 1561 3201 1618 decus
3243 1563 3558 1621 celebretur
3579 1566 3858 1638 clavigeri

2247 1650 2509 1707 caelestis.
2539 1651 2765 1723 Accepit
2791 1664 2973 1709 autem
3006 1654 3122 1711 hare
3147 1656 3442 1714 celebritas
3472 1676 3675 1716 nomen
3709 1661 3860 1718 beati

547 1746 803 1801 tt‘tnulum
834 1745 905 1800 Μ.
941 1745 1235 1800 Antonium
1269 1744 1498 1810 habuit,
1530 1759 1690 1814 quem
1738 1742 1972 1799 assiduis
2014 1757 2141 1798 con-
2174 1740 2223 1800 B
2254 1743 2396 1797 Petri
2441 1748 2671 1815 apostoli
2717 1747 2785 1801 ad
2816 1747 3054 1815 vincula,
3104 1758 3329 1821 propter
3356 1752 3707 1809 vinculorum
3735 1771 3859 1826 quo:

541 1842 911 1911 gressionibus
940 1857 1000 1895 ac
1030 1839 1231 1910 prmliis
1258 1838 1349 1893 vix
1377 1839 1725 1909 csSIiuguerc
1746 1840 1916 1893 Voluit
1940 1855 1953 1893 :
1979 1855 2138 1909 quem

543 1936 833 2006 Cleopatra
862 1935 1065 2005 conqu
1104 1943 1377 1989 moi-tuum
1410 1934 1622 2001 dolens,
1655 1949 1823 2004 aeque
1861 1934 2029 2003 ipsam
2063 1934 2141 1989 vi-

546 2044 664 2083 vam
692 2027 986 2097 Sepeliens,
1019 2028 1283 2082 uberibus
1310 2028 1424 2081 suis
1451 2027 1669 2097 aspides
1700 2042 1999 2098 apponens,
2028 2043 2141 2081 ma-

540 2123 642 2178 luit
666 2124 782 2175 viro
818 2137 917 2176 suo
960 2120 1247 2185 Commori,
1282 2135 1442 2189 quam
1477 2112 1669 2174 manus
1700 2120 1979 2177 incurrere
2025 2120 2136 2173 Ro—

542 2232 849 2271 manorum.
874 2214 1057 2270 Caesar
1080 2229 1211 2271 vero
1240 2214 1308 2270 de
1340 2226 1569 2286 tyranno
1590 2214 1861 2272 celebrata
1888 2214 2135 2282 victoria,

547 2309 773 2363 Romam
807 2309 1089 2379 repedavit
1129 2307 1338 2362 ducens
1379 2323 1566 2363 secum
1602 2309 1869 2363 inﬁnitum
1898 2312 2140 2378 captivo-

542 2418 662 2458 rum
694 2416 1004 2467 numerum,
1055 2411 1107 2455 et
1155 2402 1504 2471 antiquorum
1553 2401 1969 2456 Ptolemrcorum
2022 2417 2147 2457 om-.

539 2494 690 2549 nium
721 2509 914 2564 gazas:
950 2502 1007 2547 ut
1039 2508 1139 2548 nec
1168 2504 1316 2557 ante,
1343 2508 1445 2548 nec
1474 2501 1617 2563 post,
1640 2504 1785 2547 tanta
1813 2496 1966 2563 copia
1998 2495 2136 2563 auri,

542 2587 777 2656 argenti,
808 2600 1260 2655 gemmarumque
1308 2584 1539 2640 Romam
1568 2586 1801 2640 addueta
1834 2586 2001 2641 fuisse
2042 2601 2139 2638 no-

537 2692 740 2735 scatur.
770 2679 901 2734 Cum
932 2689 1117 2734 autem
1142 2678 1244 2733 hoc
1264 2677 1352 2734 die
1384 2678 1608 2734 Romam
1642 2680 2045 2750 ingrederetur,
2067 2680 2140 2735 ob

538 2771 873 2842 triumphum
908 2781 1068 2826 tanta:
1116 2770 1378 2838 vietorizn,
1425 2786 1489 2825 ac
1536 2787 1723 2841 pacem
1774 2772 2136 2826 ﬁrmissimam

540 2868 638 2922 ιοιί
667 2868 784 2921 orbi
816 2866 1092 2930 collatam,
1123 2878 1345 2921 vocatus
1378 2878 1462 2921 est
1492 2866 1784 2935 Augustus,
1833 2868 1924 2937 qui
1966 2868 2138 2937 primo

534 2963 714 3017 solum
742 2960 931 3016 Caesar
952 2962 1257 3017 dicebatur.
1282 2960 1593 3016 Coronatur
1618 2962 1833 3025 civitas,
1863 2960 1923 3015 ﬁt
1952 2963 2137 3016 laetitia

534 3054 727 3126 ingens
778 3057 831 3109 in
888 3055 1087 3125 popqu
1114 3095 1129 3120 ,
1179 3053 1438 3110 statuitur
1467 3069 1497 3107 a
1527 3066 1717 3109 senatu
1746 3096 1760 3121 ,
1792 3066 1848 3110 et
1884 3056 2137 3112 omnibus

2247 1836 2317 1891 ibi
2351 1852 2541 1907 passus
2567 1850 2649 1894 est
2670 1848 2941 1896 tormenta
2969 1860 2983 1897 :
3014 1852 3069 1897 ut
3098 1844 3189 1898 ubi
3218 1845 3514 1901 abundavit
3535 1861 3856 1919 peccatum,

2244 1932 2717 2000 superabundaret
2743 1947 2797 1990 et
2826 1938 2993 2006 gratia
3021 1936 3199 2009 (Rom.
3232 1955 3286 2005 v,
3312 1938 3432 2011 20).
3481 1940 3612 1999 Hmc
3656 1942 3860 1999 domus

2242 2027 2586 2082 vinculorum
2616 2072 2629 2095 ,
2664 2029 2766 2084 hoc
2794 2029 2984 2086 ordine
3024 2031 3165 2087 facta
3197 2043 3279 2090 est
3306 2034 3499 2090 domus
3528 2048 3858 2095 sanctarum

2242 2124 2580 2177 orationum.

2321 2214 2403 2269 Vl.
2431 2215 2559 2272 llaec
2579 2214 2821 2272 breviter
2848 2218 2913 2272 ad
2944 2218 3050 2273 duo
3080 2218 3339 2291 inquisita
3372 2224 3630 2293 respondi
3661 2265 3678 2290 ,
3713 2242 3858 2282 nunc

2242 2306 2309 2361 ad
2347 2308 2610 2376 psalmum
2645 2311 2861 2363 veniam
2913 2328 2925 2363 :
2974 2319 3029 2365 et
3063 2312 3108 2365 si
3140 2311 3298 2366 beato
3328 2313 3487 2368 Petro
3525 2318 3854 2386 conveniat,

2244 2407 2301 2452 ut
2334 2398 2385 2452 in
2414 2398 2566 2453 nullo
2614 2412 2856 2455 vestrum
2905 2401 3106 2456 bonum
3151 2401 3486 2459 desiderium
3531 2405 3855 2477 fraudetur,

2242 2492 2548 2546 ostendam.
2606 2492 2759 2549 DiCat
2806 2508 2938 2563 ergo
2991 2493 3173 2549 verbis
3224 2497 3555 2566 propheticis
3613 2499 3857 2555 Domino

2241 2584 2433 2640 beatus
2448 2585 2667 2641 Petrus:
2688 2584 2927 2654 Domine,
2940 2587 3174 2659 probasti
3190 2605 3267 2643 me
3289 2586 3458 2659 (Psal.
3476 2604 3749 2657 cxxxvttt,
3772 2592 3852 2663 l),

2241 2682 2495 2752 quoniam
2546 2680 2795 2736 vocasti:
2841 2683 3147 2754 cognovisti,
3179 2682 3439 2755 quoniam
3487 2686 3856 2755 prtesumpsi,

2240 2784 2293 2829 et
2321 2788 2487 2827 ausus
2516 2772 2588 2827 fui
2619 2773 2803 2830 dicere
2834 2790 2849 2827 :
2881 2772 3106 2827 Etiamsi
3137 2776 3422 2845 oportuerit
3476 2792 3554 2830 me
3596 2778 3745 2831 mori
3787 2788 3862 2831 te~

2241 2883 2376 2933 cum,
2409 2884 2513 2919 non
2547 2878 2594 2919 te
2620 2866 2833 2938 negabo.
2859 2864 2939 2919 Tu
2970 2876 3143 2921 autem
3183 2868 3465 2940 coynavisli
3499 2886 3683 2922 omnes
3712 2871 3863 2941 cogi-

2240 2961 2462 3013 tationes
2484 2976 2670 3014 mensa
2688 2960 2855 3031 longe,
2883 2968 3170 3031 antequam
3198 2977 3291 3015 cas
3318 2961 3616 3031 cogitarem
3648 2978 3667 3014 :
3696 2964 3859 3016 semi-

2243 3062 2349 3107 tam
2414 3070 2580 3107 meam
2635 3064 2685 3107 et
2734 3053 3072 3107 directionem
3132 3070 3295 3108 meam
3349 3055 3679 3126 investigasli
3738 3071 3758 3109 :
3816 3065 3863 3110 et

540 3148 803 3205 Romanis
831 3150 1049 3219 scriptis
1076 3148 1344 3213 ﬁrmatur,
1380 3147 1767 3218 nnntiaturqne
1797 3165 1890 3219 per
1921 3129 2210 3204 univer-C
2242 3164 2416 3202 onmes
2460 3149 2568 3202 uias
2613 3164 2753 3203 meas
2799 3148 3080 3219 prazuidisti
3131 3157 3179 3203 et
3233 3148 3496 3220 probasti,
3554 3150 3689 3220 quia
3753 3168 3857 3205 non

539 3258 662 3299 sum
722 3244 935 3309 orbem,
997 3242 1249 3297 omnibus
1301 3242 1554 3313 gentibus
1611 3242 1965 3297 Octavianum
2021 3243 2132 3297 Au-

536 3350 752 3407 gusmm
798 3338 939 3391 inter
970 3335 1105 3392 deos
1151 3334 1353 3390 debere
1403 3334 1509 3389 coli
1543 3354 1554 3387 :
1588 3343 1735 3391 etut
1782 3336 1987 3391 metlsis
2035 3338 2135 3395 iste

533 3431 624 3502 qui
656 3430 955 3500 antiquitus
986 3430 1038 3483 in
1067 3428 1259 3484 ordine
1288 3429 1556 3483 mensium
1586 3428 1807 3485 Sextilis
1832 3429 2131 3494 dicebatur,

540 3529 594 3584 in
628 3527 893 3582 honorem
928 3528 1155 3597 Augusti
1185 3525 1463 3597 Augustus
1493 3533 1719 3580 vocetur
1750 3543 1762 3580 :
1795 3535 1851 3580 et
1895 3524 1999 3580 hoc
2039 3525 2135 3579 tri-

538 3620 761 3692 pudiutn
793 3619 1154 3674 solemnitatis
1189 3619 1261 3672 ob
1294 3618 1631 3686 triumphum
1673 3617 1985 3689 Augustalis
2024 3618 2135 3673 vic-

535 3716 713 3777 t0riie,
746 3713 862 3783 lege
891 3722 1149 3782 perpetua
1181 3712 1428 3765 volumus
1456 3711 1740 3766 custodiri.

605 3806 694 3862 IV.
736 3805 827 3860 Sic
856 3818 1142 3876 quousque
1162 3804 1226 3858 ad
1255 3801 1436 3881 magni
1462 3801 1806 3858 Constantini
1841 3803 2129 3875 imperium

532 3907 751 3956 ventum
782 3908 867 3951 est
901 3914 916 3952 :
947 3897 1040 3968 qui
1075 3905 1357 3967 postquam
1386 3896 1701 3967 dignatione
1730 3911 1965 3967 superna
1986 3939 2001 3964 ,
2036 3916 2132 3968 per

535 4005 757 4050 sanctos
786 3993 1069 4063 apostolos
1122 3991 1340 4046 Petrum
1387 3998 1444 4045 et
1484 3989 1710 4045 Paulum
1761 3988 2036 4053 visitatus,
2078 4002 2131 4046 et

535 4104 635 4159 per
663 4088 1005 4158 Sylvestrum
1036 4101 1226 4157 papam
1258 4084 1559 4155 baptizatus
1588 4092 1854 4151 cst,etex
1878 4100 2131 4155 persecu-

533 4172 651 4236 tore
682 4177 807 4234 ﬁdei
837 4176 1119 4241 defensor,
1152 4185 1208 4231 et
1248 4178 1627 4231 mandatorum
1655 4173 1857 4230 Christi
1884 4176 2128 4233 custodi-

535 4284 620 4331 tor
652 4273 905 4329 assiduus
956 4270 1129 4326 factus
1156 4310 1170 4336 ,
1223 4270 1416 4324 harum
1449 4270 1854 4324 solemnitatum
1900 4269 2123 4340 phanta-

533 4377 708 4424 smata
741 4366 1193 4438 perhorrescens,
1225 4378 1375 4434 papae
1416 4361 1549 4416 dicit
1579 4362 1855 4433 Sylvestro
1887 4379 1903 4417 :
1938 4362 2128 4417 llacte-

532 4476 657 4529 nus,
694 4461 875 4528 Pater,
906 4458 1160 4513 humanis
1187 4466 1341 4510 utens
1373 4455 1603 4526 legibus,
1646 4455 1783 4510 sicut
1811 4456 1927 4525 ipse
1958 4456 2127 4522 nosti,

2243 3250 2353 3295 erat
2405 3241 2559 3295 dolus
2630 3242 2683 3294 in
2748 3241 2928 3312 lingua
2992 3258 3144 3308 mea,
3221 3258 3341 3296 cum
3398 3243 3644 3298 dicerem
3711 3261 3729 3297 :
3796 3245 3861 3302 Si

2238 3351 2319 3389 me
2345 3334 2629 3406 oportuerit
2658 3336 2790 3389 mori
2817 3344 3125 3401 tecum,non
3156 3344 3203 3388 te
3223 3335 3422 3407 negabo
3452 3333 3677 3407 (Matth.
3701 3353 3856 3404 nrt,

2238 3427 2353 3497 55).
2392 3426 2469 3481 Tu
2513 3435 2686 3480 autem
2732 3427 2954 3495 ﬁrmasti
2992 3444 3090 3493 me,
3120 3438 3165 3481 et
3196 3428 3415 3500 posuisti
3453 3444 3671 3483 manum
3708 3438 3863 3484 tuam

2237 3536 2387 3591 super
2418 3534 2535 3572 me:
2566 3518 2783 3589 ﬁrmasti
2804 3534 2884 3571 me
2913 3518 2981 3573 de
3005 3529 3093 3574 tua
3124 3518 3409 3589 praesentia
3429 3560 3445 3584 ,
3487 3519 3637 3587 quod
3670 3536 3861 3576 essmn

2241 3623 2536 3682 negaturus
2568 3628 2582 3665 :
2614 3619 2663 3665 et
2706 3612 2924 3682 posuisti
2955 3628 3163 3665 manum
3204 3620 3347 3666 luant
3390 3628 3545 3685 super
3593 3594 3697 3668 me.
3731 3631 3753 3668 :
3806 3625 3865 3671 ut

2239 3713 2523 3775 peccatum
2576 3703 2834 3775 lacrymtc
2875 3712 3254 3775 sequerentur.
3290 3702 3551 3759 Mirabilis
3586 3707 3743 3774 facta
3785 3718 3863 3763 est

2234 3800 2464 3871 potentia
2496 3807 2583 3851 tua
2607 3814 2669 3851 ea:
2699 3814 2777 3851 me
2803 3814 2820 3850 :
2838 3802 3134 3868 confortata
3158 3809 3254 3865 est,
3286 3816 3377 3855 nec
3399 3811 3580 3869 potero
3598 3802 3675 3855 ad
3709 3819 3859 3857 eam.

2235 3892 2473 3947 Conatus
2502 3908 2622 3947 sum
2673 3908 2779 3946 non
2812 3906 3012 3963 negare
3046 3910 3058 3945 :
3088 3891 3314 3961 promisi
3363 3894 3525 3948 etiam
3576 3909 3672 3950 me
3713 3896 3862 3951 mori

2236 3987 2408 4056 magis
2439 3984 2645 4057 eligere
2674 4000 2836 4056 quam
2874 3986 3121 4056 negantis
3150 3984 3355 4041 crimen
3386 3985 3680 4043 incurrere
3710 4005 3726 4042 :
3762 3990 3865 4045 sed

2236 4078 2578 4149 praescientia
2612 4086 2701 4131 tua
2736 4078 2813 4132 ita
2842 4078 3143 4135 confortata
3187 4087 3292 4143 est,
3323 4085 3383 4132 ut
3412 4092 3517 4131 non
3550 4090 3764 4147 potero
3790 4080 3862 4134 ad

2233 4190 2377 4230 eam.
2408 4172 2549 4241 Quid
2577 4188 2719 4229 nunc
2749 4173 2989 4228 faciant?
3019 4175 3211 4244 negavi
3250 4172 3541 4229 Dominum
3568 4186 3629 4229 et
3674 4179 3873 4250 magi-

2234 4276 2435 4334 strum,
2468 4280 2570 4321 nec
2601 4266 2684 4336 (ut
2710 4265 2927 4337 quidam
2958 4265 3277 4336 opinantur)
3310 4264 3589 4322 hominem
3623 4274 3867 4339 negavi.

2234 4359 2350 4428 Ego
2394 4359 2545 4414 illum
2594 4357 2809 4429 negavi,
2856 4360 2941 4413 cui
2985 4358 3095 4413 dixi
3141 4377 3152 4411 :
3204 4357 3282 4413 Tu
3317 4376 3367 4413 es
3399 4359 3641 4414 Christus
3668 4359 3872 4419 Filius

2233 4452 2333 4509 Dei
2373 4454 2491 4508 vivi.
2540 4452 2696 4509 Illum
2741 4455 2975 4525 negavi,
3005 4470 3165 4526 quem
3206 4454 3434 4525 pedibus
3462 4454 3868 4513 ambulantem

531 4555 681 4609 omni
727 4552 931 4623 studio,
965 4561 1020 4607 et
1061 4551 1161 4606 hos
1189 4549 1307 4605 dies
1337 4559 1393 4605 et
1424 4548 1562 4604 alios
1588 4549 1925 4604 excolebam.
1972 4547 2124 4603 Nunc
2152 4524 2210 4587 Ῑ)
2235 4563 2400 4619 super
2428 4563 2595 4616 aquas
2622 4559 2880 4618 expertus
2903 4562 3045 4603 sum.
3074 4546 3226 4603 lllum
3250 4564 3411 4618 quem
3440 4564 3576 4605 voce
3605 4564 3718 4604 sua
3746 4552 3871 4607 vidi

528 4646 651 4719 quia
682 4646 886 4716 placuit
932 4645 1160 4700 Domino
1203 4644 1333 4700 Jesu
1363 4643 1613 4711 Christo,
1668 4660 1753 4699 me
1785 4653 2124 4715 peccatorem

523 4738 629 4795 sibi
662 4738 923 4794 famulum
955 4739 1132 4793 facere
1163 4755 1177 4795 :
1210 4739 1455 4809 iniquum
1499 4738 1633 4793 mihi
1675 4738 1894 4794 videtur
1934 4739 2122 4795 harum

523 4832 899 4889 celebritatum
930 4832 1314 4888 favorabilibus
1336 4832 1588 4888 laudibus
1609 4833 1816 4913 extolli.
1841 4832 1975 4889 Vide
1995 4849 2041 4889 et
2056 4850 2125 4906 go

522 4924 797 4996 quomodo
825 4924 891 4979 ad
923 4925 1188 4979 honorem
1233 4926 1426 4980 summi
1466 4927 1583 4994 Dei,
1616 4928 1772 4984 beato
1800 4926 1960 4983 Petro
1987 4943 2122 4999 apo-

523 5019 665 5072 stolo
707 5019 848 5073 hanc
896 5017 1038 5073 diem
1072 5018 1337 5073 dedicem.
1370 5018 1603 5075 Sanctus
1642 5032 1821 5076 autem
1854 5022 2127 5094 Sylvestcr

524 5109 629 5166 hoc
657 5113 909 5180 audiens,
940 5111 1138 5185 gaudio
1166 5112 1437 5183 repletus,
1463 5114 1663 5184 gratias
1690 5117 1803 5171 Deo
1835 5116 2039 5184 retulit,
2073 5126 2129 5177 et

530 5218 653 5258 cum
682 5207 763 5259 sui
791 5206 922 5262 cleri
951 5206 1182 5261 concilio
1208 5208 1452 5277 Augusto
1478 5207 1757 5277 respondit
1784 5226 1796 5262 :
1824 5209 1919 5264 Est
1944 5226 2129 5267 carcer

525 5296 578 5351 in
626 5312 735 5368 quo
779 5297 969 5354 beatus
998 5300 1191 5356 Petrus
1234 5300 1512 5370 ap0stolus
1552 5316 1650 5370 pro
1678 5300 1895 5357 Christo
1940 5304 2128 5374 agoni-

524 5404 676 5454 zans,
699 5390 1001 5447 vinculatus
1029 5393 1150 5463 fuit,
1174 5403 1228 5448 et
1248 5393 1390 5448 sacri
1420 5393 1583 5449 fontis
1611 5395 1848 5464 lavacro,
1881 5397 2126 5467 pluribus

522 5480 595 5538 ibi
650 5482 936 5552 baptizatis
992 5482 1264 5541 dedicavit
1294 5503 1309 5541 :
1344 5486 1487 5541 hunc
1517 5489 1664 5543 omni
1713 5488 1875 5544 sorde
1906 5489 2123 5562 purgari

521 5574 688 5631 facias
720 5593 733 5629 :
763 5583 1030 5646 quatenus
1062 5576 1298 5632 Ecclesia
1330 5578 1401 5632 ibi
1431 5577 1713 5645 fabricata,
1760 5581 1826 5634 ad
1858 5579 2123 5637 honorem

526 5668 657 5723 tanti
691 5669 948 5740 apostoli,
995 5667 1235 5723 ﬁdelium
1284 5678 1410 5725 vota
1441 5677 1755 5743 perenniter
1800 5673 2120 5732 reddantur.

529 5759 642 5818 lloc
672 5761 897 5818 audiens
929 5762 1235 5837 Augustus,
1265 5761 1421 5820 hctus
1448 5763 1685 5821 efﬁcitur
1710 5781 1725 5821 ε
1756 5776 2007 5840 purgatur
2040 5767 2120 5823 lo-

2240 4651 2514 4699 mortuum
2546 4655 2829 4699 vocantem
2870 4643 2938 4697 de
2985 4643 3256 4714 sepulcro.
3302 4643 3452 4698 Illum
3486 4659 3653 4713 quem
3692 4648 3871 4702 caelis

2235 4737 2579 4809 patentibus,
2622 4737 2734 4791 vidi
2788 4752 2909 4791 cum
2939 4735 3126 4808 Moyse
3160 4745 3216 4791 et
3254 4734 3402 4800 Elia,
3428 4744 3485 4791 et
3511 4751 3723 4793 vocem
3765 4755 3877 4796 au-

2234 4831 2349 4887 divi
2376 4846 2539 4901 super
2564 4846 2686 4885 eum
2710 4830 2777 4884 de
2799 4830 2975 4885 cmlo:
3008 4828 3106 4884 llic
3129 4839 3203 4884 est
3231 4827 3405 4886 Filius
3424 4844 3567 4884 meus
3589 4830 3863 4897 dilectus,

2234 4926 2403 4996 ipsttm
2433 4924 2612 4977 audite
2634 4920 2849 4990 (Matth.
2880 4938 3013 4988 xvn,
3037 4923 3111 4991 5).
3146 4922 3299 4978 Illum
3327 4921 3417 4993 qui
3446 4936 3655 4977 caecum
3697 4935 3867 4982 tactu

2234 5033 2334 5072 suo
2380 5016 2727 5083 illuminavit,
2758 5017 2847 5087 qui
2893 5016 3059 5071 verbo
3091 4999 3339 5085 leprosos
3386 5014 3707 5084 inundavit,
3762 5022 3868 5091 qui

2228 5110 2385 5182 jussu
2422 5111 2687 5167 dzetnonia
2720 5111 2948 5180 extudit,
2978 5120 3031 5165 et
3061 5110 3259 5165 multas
3288 5109 3517 5165 virtutes
3552 5123 3675 5164 sua:
3731 5111 3869 5168 dei-

2232 5204 2360 5259 tatis
2392 5204 2645 5260 ostendit.

2306 5299 2417 5355 Vll.
2469 5298 2609 5368 Quid
2658 5314 2800 5355 nunc
2842 5296 3101 5366 facimus,
3150 5296 3491 5354 Novatiane?
3537 5294 3873 5357 Perdimus

2233 5395 2541 5465 apostolum
2586 5395 2802 5452 Petrum
2840 5410 2956 5451 :an
3002 5394 3295 5466 recipimus
3342 5400 3733 5451 revertentem
3793 5400 3873 5453 ad

2234 5489 2545 5545 Christum?
2585 5490 2725 5546 Ecce
2768 5489 3017 5545 Christus
3066 5476 3190 5545 éum
3238 5488 3454 5555 recipit,
3502 5495 3556 5542 tu
3599 5488 3875 5556 ejicics?

2234 5580 2341 5637 Sed
2397 5582 2592 5636 clamat
2648 5589 2836 5637 contra
2887 5590 2937 5637 te
2962 5580 3161 5635 Paulus
3195 5597 3210 5635 :
3240 5578 3305 5636 Si
3350 5575 3492 5634 Deus
3530 5580 3873 5650 justiﬁcat,

2232 5684 2289 5730 tu
2313 5691 2472 5745 quare
2502 5673 2850 5730 condemnas?
2882 5673 3023 5730 Dicis
3049 5691 3061 5727 ε
3093 5672 3336 5739 Credite,
3385 5671 3684 5742 baptizatis
3744 5691 3875 5735 non

2232 5770 2397 5827 debet
2428 5769 2813 5843 pwnitcntibus
2843 5768 3141 5827 subveniri.
3178 5766 3319 5825 Ecce
3372 5765 3621 5839 apostolo
3656 5772 3881 5838 pcnni-
