3926 6290
156 258 238 318 219
709 243 1047 306 EPISTOLA
1084 243 1255 304 XXX.
1306 242 1399 304 AD
1435 236 1903 313 EUSTOCHIUM,
1943 235 2033 299 DE
2069 236 2387 301 VlNCULlS
2424 240 2486 299 Β.
2526 237 2753 301 PETRI.
3274 241 3385 305 2'50

165 370 263 427 tenti
295 364 624 433 succurritur,
660 364 769 438 ‘qui
809 373 893 419 est
937 364 1320 436 episcoporum
1374 366 1681 439 episcojius,
1714 363 1760 423 Α
1790 362 1935 414 ades.
1966 358 2042 415 lbi
2067 362 2210 416 enim
2235 375 2330 430 per
2352 360 2657 430 passionem
2682 358 2994 431 specialiter
3020 360 3381 423 descendisti:

156 476 195 522 ει
215 462 359 533 major
396 459 586 531 gradus
633 458 886 514 redditur
931 457 1190 530 ploranti,
1234 473 1394 529 quam
1442 458 1686 514 sublatus
1790 450 1879 506 ubi
1933 466 2030 521 per
2062 453 2363 522 potentiam
2407 460 2576 519 tuam,
2610 452 2753 508 sicut
2780 452 2981 525 ubique
3028 455 3377 526 generaliter,

158 564 222 613 est
242 553 513 625 deneganti.
547 551 703 620 Quod
733 562 791 606 ut
822 550 1071 619 doceam,
1103 549 1229 605 illud
1263 549 1518 617 ostendo,
1541 549 1684 622 quod
1789 536 1989 617 praesto
2019 560 2097 600 es.
2131 544 2194 601 Si
2224 561 2485 615 sumpsero
2510 561 2704 618 pennas
2726 562 2866 600 meas
2892 546 3163 611 diluculo,
3188 546 3243 603 id
3274 557 3380 621 est,

152 651 290 709 nullus
328 648 697 719 Apostolorum
742 645 975 717 pastoris
1025 660 1224 700 nomen
1258 644 1470 715 accepit
1516 663 1527 699 :
1581 642 1686 699 soli
1788 648 1914 693 ante
1950 637 2145 692 lucem.
2180 637 2391 691 Pennas
2422 637 2526 691 hoc
2561 637 2680 693 loco
2707 651 2808 709 pro
2836 638 3261 710 cogitationibus
3289 654 3387 710 p0—

152 745 255 802 cnim
282 743 419 811 hujus
446 740 682 796 nominis
710 748 1038 811 potestatem
1084 748 1201 810 post
1230 738 1684 794 resurrectionem
1791 730 1892 797 nit,
1926 746 2048 800 qua:
2072 731 2358 800 repentino
2390 731 2573 785 volatu
2605 731 2808 802 ubique
2838 742 2963 787 sunt
2992 750 3004 786 :
3037 731 3092 787 in
3119 734 3263 789 cmlo
3284 774 3300 800 ,
3330 735 3386 788 in

152 852 264 893 suam
285 835 422 890 Petro
450 832 732 906 ptenitenti
761 832 1022 886 Dominus
1049 830 1341 899 Concessit,
1367 839 1421 885 et
1438 840 1687 900 negatus,
1792 832 1956 889 terra,
2002 823 2057 877 in
2104 823 2305 895 abysso
2350 831 2403 877 et
2443 821 2769 893 ubicumque
2814 824 3071 879 liniuntur
3100 824 3292 882 maria.
3327 823 3387 883 Si

159 944 277 1002 quam
312 926 446 982 solus
496 925 726 993 habuit,
769 924 931 981 Petro
958 923 1145 978 tribuit
1196 932 1523 993 potestatem
1567 939 1581 975 :
1631 932 1689 977 ut
1793 932 1947 988 ergo,
1979 916 2175 989 inquit,
2200 917 2333 971 illuc
2356 927 2482 972 ante
2508 917 2684 971 lucem
2712 928 2817 971 tua:
2848 919 3265 973 resurrectionis
3290 935 3391 973 va-

155 1036 232 1077 non
256 1018 406 1075 solum
449 1032 811 1088 recuperasse
851 1015 998 1086 quod
1044 1016 1301 1070 amiserat
1340 1013 1686 1083 probaretur,
1792 1010 1915 1066 (lam
1942 1010 2273 1080 ubicumque
2306 1008 2757 1065 inaccessibilitas
2782 1009 2923 1066 solet
2954 1011 3232 1081 fugitivum
3262 1011 3389 1068 abs-

154 1127 298 1168 verum
322 1120 367 1166 et
396 1110 567 1165 multo
594 1108 830 1179 amplius
860 1106 1203 1178 paenitendo,
1250 1122 1410 1181 quam
1444 1104 1689 1177 negando
1791 1105 2050 1169 condere,
2077 1114 2133 1159 ut
2161 1104 2287 1159 illuc
2315 1103 2394 1159 ire
2419 1103 2647 1174 possim,
2681 1120 2866 1159 manus
2892 1114 2979 1159 tua
3006 1104 3223 1160 deducet
3259 1122 3339 1160 me
3366 1122 3390 1164 :

154 1202 773 1277 perdiderat,‘acquisisse.
809 1201 923 1256 Hoc
952 1202 1211 1271 magister
1232 1198 1405 1254 bonus
1432 1200 1483 1253 in
1511 1200 1689 1254 electo
1792 1206 1839 1255 et
1866 1199 2013 1270 quasi
2043 1197 2319 1269 fugitiuum
2348 1196 2532 1250 tenebit
2559 1214 2637 1250 me
2662 1198 2873 1251 dextera
2905 1206 3012 1251 tua.
3038 1197 3177 1253 Ante
3209 1199 3387 1255 lucem

154 1297 361 1367 discipulo
387 1296 640 1349 lormavit
680 1294 992 1363 exemplum
1021 1333 1035 1356 ,
1069 1302 1129 1345 ut
1170 1291 1349 1345 omnis
1394 1289 1690 1361 discipulus
1795 1295 1903 1359 hic,
1942 1304 2068 1348 ante
2098 1291 2557 1347 resurrectionem
2591 1293 2774 1362 posuit
2799 1292 3137 1348 Salvatoris:
3175 1292 3302 1362 quia
3332 1295 3387 1349 in

153 1389 307 1445 Christi
330 1388 389 1441 sit
413 1388 629 1458 integro
659 1386 867 1453 animo,
902 1396 957 1440 et
989 1383 1248 1455 poeniteat
1277 1382 1324 1439 si
1350 1385 1420 1437 ita
1447 1380 1687 1437 evenerit
1795 1386 2039 1441 tenebris
2065 1386 2165 1440 luit
2194 1400 2356 1439 omne
2396 1383 2687 1449 szcculum,
2718 1384 2935 1453 jacente
2965 1385 3193 1441 Domino
3221 1387 3274 1441 in
3305 1402 3393 1443 se-

159 1482 483 1552 utdelinqnat,
522 1496 623 1536 nec
645 1494 762 1535 rem
793 1481 1010 1534 noxiam
1033 1477 1137 1533 sibi
1164 1479 1478 1548 permittere
1503 1476 1687 1542 debet,
1797 1480 2029 1550 pulcro:
2079 1479 2133 1531 in
2176 1492 2283 1548 quo
2326 1484 2571 1546 tempore
2622 1478 2940 1547 paenitentia
2989 1478 3136 1533 Petri
3182 1480 3388 1550 ageba-

158 1585 203 1631 ut
225 1575 480 1631 decrescat.
527 1573 636 1629 Sed
681 1574 772 1644 qui
820 1582 972 1629 tanto
1017 1571 1179 1628 citius
1231 1571 1490 1639 vincitur,
1542 1579 1692 1626 tanto
1797 1580 1905 1638 tur,
1950 1570 2001 1624 in
2033 1583 2142 1641 quo
2178 1569 2342 1625 etiam
2376 1567 2554 1625 dicit:
2586 1565 2834 1624 Forsitan
2866 1570 3084 1626 tenebrae
3111 1571 3393 1626 conculca-

155 1668 275 1723 citius
299 1677 637 1739 expurgatur.
1796 1661 1933 1716 bunt‘
1953 1679 2034 1717 me
2051 1678 2071 1716 :
2096 1671 2149 1717 et
2174 1662 2226 1716 in
2254 1662 2426 1717 tribus
2446 1663 2825 1733 negationibus
2845 1663 2980 1731 suis,
3006 1673 3117 1720 tres
3144 1664 3393 1735 fugarum

210 1758 317 1819 i’lll.
350 1758 507 1814 Certe
554 1758 740 1813 omnis
790 1757 1054 1813 sanctitas
1097 1757 1163 1812 ad
1211 1756 1381 1812 Deum
1431 1756 1596 1823 ducit,
1638 1760 1771 1821 etB
1798 1768 1981 1827 partes
2007 1757 2221 1811 clausas
2262 1770 2383 1812 esse
2424 1754 2527 1810 sibi
2568 1756 2614 1810 si
2645 1757 2882 1825 fugeret,
2927 1757 3304 1813 memorabat:
3339 1759 3397 1813 in

153 1868 277 1909 omne
304 1865 569 1923 peccatum
598 1851 668 1907 ad
702 1852 1001 1908 diabolum.
1033 1851 1102 1906 Et
1146 1849 1247 1905 sub
1288 1850 1518 1904 Domino
1550 1850 1694 1905 bono
1797 1850 1961 1914 creto,
1997 1848 2053 1904 in
2086 1848 2335 1917 inferno,
2369 1856 2423 1903 et
2468 1849 2520 1902 in
2563 1849 2852 1918 postremis
2896 1850 3102 1904 maris:
3135 1864 3272 1921 ergo
3296 1865 3397 1906 ne-

154 1946 287 2015 positi.
319 1946 588 2016 quomodo
633 1944 915 1999 credimus
963 1943 1123 1998 nobis
1170 1943 1587 2013 possibilitatem
1628 1942 1697 1997 ad
1798 1958 1959 2013 gare,
1997 1942 2232 1997 tenebrae
2260 1950 2420 2007 sunt,
2454 1950 2510 1996 et
2546 1941 2732 2012 lugere
2761 1941 3099 1998 conculcatio
3132 1944 3391 1998 tenebra-

152 2038 369 2092 diabolum
398 2037 570 2094 eundi
599 2050 948 2103 concessam,
979 2047 1031 2092 et
1065 2034 1376 2091 revertendi
1410 2034 1476 2089 ad
1516 2033 1698 2091 Domi-
1799 2053 1919 2092 rum
1954 2054 1967 2088 :
1998 2037 2101 2090 hoc
2132 2037 2358 2099 timens,
2394 2049 2464 2091 ne
2499 2034 2931 2105 comprehensus
2968 2036 3038 2091 ab
3078 2037 3213 2107 ipsis
3242 2047 3396 2094 tene-

158 2145 253 2183 uum
278 2129 630 2200 denegatam?
655 2128 813 2185 Addo
846 2128 1077 2201 aliquid.
1109 2128 1271 2185 Certe
1302 2129 1578 2184 hominem
1603 2144 1700 2199 per
1799 2127 1913 2184 bris
1953 2127 2389 2192 conculcaretur,
2421 2128 2575 2196 quasi
2620 2128 2865 2181 tenebris
2911 2129 3068 2183 malis
3108 2130 3223 2184 suis
3266 2133 3399 2185 sub-

156 2232 382 2291 peccatum
415 2240 446 2280 a
473 2238 539 2279 se
568 2222 831 2280 recedere
877 2223 1020 2279 Dens
1050 2239 1157 2278 non
1188 2223 1322 2288 vult,
1367 2232 1421 2278 et
1450 2232 1700 2293 peccato~
1803 2234 2035 2287 mersus,
2068 2219 2332 2291 operibus
2359 2226 2505 2273 esset
2535 2217 2749 2273 deditus
2777 2219 3161 2287 tenebrarum,
3193 2219 3401 2277 habens

157 2335 244 2373 rem
268 2319 323 2381 ad
350 2335 403 2375 se
429 2320 632 2375 venire
661 2334 879 2374 omnem
910 2319 1049 2372 vult:
1078 2328 1133 2374 et
1159 2321 1203 2374 si
1238 2319 1368 2373 illud
1395 2319 1567 2387 potuit
1589 2318 1695 2390 [ΑΙ.
1806 2324 2043 2371 tractum
2094 2331 2409 2385 perennem,
2454 2314 2611 2384 juges
2658 2315 2958 2385 lacrymas,
2995 2314 3212 2371 dolores
3240 2324 3401 2372 aeter-

152 2414 367 2487 potuerit]
410 2415 529 2470 ﬁeri
587 2414 733 2485 quod
785 2412 930 2468 Deus
979 2429 1087 2469 non
1136 2412 1279 2477 vult,
1331 2420 1533 2482 quanto
1589 2425 1703 2465 ma-
1804 2426 1924 2465 nos.
1969 2410 2084 2465 Hoc
2123 2408 2267 2464 enim
2310 2407 2472 2463 modo
2501 2407 2890 2463 conculcantur
2919 2407 3159 2464 tenebrat
3207 2409 3398 2465 mortis

151 2506 210 2575 gis
253 2518 409 2577 potest
466 2509 589 2564 ﬁeri
651 2508 797 2579 quod
865 2508 1007 2563 Deus
1060 2507 1177 2562 vult
1219 2507 1232 2561 !
1296 2505 1422 2561 Ideo
1468 2505 1702 2576 denique
1806 2502 1986 2572 hujus,
2017 2518 2119 2573 qua
2149 2502 2511 2573 corporaliter
2532 2500 2815 2556 morimur.
2851 2502 2909 2557 Si
2934 2518 3063 2558 vero
3097 2504 3248 2559 luero
3276 2520 3396 2559 mo-

149 2599 357 2669 cogitatio
420 2600 635 2671 peccati
695 2616 802 2655 non
875 2610 957 2654 est
1012 2615 1041 2654 a
1104 2600 1215 2654 Deo
1276 2597 1547 2667 prohibita
1604 2611 1703 2667 per
1806 2599 1989 2664 riens,
2026 2597 2228 2665 inquit,
2263 2613 2370 2651 non
2419 2597 3111 2653 conculcaboratenebris
3146 2615 3159 2652 :
3196 2598 3293 2654 sed
3332 2600 3398 2655 ad

151 2703 377 2760 naturam,
408 2694 508 2750 sed
557 2710 655 2764 per
699 2695 1028 2765 imperium:
1085 2702 1139 2748 ut
1196 2693 1400 2747 laboris
1437 2691 1551 2762 ejus
1598 2708 1701 2761 pu-
1804 2692 2027 2748 delicias
2058 2700 2365 2746 sanctorum
2395 2691 2677 2761 attingam.

147 2799 224 2853 gas
254 2786 602 2853 incumberet,
649 2795 708 2842 et
748 2786 1031 2854 prmmium
1063 2784 1131 2840 de
1161 2784 1462 2839 certamine
1510 2797 1704 2853 prove-
1878 2784 1969 2839 XI.
2005 2783 2131 2856 Non;
2161 2786 2272 2856 ipsa
2316 2782 2637 2838 illuminatio
2668 2800 2779 2837 mea
2809 2792 2883 2839 est
2925 2785 2979 2838 in
3009 2784 3213 2840 deliciis
3251 2787 3399 2841 meis.

151 2877 277 2932 uitet.
309 2878 488 2934 Voluit
517 2879 663 2934 enim
700 2878 841 2933 Deus
874 2877 1076 2933 homini
1106 2877 1291 2946 operis
1331 2875 1701 2946 fatigationem
1807 2876 1883 2934 lbi
1925 2878 2069 2933 enim
2105 2854 2321 2931 habebo
2370 2876 2545 2932 lucem
2590 2875 2867 2931 CltriStum
2922 2892 3123 2941 meum,
3156 2879 3245 2947 qui
3294 2895 3401 2933 non

147 2971 429 3043 relinquere,
468 2987 543 3028 ne
574 2974 627 3028 in
658 2972 838 3043 aliqua
888 2971 1200 3028 detrimenti
1236 2980 1389 3042 parte
1420 2970 1701 3042 prtetnium
1808 2972 2013 3041 patitur
2066 2970 2457 3025 obscuritatem
2511 2969 2904 3024 tenebrarum:
2960 2969 3011 3023 in
3064 2971 3216 3041 cujus
3264 2987 3399 3026 con-

145 3062 411 3135 itnpediret.
1810 3073 1998 3134 specta
2029 3079 2134 3117 nos:
2169 3063 2299 3116 sicut
2322 3062 2433 3117 dies
2456 3060 2854 3115 illuminabitur.
2882 3062 3006 3117 Haec
3032 3062 3173 3117 docti
3208 3063 3403 3133 pra-di-

197 3157 276 3216 lX.
314 3162 451 3217 Duos
508 3170 663 3217 certe
715 3162 986 3217 bonorum
1034 3170 1089 3218 et
1147 3163 1409 3217 malorum
1473 3146 1776 3232 populosC
1809 3165 1967 3213 eante
2017 3156 2181 3212 Petro
2228 3155 2517 3225 Apostolo,
2561 3167 2615 3211 et
2662 3164 2947 3211 cantamus
2999 3166 3053 3212 et
3100 3158 3401 3213 credimus.

146 3262 259 3316 esse,
282 3269 435 3309 nemo
457 3252 661 3325 estqui
688 3253 913 3309 nesciat.
939 3254 1119 3309 Bonos
1142 3254 1375 3310 dicimus
1395 3254 1699 3317 credentes.
1810 3257 1960 3312 Sicut
2002 3253 2223 3309 tenebrte
2252 3255 2365 3324 ejus
2397 3263 2535 3321 sntit,
2572 3254 2643 3306 ita
2676 3262 2722 3306 et
2756 3251 2926 3307 lumen
2952 3256 3066 3326 ejus
3097 3263 3194 3308 est.
3229 3254 3404 3310 Tene-

142 3350 183 3397 et
206 3346 449 3414 pessimos
478 3361 592 3403 non
619 3346 931 3401 credentes.
973 3346 1092 3400 Non
1120 3346 1409 3403 credentes
1436 3362 1557 3401 esse
1601 3347 1704 3401 sub
1810 3347 1919 3401 bra:
1950 3346 2095 3401 enirn
2127 3362 2233 3399 non
2264 3345 2517 3400 omnibus
2548 3344 2820 3399 creaturis
2846 3344 3137 3399 obscurum
3175 3343 3399 3402 faciunt.

143 3434 367 3493 diabolo:
401 3450 457 3494 et
485 3438 784 3493 credentes
825 3439 927 3492 sub
978 3439 1110 3495 Deo.
1152 3438 1341 3509 Magna
1389 3437 1704 3508 pra-dicatio
1809 3438 2085 3509 Siquidem
2131 3450 2181 3491 et
2231 3441 2357 3492 fera:
2396 3452 2610 3503 omnes,
2654 3436 2748 3491 sed
2786 3447 2841 3491 et
2883 3438 3180 3506 noctivaga:
3213 3437 3402 3492 bestia:

144 3534 229 3593 tu,
259 3531 340 3600 qui
370 3547 596 3588 servum
625 3532 828 3587 diaboli
872 3531 939 3585 ad
973 3538 1025 3585 te
1055 3546 1233 3597 vocas,
1278 3544 1493 3586 servum
1537 3531 1629 3587 Dei
1673 3546 1701 3585 a
1808 3532 2045 3586 nectittm
2094 3530 2299 3601 nullum
2345 3528 2623 3599 patiuntur
2658 3529 2972 3583 obscnrum.
3021 3527 3129 3584 Sed
3170 3538 3225 3585 et
3272 3545 3405 3587 aves

143 3628 183 3673 te
201 3624 395 3692 repellis
426 3641 442 3678 :
474 3622 634 3695 quasi
676 3624 765 3692 qui
794 3622 930 3678 velis
962 3622 1131 3679 Deum
1176 3624 1379 3679 lucrari
1425 3624 1564 3694 quod
1596 3639 1701 3679 non
1806 3630 1934 3676 sunt
1963 3636 2086 3692 qua:
2114 3621 2168 3675 in
2199 3621 2449 3674 noctibus
2472 3620 2680 3673 volant.
2713 3618 2870 3675 Unde
2909 3620 3170 3675 docemur
3208 3632 3403 3678 natura

142 3706 291 3777 habet,
321 3726 373 3771 et
403 3716 641 3786 perdere
670 3715 818 3785 quod
852 3716 1035 3771 habet.
1068 3716 1207 3772 llinc
1234 3716 1299 3771 ad
1345 3716 1439 3771 Dei
1482 3732 1707 3785 compn-

141 3807 500 3873 tsusdivitias,
531 3807 678 3878 quod
718 3804 899 3877 possit
933 3809 1075 3863 Deus
1121 3818 1365 3863 mortuos
1413 3807 1701 3876 suscitare,

140 3895 435 3955 etinlirrnos
466 3901 686 3956 salvare
711 3916 819 3955 non
851 3901 1044 3972 possit.
1088 3900 1221 3957 Nam
1266 3901 1526 3957 increduli
1562 3915 1706 3954 more

140 3990 216 4053 Isi.
243 4003 291 4048 et
318 3994 615 4050 credentes
644 3994 774 4049 licet
800 4004 1119 4064 peccatores
1145 3995 1273 4059 sint,
1305 3994 1493 4049 vivunt
1529 3994 1581 4048 in
1623 3992 1705 4047 in-

141 4079 359 4140 imitate
387 4101 515 4141 sua.
558 4086 627 4140 Et
668 4088 713 4139 si
765 4087 1015 4141 Salvator
1066 4094 1255 4141 noster
1300 4085 1483 4151 habet,
1539 4087 1705 4141 immo

136 4178 238 4245 quis
256 4177 415 4236 habet
440 4189 773 4250 potestatem
813 4178 1106 4235 suscitandi
1137 4189 1401 4245 mortuos,
1434 4180 1705 4251 quomodo

138 4270 359 4329 virtutem
388 4290 505 4329 non
548 4274 708 4329 habet
739 4288 1095 4345 quacumque
1122 4272 1321 4329 fuerint
1363 4272 1705 4328 inﬁrmitates

134 4366 365 4422 curandi?
394 4368 480 4423 Ex
512 4377 744 4439 utroque
792 4368 961 4423 latere
998 4367 1412 4438 blasphematur
1451 4383 1481 4422 a
1528 4367 1701 4433 vobis,
1806 4369 2024 4425 dicitur.

136 4458 204 4529 qui
241 4460 638 4530 paenitentibus
682 4460 890 4531 negatis
924 4458 1213 4527 _eﬂ'eCIum.
1256 4458 1312 4515 Si
1355 4458 1498 4513 enim
1548 4472 1705 4531 posse
1741 4533 1752 4534 ί
1881 4461 2000 4517 XII.
2033 4459 2112 4514 Tu
2148 4461 2421 4532 possedisti
2448 4477 2591 4514 renes
2617 4477 2779 4527 meos,
2822 4461 2911 4531 qui
2944 4462 3214 4534 suscepisti
3244 4479 3323 4516 me
3346 4463 3409 4519 de

133 4563 232 4621 eum
272 4552 491 4609 docetis
541 4550 910 4611 inﬁrmitatem
958 4568 1173 4607 omnem
1220 4568 1415 4611 curare
1458 4570 1471 4606 :
1520 4551 1619 4607 sed
1661 4552 1703 4606 si
1736 4533 1784 4603 Ι)
1814 4563 1961 4608 utero
1993 4555 2173 4607 matris
2200 4570 2344 4608 metr.
2375 4552 2520 4608 Sicut
2549 4554 2690 4607 enim
2735 4554 2788 4608 in
2820 4569 2916 4610 ore
2952 4553 3077 4609 dum
3112 4556 3406 4628 loquimur,

134 4642 262 4711 nolit,
294 4647 527 4715 impium
572 4644 816 4715 argnitis.
867 4644 923 4700 Si
972 4645 1111 4699 velle
1147 4654 1203 4699 et
1246 4661 1352 4699 non
1384 4660 1545 4715 posse
1584 4660 1708 4699 eum
1815 4655 1872 4703 et
1910 4648 1962 4700 in
1993 4662 2158 4716 opere
2183 4645 2308 4701 dmn
2342 4646 2519 4718 aliqua
2554 4662 2866 4719 operamur,
2896 4649 3080 4703 cordis
3107 4652 3279 4706 nostri
3311 4666 3406 4708 co-

133 4734 331 4793 lorsitan
358 4738 645 4803 dixeritis,
675 4753 705 4792 a
733 4738 937 4794 deitate
965 4738 1282 4803 excluditis,
1312 4748 1369 4793 ut
1397 4739 1711 4795 miseritor-
1812 4740 1978 4810 gitata
2020 4738 2360 4793 ostendimus
2394 4756 2407 4792 :
2454 4742 2527 4793 ita
2571 4740 2714 4809 quod
2753 4741 3084 4813 cogitamus,
3118 4756 3406 4815 antequam

132 4826 247 4883 diam
290 4832 452 4887 vobis
500 4845 566 4887 ex
609 4840 841 4903 utroque
873 4831 1041 4885 latere
1082 4830 1425 4885 condemnati
1476 4830 1711 4901 denege-
1814 4832 2051 4888 dicendo
2080 4832 2161 4885 vel
2194 4831 2472 4900 cperantlo
2498 4832 2790 4901 pandatnt',
2823 4850 2850 4887 a
2888 4836 3111 4890 renibus
3136 4838 3400 4909 gignitur,

132 4918 205 4984 ιὶς,
254 4939 377 4979 cum
424 4925 660 4994 negatis,
692 4923 911 4978 familia:
959 4922 1055 4978 Dei
1105 4924 1347 4993 pereunti
1400 4939 1505 4979 non
1552 4940 1709 4995 posse
1813 4925 2109 4979 secundum
2154 4922 2284 4977 illud
2312 4923 2453 4993 quod
2492 4925 2543 4977 in
2593 4925 2702 4980 alio
2737 4926 2946 4996 psalmo
2976 4928 3207 4984 dicimus
3252 4931 3405 4986 Deo:

1807 3806 1927 3871 tita,
1960 3815 2019 3859 ut
2060 3806 2110 3860 in
2146 3805 2384 3861 tenebris
2419 3804 2605 3861 videre
2654 3819 2760 3859 non
2810 3806 3037 3874 possint.
3074 3805 3216 3861 Deus
3255 3809 3400 3862 enim

1807 3899 1875 3954 ad
1918 3899 2159 3970 requiem
2208 3899 2488 3955 hominum
2533 3907 2724 3953 noctes
2760 3896 3033 3953 instituit:
3070 3907 3129 3953 ut
3170 3914 3404 3969 genera-

1807 3995 1937 4050 tioni
1982 3994 2229 4049 humanze
2267 3994 2447 4065 quiete
2498 4002 2682 4063 posset
2714 4005 2836 4047 esse
2865 3992 3199 4049 consultum.
3232 3993 3404 4064 lpsius

1808 4104 1938 4159 ergo
1967 4099 2093 4144 sunt
2124 4089 2387 4154 tenebrat,
2420 4087 2573 4156 cujus
2608 4096 2693 4141 est
2738 4086 2826 4141 lux
2846 4127 2861 4151 ,
2887 4086 3033 4157 quod
3066 4087 3402 4146 Maniehmus

1806 4190 1989 4251 negat.
2020 4180 2139 4250 Ipse
2162 4182 2324 4235 etiam
2354 4189 2569 4235 creator
2591 4194 2885 4249 corporum
2912 4189 3247 4247 nostrorum,
3271 4198 3403 4237 con-

1808 4282 1888 4330 tra
1921 4273 2067 4344 quod
2109 4273 2337 4343 suscipit
2373 4274 2459 4328 cui
2499 4270 2609 4345 [AL
2656 4272 2769 4345 qui]
2816 4273 3163 4345 impoenitens
3212 4275 3406 4335 Petrus

1807 3713 1999 3768 oculos
2032 3728 2135 3767 non
2164 3714 2346 3767 omnia
2376 3711 2625 3765 animalia
2653 3726 2682 3764 a
2711 3712 2973 3766 Creatore
3003 3709 3104 3767 hos
3134 3728 3257 3768 esse
3286 3728 3405 3768 sor-
3499 3706 3517 3726 ⁸

135 5016 377 5072 succurri.

130 5112 133 5125 '
188 5104 247 5163 Χ.
281 5108 569 5165 Hactenus
605 5122 728 5163 cum
758 5107 1072 5163 Novatianis
1102 5107 1203 5161 sim
1235 5107 1482 5172 locutus,
1524 5123 1710 5163 rever-

132 5208 287 5257 tamur
311 5205 381 5257 ad
430 5201 757 5271 Apostolum
805 5201 1156 5271 pmnitentem
1200 5209 1253 5255 et
1293 5201 1509 5256 ﬂentem
1556 5219 1708 5256 ama-

129 5290 321 5352 rissime
344 5307 517 5365 atque
545 5296 820 5350 dicentem
851 5312 863 5347 :
897 5294 1009 5359 Quo
1036 5293 1119 5346 ibo
1144 5311 1175 5346 tt
1194 5294 1380 5365 spiritu
1403 5304 1511 5362 tuo,
1536 5306 1585 5348 et
1612 5311 1712 5363 quo

129 5385 295 5449 Ifecie
326 5399 423 5442 tua
458 5387 695 5458 fugiam?
724 5387 851 5443 Scio
891 5386 1017 5455 quia
1047 5384 1128 5441 Tu
1169 5404 1221 5440 es
1259 5386 1493 5441 Christus
1537 5384 1710 5441 Filius

126 5470 205 5528 Dei
232 5480 331 5532 siti
365 5495 387 5534 :
416 5495 583 5550 quam
618 5480 898 5533 scientiam
930 5495 1037 5533 non
1061 5480 1322 5534 revelavit
1353 5480 1481 5533 mihi
1509 5495 1637 5535 caro
1658 5490 1713 5534 et

126 5571 351 5639 833913,
384 5571 488 5625 sed
513 5572 676 5627 Pater
701 5582 825 5627 tuus
848 5572 938 5640 qui
962 5571 1014 5626 in
1038 5571 1191 5627 caelis
1220 5579 1321 5627 est.
1352 5571 1467 5637 Quo
1491 5574 1709 5645 fugiant,

125 5661 277 5728 quite
319 5665 503 5721 Deum
545 5665 677 5720 novi
720 5674 776 5721 et
818 5666 1249 5736 omnipotentem
1290 5666 1525 5736 agnovi?
1554 5666 1615 5721 Si
1660 5667 1715 5720 in

124 5753 592 5827 talus-suadere,
622 5768 678 5815 tu
704 5758 814 5816 illic
836 5774 915 5829 es;
944 5759 989 5817 si
1014 5758 1326 5818 descendere
1356 5760 1408 5817 in
1433 5760 1724 5833 infernum,

1818 5016 2078 5083 Quoniam
2110 5026 2163 5069 tu
2196 5016 2471 5086 possedisti
2499 5033 2647 5071 renes
2697 5034 2853 5073 meos.
2887 5019 3040 5075 Dicet
3071 5020 3247 5076 enim:
3283 5025 3411 5093 quia

1815 5110 1887 5164 ita
1918 5110 2011 5164 tibi
2057 5110 2107 5162 in
2154 5124 2239 5164 me
2285 5108 2420 5164 nihil
2453 5110 2785 5165 occultatum
2828 5123 2940 5179 est,
2984 5124 3039 5166 nt
3079 5131 3182 5169 non
3231 5117 3408 5173 solum

1817 5219 1936 5273 qua!
1962 5212 2090 5257 sunt
2116 5201 2351 5272 cogitata
2380 5202 2696 5257 consideres
2726 5219 2739 5260 :
2772 5202 2865 5256 sed
2898 5211 2953 5258 et
2983 5207 3267 5277 cogitanda
3292 5226 3413 5280 qua!

1817 5309 1944 5353 sunt
1987 5297 2040 5351 in
2075 5298 2296 5352 renibus
2324 5312 2545 5351 cernas.
2580 5296 2682 5365 Tn,
2720 5296 2985 5366 Domine,
3020 5300 3112 5371 qui
3144 5305 3414 5372 suscepisti

1819 5409 1899 5446 me
1945 5408 2009 5446 ex
2038 5401 2182 5446 utero
2224 5392 2407 5445 matris
2456 5408 2582 5447 metu
2612 5408 2629 5445 :
2661 5392 2731 5447 ita
2765 5401 2823 5447 ut
2867 5394 3123 5467 quidquid
3174 5399 3242 5453 ab
3291 5410 3411 5455 ortu

1823 5501 1945 5541 meo
1968 5485 2260 5541 semisonis
2286 5486 2635 5541 balbutientis
2667 5487 2902 5541 infantia!
2925 5489 3104 5545 verbis
3126 5493 3414 5561 aliquando

1827 5580 1966 5634 forte
1996 5580 2235 5648 peccavi,
2288 5594 2625 5648 cognoscas:
2673 5580 2724 5633 in
2776 5579 2879 5636 hoc
2928 5581 3088 5637 etiam
3122 5579 3415 5653 Conﬁtebor

1832 5670 1945 5737 tibi,
1974 5672 2097 5744 quia
2142 5670 2442 5725 terribiliter
2476 5670 2783 5741 mirificatus
2818 5689 2900 5742 es,
2932 5673 3062 5726 mira
3098 5689 3253 5744 opera
3297 5686 3415 5745 tua,

1836 5779 1957 5841 qua}
1987 5775 2039 5824 et
2065 5764 2239 5822 oculis
2267 5763 2403 5821 meis
2446 5763 2577 5839 vidi,
2609 5771 2664 5821 et
2692 5758 2985 5822 exercente
3023 5771 3078 5821 te
3118 5762 3228 5837 [ΑΙ.
3257 5784 3418 5833 exer.
