3926 6290
519 299 623 360 951

1551 289 1610 349 8.
1654 284 2039 347 HIERONYlll
2077 279 2365 344 OPERUM
2406 280 2776 343 MANTISSA.

3712 284 3817 346 23%

522 428 654 471 cens
698 420 753 469 te
775 454 792 480 ,
822 407 1052 467 Domine
1087 405 1223 464 Jesu
1261 404 1513 478 Christe,
1549 406 1781 476 cognovi
1808 421 1821 459 :
1864 413 1912 458 et
1943 402 2116 457 anima
2144 403 2196 463 Α
2221 397 2307 452 his
2336 396 2459 453 ideo
2490 394 2985 463 anathematizatis,
3011 394 3173 487 proba
3205 412 3303 465 me,
3329 392 3581 469 Domine,
3614 409 3661 455 et
3689 404 3816 457 scito

523 523 640 562 mea
666 505 899 577 cognovit
928 504 1100 557 nimis.
1140 501 1287 555 Intra
1319 513 1406 554 me
1433 506 1520 554 est
1546 499 1688 569 quod
1721 496 1927 553 credidi
1959 514 1972 550 :
2007 512 2114 551 non

518 602 575 658 in
598 595 888 673 superﬁcie
902 594 1211 658 verborum,
1227 591 1324 648 sed
1338 591 1482 646 intus
1497 590 1550 645 in
1566 588 1863 645 visceribus
1885 590 2112 643 animae:

520 695 667 769 quod
697 695 769 749 ita
799 704 922 749 esse
962 689 1057 744 tibi
1090 702 1196 744 non
1229 694 1315 744 est
1344 685 1641 741 occultum.
1678 683 1734 741 Si
1762 682 1982 754 quidem
2017 680 2114 736 tibi

519 786 791 844 occultum
836 797 944 839 non
988 787 1074 837 est
1120 794 1220 835 nec
1247 794 1310 835 os
1350 794 1552 845 meum,
1594 777 1647 832 id
1688 784 1791 841 est,
1824 791 1887 831 os
1932 789 2111 830 meum

518 878 664 953 quod
707 876 888 933 fecisti
921 875 973 930 in
1013 873 1253 930 occulto.
1296 870 1354 928 Si
1385 886 1515 943 ergo
1558 885 1658 926 nec
1698 884 1759 924 os
1806 883 1985 924 meum
2022 867 2114 924 tibi

517 971 794 1028 occultum
843 974 949 1033 cst,
980 964 1122 1035 quod
1172 965 1447 1019 occultum
1493 960 1819 1016 naturaliter
1865 973 1989 1015 esse
2017 974 2114 1013 vo-

516 1063 706 1120 luisti:
753 1059 1026 1133 quomodo
1075 1069 1201 1113 ante
1250 1066 1300 1111 te
1345 1054 1623 1112 occultum
1674 1053 1779 1109 erit
1819 1053 1872 1109 in
1921 1052 2109 1118 corde,

514 1154 663 1226 quod
693 1151 1035 1208 manilestari
1076 1149 1322 1220 jussisti?

588 1246 728 1303 XIII.
763 1244 846 1302 Ad
877 1243 1075 1300 altiora
1107 1242 1359 1297 ducimur
1388 1255 1511 1295 cum
1538 1238 1606 1295 de
1640 1238 1856 1295 ossibus
1893 1246 1950 1293 et
1985 1236 2113 1293 sub-

520 1341 742 1406 stantia,
764 1352 888 1410 quse
914 1338 967 1392 in
992 1334 1341 1390 inferioribus
1361 1342 1445 1388 est
1471 1341 1628 1387 terrm
1650 1339 1963 1387 tractamus.
1983 1330 2113 1401 Agi-

519 1443 605 1490 tur
639 1432 783 1488 enim
814 1431 869 1486 in
910 1430 1016 1485 hoc
1043 1429 1186 1495 loco,
1213 1426 1360 1498 quod
1397 1441 1519 1481 cum
1549 1425 1664 1480 dies
1696 1422 2112 1480 resurrectionis

515 1526 819 1593 advenerit,
843 1524 1171 1593 ubicumque
1201 1521 1365 1577 fuerit
1395 1534 1458 1575 os
1486 1535 1663 1575 meum
1692 1536 1704 1571 :
1731 1526 1786 1573 et
1811 1519 1854 1572 si
1889 1516 2112 1573 inferio-

512 1620 667 1676 ribus
736 1629 899 1675 terrte
968 1618 1130 1673 fuerit
1200 1615 1503 1670 substantia
1559 1628 1707 1682 mea,
1758 1612 2109 1685 imperfectum

512 1730 685 1769 meum
714 1712 956 1767 videbunt
978 1710 1115 1765 oculi
1146 1709 1243 1777 tui,
1277 1707 1405 1779 quia
1434 1706 1551 1763 solo
1580 1715 1800 1777 aspectu
1826 1705 2104 1760 oculorum

2220 506 2308 543 cor
2337 505 2534 557 meum,
2568 488 2694 559 quid
2726 487 2793 543 de
2823 498 2874 543 te
2903 490 3134 544 sentiam
3158 530 3173 556 ,
3206 488 3336 559 quid
3366 489 3434 546 de
3465 500 3517 546 te
3547 491 3768 547 credam
3803 514 3813 549 :

2216 581 2479 653 interroga
2508 598 2609 648 me,
2656 590 2703 636 et
2749 582 2876 635 scito
2926 582 3135 636 semitas
3178 598 3317 635 meas
3341 598 3360 636 :
3389 583 3461 638 sit
3493 583 3585 640 tibi
3617 586 3817 640 sollici-

2218 674 2348 729 tudo
2378 674 2445 730 de
2480 673 2722 729 Ecclesia
2759 680 2872 741 tua,
2907 682 2963 729 et
2991 673 3058 729 de
3080 673 3275 729 ovibus
3302 674 3430 741 tuis,
3457 687 3511 731 et
3537 674 3605 732 de
3636 686 3820 747 pasto-

2217 764 2369 821 ribus
2400 765 2503 820 tuis
2530 784 2542 819 :
2575 774 2623 820 et
2647 766 2759 821 vide
2787 767 2831 820 si
2856 766 2935 819 via
2965 766 3252 838 iniquitatis
3276 768 3330 822 in
3354 784 3433 822 me
3457 778 3551 825 est.
3586 770 3680 826 Via
3708 771 3815 827 ini-

2216 856 2437 928 quitatis
2467 857 2720 913 diabolus
2747 866 2851 923 est,
2886 857 2977 927 qui
3022 872 3081 913 se
3120 858 3188 913 ad
3218 859 3607 917 ambulandum
3657 864 3715 920 in
3754 880 3815 920 ea

2223 948 2523 1004 incredulis
2562 958 2617 1005 et
2658 948 2935 1005 haereticis
2965 949 3192 1020 praebet.
3242 950 3313 1005 Et
3353 951 3496 1020 vide,
3530 953 3733 1025 inquit,
3765 955 3817 1011 in

2216 1044 2415 1113 popqu
2442 1054 2552 1107 tuo,
2588 1058 2656 1100 ne
2682 1042 2756 1099 sit
2787 1042 3008 1114 aliquis,
3044 1042 3096 1098 in
3129 1060 3235 1115 quo
3262 1046 3348 1100 via
3380 1045 3684 1118 iniquitatis
3712 1048 3820 1105 iter

2214 1136 2495 1192 erroribus
2542 1135 2781 1207 praebeat
2810 1153 2825 1191 ε
2853 1136 3255 1207 excludensque
3295 1140 3438 1195 viam
3472 1140 3812 1214 iniquitatis,

2214 1227 2382 1282 deduc
2405 1245 2485 1283 me
2510 1228 2563 1283 in
2586 1230 2715 1283 viam
2743 1237 2986 1284 wternam
3015 1246 3031 1283 :
3066 1237 3124 1284 ut
3149 1238 3326 1302 portte
3352 1234 3543 1288 mortis
3564 1244 3620 1288 et
3650 1235 3817 1293 inferi

2215 1337 2324 1378 non
2360 1324 2697 1393 praevaleant
2732 1322 2864 1379 mihi
2903 1324 3202 1380 secundum
3242 1327 3466 1382 verbum
3498 1336 3679 1397 tuum,
3712 1330 3817 1385 Do-

2214 1414 2383 1484 mine,
2417 1417 2545 1473 Jesu
2575 1416 2811 1487 Christe,
2845 1417 2935 1489 qui
2986 1432 3180 1489 regnas
3228 1419 3284 1474 in
3332 1421 3531 1477 saecula
3573 1422 3814 1481 saeculo-

2214 1524 2356 1567 rum.
2388 1509 2585 1566 Amen.

2349 1664 2663 1722 MONITUM
2704 1664 2770 1720 IN
2811 1664 3203 1722 EPISTOLAM
3240 1666 3683 1736 SEQUENTEM.

514 1815 734 1863 tuorum
766 1790 1049 1874 exsurget.
1081 1802 1139 1857 In
1176 1801 1316 1856 libro
1367 1800 1513 1855 enim
1558 1796 1977 1853 resurrectionis
2016 1799 2099 1867 qui

2219 1853 2264 1874 Δ,
2286 1780 2477 1874 unc,
2498 1781 2719 1874 peginde'
2742 1790 2894 1865 atque
2932 1782 3160 1874 nondum
3196 1794 3351 1867 antea
3375 1786 3660 1857 vulgatum,
3700 1788 3816 1846 Da-

516 1899 630 1955 nati
662 1909 787 1955 sunt
814 1899 1132 1953 scribuntur
1159 1903 1422 1965 quotquot
1446 1893 1513 1948 de
1535 1894 1623 1949 die
1656 1893 1709 1947 in
1735 1890 1874 1947 diem
1911 1895 2103 1962 forma-

513 1992 706 2048 buntur
735 2009 753 2047 :
782 2001 831 2048 et
872 2007 1017 2046 nemo
1046 1999 1120 2045 est
1150 1990 1207 2043 in
1237 1988 1333 2054 eis,
1365 1986 1456 2058 qui
1487 1986 1560 2040 ibi
1604 1985 1842 2055 scriptus
1873 2000 1982 2040 non
2015 1985 2103 2039 sit.

513 2084 572 2141 In
605 2102 710 2157 quo
730 2085 870 2140 libro
902 2083 1034 2138 mihi
1068 2097 1172 2137 non
1197 2089 1324 2136 sunt
1352 2081 1404 2135 in
1437 2094 1623 2134 amore
1654 2087 1709 2133 et
1740 2078 1972 2141 honore,
2003 2077 2105 2133 nisi

511 2177 610 2231 soli
632 2176 787 2230 amici
814 2173 1065 2243 tui,Deus
1082 2190 1099 2227 :
1118 2174 1271 2227 nimis
1293 2174 1439 2227 enim
1465 2174 1785 2243 confortatus
1816 2183 1885 2225 est
1914 2170 2106 2242 princi-

509 2280 663 2343 patus
705 2287 903 2325 eorum.
949 2264 1232 2339 Siquidem
1286 2266 1585 2336 participes
1644 2278 1740 2319 eos
1795 2263 1871 2317 tui
1916 2262 2105 2317 aeterni

510 2363 725 2434 imperii
756 2362 1113 2436 repromittis.
1146 2359 1258 2416 Nec
1289 2359 1528 2414 bmretici
1560 2355 1819 2412 audiendi
1851 2365 1977 2411 sunt
2017 2357 2106 2426 qui

512 2457 704 2514 dicunt
730 2475 743 2511 :
775 2456 894 2512 Non
917 2455 1107 2511 debuit
1138 2452 1375 2508 mundns
1398 2450 1698 2506 subsistere
1723 2465 1821 2520 per
1846 2465 1991 2509 eum.
2015 2448 2105 2519 qui

514 2548 774 2619 prmscius
800 2555 911 2602 erat
942 2545 1189 2601 homines
1220 2559 1316 2615 per
1347 2551 1564 2613 peccata
1590 2550 1645 2596 et
1676 2540 1885 2596 scelera
1914 2554 2009 2595 sua
2037 2540 2103 2594 ad

512 2651 779 2698 aeternum
810 2639 1077 2711 gehennae
1106 2636 1416 2692 incendium
1447 2633 1823 2690 destinandos.
1859 2632 1915 2687 Si
1960 2631 2103 2687 enim

509 2734 582 2789 ita
609 2732 811 2804 putetis
842 2731 961 2787 fieri
994 2730 1275 2798 debuisse,
1300 2728 1610 2785 consultum
1638 2727 1806 2797 magis
1835 2726 1942 2781 reis
1963 2723 2107 2795 judi-

504 2826 699 2882 cabitis
729 2840 891 2898 quam
921 2824 1128 2880 sanctis
1162 2841 1173 2875 :
1208 2824 1252 2877 si
1283 2821 1429 2877 enim
1462 2819 1697 2875 mundus
1726 2819 1918 2872 fuisset
1945 2833 1975 2871 a
2007 2830 2106 2872 suo

512 2920 745 2975 transitu
779 2927 1087 2983 revocatus,
1126 2915 1307 2970 nullus
1352 2914 1548 2969 fuisset
1588 2922 1900 2968 sanctorum
1936 2910 2103 2980 parti-

512 3030 642 3085 ceps
673 3011 828 3083 regni
860 3030 871 3064 :
904 3022 959 3067 et
986 3012 1114 3067 dum
1144 3008 1527 3080 providebatur
1558 3007 1736 3073 malis,
1771 3021 1839 3060 ne
1867 3004 1932 3060 ad
1968 3005 2106 3059 inte-

510 3107 674 3161 ritum
700 3104 1052 3169 devenirent,
1086 3110 1220 3156 etut
1254 3115 1358 3156 non
1392 3098 1632 3169 perirent
1656 3112 1750 3169 pro
1782 3097 1977 3152 merito
2005 3111 2104 3152 suo

512 3198 666 3265 mali,
701 3196 842 3252 hanc
865 3196 995 3251 boni
1024 3194 1365 3265 accipiebant
1393 3192 1739 3257 sententiam,
1773 3206 1841 3247 ne
1869 3190 1948 3245 vel
1972 3200 2105 3245 tem-
2133 3175 2179 3239 C

511 3291 751 3361 poralem
780 3290 945 3345 vitam
970 3289 1330 3357 susciperent,
1352 3285 1546 3356 quibus
1562 3283 1860 3339 debebatur
1876 3290 2101 3346 aeterna.

511 3380 624 3440 Nos
668 3391 846 3439 autem
871 3397 992 3439 cum
1027 3382 1314 3453 prepheta,
1362 3379 1694 3451 gaudeamus
1739 3393 1861 3431 cum
1905 3378 2106 3432 sanctis

510 3476 631 3545 Dei,
662 3486 822 3547 atque
845 3492 970 3532 eutn
994 3476 1242 3547 apostolo
1266 3475 1428 3531 Petro
1449 3474 1625 3545 dignis
1652 3471 1951 3528 honoribus
1974 3473 2105 3527 ami-

509 3587 605 3627 cos
636 3572 848 3628 Domini
889 3572 1284 3628 recordemur:
1314 3585 1544 3641 quorum
1577 3578 1761 3625 tantus
1790 3580 1871 3625 est
1916 3584 2107 3625 nume-

510 3681 625 3732 rus,
660 3675 718 3722 ut
758 3681 921 3738 super
967 3679 1190 3721 arenam
1225 3662 1566 3733 multiplicati
1615 3677 1736 3718 esse
1788 3670 2101 3717 noscantur.

509 3760 650 3829 Quid
680 3768 858 3816 autem
883 3760 990 3815 erit
1014 3760 1059 3814 si
1087 3757 1297 3815 occidat
1329 3755 1591 3811 Dominus
1625 3765 1940 3827 peccatores
1969 3772 1984 3811 :
2014 3770 2105 3809 oc-

504 3852 653 3906 cidat
678 3850 983 3917 Neronem;
1012 3859 1065 3905 et
1094 3859 1217 3920 post
1250 3864 1374 3904 eum
1408 3862 1600 3903 omnes
1627 3846 1776 3904 viros
1807 3848 2101 3919 sanguina-

509 3944 642 4011 rios,
671 3946 763 4015 qui
795 3952 1014 3999 sanctos
1050 3941 1266 3997 Domini
1300 3940 1654 3997 occiderunt?

577 4035 722 4091 XIV.
756 4036 814 4093 Si
849 4046 1109 4102 vestrum,
1142 4050 1174 4089 ο
1207 4034 1473 4099 haeretici,
1509 4032 1651 4089 Deus
1695 4041 1843 4089 esset
1883 4040 2102 4089 secutus

508 4129 818 4193 consilium,
851 4143 920 4183 ue
971 4126 1214 4196 perirent
1264 4126 1406 4181 Nero
1453 4135 1547 4181 aut
1598 4124 1986 4192 Diocletianus,
2016 4126 2099 4182 vel

508 4219 696 4289 queri
726 4220 1103 4275 interfectores
1134 4231 1467 4287 sanctorum,
1498 4235 1599 4275 nec
1626 4220 1844 4275 fecisset
1868 4223 2101 4292 Aposto-

509 4296 613 4376 los,
648 4326 748 4367 nec
775 4320 1044 4383 martyres
1076 4310 1250 4379 nasci,
1279 4321 1421 4365 esset
1450 4326 1548 4380 par
1569 4311 1833 4379 judicium
1856 4314 2018 4381 justis
2048 4321 2101 4368 ct

508 4404 744 4476 injustis,
787 4413 840 4460 et
891 4419 1083 4459 omnes
1137 4418 1244 4458 una
1294 4405 1632 4474 prmveniens
1677 4406 1971 4471 sententia,
2004 4422 2098 4477 per

507 4513 667 4567 quam
694 4510 887 4552 omnes
924 4496 1240 4552 viderentur
1269 4507 1396 4552 ante
1426 4495 1598 4567 puniti
1628 4513 1787 4568 qnam
1818 4501 1950 4555 nati.
1987 4499 2092 4556 Sed

504 4602 625 4652 vos,
653 4603 686 4642 o
711 4587 814 4642 viri
837 4586 1184 4658 sanguinum,
1210 4588 1480 4645 dcclinate
1509 4605 1536 4643 a
1566 4591 1747 4656 nobis,
1770 4592 1859 4662 qui
1884 4592 2086 4662 dicitis,
2117 4567 2170 4629 D

502 4679 625 4751 quia
657 4683 709 4736 in
751 4694 948 4735 vanum
992 4688 1326 4752 acceperunt
1362 4682 1608 4740 civitates
1654 4698 1813 4739 suas:
1841 4686 1941 4740 hoc
1981 4695 2083 4755 est,

499 4774 621 4829 sine
667 4788 831 4829 causa
878 4784 1006 4830 sunt
1058 4775 1319 4831 mortales
1367 4775 1585 4836 effecti;
1632 4788 1687 4833 ct
1730 4778 1911 4834 omnia
1963 4796 2085 4836 cum

498 4868 703 4924 mundo
734 4879 1001 4939 pereunt,
1035 4880 1089 4925 et
1122 4886 1220 4941 par
1260 4880 1340 4926 est
1390 4871 1505 4941 ipsa
1555 4871 1807 4942 perditio.
1843 4872 1958 4928 Non
2004 4884 2089 4930 est

496 4960 589 5028 ita,
623 4975 814 5017 omnes
855 4962 1001 5015 enim
1035 4961 1087 5016 in
1116 4960 1255 5016 libro
1282 4963 1475 5033 scripti
1505 4973 1651 5031 sunt,
1683 4981 1872 5021 omnes
1902 4981 2086 5022 resur-

493 5061 621 5121 gent
651 5071 662 5105 :
694 5052 791 5109 sed
823 5052 945 5109 aliis
974 5053 1191 5110 dabitur
1212 5053 1349 5109 odor
1369 5056 1493 5110 vitae
1520 5056 1572 5110 in
1603 5057 1767 5112 vitam
1796 5066 2078 5129 aeternam,

490 5145 614 5199 aliis
643 5147 777 5202 odor
822 5148 1017 5203 mortis
1060 5149 1109 5203 in
1152 5160 1384 5206 mortem
1426 5159 1768 5222 perpetuam,
1804 5153 1893 5209 ubi
1923 5155 2081 5211 deve-

495 5235 648 5291 nient
674 5238 725 5292 hi
748 5240 946 5309 quibus
974 5239 1174 5296 dicitur
1199 5259 1210 5293 :
1246 5238 1434 5296 Nonne
1452 5242 1543 5313 qui
1570 5242 1787 5297 oderunt
1818 5251 1889 5313 te,
1916 5244 2081 5311 Deus,

492 5331 613 5385 odio
637 5331 815 5398 habui,
833 5343 878 5386 ct
901 5350 1054 5406 super
1080 5334 1317 5389 inimicos
1334 5343 1448 5389 tuos
1475 5335 1785 5391 tabescebam
1802 5336 1963 5395 911ωο
1976 5339 2080 5395 Pe-

488 5433 603 5481 trus
631 5424 895 5497 loquitur,
924 5437 977 5483 et
1016 5428 1262 5485 Ecclesia
1290 5428 1344 5484 in
1373 5428 1535 5485 Petro
1563 5432 1873 5503 pronuntiat
1905 5452 1916 5487 :
1950 5432 2083 5489 Per-

490 5518 623 5588 fecto
654 5518 775 5573 odio
815 5519 1026 5584 oderam
1056 5519 1199 5591 illos,
1222 5531 1271 5577 et
1301 5521 1495 5578 inimici
1519 5524 1648 5596 facti
1682 5535 1799 5580 sunt
1832 5526 1978 5584 mihi.
2013 5527 2081 5585 Et

552 5738 575 5766 η
612 5729 784 5789 Penes
811 5730 1133 5790 Dacherium
1154 5774 1170 5801 ,
1201 5731 1348 5789 Bona
1383 5740 1440 5805 et
1470 5731 1627 5804 digna
1659 5742 1706 5787 et
1736 5745 1918 5790 sancta
1949 5754 2029 5791 res
2050 5778 2067 5805 ,

470 5806 525 5856 et
551 5809 673 5878 apta
701 5816 913 5878 prcrsus
934 5844 952 5877 ,
992 5817 1046 5863 et
1076 5821 1231 5878 mox,
1264 5803 1498 5878 conferre
1526 5803 1834 5876 sermonem,
1863 5803 2069 5880 quando

2211 1853 2416 1927 citerius
2459 1854 2513 1907 in
2552 1854 2832 1927 Spicilegio
2868 1865 3089 1908 veterum
3128 1858 3435 1927 scriptorum
3463 1853 3602 1913 'tom.
3632 1853 3719 1927 in,
3760 1879 3819 1918 ea:

2210 1923 2645 1994 Sangermanensi
2668 1929 2875 1995 optima:
2893 1934 3029 1981 nota:
3052 1943 3147 1981 ms.
3170 1923 3473 1983 Tractatum
3491 1931 3653 1985 edidit
3678 1923 3716 1987 τ’
3726 1951 3819 1988 nec

2208 1998 2965 2075 animadverterunt,.jaindiu
3011 1998 3135 2075 olim
3179 2000 3314 2051 inter
3363 2002 3502 2075 [also
3554 2005 3819 2075 ascriptos

2213 2065 2536 2145 Hieronymo
2560 2065 2868 2138 haberi,'qui
2892 2067 3271 2145 DacheIianam
3291 2065 3641 2145 collectionem
3667 2065 3820 2145 p'ost-

2210 2139 2419 2192 modum
2449 2150 2850 2210 recognoverunt
2886 2142 3012 2193 socii
3041 2139 3382 2194 Benedictini.
3414 2140 3508 2196 Est
3535 2139 3721 2199 autem
3752 2150 3819 2201 ibi

2209 2210 2407 2280 aliquot
2433 2209 2579 2273 locis,
2610 2209 2889 2279 antiquarii
2915 2211 3211 2277 oscitantia,
3238 2213 3471 2279 mutilus,
3494 2227 3687 2270 cratera
3714 2234 3819 2273 non

2209 2282 2565 2351 inemendatus
2579 2295 2598 2344 ,'
2619 2283 2707 2333 sed
2736 2280 2871 2334 illud
2895 2298 3011 2336 cum
3036 2283 3217 2351 primis
3239 2285 3360 2338 bene
3385 2285 3549 2351 habet,
3578 2288 3733 2351 quod
3757 2307 3819 2345 ex

2210 2350 2382 2418 titulo,
2405 2369 2568 2429 quem_
2584 2352 2788 2429 praefert
2812 2352 2863 2405 in
2887 2370 2985 2429 ms.
3014 2350 3203 2410 Nicetii
3233 2357 3467 2425 episcopi
3493 2355 3560 2413 de
3588 2350 3815 2429 Vigiliis

2211 2438 2490 2496 servorum
2538 2422 2659 2496 Dei,
2700 2439 2875 2478 verum
2917 2428 3031 2496 ejus
3082 2422 3342 2479 auctorem
3387 2422 3814 2486 internosciinus.

2210 2493 2799 2570 Niceti_us_hic__nentpe
2844 2493 3278 2570 est'Trevirensis
3324 2499 3623 2570 episcOpus,
3655 2518 3817 2570 quem

2210 2566 2422 2639 summis
2462 2566 2702 2619 laudibus
2746 2578 3125 2634 prosequuntur
3160 2569 3408 2623 Sidonius
3446 2566 3816 2639 Apollinaris,

2208 2636 2320 2711 ejus
2347 2641 2526 2699 etiam,
2557 2645 2611 2690 ut
2635 2638 2834 2711 uolunt.
2869 2639 3126 2711 affinitate
3152 2636 3654 2711 conjunctus,‘Vitte
3703 2636 3817 2701 SS;

2212 2705 2435 2780 Patrum
2479 2723 2595 2778 cap.
2633 2705 3050 2780 I7,__(.‘regvorius
3083 2705 3396 2764 Turonensis
3427 2705 3512 2767 lib.
3549 2730 3578 2765 Χ
3614 2713 3818 2769 Histo-

2209 2779 2302 2831 ria:
2331 2776 2691 2847 Francorum,
2736 2776 3014 2833 Venantius
3047 2780 3370 2836 Fortunatus
3414 2784 3504 2836 lib.
3550 2800 3638 2849 tu,
3698 2804 3823 2841 car-

2208 2850 2345 2927 mine
2389 2852 2422 2905 9
2466 2858 2618 2920 atque
2657 2850 2751 2927 alii
2775 2867 2810 2927 :_
2824 2860 2883 2927 et_
2917 2853 3299 2927 cujusddemum
3336 2855 3398 2927 in
3427 2856 3820 2927 martyrologio

2210 2919 2443 2975 Romano
2474 2931 2653 2975 sancta
2682 2922 2751 2975 ad
2781 2924 2811 2975 7
2850 2919 3096 2977 Januarii
3132 2925 3399 2980 memoria.
3435 2919 3618 2981 Eidem
3647 2919 3819 2984 etiam

2207 2992 2271 3066 in
2303 2991 2422 3045 aliis
2451 2991 2740 3066 ‘Vaticana:
2771 2992 3087 3048 bibliotheca:
3133 2995 3360 3049 laudatis
3403 2995 3714 3066 Holstenio,
3758 3018 3821 3055 ac

2211 3060 3183 3142 ﬁrmando.membranis__asrribitur:
3215 3071 3417 3142 tametsi
3456 3068 3669 3125 Nicetes
3697 3060 3819 3142 'pro

2210 3133 2515 3199 Nicetii,vel
2535 3136 2948 3212 euanescentibus
2972 3148 3216 3212 retustate
3243 3140 3448 3212 litteris,
3470 3144 3546 3194 vel
3574 3157 3640 3195 ea:
3664 3133 3820 3212 prae-

2210 3219 2456 3288 concepta
2501 3207 2761 3288 opinione,
2795 3206 3115 3288 [ερςνίηῑ-ξρἱ
3161 3209 3498 3288 eruditissimi
3525 3206 3678 3267 viri."
3727 3217 3822 3286 qui

2211 3288 2257 3330 et
2286 3277 2545 3354 designari
2573 3277 2837 3354 celebrent
2844 3277 2992 3354 illum
3017 3279 3256 3354 Nicolam
3284 3280 3569 3354 Daciarum
3599 3277 3820 3354 episco—

2210 3364 2363 3416 pum,
2407 3348 2596 3417 saepius
2624 3366 2655 3401 a
2693 3349 2753 3405 S.
2796 3348 3021 3403 Paulino
3062 3351 3357 3417 laudatum,
3387 3348 3818 3413 arbitrati-sunt.

2208 3416 2330 3472 lam
2362 3416 2546 3487 praeter
2570 3436 2821 3474 summam
2857 3422 3045 3475 codicis
3075 3416 3537 3493 Sangermanensis
3558 3431 3824 3483 auctori-

2211 3499 2384 3565 tatem,
2413 3493 2548 3561 ejus,
2580 3507 2728 3565 quem
2755 3494 3072 3557 dicebamus,
3098 3492 3289 3547 Nicetii
3321 3510 3630 3565 germanum
3672 3500 3823 3555 hunc

2209 3563 2369 3643 fetum
2390 3578 2539 3643 esse,
2566 3561 2791 3643 suadeant
2820 3568 2973 3643 etiam
3015 3566 3132 3643 dare
3170 3561 3399 3643 ejusdem
3424 3568 3671 3643 insignes,
3696 3573 3819 3643 epi-

2208 3631 2357 3707 stola:
2384 3635 2437 3686 in
2465 3631 2728 3707 Conciliis
2752 3634 2935 3689 Gallitta
2962 3638 3031 3688 ad
3056 3631 3216 3689 annos
3246 3635 3350 3692 565
3372 3649 3417 3691 et
3450 3631 3555 3693 565
3584 3631 3823 3707 relaite;

2206 3705 2374 3776 altera
2414 3706 2481 3776 ad
2515 3702 2874 3776 Iustinianum
2916 3707 3305 3776 imperatorem,
3338 3710 3500 3763 altera
3538 3712 3611 3764 ad
3676 3702 3825 3767 (ΣΙοέ

2208 3774 2508 3849 dosvindam
2538 3774 2792 3849 C_hlotarii
2820 3774 3003 3846 ﬁliam,
3037 3779 3253 3849 itemque
3287 3781 3421 3834 alius
3450 3790 3718 3837 tractatus
3749 3786 3825 3841 de

2208 3844 2545 3927 Psalmodize
2568 3846 2712 3901 bono
2744 3844 3041 3918 inscriptus,
3067 3851 3154 3927 qui
3171 3844 3419 3927 eumdem
3445 3854 3669 3907 omnino
3704 3867 3828 3927 sty-

2206 3916 2313 3971 lum
2335 3960 2347 3983 ,
2381 3918 2779 3994 doctrinam,_et
2815 3929 2995 3994 pectus
3026 3916 3277 3994 referunt.
3299 3922 3447 3994 _Sunt
3482 3940 3645 3994 porro
3691 3916 3822 3992 alii,

2206 4001 2263 4042 ut
2284 4004 2398 4042 rere
2420 3989 2558 4062 quod
2590 3990 2759 4062 sentio
2788 3991 2990 4057 dicam,
3026 3989 3093 4045 in'
3121 3992 3204 4046 his
3232 3992 3366 4062 falso
3393 3989 3638 4061 ascriptis
3684 3989 3831 4052 Hie;

2204 4076 2439 4135 ronymo,
2469 4061 2557 4135 qui
2586 4061 2863 4135 dictionem
2902 4063 3135 4117 eamdem
3171 4072 3324 4133 atque
3352 4066 3614 4135 ingenium
3645 4072 3827 4124 reda-

2205 4130 2627 4213 lett-nl,.episcopi
2664 4132 2893 4201 scilicet,
2925 4130 3508 4213 monasticis’institutis
3556 4155 3590 4193 a
3638 4158 3827 4211 puero

2203 4205 2420 4277 imbuti,
2451 4219 2523 4277 ac,
2554 4219 2712 4277 porro
2742 4213 2916 4277 sancte
2952 4207 3201 4277 populum
3232 4206 3327 4260 sibi
3367 4205 3828 4266 creditum'iusti-

2204 4273 2413 4327 tuentis.
2452 4272 2623 4327 Nimis
2655 4276 2870 4346 proinde
2907 4272 3092 4330 temere
3122 4275 3396 4343 Erasmus,
3432 4279 3570 4332 hunc
3597 4289 3826 4337 tracta-

2203 4352 2331 4410 tum,
2354 4354 2557 4419 utsuw
2583 4347 2745 4419 magis
2768 4348 3049 4410 modestia,
3074 4364 3232 4419 quam
3257 4348 3403 4404 illius
3428 4353 3601 4405 meriti
3628 4356 3831 4410 ratio-

2202 4431 2316 4469 nem
2344 4414 2577 4480 haberet,
2608 4414 2782 4470 inhoc
2810 4420 2882 4471 ait
2908 4434 2962 4472 se
2990 4414 3172 4474 ordine
3197 4420 3486 4477 retinuisse.
3518 4422 3581 4477 S.
3616 4422 3830 4481 Isido-

2201 4502 2292 4566 [με
2323 4485 2654 4566 flispalensis
2683 4488 2893 4566 minime
2931 4491 3151 4557 erubuit,
3210 4492 3689 4566 integrumicaput
3744 4496 3818 4551 2|

2195 4556 2618 4683 ίξίσειςῖξιιειὶευν.
2675 4558 2915 4629 (Ifﬁcior.
2962 4577 3028 4615 ex
3090 4556 3153 4617 eo
3197 4556 3406 4618 totidem
3466 4556 3586 4635 [ει-ε’
3626 4571 3833 4625 verbis

2232 4645 2356 4683 escri
2393 4646 2493 4683 ere.

2232 4645 2493 4684 ascribere.

2692 4765 3029 4824 EPISTULA
3071 4768 3275 4837 XXXI,

2310 4872 2406 4912 εει]
2444 4873 2753 4916 ΤΒΛΩΤΑἸἫΒ
2789 4876 2857 4917 DE
2894 4876 3303 4920 OBSERVATIONB
3342 4879 3700 4929 νιαιιῐλιιῠι.

2262 4973 2490 5044 Dignum
2519 4976 2544 5006 ³
2574 4986 2694 5046 est,
2744 4977 2942 5035 fratres
2963 5021 2977 5045 ,
3008 4988 3303 5052 aptumque
3339 4998 3591 5053 prorsus,
3626 4992 3829 5047 satis-

2189 5080 2294 5136 que
2323 5069 2658 5125 conveniens
2702 5069 2770 5127 de
2811 5072 3015 5128 sanctis
3043 5071 3254 5143 Vigiliis
3301 5091 3445 5131 nunc
3496 5075 3710 5139 dicere
3764 5096 3833 5142 et

2189 5158 2436 5229 proferre
2461 5175 2769 5225 sermonem
2796 5180 2811 5217 :
2835 5164 3053 5235 quando
3083 5165 3199 5236 ipsa
3224 5166 3530 5225 lucubratio
3548 5174 3831 5246 exigitur

2188 5266 2219 5307 a
2248 5251 2515 5309 sollicitis.
2548 5254 2667 5310 Nox
2696 5270 2825 5312 ecce
2869 5267 2957 5313 est
2984 5259 3159 5330 caligo
3195 5262 3464 5333 corporis,
3504 5280 3635 5336 qua:
3692 5287 3825 5329 non

2190 5345 2366 5400 solum
2415 5344 2663 5402 homines
2686 5389 2701 5413 ,
2750 5348 2846 5403 sed
2878 5349 3041 5406 etiam
3070 5361 3297 5409 cunctos
3334 5369 3532 5411 somno
3577 5358 3829 5420 detinet

2189 5438 2531 5498 animantes:
2561 5448 2621 5496 ut
2650 5439 2960 5499 reformatis
2989 5443 3096 5516 [AL
3128 5446 3417 5519 reparatis]
3449 5448 3677 5509 viribus
3708 5472 3828 5526 per

2188 5545 2465 5603 soporem,
2499 5534 2709 5603 possint
2736 5533 2963 5592 diurnos
2996 5537 3212 5596 labores
3243 5539 3516 5598 sustinere
3544 5543 3823 5616 vigilan-

2177 5739 2293 5822 ipsa
2319 5739 2608 5822 lucubratio
2638 5743 2836 5822 geritur
2864 5758 2883 5797 :
2914 5752 2987 5812 et,
3025 5742 3147 5802 No.1:
3173 5762 3307 5804 risco
3334 5758 3430 5821 est,
3458 5756 3509 5804 et
3536 5764 3817 5813 necessa-

2178 5815 2257 5866 ria
2286 5814 2453 5887 caligo
2481 5814 2802 5887 corporibus,
2833 5824 2940 5874 etc.
3413 5814 3425 5821 ’
3633 5824 3653 5837 ⁵
