3926 6290
156 345 237 401 235

884 337 1223 399 EPISTOIA
1266 334 1459 397 XXXI.
1503 334 1592 397 DE
1631 332 2165 397 OBSERVATIONE
2206 336 2632 397 VIGILIARUM.

3306 338 3418 400 254

153 473 233 517 tes.
264 460 430 514 Bonus
457 458 624 525 Deus,
654 457 745 528 qui
782 459 852 513 ita
881 460 1181 529 proSpexit,
1215 461 1288 513 ita
1316 458 1617 522 constituit,
1649 467 1707 513 ut
1737 463 1789 524 Α
1885 456 1970 511 lll.
2000 456 2057 512 Si
2083 471 2213 511 vero
2249 455 2495 511 infirmus
2528 470 2586 511 es
2617 454 2899 521 membris,
2932 453 3074 526 quod
3100 453 3277 513 facere
3305 472 3415 514 non

150 555 284 609 homo
303 554 539 606 exiturus
570 550 641 604 ad
669 569 799 621 opus
821 568 995 618 suum,
1024 561 1072 606 et
1100 552 1168 604 ad
1192 553 1536 624 operationem
1559 568 1705 605 suam

149 645 359 715 usquead
384 660 670 714 uesperam,
714 644 944 699 haberet
976 646 1228 699 vicarium
1257 654 1487 714 tempus,
1518 646 1569 699 in
1600 660 1707 716 quo

150 742 320 797 aduris
349 741 649 806 laboribus,
680 751 734 795 et
770 741 936 794 multa
969 739 1287 811 fatigatione
1316 742 1704 811 requiesceret.

157 845 175 871 ³
200 837 321 905 Ergo
349 835 492 889 diem
526 834 593 888 ad
634 848 794 903 opus,
827 841 1041 888 noctem
1083 832 1210 888 fecit
1258 833 1324 887 ad
1359 834 1620 899 repiiem,
1654 843 1709 888 et

153 945 229 1000 pro
258 932 374 992 hoc,
407 931 553 982 sicut
600 944 701 999 pro
743 929 996 983 omnibus
1025 929 1230 999 gratias
1257 928 1516 983 debemus
1549 942 1708 997 agere

150 1025 204 1079 illi
228 1024 307 1094 qui
338 1023 614 1092 praestitit.
670 1021 934 1077 Novimus
962 1030 1142 1076 autem
1174 1022 1375 1076 multos
1405 1020 1706 1086 hominum,

149 1130 287 1173 utaut
315 1117 615 1187 majoribus
646 1118 763 1172 suis
806 1117 1078 1187 placeant,
1114 1123 1206 1170 aut
1250 1115 1351 1170 sibi
1385 1114 1587 1183 aliquid
1621 1129 1711 1184 pc-

150 1212 388 1266 culiariter
417 1211 650 1277 prosint,
677 1209 857 1263 noctis
883 1209 1205 1279 particulam
1234 1208 1299 1261 ad
1333 1206 1550 1276 aliquod
1575 1220 1710 1277 opus

150 1319 425 1374 segregare,
463 1303 665 1372 id,pro
712 1305 861 1358 lucro
890 1302 1112 1369 ducere,
1144 1303 1289 1373 quod
1321 1303 1475 1357 furati
1509 1303 1577 1356 de
1622 1317 1709 1356 so-

154 1413 256 1467 pore
276 1414 388 1464 suo.,
419 1398 642 1466 operari
677 1398 969 1466 potuerint.
1002 1395 1029 1435 b
1061 1400 1101 1452 A
1130 1398 1423 1453 Salomone
1444 1413 1574 1452 vero
1597 1398 1711 1451 lau-

158 1492 283 1545 datur
302 1501 351 1545 et
376 1491 576 1545 femina
602 1531 617 1556 ,
649 1505 768 1560 qua:
800 1505 967 1558 pensa
999 1496 1057 1544 et
1083 1489 1405 1552 laniﬁcium,
1440 1490 1506 1544 ad
1538 1490 1712 1544 lucer-

158 1599 252 1639 nam
294 1585 579 1654 vigilanter
620 1590 840 1639 exercet
887 1581 1071 1653 (Prov.
1130 1597 1282 1648 xui,
1336 1583 1446 1651 l5).
1494 1580 1717 1636 Addidit

156 1681 282 1734 etiam
310 1680 453 1749 quod
485 1695 553 1733 ex
584 1680 690 1734 hoc
730 1680 849 1734 laus
876 1680 992 1733 v'iro
1017 1680 1134 1749 ejus
1168 1679 1219 1733 in
1261 1680 1431 1748 portis
1459 1688 1513 1733 et
1541 1679 1713 1749 gloria

154 1788 310 1841 magna
334 1782 614 1825 nascatur.
640 1770 795 1837 Quod
827 1771 872 1825 si
898 1772 949 1825 in
973 1772 1280 1825 carnalibus
1309 1772 1709 1841 instrumentis,

1810 560 1965 619 potes
1996 549 2106 605 noli
2140 549 2542 620 reprehendere
2567 567 2579 602 :
2614 550 2783 604 immo
2813 550 2924 619 riga
2950 557 3005 603 et
3031 557 3084 609 tu
3114 552 3412 607 secundum

1809 642 2137 713 Prophetam
2170 642 2425 711 lacrymis
2454 650 2683 697 stratum
2718 649 2887 708 tuum,
2919 651 2973 693 et
3018 640 3105 695 dic
3138 659 3151 694 :
3182 640 3274 697 Sic
3306 658 3414 696 me-

1808 751 1922 790 mor
1948 736 2023 805 fui
2050 736 2127 789 tui
2155 751 2310 806 super
2340 744 2561 788 stratum
2598 736 2805 802 meum(
2839 731 2987 787 Psal.
3022 749 3154 799 LXII,
3188 735 3219 788 7
3252 734 3295 805 ).
3332 734 3420 790 ln-

1806 830 1973 901 junge
2002 830 2165 885 etiam
2200 828 2573 899 vigilantibus,
2602 839 2657 881 ut
2683 837 2736 881 te
2766 828 2880 882 suis
2906 827 3159 897 precibus
3183 827 3373 897 jurent
3399 846 3415 883 :

1812 939 1919 994 quo
1950 924 2166 994 adjutus
2196 940 2225 978 a
2261 924 2488 977 Domino
2515 936 2681 991 super
2716 922 2915 975 lectum
2946 920 3153 976 doloris
3196 920 3271 975 tui
3318 937 3416 975 ca-

1813 1030 1942 1071 nere
1972 1015 2236 1084 possis,et
2262 1025 2320 1069 tu
2351 1015 2641 1084 aliquando
2668 1014 2931 1068 merearis
2960 1013 3143 1068 dicere
3170 1028 3185 1070 :
3212 1010 3278 1066 In
3308 1029 3422 1066 ma-

1815 1112 2003 1165 tutinis
2023 1110 2310 1164 meditabor
2332 1111 2467 1173 inte,
2492 1111 2613 1179 quia
2633 1108 2778 1179 fuisti
2803 1108 3013 1180 adjutor
3034 1123 3178 1161 meus
3204 1104 3416 1179 (Ibid.).

1814 1204 2067 1275 Alioquin
2098 1205 2319 1259 stultum
2354 1213 2408 1259 et
2444 1204 2576 1257 satis
2614 1210 2932 1258 extraneum
2974 1210 3089 1267 est,
3126 1211 3149 1241 ε
3191 1210 3255 1257 ut
3292 1202 3419 1271 quia

1815 1298 1917 1368 ipsi
1946 1312 2168 1353 currere
2199 1314 2307 1351 non
2338 1297 2604 1359 valemus,
2641 1297 2779 1351 bene
2809 1295 3159 1350 currentibus
3190 1293 3422 1364 deroge-

1815 1408 1956 1448 mus.
1984 1390 2114 1445 Nam
2153 1389 2256 1445 etsi
2282 1406 2387 1445 non
2411 1404 2724 1459 possumus,
2754 1368 3019 1444 debemus
3054 1390 3423 1459 congratulari

1815 1488 2151 1559 potentibus.
2186 1486 2338 1541 Sicut
2361 1485 2506 1540 enim
2542 1485 2611 1539 de
2641 1498 2913 1538 consensu
2946 1482 3171 1537 malitim
3203 1482 3424 1552 partici-

1774 1604 1775 1607 η
1815 1589 1976 1652 patur
2006 1595 2126 1635 cum
2156 1578 2477 1634 facientibus
2512 1591 2670 1647 poena
2706 1593 2718 1629 :
2744 1577 2823 1631 sic
2854 1575 3201 1645 participatio
3231 1573 3422 1645 gloriae

1817 1674 2084 1744 speranda
2119 1684 2199 1729 est
2245 1673 2312 1730 de
2352 1672 2715 1729 consensione
2753 1670 3040 1725 bonitatis.
3081 1669 3234 1725 Alios
3275 1670 3420 1727 enim

1818 1766 2043 1823 ell‘ectus
2066 1776 2292 1821 coronat
2321 1785 2333 1820 :
2367 1766 2503 1819 alios
2535 1765 2785 1818 voluntas
2817 1764 2901 1833 pia
2932 1762 3196 1833 laetitiam.

151 1862 187 1917 id
229 1872 321 1927 est,
366 1864 551 1928 victui,
600 1872 695 1917 aut
736 1862 957 1917 vestitui
1005 1863 1351 1927 necessariis,
1382 1864 1471 1933 qui
1522 1863 1709 1935 vigilat
1740 1864 1787 1923 B
1884 1859 1973 1915 ιν.
2010 1860 2119 1915 Nec
2154 1874 2286 1914 sane
2317 1873 2636 1923 onerosum,
2669 1857 2754 1911 vel
2784 1855 3015 1911 difficile
3048 1855 3215 1911 videri
3263 1855 3429 1913 debet

154 1973 236 2011 non
258 1956 693 2027 reprehenditur,
722 1958 888 2011 immo
920 1956 1174 2011 laudatur
1200 1974 1213 2010 :
1249 1968 1271 1996 ο
1301 1958 1485 2037 mirap'
1519 1974 1605 2014 me
1637 1961 1710 2011 fa-

152 2059 248 2106 teor
280 2066 394 2106 esse
425 2052 663 2121 aliquos,
695 2052 785 2120 qui
815 2066 1005 2105 sacras
1039 2049 1255 2121 vigilias
1297 2059 1403 2105 tam
1439 2052 1708 2120 spirituali

152 2160 283 2213 opere
303 2144 630 2209 fructuosas,
648 2144 1013 2211 orationibus,
1040 2145 1253 2215 hymnis
1279 2144 1710 2215 lectionibusque

152 2237 411 2303 fecundas,
454 2248 552 2291 aut
597 2238 903 2307 superﬂuas
954 2238 1292 2302 existimant,
1342 2248 1435 2292 aut
1482 2238 1709 2304 otiosas,

150 2328 372 2400 autquod
403 2328 489 2383 his
521 2340 604 2383 est
632 2328 897 2394 deterius,
931 2328 1293 2398 importunas.

205 2422 258 2476 ll.
293 2424 353 2476 Et
379 2422 597 2492 quidem
630 2423 677 2476 si
709 2432 834 2476 sunt
876 2421 1130 2477 homines
1170 2439 1199 2476 a
1232 2423 1487 2493 religione
1530 2434 1711 2482 nostra

152 2515 306 2580 alieni,
324 2517 409 2585 qui
436 2516 536 2569 ista
562 2515 643 2569 sic
665 2515 929 2582 sentiunt,
956 2530 1060 2569 non
1084 2526 1168 2571 est
1190 2517 1405 2571 mirum.
1431 2516 1715 2583 Quomodo

148 2609 267 2662 enim
297 2606 529 2677 profanis
571 2606 829 2677 religiosa
877 2608 1088 2678 placere
1136 2609 1403 2679 possunt?
1432 2608 1626 2680 quibus
1669 2610 1714 2665 si

150 2698 414 2768 placerent,
456 2700 629 2754 nostri
672 2708 858 2754 essent
890 2718 900 2752 :
950 2701 1070 2769 quia
1108 2699 1276 2754 simus
1306 2699 1325 2773 [
1356 2700 1439 2754 Al.
1471 2701 1671 2756 scimus
1703 2701 1714 2770 Ι

150 2791 310 2861 utique
332 2791 643 2847 ChriStiani.
667 2792 725 2846 Si
751 2806 880 2847 vero
909 2791 1080 2845 nosu'i
1103 2801 1230 2846 sunt
1253 2807 1390 2861 quos
1415 2792 1715 2862 vigiliarum

150 2887 363 2943 salutifer
390 2901 541 2943 actus
565 2887 819 2955 olleudit,
843 2897 900 2941 ut
923 2887 1054 2942 nihil
1081 2889 1147 2943 de
1172 2888 1257 2943 liis
1279 2885 1517 2943 deterius
1540 2891 1718 2959 suspi-

147 2993 241 3045 cer,
271 2990 358 3035 aut
381 2980 519 3053 pigri
544 2990 692 3049 sunt,
718 2988 813 3036 aut
838 2982 1209 3051 sonmiculosi,
1238 2992 1329 3036 aut
1356 2983 1497 3052 quod
1524 2982 1605 3036 his
1636 2992 1719 3037 est

149 3074 443 3142 proximum,
488 3091 675 3141 senes,
706 3077 797 3131 vel
830 3074 1050 3129 inlirmi.
1083 3076 1139 3131 Si
1173 3076 1307 3147 pigri
1338 3087 1482 3137 sunt.
1519 3074 1715 3132 erube-

146 3176 303 3231 seant,
331 3170 450 3237 quia
482 3168 592 3223 illis
620 3176 879 3224 resonant
902 3169 1066 3224 verba
1091 3168 1399 3224 Salomonis
1429 3186 1447 3223 :
1482 3169 1621 3225 Vade
1648 3172 1717 3224 ad

1812 1953 1976 2009 etiam
2006 1951 2253 2010 delicatis
2284 1950 2409 2022 [AL
2445 1950 2571 2004 add.
2598 1948 2681 2004 vel
2713 1945 2985 2017 infirmis]
3017 1948 3342 2018 corporibus
3370 1950 3428 2003 in

1812 2044 2115 2113 septimana
2135 2043 2365 2098 duarum
2398 2043 2665 2107 noctium,
2701 2041 2749 2094 id
2775 2051 2877 2105 est,
2904 2040 3114 2095 Sabbati
3137 2049 3299 2111 atque
3321 2039 3429 2094 Do-

1813 2136 2050 2201 minicai,
2076 2135 2385 2206 portionem
2408 2134 2644 2204 aliquam
2678 2133 2771 2188 Dei
2806 2133 3110 2187 ministerio
3132 2131 3426 2203 deputare.

1815 2230 1924 2285 lsta
1970 2229 2113 2284 enim
2143 2230 2295 2297 quasi
2343 2226 2645 2299 purificatio
2677 2236 2761 2280 est
2791 2226 3004 2281 dierum
3047 2226 3290 2297 quinque
3344 2227 3429 2281 vel

1816 2324 2080 2390 noctium,
2111 2324 2306 2394 quibus
2334 2332 2559 2392 stupore
2586 2322 2887 2377 carnalium
2927 2319 3035 2393 [AL
3077 2319 3307 2390 carnali]
3341 2322 3425 2375 in-

1817 2418 2212 2489 gravescimus,
2240 2428 2330 2471 aut
2359 2414 2649 2470 mundanis
2671 2414 2884 2468 actibus
2912 2411 2930 2451 l
2964 2412 3280 2467 oscitamus.
3313 2411 3424 2467 Nec

1818 2512 2107 2569 erubescat
2147 2512 2343 2582 aliquis
2388 2511 2439 2565 in
2484 2510 2627 2564 bono
2671 2507 2854 2564 studio
2904 2507 3257 2563 sanctitatis:
3298 2522 3421 2563 cum

1822 2619 1929 2661 non
1958 2605 2284 2660 erubescant
2314 2603 2549 2673 improbi
2582 2603 2635 2657 in
2670 2600 3037 2673 perpetrando
3068 2617 3239 2672 opere
3264 2601 3427 2658 foedi-

1821 2700 1968 2753 tatis.
2000 2698 2196 2753 Merito
2238 2712 2368 2769 ergo
2396 2697 2681 2766 Scriptura
2722 2700 2775 2751 in
2823 2696 3141 2753 Proverbiis
3192 2697 3433 2767 ingerit:

1821 2791 1917 2847 Est
1946 2794 2180 2863 confusio
2209 2808 2323 2862 qua:
2344 2793 2487 2845 ducit
2509 2793 2578 2844 ad
2604 2799 2872 2863 peccatum
2898 2790 3094 2862 (Eccli.
3130 2808 3205 2858 tv,
3235 2794 3351 2865 25).
3372 2794 3433 2848 In

1821 2887 1967 2944 bono
2001 2888 2143 2943 enim
2187 2902 2353 2958 opere
2408 2885 2669 2942 confundi
2714 2895 2998 2956 peccatum
3043 2896 3125 2941 est
3161 2904 3173 2944 :
3208 2886 3352 2942 sicut
3380 2889 3433 2943 in

1824 2982 1970 3038 malo
2001 2983 2254 3039 faciendo
2283 2998 2390 3036 non
2414 2980 2671 3036 confundi
2700 2982 2973 3051 pernicies
2993 2992 3095 3037 est.
3121 2980 3179 3037 Si
3206 2991 3431 3039 sanctus

1825 3089 1905 3143 cs,
1941 3090 2061 3129 ama
2094 3073 2330 3146 vigilias,
2360 3084 2419 3129 ut
2449 3073 2765 3129 thesaurum
2821 3083 2971 3127 tuum
3016 3073 3290 3144 vigilando
3331 3091 3431 3131 cu-

1826 3169 2055 3233 stodias,
2089 3178 2143 3224 et
2173 3168 2289 3241 ipse
2338 3169 2389 3222 in
2440 3169 2730 3233 sanctitate
2778 3167 3039 3223 serveris.
3078 3166 3137 3223 Si
3180 3180 3433 3239 peccator

144 3256 405 3328 fornacem,
437 3276 466 3314 ο
494 3260 662 3331 piger,
700 3272 745 3315 et
774 3262 1021 3316 wmulare
1052 3263 1161 3316 uias
1187 3266 1298 3334 ejns
1335 3262 1519 3333 (Prov.
1562 3280 1639 3329 Vl,
1664 3268 1719 3327 b’,
1750 3251 1799 3316 C
1828 3278 1908 3331 es,
1935 3263 2124 3332 magis
2170 3278 2332 3329 cura,
2390 3270 2452 3316 ut.
2494 3260 2769 3332 vigilando
2812 3272 2864 3317 et
2903 3262 3112 3318 orando
3159 3262 3431 3334 purgeris,

144 3364 263 3420 seqq.
292 3356 329 3420 ).
362 3354 416 3409 Si
450 3355 804 3409 somuiculosi
848 3365 1016 3422 sunt,
1060 3356 1530 3426 expergiscantur,
1577 3342 1723 3411 Scri-

146 3453 300 3510 ptura,
351 3446 783 3514 proclamante:
842 3445 886 3501 0
941 3448 1106 3517 piger,
1162 3464 1429 3518 quousque
1484 3450 1723 3504 dormis?

147 3536 345 3601 Quando
382 3548 559 3594 autem
601 3540 667 3594 de
700 3556 879 3594 somno
930 3543 1147 3614 surges?
1174 3540 1465 3595 Paululum
1510 3542 1722 3612 quidem

144 3632 363 3698 dormies,
390 3632 656 3688 modicum
672 3633 891 3701 sedebis,
915 3633 1162 3705 pusillum
1192 3644 1364 3688 autem
1392 3636 1718 3703 dormitabis,

144 3725 371 3791 pusillum
418 3742 541 3781 τετο
590 3726 946 3798 complecteris
985 3728 1227 3781 manibus
1274 3736 1471 3795 pectus.
1522 3727 1721 3781 Deinde

142 3820 437 3883 superueniet
484 3817 580 3872 tibi
628 3828 891 3888 tamquam
930 3818 1094 3872 t‘iator
1148 3829 1476 3890 paupertas:
1518 3820 1718 3889 inOpia,

144 3915 377 3979 tamquam
400 3910 567 3965 bonus
593 3920 643 3964 et
674 3910 797 3965 levis
824 3927 1007 3965 cursor
1036 3911 1142 3964 cito
1186 3911 1368 3965 ueniet.
1403 3910 1429 3947 ιι
1465 3910 1522 3968 Si
1552 3926 1716 3965 senex

138 4016 209 4069 es,
236 4006 351 4075 quis
388 4018 440 4061 te
464 4004 747 4074 compellit
788 4014 845 4058 ut
882 4004 1117 4074 vigiles?
1142 4018 1463 4074 quamquam
1502 4013 1558 4059 et
1606 4020 1713 4061 non

136 4100 432 4169 compulsus
465 4115 568 4169 pro
598 4104 761 4154 :etate
789 4109 971 4153 tamen
1016 4099 1225 4168 vigilas.
1264 4100 1330 4153 Et
1359 4100 1403 4152 si
1433 4109 1579 4155 stare
1609 4116 1714 4156 non

135 4203 300 4259 potes,
324 4204 379 4249 et
411 4204 556 4249 tuam
602 4194 812 4264 cogitas
858 4188 1370 4262 impdssibilitatem,
1415 4208 1519 4248 non
1550 4193 1717 4251 debes

131 4283 344 4352 juvenes
397 4297 452 4343 et
498 4287 741 4341 valentes
787 4287 854 4341 ad
905 4296 1056 4341 tuum
1113 4302 1372 4342 revocare
1415 4296 1714 4358 torporem,

130 4389 258 4443 quos
287 4385 507 4447 propter
550 4378 733 4432 varias
774 4378 1105 4432 tentationes
1132 4378 1457 4447 juventutis,
1507 4381 1717 4451 seipsos

132 4468 569 4537 propensioribus
597 4482 877 4525 macerare
900 4468 1058 4525 decet
1087 4470 1301 4540 vigiliis.

1826 3356 1956 3413 dum
1997 3369 2155 3412 tunso
2187 3367 2407 3426 pectore
2450 3354 2788 3426 frequentius
2823 3355 3026 3409 clamas
3061 3373 3073 3409 :
3104 3354 3179 3409 Ab
3211 3356 3425 3411 occultis

1827 3453 1951 3505 meis
1983 3452 2177 3504 munda
2202 3467 2301 3517 me,
2337 3448 2578 3516 Domine,
2611 3457 2657 3503 et
2684 3449 2746 3502 ab
2774 3450 2957 3503 alienis
2984 3467 3140 3521 parce
3164 3466 3311 3505 servo
3344 3461 3432 3506 tuo

1827 3542 2053 3615 (Psalm.
2084 3559 2243 3609 xvut,
2277 3543 2386 3615 15).
2416 3543 2515 3610 Qui
2539 3544 2684 3598 enim
2708 3542 2821 3613 jam
2852 3542 2921 3597 ab
2951 3544 3183 3599 occultis
3210 3543 3431 3601 deside-

1827 3646 1912 3693 rat
1939 3637 2221 3692 emundari
2265 3637 2373 3709 [AL
2407 3634 2671 3708 purgari],
2706 3652 2933 3694 necesse
2960 3649 3045 3695 est
3077 3648 3133 3693 ut
3172 3654 3297 3694 eum
3326 3654 3434 3695 non

1828 3729 2059 3785 delectet
2090 3730 2210 3784 istis
2238 3728 2473 3783 miseriis
2501 3729 2797 3799 inquinari.

1900 3820 1967 3877 ν.
2002 3820 2111 3877 Res
2138 3830 2161 3867 8
2195 3822 2386 3892 exigit,
2418 3821 2750 3890 charissimi,
2777 3832 2833 3877 ut
2859 3820 2925 3877 de
2952 3822 3277 3879 auctoritate
3302 3824 3441 3895 vigi-

1828 3915 2047 3985 liarum,
2081 3926 2137 3972 et
2162 3916 2505 3985 antiquitate,
2539 3916 2716 3985 deque
2746 3916 2857 3985 ipsa
2892 3917 3119 3971 utilitate
3152 3932 3319 3987 pauca
3350 3918 3433 3973 di-

1825 4027 2041 4066 camus.
2077 4010 2248 4079 Magis
2292 4011 2435 4063 cnim
2479 4009 2707 4079 quilibet
2754 4010 2909 4063 labor
2944 4010 3181 4065 libenter
3208 4012 3438 4082 suscipi-

1825 4112 1932 4172 tur,
1961 4104 2004 4157 si
2036 4112 2160 4157 ante
2181 4102 2372 4157 oculos
2406 4111 2740 4172 proponatur
2771 4102 2943 4172 ipsius
2969 4101 3177 4156 laboris
3204 4103 3444 4160 utilitas.

1824 4198 2061 4269 Antiqua
2074 4206 2157 4251 est
2170 4197 2476 4267 vigiliarum
2497 4195 2736 4261 devotio,
2756 4195 3021 4251 familiare
3039 4196 3244 4253 bonum
3259 4200 3432 4254 omni-

1822 4294 1926 4348 bus
1940 4293 2164 4347 sanctis.
2189 4290 2358 4346 lsaias
2380 4291 2616 4362 denique
2642 4291 2903 4362 propheta
2922 4292 3121 4347 clamat
3137 4292 3203 4347 ad
3220 4292 3391 4348 Deum
3418 4312 3431 4346 :

1820 4386 1899 4441 De
1930 4396 2078 4440 nocte
2116 4383 2298 4456 vigilat
2332 4386 2546 4455 spiritus
2582 4402 2727 4441 meus
2756 4385 2827 4439 ad
2859 4397 2926 4453 te,
2966 4387 3123 4452 Deus,
3170 4388 3419 4458 quoniam

1827 4480 1919 4534 lttI
1934 4488 2193 4551 prwcepta
2217 4487 2305 4532 tua
2320 4494 2473 4549 super
2491 4487 2680 4531 terram
2707 4474 2842 4547 (Isa.
2866 4494 3016 4547 xxvr,
3044 4478 3124 4551 9).
3151 4477 3319 4535 David
3345 4495 3434 4535 re-

196 4686 216 4751 f
250 4675 398 4751 Duos
420 4675 592 4732 ferme
621 4677 937 4751 versusab,
961 4673 1101 4746 Ergo
1128 4674 1260 4751 diem
1288 4678 1721 4751 usqueprwstitit
1750 4682 1800 4741 D
1830 4678 1900 4735 ibi
1933 4682 2148 4751 penitus
2179 4679 2353 4736 deest.
2390 4679 2557 4735 Porro
2591 4679 2782 4751 iterum
2810 4679 3042 4747 plurium
3072 4695 3323 4751 numero,
3360 4684 3428 4740 Si

126 4747 208 4816 qui
256 4749 527 4812 deerant,
584 4763 648 4801 ex
714 4748 1047 4802 Dacberiaua
1102 4748 1339 4801 editione
1386 4748 1721 4805 sull'ecimus.

191 4819 217 4856 δ
255 4821 343 4875 ΔΙ)
369 4821 455 4874 his
482 4818 696 4882 verbis,
741 4821 785 4873 Α
832 4819 1136 4885 Salomone,
1189 4833 1358 4887 usque
1412 4821 1477 4873 ad
1531 4822 1721 4875 subse-

128 4894 338 4956 queritis
384 4890 599 4961 periodi
651 4890 836 4954 linem,
882 4900 1143 4957 nascatur,
1178 4890 1500 4945 intermedia
1535 4893 1585 4946 in
1618 4893 1722 4947 Da-

126 4965 377 5017 cheriana
412 4963 649 5017 editione
676 4962 1079 5017 desiderantur.

190 5044 211 5069 ε
238 5034 400 5104 Apud
435 5033 781 5097 Dacherium,
818 5033 1023 5098 Quanto
1056 5033 1218 5096 magis
1264 5050 1356 5087 nos
1384 5050 1561 5087 sacras
1590 5035 1720 5104 vigi-

122 5102 301 5160 lias...
322 5110 576 5176 fecundas
605 5104 871 5158 observare
908 5114 955 5158 et
984 5120 1158 5176 amare
1175 5105 1435 5168 debemus,
1469 5118 1580 5159 uta
1616 5102 1721 5159 Do-

122 5178 256 5231 mino
291 5175 406 5229 Deo
440 5176 725 5229 mercedem
763 5177 1094 5247 recipiamus.
1129 5175 1380 5247 Equidem
1406 5188 1523 5230 sunt
1550 5176 1718 5231 homi-

124 5264 222 5307 nes,
250 5249 346 5319 qui
379 5248 483 5301 ista
521 5246 899 5319 reprehendunt
929 5247 1057 5301 :sed
1090 5265 1118 5300 a
1147 5246 1253 5316 ﬁde
1282 5247 1535 5303 catholica
1564 5258 1609 5301 et
1640 5266 1718 5302 re-

120 5318 313 5389 ligione
342 5320 500 5373 alieni
520 5318 804 5375 sunt.7Sed
834 5336 935 5372 non
960 5329 1035 5374 est
1062 5320 1267 5385 mirum,
1298 5322 1555 5390 quomodo
1584 5322 1716 5375 enim

120 5390 291 5461 inpiis
321 5402 372 5445 et
403 5392 659 5461 profanis,
691 5402 799 5446 etc.

184 5460 209 5498 δ
242 5460 491 5517 Plurium
525 5479 751 5518 numero
782 5463 836 5517 in
862 5462 1193 5517 Dacbei-iana
1234 5462 1493 5529 editione,
1528 5462 1591 5519 Si
1620 5480 1716 5519 au-

115 5546 207 5588 tem
229 5550 388 5588 senes
418 5545 565 5599 sunt,
595 5538 709 5605 quis
746 5551 830 5588 eos
859 5533 1141 5604 compellit,
1170 5543 1222 5586 nt
1260 5536 1511 5605 rigilent?
1538 5553 1712 5604 quam~

114 5623 267 5673 etiam
294 5615 350 5659 et
392 5624 494 5660 non
523 5605 777 5672 compulsi
816 5606 1030 5678 rigilare
1060 5605 1265 5671 debent,
1295 5625 1387 5678 pro
1426 5608 1541 5675 ipsa
1566 5617 1716 5662 (elate

112 5692 230 5734 su.
272 5680 441 5741 Tum,
472 5689 519 5731 et
560 5678 841 5731 Dominum
873 5681 1031 5730 Deum
1060 5678 1332 5732 instantius
1358 5696 1524 5733 orare.
1577 5680 1716 5749 Vigi-

112 5754 221 5805 lare
268 5752 449 5819 itaque
478 5750 659 5803 del'ent
696 5751 943 5814 sedentes,
983 5750 1024 5802 si
1063 5760 1198 5804 stare
1241 5768 1341 5804 non
1383 5750 1661 5818 pt'azt'alent
1692 5769 1709 5805 .·

146 5840 230 5875 ua:
254 5823 652 5876 tantummodo
684 5821 945 5875 habentur
986 5836 1083 5889 pro
1115 5823 1430 5889 insequente
1464 5823 1705 5891 periodo,

146 5890 177 5949 It
206 5894 256 5952 si
284 5904 433 5953 stare
462 5909 562 5945 non
591 5903 760 5963 potes,
792 5903 920 5958 etc.,
967 5909 1132 5965 u<que
1166 5894 1303 5953 decet
1342 5892 1550 5969 vigiliis,
1583 5890 1704 5969 quae

415 5989 690 6055 Peraea.
740 5987 953 6054 XXX.

1825 4749 1945 4807 vero
1968 4752 2164 4821 infirmi
2194 4762 2329 4813 sunt,
2374 4760 2509 4815 etc.,
2558 4750 2917 4806 coluerenter.
2968 4749 3228 4821 Denique,
3270 4753 3428 4808 Com-

1828 4825 2067 4879 mendent
2093 4826 2248 4876 etiam
2290 4822 2645 4891 vigilantibus,
2677 4832 2732 4875 ut
2768 4838 2854 4876 eos
2878 4823 2985 4876 suis
3027 4824 3282 4891 precibus,
3312 4834 3417 4881 etc.

1901 4906 1924 4933 ο
1949 4893 2182 4949 Additur
2205 4910 2372 4962 penes
2398 4894 2741 4965 Dacberium,
2765 4910 2797 4945 a
2815 4896 3085 4965 religione,
3107 4905 3161 4949 et
3183 4912 3309 4949 mox
3334 4897 3425 4949 de.

1824 4966 1999 5020 bemus
2031 4982 2131 5019 non
2169 4966 2414 5031 inridere,
2440 4964 2529 5036 sed
2555 4965 2904 5036 congratulari
2932 4966 3239 5033 potentibus.
3267 4968 3418 5023 Sicut

1824 5038 1961 5091 enim
1983 5037 2071 5105 qui
2108 5037 2358 5109 consentit
2390 5035 2622 5102 malitiae,
2657 5035 2911 5109 particeps
2948 5048 3022 5091 est
3054 5052 3237 5109 paena’.
3272 5036 3412 5096 Male

1824 5055 1961 5091 8111111
1983 5055 2069 5105 qui
2108 5055 2358 5089 consenm
2390 5055 2622 5102 matula},
2660 5055 2911 5109 particeps
2948 5055 3022 5091 est
3096 5055 3237 5090 ωηιιν.

1823 5118 2002 5162 autem
2038 5108 2198 5177 paulo
2227 5118 2368 5176 post,
2402 5120 2615 5161 cor-auat
2638 5107 2855 5175 affectus
2877 5124 2973 5176 pro
3007 5055 3237 5175 efﬁctus.

1902 5179 1919 5217 ε
1951 5178 2057 5234 Pro
2104 5181 2405 5243 oscitamus,
2445 5179 2499 5234 in
2544 5180 2771 5236 Dacber.
2818 5181 2947 5235 edit.
2992 5180 3203 5236 duobus
3232 5182 3413 5239 verbis

1821 5250 2015 5306 obsessi
2064 5251 2321 5323 lcetamur.
2364 5249 2513 5318 Mox,
2558 5251 2793 5323 confusio
2832 5267 2947 5321 qua
2983 5250 3195 5306 adducit
3235 5272 3415 5323 pecca-

1820 5333 1948 5377 tum.
1984 5322 2210 5385 Deinde,
2235 5324 2279 5376 si
2308 5325 2471 5375 sancti
2512 5322 2665 5387 estis,
2680 5329 2848 5395 aniate
2871 5323 3096 5395 vigilias,
3135 5322 3267 5395 etc.,
3296 5328 3414 5395 plu-

1820 5397 1964 5450 rium
2008 5409 2234 5449 numero
2274 5396 2616 5452 continenter
2655 5405 2712 5451 et
2760 5392 3011 5459 inferius,
3047 5406 3105 5448 ut
3142 5392 3411 5451 tundentes

1819 5475 2027 5535 pectora
2059 5467 2373 5537 frequentius
2404 5466 2635 5520 clametis
2658 5467 2725 5520 ad
2744 5463 3020 5521 Dominum
3051 5483 3115 5520 ea:
3134 5478 3238 5522 toto
3259 5470 3411 5521 corde

1820 5539 2043 5593 dicentes
2069 5554 2085 5593 :
2114 5538 2187 5597 Ab
2219 5539 2455 5604 occultis,
2486 5548 2592 5593 etc.
2940 5598 2943 5603 ι

1898 5620 1920 5656 κ
1952 5610 2006 5665 In
2052 5608 2295 5665 Dacherii
2318 5610 2449 5683 edit.
2476 5607 2701 5683 Tempus
2725 5610 2878 5683 exigit
2904 5626 2923 5665 :
2942 5626 3010 5665 ex
3038 5622 3148 5683 qua
3170 5616 3222 5683 ct_
3242 5606 3406 5664 suile-

1822 5682 1997 5737 cimus
2027 5683 2185 5751 paulo
2231 5693 2349 5749 post
2381 5681 2692 5736 adverbium
2724 5678 2959 5745 libénter,
3008 5680 3150 5747 quod
3192 5678 3402 5733 deerat.

1820 5754 1944 5808 Mox
1974 5754 2114 5819 quod
2146 5755 2199 5807 in
2222 5770 2285 5807 ea
2316 5752 2555 5819 additur,
2586 5754 2795 5823 spiritu,
2826 5754 2916 5808 ubi
2939 5754 3159 5817 dicitur,
3190 5753 3331 5821 regio
3358 5763 3409 5808 et

1815 5825 2142 5896 proliln'tico,
2169 5823 2490 5898 glossatoris
2519 5834 2600 5881 est
2624 5825 2837 5881 vitium.

2844 6070 2847 6075 _
2876 5989 2920 6065 8
