3926 6290
575 345 685 406 239

1614 338 1672 399 S.
1717 334 2107 398 HIERONYMI
2144 338 2181 396 0

2288 335 2431 397 ItUM
2469 333 2867 397 ΜΑΝῪΙΞΞΑ.Ἰ
3742 342 3826 411 2ιο

568 473 763 535 pectus
786 461 1029 519 clausum
1058 457 1300 529 diabolo,
1326 465 1570 531 apertum
1593 456 1845 511 Christo:
1884 466 1908 493 α
1941 463 1997 509 ttt
2020 469 2178 526 quem
2207 456 2256 516 Α
2285 454 2539 524 Spinosus
2572 453 2676 509 nisi
2708 461 2836 507 ante
2868 450 3099 508 cultoris
3131 448 3325 507 labore
3341 447 3502 508 fuerit
3527 453 3826 529 exstirpatus,

568 559 730 615 labiis
760 573 1045 623 sonamus,
1076 554 1243 611 corde
1276 566 1580 609 teneamus.
1610 553 1765 607 Tunc
1797 557 1961 605 erunt
1987 561 2179 617 accep.

569 653 770 709 tabiles
794 660 997 706 nostrae
1012 649 1231 720 vigilite,
1255 658 1381 702 tunc
1405 642 1744 717 pernoctatio
1769 641 2029 695 salutaris
2048 640 2177 706 erit,

572 749 620 802 si
649 744 987 817 competenti
1019 743 1325 814 diligentia,
1374 751 1427 796 et
1458 738 1753 794 devotione
1782 736 1993 791 sincera
2023 733 2182 789 mini-

571 840 801 894 sterium
850 845 1103 893 nostrum
1153 834 1357 890 divinis
1392 831 1678 886 obtutibus
1719 827 2003 883 offeratur.
2053 826 2180 881 Haec

571 932 641 988 de
662 931 988 1002 vigiliarium
1015 928 1339 985 auctoritate
1371 936 1426 981 et
1455 924 1807 995 antiquitate,
1834 936 1934 977 nec
1953 933 2059 974 non
2076 919 2179 972 uti-

572 1028 730 1083 litate
761 1025 905 1082 dicta
958 1023 1243 1080 sufficiant.
1289 1021 1471 1078 Gratia
1535 1018 1751 1074 Domini
1808 1013 1986 1070 nostri
2050 1013 2179 1069 Jesu

573 1120 775 1177 Christi
803 1134 923 1174 cum
953 1117 1211 1173 omnibus
1242 1114 1419 1171 vobis.
1452 1115 1649 1169 Amen.

722 1233 1035 1293 MONITUM
1063 1232 1129 1288 IN
1161 1228 1553 1287 EPISTULAM
1585 1223 2030 1292 SEQUENTEM.

655 1330 834 1397 Nihil,
861 1340 914 1386 ut
937 1346 1051 1383 rere
1078 1328 1151 1381 ait
1182 1325 1450 1397 Erasmus,
1479 1332 1553 1375 est
1581 1322 1752 1397 iuliae
1781 1318 2019 1397 cpistola,
2039 1314 2178 1397 quod

580 1386 1077 1461 ad'Paminarhium
1106 1406 1196 1451 aut
1221 1396 1487 1451 Oceanum
1512 1386 2055 1465 pertinererideatur.
2076 1386 2182 1438 0b-

574 1458 759 1551 jurgat
793 1490 909 1537 eos,
948 1487 1168 1540 quorum
1202 1469 1442 1551 pietatem
1481 1458 1693 1551 semper.
1718 1463 1853 1551 alias
1891 1458 2180 1551 pradicarc

580 1527 717 1604 25a“:
792 1527 1048 1617 ῥύετ’νώηο
1077 1527 1364 1617 qtto_'signo
1400 1527 1755 1617 deprehendas
1786 1532 1853 1585 ad
1883 1527 2012 1585 duos
2054 1527 2180 1583 scri-

499 1691 505 1697 ‘
582 1632 725 1692 plum
756 1610 927 1688 potius
954 1610 1107 1685 quant
1136 1612 1205 1665 ad
1235 1626 1391 1663 unum
1420 1610 1442 1661 ?

1083 1724 1418 1781 EPISTULA
1457 1720 1677 1775 XXXII.

745 1858 819 1901 AD’
842 1854 1191 1900 ΡΑωιΑυιιιυιι
1222 1854 1287 1894 ET
1314 1850 1564 1893 OCEANUS
1595 1844 2030 1888 EXHORTATORIA.

657 1963 697 2017 1.
742 1958 842 2027 Qui
884 1955 1198 2023 .‘Etltiopem
1242 1952 1436 2007 invitat
1488 1948 1554 2002 ad
1587 1948 1830 2012 balneas,
1865 1943 1967 1998 etsi
1997 1942 2178 2012 nigre-

586 2057 770 2114 dinem
806 2070 911 2108 non
940 2049 1437 2112 auferatilli,certe
1458 2044 1540 2097 vel
1573 2041 1855 2112 pecuniam
1887 2038 2083 2107 accipit
2104 2036 2179 2090 si—

584 2153 663 2218 bi,
693 2160 749 2206 et
781 2149 910 2203 licet
938 2147 991 2201 itt
1032 2144 1174 2199 illius
1204 2140 1443 2196 candore
1475 2153 1581 2191 non
1615 2135 1877 2205 gaudeat,
1919 2142 2067 2187 certe
2098 2129 2181 2185 vel

586 2257 691 2301 suo
735 2242 787 2296 itt
827 2241 978 2294 lucro
1018 2237 1246 2291 laetatur.
1293 2233 1368 2287 Ita
1410 2232 1529 2285 sine
1574 2229 1739 2283 dubio
1782 2225 2179 2281 inobedientem

584 2337 675 2407 qui
713 2333 916 2390 divinis
944 2328 1289 2386 sermmtibus
1317 2334 1496 2379 monet
1519 2364 1533 2387 ,
1570 2321 1820 2391 quamvis
1857 2318 2184 2386 refragantis

583 2438 813 2500 peccata
854 2440 963 2480 non
987 2423 1141 2477 tollat
1166 2462 1179 2486 ,
1210 2418 1515 2473 mercedem
1558 2427 1737 2468 tamen
1773 2414 1841 2468 de
1881 2409 2183 2466 ministerio

585 2536 730 2577 verte
759 2516 1044 2575 charitatis
1076 2513 1177 2568 sibi
1212 2511 1463 2581 acquirit.
1482 2507 1586 2564 Sed
1614 2506 1733 2561 ideo
1761 2506 1863 2560 hoc
1888 2504 2031 2567 dico,
2059 2502 2181 2573 quia

584 2628 684 2667 vos
709 2623 908 2681 sperno
930 2608 955 2662 ’ἶ
976 2606 1105 2661 ldeo
1134 2605 1349 2673 loquor,
1377 2602 1500 2671 quia
1533 2614 1630 2653 vos
1672 2597 1809 2652 forte
1838 2610 1944 2650 non
1975 2593 2183 2664 diligo?

585 2702 911 2774 Respondeo
959 2698 1201 2769 Apostoli
1236 2710 1367 2749 voce
1396 2714 1406 2746 :
1443 2692 1607 2746 Testis
1646 2700 1721 2745 est
1754 2689 1892 2742 Deus
1938 2686 2108 2753 (Phil.
2142 2700 2181 2751 t,

585 2800 663 2871 ὃ),
691 2796 838 2868 quod
867 2794 1029 2860 facio,
1061 2802 1115 2847 et
1139 2789 1350 2853 faciam,
1382 2802 1487 2841 non
1508 2794 1822 2849 contemno,
1871 2782 1965 2837 sed
1997 2781 2180 2847 doleo,

588 2890 930 2950 inﬁdelitatis
961 2887 1013 2941 in
1045 2884 1180 2940 meis
1209 2891 1525 2951 argumenta
1559 2892 1849 2948 apparere,
1890 2891 1995 2928 non
2034 2872 2181 2936 fidei,

587 2982 713 3056 quia
737 2980 959 3038 Judaica
989 2978 1045 3033 in
1078 2976 1230 3059 vobis
1261 2972 1593 3033 testimonia,
1620 2986 1724 3024 non
1757 2966 2064 3022 Christiana
2092 2979 2183 3019 co-

590 3090 817 3149 gnosco.
845 3065 1111 3142 Quoniani
1145 3067 1392 3123 videntes
1415 3109 1429 3132 ,
1467 3081 1573 3119 non
1597 3064 1793 3117 videtis
1826 3078 1839 3115 ε
1871 3070 1926 3115 et
1962 3059 2183 3114 audien-

550 3164 690 3235 'tes,
725 3183 829 3221 non
858 3165 1019 3220 vultis
1050 3161 1259 3216 audire.
1291 3160 1422 3213 item
1449 3157 1645 3211 fortem
1663 3156 1912 3210 dicturus
1937 3166 2077 3207 sum.
2102 3150 2179 3205 Ex

588 3274 827 3330 utroque
864 3258 1189 3314 conturbor.
1218 3253 1407 3308 Timeo
1439 3250 1717 3305 auditores
1748 3248 2054 3311 offendere,
2087 3247 2181 3300 sed
2211 3234 2257 3297 C

584 3356 710 3426 plus
741 3353 906 3407 timeo
937 3358 1344 3417 contemptores
1378 3350 1775 3415 praeceptorum
1803 3357 1815 3395 :
1841 3341 1932 3410 qui
1962 3339 2183 3393 verbum

586 3451 682 3506 Dei
727 3447 918 3503 audire
940 3444 1307 3506 dissimulant,
1341 3439 1556 3511 pejores
1582 3437 1739 3491 idolis
1771 3435 2057 3489 habentur.
2092 3431 2184 3487 llla

588 3542 810 3613 quidem
837 3554 1000 3594 aures
1030 3536 1251 3601 habent,
1283 3534 1376 3588 sed
1410 3549 1518 3587 non
1548 3531 1887 3586 voluntatem
1916 3545 1928 3581 :
1960 3542 2067 3583 non
2093 3542 2189 3580 auc

585 3634 763 3709 diunt,
790 3646 899 3687 non
943 3629 1165 3700 palpant
1188 3625 1465 3689 manibus,
1499 3638 1600 3679 nec
1625 3621 1872 3691 capiunt.

660 3723 723 3780 ll.
756 3722 910 3781 Unde
943 3724 994 3777 in
1020 3721 1289 3776 malorum
1323 3716 1605 3772 hominum
1632 3713 2043 3783 eontparatione
2073 3725 2186 3766 me-

583 3821 722 3877 liora
765 3825 926 3883 sunt,
958 3816 1084 3886 quia
1134 3827 1233 3869 nec
1273 3809 1677 3878 concupiscunt
1703 3807 1908 3870 oculis,
1952 3820 2051 3860 nec
2089 3819 2186 3875 per

585 3910 861 3970 contraria
890 3919 943 3966 et
979 3910 1087 3965 De)
1118 3908 1334 3961 inimica
1371 3905 1705 3959 discurrunt.
1751 3901 1820 3955 Et
1870 3899 2187 3954 naturaliter

585 4007 774 4069 surda.
804 4015 952 4060 recte
994 4001 1219 4058 meliora
1253 3998 1695 4054 inobedientibus
1729 3993 2061 4064 indicantur.
2100 3994 2188 4047 lii-

584 4108 673 4154 cat
711 4096 1015 4165 Propheta,
1047 4092 1092 4147 si
1126 4092 1384 4146 mentior.
1429 4089 1707 4159 Loquatur
1740 4085 1909 4158 David
1952 4084 2043 4156 qui
2082 4084 2184 4139 hu-

580 4190 821 4262 jnsmodi
856 4187 1112 4242 homines
1134 4182 1535 4255 comparandos
1562 4197 1681 4236 esse
1703 4180 2053 4250 serpentibus
2077 4194 2185 4234 non

586 4284 807 4353 negavit
840 4297 855 4335 :
897 4279 1047 4336 Sicut
1077 4277 1275 4347 aspidis
1298 4318 1311 4341 ,
1349 4278 1455 4341 ait,
1499 4276 1672 4329 surdw
1710 4274 2002 4329 obturantis
2032 4292 2184 4328 aures

590 4393 737 4441 suos,
770 4391 833 4429 ne
859 4390 1028 4429 vocem
1053 4371 1236 4425 audiat
1261 4369 1581 4423 incantantis
1609 4366 1832 4439 (Psalm.
1858 4383 1985 4433 Lvtt,
2014 4368 2092 4439 5).
2120 4368 2187 4422 Et

590 4469 809 4523 videant
847 4468 895 4522 si
927 4482 1036 4520 non
1071 4475 1218 4519 recte
1262 4462 1605 4531 serpentibus
1649 4471 2058 4532 Comparantur,
2092 4463 2181 4530 qui

582 4557 727 4630 quod
751 4557 981 4613 audiunt
1021 4565 1227 4611 natura:
1265 4554 1561 4619 beneficio,
1587 4554 1937 4608 dissimulant
1974 4554 2185 4609 callidi-

584 4656 713 4711 tatis
742 4652 963 4707 astutia.
1009 4650 1092 4705 An
1122 4648 1417 4703 Christiani
1457 4648 1560 4702 dici
1608 4656 1865 4716 possunt,
1898 4648 1987 4715 qui
2017 4648 2178 4702 etiam
2208 4632 2262 4691 D

585 4760 783 4801 nomen
827 4743 1015 4813 prima:
1064 4740 1415 4795 humanitatis
1472 4742 1779 4794 amittunt?
1836 4740 1977 4795 Ecce
2020 4741 2179 4796 Jere-

584 4838 725 4894 mias
749 4835 880 4891 dicit
910 4851 923 4885 :
965 4831 1349 4885 Incircurtu'istr
1384 4848 1531 4886 aures
1570 4848 1775 4899 corum,
1818 4832 1907 4902 qui
1944 4834 2041 4886 hoc
2078 4850 2181 4887 non

584 4940 800 5007 possunt
840 4930 1023 4983 audire
1051 4925 1186 4997 (Jer.
1218 4941 1291 4989 γι,
1325 4923 1433 4995 η).
1475 4924 1590 4980 Non
1634 4927 1756 4993 quia
1789 4942 1894 4980 non
1931 4936 2178 4995 possunt,

579 5024 679 5079 sed
704 5021 1199 5093 impossibilitatem
1224 5020 1478 5072 voluntas
1507 5027 1716 5072 natura:
1745 5016 1961 5073 inimica
1991 5034 2181 5088 super-

580 5115 773 5170 duxit:
798 5114 925 5169 dum
956 5115 1113 5183 longe
1140 5110 1453 5175 vitiositatis
1484 5125 1602 5171 usu,
1629 5110 1847 5179 genuini
1874 5126 2054 5165 mores
2085 5127 2179 5180 per

580 5207 868 5263 adversam
915 5204 1369 5261 consuetudinem
1412 5205 1686 5271 corrupti,
1731 5202 1887 5256 malis
1924 5204 2179 5272 Operibus

581 5300 919 5357 ceciderunt.
968 5300 1144 5355 Etiam
1192 5314 1319 5352 vasa
1356 5297 1486 5352 limo
1519 5297 1711 5365 plena,
1759 5296 2027 5367 liquorem
2062 5300 2177 5369 puri

582 5393 842 5450 elementi
885 5394 1130 5463 recipere
1169 5401 1221 5446 et
1264 5389 1549 5445 continere
1586 5405 1691 5444 non
1740 5399 1988 5460 possunt.
2035 5393 2179 5461 Ager

654 5594 681 5623 ει
715 5584 893 5640 Penes
922 5581 1199 5642 eumdem,
1223 5586 1278 5633 ut
1304 5595 1419 5650 qua:
1449 5578 1601 5632 labiis
1627 5593 1906 5650 sonamns:
1924 5577 2014 5645 Et,
2040 5596 2184 5633 acce—

577 5656 801 5727 ptabiles
820 5656 962 5725 apud
977 5649 1645 5727 Deum‘nostrte‘vigiliw:in
1665 5649 1792 5727 line,
1814 5666 2012 5727 necnon
2034 5652 2184 5705 etiam

579 5719 643 5781 de
670 5719 1052 5780 earum'sancta
1082 5724 1308 5776 utilitate
1338 5722 1478 5773 dicta
1517 5720 1801 5789 sufﬁciant.
1828 5719 2035 5784 Quibus
2065 5722 2183 5777 hac

575 5799 970 5853 subuectnnlur
991 5796 1253 5849 continuo
1278 5808 1289 5844 :
1320 5791 1397 5844 De
1419 5793 1727 5861 ItyJJtOfum
1748 5800 1920 5862 autem
1950 5793 2181 5862 psalmo-

577 5885 796 5940 rumque
822 5868 1281 5937 derotione,quam
1311 5860 1578 5933 grutasint
1610 5872 1654 5918 et
1681 5860 2016 5933 acceptabilia
2049 5864 2176 5935 lico,

2280 561 2392 601 non
2435 547 2603 601 nutrit
2636 546 2687 600 in
2726 559 2785 600 se
2807 544 2958 615 jacta
2990 545 3201 599 semina
3226 586 3240 610 ,
3285 544 3381 600 sed
3414 544 3631 602 suffocat
3663 564 3675 602 :
3703 553 3761 605 ita
3786 564 3828 608 et

2279 640 2492 695 aninms
2522 638 2867 695 saecularium
2895 637 3335 692 sollicitudinum
3368 637 3825 707 plenusillecebris,

2279 733 2506 788 verbum
2548 747 2653 789 non
2680 732 2877 801 ’potest
2925 731 3203 786 sustinere
3247 729 3491 785 divinum
3532 749 3546 787 :
3581 732 3670 787 nisi
3711 737 3829 805 prius

2281 826 2426 899 ipsas
2453 828 2637 882 mundi
2657 826 3061 883 sollicitudines
3085 826 3491 897 culparumque
3514 829 3730 885 omnium
3745 847 3834 887 ma-

2283 922 2472 987 terias,
2513 920 2841 991 evangelica
2872 922 2925 977 in
2961 935 3022 976 se
3056 919 3196 975 falce
3240 918 3553 977 succiderit.
3586 922 3725 978 Modo
3741 926 3832 995 qui-

2283 1012 2508 1069 busdam
2535 1012 2716 1069 miuns
2739 1014 2964 1069 forsitan
2987 1014 3203 1084 videor,
3226 1015 3336 1071 Deo
3351 1015 3719 1084 dissimulante,
3739 1034 3836 1087 pec-

2282 1119 2411 1160 care
2449 1123 2463 1159 :
2510 1105 2605 1160 sed
2637 1106 2811 1160 aderit
2844 1106 2934 1161 illa
2973 1105 3092 1162 dies
3118 1149 3133 1173 ,
3171 1094 3315 1177 qua.
3341 1108 3478 1163 facta
3506 1121 3673 1164 nostra
3714 1110 3834 1180 quasi

2283 1197 2336 1252 itt
2366 1196 2594 1268 quadam
2628 1198 2812 1251 tabula
2840 1197 3058 1267 depicta
3088 1199 3447 1255 monstranda
3473 1208 3613 1256 sunt.

2356 1289 2443 1344 lli.
2473 1288 2519 1345 0
2549 1291 2766 1360 quantis
2794 1290 2846 1346 in
2876 1289 2967 1346 die
2994 1291 3089 1346 illa
3122 1292 3471 1363 expedisset,
3496 1294 3541 1349 si
3572 1295 3621 1349 in
3642 1293 3729 1350 hac
3751 1295 3836 1350 vita

2283 1392 2340 1439 et
2369 1384 2735 1439 membrorum
2767 1399 2933 1439 sensu
2965 1394 3022 1442 et
3044 1386 3322 1442 viscerum
3345 1387 3534 1459 vigore
3560 1387 3836 1445 caruissent.

2285 1476 2354 1533 Et
2397 1480 2585 1549 quanti
2616 1478 2729 1534 illic
2758 1480 3007 1551 elingues
3043 1489 3098 1537 et
3123 1483 3298 1549 muti,
3346 1482 3614 1540 feliciores
3639 1483 3838 1555 loquaci-

2283 1571 2383 1625 bus
2406 1578 2531 1624 tunc
2552 1580 2731 1624 erunt.
2759 1570 2826 1625 Et
2846 1572 3033 1640 quanti
3054 1582 3306 1644 paStores
3328 1572 3687 1645 philosophis;
3705 1588 3840 1645 quan-

2285 1662 2322 1716 ti
2357 1662 2542 1717 rustici
2573 1662 2886 1718 oratoribus
2914 1683 2927 1717 :
2959 1665 3154 1734 quanti
3178 1663 3410 1721 hebetes
3440 1665 3661 1737 argutiis
3687 1665 3839 1737 prafe-

2285 1755 2448 1811 rendi
2479 1755 2803 1812 Ciceronis?
2832 1755 2936 1812 Job
2960 1767 3187 1813 sanctus
3221 1760 3274 1813 in
3303 1760 3603 1814 tentatione
3635 1758 3694 1814 ad
3715 1774 3838 1813 suam

2209 1842 2255 1903 Β
2282 1848 2510 1920 gloriam
2535 1850 2766 1906 devotus
2792 1869 2804 1903 :
2842 1852 3002 1907 sicin
3033 1853 3227 1910 dolore
3265 1870 3367 1909 suo
3396 1855 3699 1911 clamabat:
3732 1854 3839 1921 Quid

2285 1940 2496 2012 prodest
2536 1943 2586 1995 in
2636 1953 2892 1997 tormento
2927 1945 3061 1999 lux?
3102 1943 3173 2001 Ut
3225 1945 3358 2015 quid
3403 1946 3532 2001 mihi
3557 1949 3730 2018 juncta
3748 1954 3841 1999 sunt

2283 2034 2496 2106 genua?
2518 2044 2573 2089 ut
2598 2036 2726 2105 quid
2750 2035 2905 2089 ubera
2928 2036 3092 2091 sumi?
3120 2037 3227 2092 Cur
3248 2055 3354 2093 non
3386 2040 3442 2093 in
3467 2048 3633 2093 centre
3654 2046 3845 2091 mortuus

2282 2143 2397 2181 sum
2425 2144 2443 2181 :
2486 2139 2534 2181 et
2574 2145 2698 2183 mox
2742 2139 2798 2183 ut
2832 2130 2895 2183 de
2927 2137 3075 2185 utero
3120 2132 3292 2199 emitti,
3352 2149 3458 2187 non
3518 2133 3733 2205 protinus
3767 2132 3844 2184 obii

2284 2219 2426 2293 (Job.
2458 2222 2576 2292 tn)?
2606 2224 2660 2279 Si
2703 2223 2807 2280 hoc
2838 2224 2931 2279 Dei
2970 2225 3181 2281 amicus
3212 2226 3435 2282 dicebat
3474 2228 3526 2282 in
3562 2227 3676 2282 luce
3702 2244 3714 2280 :
3742 2225 3843 2295 quid

2284 2316 2355 2371 ab
2385 2315 2620 2372 inimicis
2643 2317 2761 2386 ejus
2788 2317 3003 2375 dicetur
3034 2320 3088 2373 in
3122 2319 3404 2375 tenebris?
3429 2320 3487 2375 Si
3538 2320 3624 2376 ille
3661 2318 3848 2390 ingenti-

2288 2411 2393 2466 scit
2418 2425 2578 2480 quem
2614 2409 2781 2466 febris
2824 2412 3018 2468 urebat
3054 2429 3068 2469 :
3103 2413 3229 2482 quid
3257 2414 3421 2471 faciet
3464 2429 3619 2485 quem
3646 2413 3851 2485 gehenna

2286 2507 2606 2563 consumet?
2637 2508 2691 2562 Si
2739 2506 2831 2561 ille
2853 2507 2959 2562 sibi
2989 2508 3138 2563 dolet
3169 2524 3348 2580 genua
3383 2508 3554 2565 fuisse
3583 2507 3850 2577 conjuncta,

2285 2603 2443 2672 Cujus
2468 2601 2633 2671 pedes
2656 2617 2876 2672 semper
2899 2601 2952 2656 in
2986 2602 3078 2658 Dei
3105 2618 3294 2659 amore
3323 2612 3679 2660 cucurrerunt
3703 2618 3716 2660 :
3747 2599 3851 2671 quid

2286 2694 2535 2750 dicturus
2568 2703 2684 2759 est,
2723 2693 2881 2763 cujus
2926 2710 3226 2765 numquam
3255 2696 3309 2749 in
3326 2695 3563 2750 veritate
3586 2690 3856 2749 steterunt?

2287 2785 2554 2855 Displicet
2592 2785 2670 2839 illi
2702 2784 2846 2856 quod
2884 2795 3045 2841 natus
3080 2802 3147 2840 ex
3176 2793 3333 2842 utero
3374 2787 3612 2851 vixerat,
3640 2784 3723 2855 qui
3744 2784 3854 2836 bene

2285 2879 2442 2946 vixit,
2475 2879 2597 2950 quia
2627 2895 2749 2934 eum
2780 2880 2979 2934 vermis
3004 2880 3299 2934 moriturus
3329 2879 3565 2936 edebat:
3596 2877 3716 2948 quid
3742 2874 3854 2930 male

2284 2970 2530 3025 viventes
2560 2970 2782 3037 facient,
2806 2987 2942 3041 quos
2971 2972 3110 3042 ignis
3141 2982 3403 3040 aeternus,
3434 2981 3491 3027 et
3520 2975 3712 3027 vermis
3736 2983 3857 3023 num.

2285 3082 2446 3138 quam
2489 3069 2789 3123 moriturus
2831 3069 3157 3138 exspectat?
3207 3068 3384 3123 Durus
3439 3076 3514 3124 est
3564 3068 3643 3121 hic
3684 3078 3857 3119 sermo:

2285 3163 2401 3232 quis
2434 3172 2598 3231 potest
2645 3164 2833 3217 audire
2863 3180 2981 3217 eum
3005 3163 3022 3236 (
3043 3161 3202 3217 Joan.
3230 3180 3302 3227 vt,
3330 3163 3391 3219 6|
3506 3163 3617 3219 Hoc
3643 3162 3860 3217 dixerunt

2290 3255 2365 3309 illi
2397 3256 2670 3324 discipuli,
2719 3256 2809 3326 qui
2841 3254 3042 3310 Christi
3084 3255 3313 3325 vestigia
3359 3257 3414 3309 in
3451 3254 3731 3325 Evangelio
3758 3250 3860 3305 reli-

2288 3358 2523 3418 querunt
2552 3364 2565 3399 :
2599 3358 2654 3402 et
2695 3348 2763 3403 de
2796 3348 2980 3401 divino
3024 3348 3193 3401 verbo
3221 3347 3551 3403 scandalum
3584 3345 3739 3418 passi,
3780 3358 3863 3396 Ste-

2288 3440 2469 3495 culum
2499 3441 2808 3497 maluerunt
2833 3456 3017 3495 amare
3047 3456 3207 3510 quam
3249 3441 3418 3495 Deum
3448 3456 3462 3494 τ
3498 3453 3719 3511 quorum
3757 3448 3861 3489 ven-

2289 3543 2372 3588 ter
2405 3531 2570 3597 Deus,
2627 3535 2829 3587 cultum
2878 3532 3069 3587 nolunt
3100 3533 3293 3588 audire
3331 3532 3556 3603 jejunii.
3605 3525 3867 3585 Luxurioso

2288 3624 2515 3677 verbum
2547 3624 2813 3677 castitatis
2836 3621 3064 3678 offensio
3094 3632 3178 3678 ρει
3204 3640 3220 3678 :
3250 3624 3396 3679 sicut
3443 3621 3709 3693 Propheta
3730 3619 3862 3674 dicit:

2289 3718 2620 3773 Abominatio
2650 3727 2721 3772 est
2752 3718 2860 3771 viro
2888 3719 3066 3790 iniquo
3090 3718 3288 3772 directa
3314 3719 3421 3772 via.
3450 3717 3573 3774 Jam
3606 3713 3866 3784 antiquitus

2288 3811 2493 3866 dictum
2523 3820 2608 3865 est
2638 3811 2707 3865 ab
2738 3811 2874 3865 Isaia
2902 3829 2915 3865 :
2948 3811 3091 3883 quod
3120 3810 3371 3867 Christus
3405 3810 3719 3867 infidelibus
3757 3802 3869 3872 lapis

2288 3905 2602 3960 οΙΥι-ιιεὶοιιίε
2633 3906 2923 3961 exstiterit.
2952 3904 3175 3959 Adulari
3206 3919 3312 3960 non
3347 3918 3603 3974 possum,
3634 3916 3698 3957 ne
3717 3895 3869 3955 etfra-

2287 4010 2425 4058 trcm
2458 4002 2745 4073 decipiam,
2789 4012 2958 4058 etme
3000 4017 3185 4057 sermo
3232 3994 3865 4072 pcrcutiat‘Salomonis,

2287 4095 2377 4166 qui
2407 4096 2475 4149 ait
2508 4115 2519 4149 :
2567 4093 2729 4149 l'erba
2776 4096 3109 4149 adulatorum
3143 4095 3321 4149 mollia
3366 4105 3498 4149 sunt
3528 4111 3547 4148 :
3580 4093 3691 4148 Itazc
3726 4098 3869 4143 autem

2286 4188 2478 4260 feriunt
2508 4190 2757 4242 interiora
2787 4189 2979 4243 centris
3006 4189 3024 4258 (
3052 4187 3210 4242 Prov.
3246 4203 3398 4255 xvttt,
3436 4188 3471 4243 8
3496 4188 3538 4259 ).
3573 4186 3689 4241 Non
3721 4191 3793 4238 est
3820 4181 3871 4232 li-

2287 4281 2427 4337 delis
2455 4281 2702 4336 medicus
2733 4281 2825 4351 qui
2848 4293 2975 4335 ante
3017 4280 3280 4350 digestam
3324 4280 3682 4351 putredinem
3708 4286 3874 4346 supcr-

2286 4371 2435 4430 ducit
2466 4373 2678 4429 vulneri
2710 4374 3041 4427 cicatricem.
3085 4370 3201 4426 Non
3238 4386 3538 4443 possumus
3575 4382 3781 4437 semper
3804 4364 3871 4418 lac

2286 4465 2418 4523 dare
2446 4485 2459 4520 :
2492 4467 2619 4536 quia
2654 4482 2755 4520 nec
2776 4481 2875 4521 vos
2902 4481 3119 4535 semper
3151 4464 3362 4536 parvuli
3397 4481 3525 4521 esse
3556 4462 3779 4519 debetis.

2364 4558 2455 4613 iV.
2494 4558 2666 4614 Dicite
2692 4557 2847 4621 mihi,
2885 4568 3015 4627 quot
3036 4559 3162 4612 anni
3195 4566 3417 4613 suntex
3451 4572 3566 4629 quo
3598 4546 3874 4625 rcgenerati

2286 4666 2476 4707 sumus
2509 4652 2561 4704 in
2593 4649 2845 4705 Christo?
2872 4648 3198 4705 Consideret
3226 4649 3609 4718 unusquisque
3638 4650 3873 4717 quantum

2286 4759 2352 4800 ex
2379 4760 2447 4799 eo
2475 4753 2718 4811 tempore
2750 4741 2801 4796 in
2826 4742 2913 4796 illa
2937 4742 3146 4797 caelesti
3177 4749 3336 4796 tetatc
3362 4740 3685 4809 profecerit.
3710 4731 3879 4790 Nescio

2286 4836 2521 4907 qualiter
2555 4836 2805 4905 placeant
2834 4835 3152 4901 parentibus
3176 4835 3252 4889 illi
3288 4833 3533 4889 infantes
3560 4831 3752 4904 quibus
3775 4832 3879 4879 sunt

2286 4930 2413 4985 anni
2440 4930 2678 4999 quinque
2700 4929 2781 4983 vel
2812 4927 3027 4995 decem,
3060 4927 3102 4981 si
3128 4929 3179 4982 in
3204 4942 3267 4982 ea
3289 4942 3395 4997 qua
3426 4927 3550 4982 nati
3578 4935 3706 4981 sunt
3733 4920 3881 4977 modi-

2286 5025 2452 5079 citate
2481 5022 2797 5092 perdurant.
2831 5022 2972 5087 Quid
3006 5021 3073 5076 de
3107 5021 3263 5076 nobis
3293 5018 3598 5075 dicendum
3633 5025 3734 5081 est,
3765 5023 3881 5085 quos

2288 5112 2551 5183 temporis
2575 5111 2733 5175 ratio,
2770 5128 2876 5167 non
2912 5112 3180 5181 modicos,
3217 5112 3311 5166 scd
3338 5111 3631 5167 abortivos
3656 5102 3881 5164 invenit?

2290 5205 2445 5261 Ibunt
2493 5206 2556 5259 de
2600 5206 2784 5260 virtute
2824 5206 2878 5259 in
2906 5205 3172 5270 virtutem,
3203 5205 3272 5261 de
3316 5205 3481 5260 bonis
3516 5205 3783 5275 scriptum
3810 5204 3881 5254 est

2287 5299 2627 5355 Christianis.
2663 5298 2956 5354 Videamus
2980 5300 3023 5353 si
3064 5297 3361 5353 CltriStiani
3408 5314 3611 5354 sumus
3638 5317 3653 5354 :
3677 5294 3798 5369 quid
3838 5293 3881 5348 in

2289 5391 2445 5447 nobis
2478 5389 2497 5462 (
2522 5405 2586 5445 ex
2617 5405 2724 5461 quo
2752 5391 3057 5460 rcgenerati
3080 5404 3269 5445 sumus
3299 5390 3352 5445 in
3383 5387 3619 5445 Cltristo
3640 5390 3662 5461 )
3686 5382 3881 5443 virtutis

2294 5596 2429 5658 nunc
2466 5576 2997 5658 quantulumcumque
3034 5582 3303 5658 dixissent,
3332 5578 3431 5658 nisi
3471 5581 3622 5634 ratio
3651 5574 3885 5648 prolixior

2290 5648 2528 5732 columen
2566 5648 3031 5732 aliudport‘ularet
3069 5655 3208 5732 quod
3244 5651 3475 5732 Domino
3512 5652 3785 5732 largiente,
3818 5661 3888 5732 sf-

2290 5722 2472 5792 queati
2502 5717 2820 5792 exhibebitur
2844 5717 3187 5779 lectioneflte
3215 5732 3394 5779 autem
3427 5724 3554 5788 ipsa
3596 5717 3652 5777 in
3692 5736 3762 5792 ea;
3784 5717 3886 5792 edi_~_

2290 5787 2438 5847 tione
2476 5792 2614 5864 alter
2639 5789 3026 5864 _sub_sequitur.
3086 5795 3364 5850 Tractatm
3405 5787 3674 5864 ejusdem
3712 5787 3886 5848 Maelii

2285 5865 2511 5937 episcOpi
2534 5863 2595 5916 de
2628 5860 2945 5920 Psalmodiw
2975 5868 3125 5922 bono.
