3926 6290
475 318 589 379 εδδ

1514 308 1573 366 S.
1615 305 2000 365 HIERONYMI
2035 302 2320 364 OPERUM
2359 306 2726 365 MANTISSA.

3676 306 3793 365 2M

478 428 743 505 panibus:
783 434 831 481 et
858 440 950 497 ego
975 422 1061 479 hic
1100 426 1238 496 {ante
1278 422 1473 494 pereo!
1520 418 1747 492 Surgam
1791 421 1984 491 itaque,
2035 427 2081 474 et
2107 420 2170 480 Α
2189 418 2428 485 Domine,
2480 437 2639 491 neque
2689 420 2950 489 despicias
2996 436 3097 490 me,
3154 419 3299 478 Deus
3349 421 3605 481 salutaris
3647 438 3797 478 metu

483 530 667 580 undam
699 523 768 577 ad
788 531 986 594 patrem
1014 533 1205 585 meum,
1235 526 1282 571 et
1312 517 1483 571 dicant
1509 515 1593 571 illi
1620 529 1638 569 :
1664 514 1823 571 Pater
1840 559 1854 583 ,
1879 512 2085 588 peccavi

484 621 540 674 in
573 616 758 674 coelum
799 626 847 669 et
887 629 1066 667 coram
1106 618 1175 678 te,
1218 614 1335 684 jam
1380 626 1483 665 non
1520 626 1635 664 sum
1685 610 1875 682 dignus
1913 610 2089 662 uocari

483 713 629 781 ﬁlius
656 720 777 763 tuus
826 723 846 762 :
887 709 974 777 fac
1014 722 1096 759 me
1125 704 1262 759 sicut
1301 717 1462 758 unum
1501 702 1565 756 de
1611 701 1937 757 mercenariis
1986 699 2087 753 tuis

482 804 502 877 (
533 802 663 857 Luc.
707 818 797 868 xv,
840 800 933 865 l7,
953 795 1146 870 seqq.).
1176 796 1340 851 Pater
1365 806 1545 851 autem
1574 804 1699 851 cum
1733 794 1961 849 vidisset
1989 792 2085 847 hu-

485 897 769 953 militatem
801 893 920 960 lilii,
962 902 1015 946 et
1045 890 1210 953 nimis
1237 889 1418 961 in0pia
1445 889 1743 955 defessum,
1777 886 2089 943 miseriCor-

482 989 571 1043 dia
593 995 903 1043 commotus
934 992 1057 1038 est:
1087 997 1186 1053 pro
1215 982 1328 1037 lilio
1374 982 1567 1037 humili
1606 979 1808 1036 occidit
1856 979 2086 1034 vitulum

485 1084 814 1151 saginatum.
863 1075 1142 1132 Memento
1191 1088 1348 1149 ergo,
1398 1073 1497 1139 iiIi,
1537 1073 1793 1144 quoniam
1835 1069 2089 1127 Christus

488 1189 587 1245 pro
613 1184 665 1229 te
688 1180 937 1231 mortuus
962 1154 1065 1237 est,
1092 1167 1184 1241 qui
1211 1177 1338 1225 ante
1362 1166 1541 1231 fuerat
1567 1164 1767 1222 vitulus
1784 1164 2087 1236 saginatus.

488 1268 663 1325 Filius
708 1278 892 1322 autem
945 1265 1094 1320 illius
1144 1264 1319 1334 major
1365 1262 1724 1319 contristatus
1770 1272 1878 1325 est.
1907 1261 2093 1328 Quare

490 1361 706 1414 occisus
736 1367 820 1412 est
877 1355 1159 1431 Chrisms,
1210 1355 1303 1426 qui
1350 1362 1470 1411 erat
1518 1354 1721 1410 vitulus
1772 1352 2093 1424 saginatus?

490 1452 653 1506 Pater
699 1460 879 1503 autem
936 1449 1081 1504 illius
1126 1445 1460 1516 corripiebat
1492 1445 1662 1512 illum,
1694 1445 1885 1500 dicens
1916 1461 1931 1497 :
1958 1442 2091 1512 Fili,

484 1554 542 1598 tu
568 1557 765 1613 semper
786 1557 984 1596 mecum
1013 1557 1087 1609 es,
1112 1547 1160 1593 et
1193 1542 1369 1594 omnia
1399 1554 1514 1593 mea
1540 1547 1630 1593 tua
1654 1546 1777 1593 sunt
1806 1555 1825 1591 :
1847 1535 2093 1592 Gaudere

490 1646 540 1691 te
565 1645 788 1707 oportet.
812 1637 935 1706 quia
963 1636 1046 1689 hic
1068 1634 1215 1701 ﬁlius
1244 1648 1387 1689 meus
1430 1642 1667 1688 mrtuus
1706 1633 1895 1704 fuerat,
1932 1642 1981 1687 et
2012 1648 2093 1685 re-

492 1730 619 1783 risit
648 1731 933 1801 :perierat,
965 1738 1013 1782 et
1042 1729 1276 1784 inuentus
1297 1736 1391 1782 est.
1415 1728 1463 1782 Ο
1487 1743 1647 1798 quam
1678 1727 1897 1781 beatum
1924 1740 2096 1796 popu-

2193 512 2418 585 (Psalm.
2451 530 2594 581 xxvr,
2628 513 2717 587 9).
2751 515 2836 570 Ne
2867 517 3113 589 proficias
3142 533 3221 571 me
3252 532 3285 570 α
3308 518 3443 586 facie
3463 528 3575 587 tua,
3608 528 3657 571 et
3685 520 3797 586 spi-

2189 607 2346 658 ritum
2368 617 2608 660 sanctum
2637 616 2785 661 tuum
2822 623 2888 661 ne
2914 610 3126 679 auferas
3150 624 3182 662 a
3215 625 3295 663 me
3318 608 3549 680 (Psalm.
3584 626 3639 675 ι,
3674 610 3795 677 i5).

2192 696 2341 755 Sana
2365 698 2591 752 animam
2624 714 2807 765 nicum,
2840 701 2962 770 quia
2992 703 3200 773 peccavi
3230 701 3343 757 tibi.
3388 702 3583 758 Libera
3622 718 3715 758 me
3736 709 3803 759 de

2190 804 2278 843 ore
2303 790 2485 856 leonis,
2516 800 2564 846 et
2591 803 2761 846 averte
2789 791 2967 846 oculos
2989 808 3131 849 meos
3161 810 3225 848 ne
3252 795 3459 849 videant
3482 797 3794 852 vanitatem.

2193 880 2449 937 Illumina
2477 883 2661 953 facient
2698 895 2836 939 tuam
2866 901 3022 954 super
3064 900 3268 941 seruum
3300 898 3442 942 tuum
3471 905 3492 944 :
3510 901 3564 944 et
3590 890 3802 944 ultum

2191 991 2272 1030 me
2305 980 2390 1047 fac
2430 978 2483 1029 in
2523 987 2612 1031 tua
2644 979 3020 1033 misericordia.
3063 978 3277 1035 Adhwsi
3311 981 3621 1037 testimoniis
3662 983 3801 1050 tuis,

2194 1066 2462 1123 Domine:
2498 1069 2608 1123 noli
2649 1085 2734 1124 me
2778 1071 3120 1141 confundere.
3161 1070 3247 1126 Ne
3286 1074 3575 1128 tradideris
3613 1090 3707 1128 mc
3744 1076 3804 1130 in

2191 1174 2376 1214 manus
2401 1160 2763 1216 tributentium
2795 1178 2895 1217 nu.
2929 1162 3147 1219 Custodi
3172 1180 3283 1233 suo,
3316 1163 3574 1233 Domine,
3608 1176 3668 1222 sit
3699 1184 3805 1239 pn-

2194 1254 2378 1322 pillam
2404 1255 2563 1319 oculi,
2595 1257 2691 1311 sub
2719 1257 2900 1311 umbra
2939 1256 3147 1313 alarum
3190 1269 3398 1313 natura
3439 1274 3665 1334 protege
3701 1279 3804 1317 nte.

2198 1346 2477 1402 Peccatum
2498 1365 2666 1403 meum
2696 1352 2957 1422 cognitum
2982 1353 3077 1406 tibi
3107 1354 3229 1424 feci,
3262 1363 3312 1408 et
3338 1356 3636 1426 injustiss'as
3665 1373 3808 1411 mens

2195 1456 2298 1497 non
2343 1443 2610 1499 abscondi.
2655 1444 2949 1515 Conﬁtebor
2995 1446 3110 1508 tibi.
3140 1447 3361 1502 Domine
3388 1449 3552 1513 Deus,
3584 1450 3649 1505 in
3700 1459 3806 1505 toto

2194 1534 2351 1589 corde
2362 1551 2490 1590 meo.
2509 1535 2757 1602 Domine,
2780 1539 2973 1592 exaudi
2996 1538 3287 1594 orationem
3314 1557 3499 1608 meam,
3521 1553 3577 1597 et
3602 1544 3811 1598 clamor

2194 1643 2341 1682 meus
2368 1628 2437 1683 ad
2466 1638 2515 1683 te
2538 1631 2728 1685 veniat.
2777 1630 2898 1685 Non
2928 1642 3134 1687 avertas
3156 1636 3338 1706 faciem
3369 1644 3511 1690 tuam
3540 1653 3576 1689 a
3599 1652 3711 1705 sne,
3754 1639 3811 1693 iu

2195 1734 2515 1791 quacumque
2553 1720 2639 1776 die
2679 1722 2918 1789 tribulor,
2955 1724 3150 1780 inclina
3187 1728 3257 1780 ad
3302 1742 3382 1781 me
3420 1744 3606 1783 aurem
3639 1740 3809 1784 tuan.

496 1823 630 1891 lum,
674 1837 773 1892 pro
796 1835 904 1893 quo
929 1821 1182 1877 Christus
1207 1831 1464 1876 mortuus
1491 1830 1577 1875 est
1604 1838 1616 1873 :
1652 1820 1813 1889 quale
1836 1819 2092 1891 gaudium
2125 1808 2171 1878 Β
2202 1812 2230 1867 1
2238 1831 2267 1868 η
2298 1830 2620 1887 quaeautque
2644 1817 2727 1871 die
2756 1817 3062 1872 inoocavero
3092 1828 3157 1885 te,
3191 1818 3430 1876 velociter
3461 1823 3671 1877 exaudi
3711 1841 3811 1879 me.

497 1923 655 1984 pater
684 1923 885 1985 portat,
926 1916 1151 1986 quando
1195 1915 1339 1986 quod
1392 1922 1665 1969 mortuum
1710 1912 1906 1979 fuerat,
1954 1914 2097 1969 ravio

495 1996 656 2062 visrit
684 2021 699 2061 :
731 2019 782 2061 et
813 2006 957 2077 quod
991 2006 1247 2077 perierat,
1292 2006 1573 2062 inventum
1606 2007 1720 2062 est!

564 2102 651 2158 Ill.
694 2102 829 2158 Ecce
855 2118 1015 2157 sonus
1027 2104 1141 2175 jam
1170 2106 1342 2175 fectus
1370 2119 1423 2157 es
1453 2118 1471 2158 :
1504 2104 1614 2159 noti
1641 2117 1876 2173 peccare,
1908 2116 1972 2157 ne
2006 2101 2097 2157 tibi

494 2197 693 2266 aliquid
716 2195 941 2249 deterius
962 2196 1250 2266 contingat.
1273 2195 1494 2249 Attende
1519 2210 1641 2266 ergo
1670 2196 1807 2250 unde
1822 2194 2095 2263 cecideris,

494 2300 542 2344 ct
584 2290 792 2361 plunge,
835 2303 883 2343 et
921 2305 1017 2362 age
1043 2292 1416 2359 penitentiam.
1453 2291 1513 2347 Si
1554 2308 1656 2363 quo
1684 2293 1882 2358 minus,
1931 2292 2098 2345 veniet

498 2382 755 2438 Dominus
797 2381 911 2446 tibi,
959 2391 1009 2434 et
1038 2378 1257 2434 movebit
1301 2382 1671 2435 candelabrum
1702 2393 1847 2436 tuum
1884 2384 1945 2436 de
1982 2384 2097 2438 loco

494 2493 618 2542 suo,
653 2476 756 2529 nisi
793 2475 1169 2543 plenileutiam
1193 2476 1391 2545 egeris.
1429 2477 1766 2542 Memorare,
1793 2477 1869 2532 illi
1892 2522 1906 2545 ,
1936 2476 2097 2533 Chri-

496 2580 638 2621 stum
664 2568 953 2635 reliquisse
985 2568 1276 2637 nonaginta
1304 2582 1499 2623 novem
1525 2570 1723 2639 justus,
1756 2580 1809 2626 et
1836 2572 2097 2641 queas-isse

500 2674 666 2714 unum
693 2659 967 2715 hominem
1009 2672 1347 2730 peccatorein
1391 2680 1402 2715 :
1435 2671 1491 2717 et
1524 2662 1801 2719 inventum
1843 2666 1895 2718 in
1926 2666 2095 2733 invio,

500 2752 745 2809 humeris
774 2754 885 2808 suis
922 2764 1255 2823 reportasse.
1310 2754 1409 2811 Vel
1458 2756 1603 2811 illam
1651 2758 1935 2813 mulierem
1978 2774 2097 2826 qum

498 2849 819 2917 perdiderat
850 2850 1188 2917 drachmam,
1220 2849 1325 2905 huc
1352 2861 1457 2918 est,
1490 2852 1784 2908 Ecclesium
1816 2852 2094 2908 hominum

497 2944 848 3008 peccaturum
882 2957 894 2991 :
920 2949 975 2995 et
1005 2940 1325 2995 accendisse
1355 2942 1670 3009 lucernam,
1702 2943 1804 2998 hoc
1830 2955 1912 2998 est
1940 2943 2098 2999 Chri-

499 3038 665 3094 stum,
697 3032 786 3101 qui
820 3039 903 3085 est
949 3032 1129 3086 lumen
1159 3032 1377 3101 iustitite
1406 3044 1458 3089 et
1501 3032 1590 3088 illa
1620 3034 1837 3091 inventa
1871 3038 1923 3092 in
1954 3048 2095 3093 ster-

498 3138 647 3188 core,
682 3137 1014 3178 convocssse
1043 3124 1248 3180 amicas
1278 3127 1363 3181 vel
1396 3127 1623 3193 vicinas,
1674 3128 1727 3182 id
1755 3139 1862 3195 est,
1909 3129 2098 3186 Eccle-

2200 1905 2313 1961 Fac
2354 1922 2553 1962 mecum
2582 1909 2808 1981 signum,
2854 1909 3095 1975 Domine,
3126 1911 3184 1965 in
3224 1911 3413 1965 bonum
3442 1926 3465 1967 :
3502 1922 3563 1967 ut
3594 1915 3813 1970 uideant

2198 2002 2287 2071 qui
2313 2002 2536 2057 oderunt
2566 2016 2666 2069 me,
2703 2011 2751 2057 et
2788 2003 3203 2068 confundantur.
3237 2004 3461 2060 Remitte
3495 2006 3671 2071 mihi,
3708 2006 3819 2061 Dc-

2199 2097 2356 2161 mine,
2386 2102 2443 2150 ut
2468 2096 2768 2167 refrigerer,
2799 2098 3104 2167 priusquam
3128 2098 3332 2165 abeam,
3377 2107 3427 2154 et
3454 2100 3695 2171 amplius
3714 2116 3818 2154 non

2201 2206 2311 2244 πο.

2272 2283 2337 2339 γ.
2380 2282 2524 2340 Ecce
2550 2283 2867 2355 paenitentia
2902 2284 3135 2340 hominls
3159 2284 3497 2343 humilisntis
3524 2298 3595 2343 se
3621 2303 3639 2343 :
3668 2302 3812 2359 quo-

2200 2381 2362 2436 modo
2407 2381 2621 2436 veniam
2667 2396 2775 2436 non
2819 2380 3046 2436 habebit
3089 2382 3180 2451 qui
3230 2380 3415 2437 taliter
3461 2381 3821 2453 ingemisciti

2198 2474 2330 2543 Quis
2361 2490 2467 2527 non
2499 2472 2683 2528 audiat
2711 2473 2885 2538 illum,
2919 2482 2973 2527 et
2998 2475 3316 2528 moveatur?
3342 2474 3618 2543 Quoniam
3645 2478 3740 2548 qui
3770 2493 3823 2529 se

2200 2567 2437 2623 humiliat
2490 2566 2822 2632 excitabitur,
2885 2574 2933 2621 et
2980 2568 3066 2635 qui
3105 2582 3161 2621 se
3205 2568 3405 2621 exultat
3449 2568 3823 2623 liumiliabitar

2196 2660 2352 2731 (Luc.
2379 2676 2486 2723 xw,
2522 2659 2632 2730 ll).
2664 2660 2801 2726 Quid
2831 2661 3075 2730 gloriaris
3107 2661 3159 2714 in
3192 2663 3413 2725 malitia,
3440 2663 3529 2732 qui
3548 2672 3747 2734 potens
3767 2681 3823 2719 es

2199 2756 2255 2810 in
2296 2754 2617 2825 iniquitate?
2651 2753 2839 2809 Melius
2878 2760 2955 2809 est
3004 2762 3053 2807 te
3082 2770 3187 2809 non
3237 2771 3435 2823 not-ere,
3469 2764 3517 2810 et
3564 2758 3819 2826 reddere,

2198 2864 2351 2918 quant
2371 2863 2566 2911 vovere,
2600 2854 2647 2900 et
2669 2864 2772 2900 non
2793 2846 3026 2901 reddere.
3075 2847 3437 2904 Pmnitenlem
3469 2857 3522 2902 te
3552 2849 3729 2915 dicis,
3760 2862 3816 2906 et

2198 2941 2377 2997 carnis
2406 2938 2629 2994 lihidine
2657 2939 2972 2995 delectaris.
3006 2940 3232 2996 Peccata
3272 2949 3359 2996 tua
3411 2958 3519 2994 non
3551 2942 3827 2999 desinunt

2198 3035 2503 3101 ambulare,
2536 3040 2590 3089 et
2621 3044 2674 3088 tn
2703 3034 2847 3089 dicis
2872 3035 3014 3103 quod
3049 3036 3297 3091 sedeant.
3330 3035 3605 3091 Pet-calori
3630 3048 3825 3093 autem

2201 3128 2334 3182 dixit
2373 3126 2528 3193 Deus,
2557 3143 2718 3197 quare
2745 3129 3277 3193 tuenarrasjnstitias
3307 3146 3468 3197 meas,
3507 3139 3555 3182 et
3586 3131 3827 3185 assumis

500 3217 611 3269 sius
640 3218 945 3283 gratulssse
991 3229 1156 3286 super
1197 3218 1472 3273 inventum
1521 3220 1798 3275 hominem
1841 3232 2095 3292 peccato-
2118 3194 2164 3260 ο
2198 3218 2580 3275 Testamentum
2617 3235 2785 3273 meum
2816 3237 2967 3289 super
2995 3236 3050 3274 os
3079 3222 3262 3274 tuam?
3290 3220 3370 3274 Tn
3389 3234 3505 3275 sero
3533 3223 3709 3277 odisti
3738 3222 3823 3276 di-

502 3318 660 3359 rem:
694 3310 829 3364 et.a
859 3316 1104 3361 stercore
1153 3318 1394 3365 erectum
1447 3312 1751 3368 collocasse
1795 3326 1921 3369 eum
1967 3328 2093 3371 cum

501 3396 844 3465 principibus
873 3398 1053 3465 populi
1099 3401 1223 3455 sui:
1277 3402 1378 3455 hoc
1424 3412 1536 3468 est,
1587 3418 1712 3459 cum
1751 3408 2013 3473 apostolis
2041 3417 2098 3463 et

502 3492 807 3560 prOphotis.
846 3491 987 3549 Ecce
1017 3494 1143 3562 quid
1173 3493 1329 3550 faciat
1366 3498 1684 3566 pcenitentia
1710 3499 1945 3555 hominis
1974 3512 2095 3570 peo-

501 3586 707 3639 catoris
738 3602 752 3642 :
785 3586 877 3657 qui
902 3588 1033 3641 dum
1064 3590 1116 3642 in
1146 3599 1388 3646 stercore
1411 3592 1577 3661 jacet,
1612 3608 1735 3649 cum
1764 3597 2099 3667 principibus

500 3680 798 3735 invenitur.
833 3680 1190 3737 Paullentem
1225 3684 1499 3739 hominem
1527 3686 1671 3754 d-co,
1703 3689 1796 3758 qui
1818 3688 2011 3745 dielms
2037 3704 2100 3747 ac

504 3773 757 3828 noctibus
788 3774 1089 3845 ingemiscit
1120 3784 1175 3830 et
1208 3788 1426 3848 pet-cata
1476 3794 1572 3834 sua
1622 3780 1984 3854 eleemosyuis
2016 3800 2100 3839 re-

503 3867 679 3922 dimit.
718 3868 1078 3924 Pmnitcntem
1126 3871 1396 3927 hominem
1429 3873 1573 3942 dico,
1607 3876 1697 3946 qui
1741 3877 1941 3947 plangit
1974 3878 2097 3948 quia

503 3962 629 4017 fecit
657 3965 855 4018 malum
885 3979 899 4019 :
926 3974 982 4018 et
1012 3976 1161 4032 rogat
1187 3967 1490 4034 Dozninnm,
1526 3979 1583 4022 ut
1604 3968 1767 4023 etiam
1796 3986 1902 4025 non
1937 3974 2099 4028 faciat

502 4056 650 4127 quod
674 4058 989 4111 admiserat.
1015 4057 1376 4116 Pmuilchlcm
1401 4062 1671 4116 hominem
1698 4066 1840 4132 dico,
1865 4069 1953 4137 qui
1980 4078 2101 4136 post

504 4152 975 4222 concupiscentiae
1005 4165 1130 4203 suas
1162 4168 1268 4205 non
1304 4153 1478 4222 vadit,
1530 4164 1585 4209 et
1612 4172 1640 4209 a
1692 4155 1971 4213 uoluntate
2000 4174 2099 4213 sua

504 4253 565 4293 se
598 4212 867 4306 ρτοξιίιιιξὶ.
898 4240 1253 4297 Ρωηίιρηίθιη
1287 4244 1566 4301 hominem
1608 4248 1751 4313 dico,
1785 4249 1877 4320 qui
1924 4250 2103 4322 diligit

507 4331 654 4399 quod
683 4346 807 4385 alltc
841 4333 1165 4404 neglexerit,
1208 4345 1260 4388 et
1295 4337 1438 4405 quod
1487 4338 1691 4392 fecerat
1736 4341 2098 4398 ohliviscitur.

506 4422 835 4479 Adhtereant
865 4430 917 4478 tn
949 4433 1004 4481 te
1048 4442 1169 4497 qua:
1197 4428 1334 4482 bona
1378 4440 1506 4484 sunt
1535 4448 1546 4484 :
1576 4438 1629 4485 et
1653 4416 1774 4501 quie
1806 4433 1948 4489 mala
1976 4446 2104 4492 sunt

502 4516 808 4572 deleantur.
843 4518 899 4574 Si
957 4521 1329 4589 paenitentiam
1378 4534 1485 4578 non
1535 4526 1735 4594 egeris,
1787 4526 1997 4585 incides
2046 4530 2102 4599 in

2200 3310 2494 3381 sciplinam,
2526 3322 2572 3365 et
2616 3312 2883 3384 projecisti
2926 3327 3189 3367 sermones
3215 3328 3353 3367 meos
3393 3322 3715 3369 retrorsum.
3767 3314 3826 3371 Si

2197 3404 2405 3458 uidebas
2431 3406 2618 3476 furem,
2635 3405 2888 3459 currebas
2908 3421 3023 3458 cum
3052 3420 3110 3460 eo
3138 3420 3157 3459 :
3181 3415 3229 3460 et
3256 3422 3322 3459 cu
3344 3421 3375 3457 η
3406 3404 3677 3463 adulteris
3706 3424 3830 3479 por-

2200 3500 2391 3553 tionem
2422 3507 2563 3552 tnam
2588 3498 2829 3566 ponebas.
2881 3498 2954 3553 Os
2984 3506 3126 3552 tuum
3165 3499 3448 3553 abundavit
3473 3502 3743 3570 nequitia,
3775 3511 3825 3554 et

2201 3593 2380 3665 lingua
2409 3601 2499 3644 tua
2529 3592 2868 3645 concinnabat
2913 3590 3084 3645 dolos.
3138 3590 3337 3647 Sedens
3386 3591 3647 3646 adversus
3708 3595 3825 3663 fra-

2201 3694 2331 3738 trem
2372 3692 2518 3738 tuum
2567 3683 2869 3739 detrahebas
2903 3701 2921 3738 :
2950 3693 3001 3738 et
3027 3683 3276 3737 adversus
3304 3683 3474 3751 ﬁlium
3502 3686 3694 3739 matris
3724 3694 3828 3739 tute

2204 3779 2427 3846 ponebas
2453 3777 2779 3832 scandalum.
2829 3776 2960 3832 Hice
2992 3778 3178 3847 fecisti,
3207 3784 3252 3831 et
3285 3777 3445 3831 tacui.
3484 3776 3829 3832 Existimasti

2202 3872 2372 3941 inique
2401 3870 2538 3939 quod
2576 3885 2665 3925 ero
2689 3872 2762 3925 tui
2790 3871 2971 3925 similis
2997 3887 3017 3924 :
3044 3886 3263 3939 arguam
3286 3879 3333 3925 te
3359 3880 3407 3924 et
3434 3880 3672 3924 statuant
3700 3886 3831 3925 ron-

2205 3974 2282 4018 tra
2308 3966 2489 4036 faciem
2526 3976 2685 4019 tuam.
2724 3963 3010 4037 Intelligile
3039 3966 3148 4019 ht‘C’C
3172 3966 3259 4036 qui
3290 3965 3668 4019 obliviscimini
3711 3966 3827 4019 Do-

2204 4058 2398 4112 minam
2424 4075 2442 4112 :
2486 4058 2757 4123 nequando
2786 4060 2974 4131 rapiat,
3007 4070 3056 4112 et
3104 4076 3204 4113 non
3234 4060 3299 4112 sit
3328 4060 3417 4124 qui
3457 4060 3680 4129 eripiat.
3719 4062 3829 4115 Sa-

2204 4152 2457 4224 criﬁcium
2487 4152 2656 4205 laudis
2706 4152 3066 4221 honoriﬁcuirit
3096 4169 3191 4215 me,
3234 4162 3283 4205 et
3325 4153 3437 4207 illic
3466 4162 3542 4205 est
3589 4156 3698 4209 iter
3724 4172 3831 4226 quo

2206 4246 2469 4299 Ostendam
2491 4247 2536 4298 ei
2559 4248 2793 4299 salutare
2824 4261 2988 4298 meum
3021 4243 3193 4315 (Psal.
3226 4261 3374 4312 xux,
3404 4246 3471 4301 16
3502 4246 3705 4315 seqq.).

2278 4334 2361 4390 Vl.
2406 4334 2549 4391 Ecce
2575 4335 2755 4407 qualis
2782 4336 3142 4391 comminatio
3187 4336 3400 4391 Domini
3434 4336 3490 4391 in
3526 4336 3830 4393 hominem

2204 4439 2568 4497 pecratorem.
2614 4430 2693 4483 Tu
2727 4430 2817 4498 qui
2848 4429 3004 4493 dicis,
3040 4431 3130 4498 qui
3162 4430 3365 4483 asseris
3411 4439 3464 4483 le
3490 4428 3779 4497 pumitem
3815 4449 3828 4482 :

2205 4521 2295 4574 ubi
2326 4530 2411 4574 est
2452 4520 2778 4590 pmazitentia
2809 4522 2936 4574 tria?
2968 4521 3198 4575 Exelusa
3246 4532 3330 4574 est
3364 4536 3457 4588 per
3492 4524 3829 4585 superbiam

503 4625 697 4663 manus
739 4610 948 4665 Domini
1000 4614 1298 4668 secundum
1349 4616 1778 4687 magnitudinem
1824 4620 1962 4689 ejus.
1997 4619 2094 4675 Di-

2210 4618 2263 4663 et
2296 4621 2661 4681 contemptum
2697 4629 2712 4666 :
2755 4614 2905 4681 sequi
2955 4612 3124 4667 Deum
3169 4601 3592 4679 pratermisisﬁ.
3630 4614 3823 4682 Audi,

501 4711 638 4755 t'crte
660 4719 691 4755 a
722 4702 879 4769 malo,
922 4710 970 4757 cl
996 4708 1081 4775 fac
1110 4706 1298 4761 bonum
1326 4723 1343 4761 :
1374 4710 1577 4781 inquire
1620 4728 1820 4780 pacem,
1852 4724 1901 4767 et
1927 4732 2101 4785 perse-

501 4808 657 4865 quere
686 4810 799 4847 eam
825 4796 841 4866 (
868 4795 1064 4850 Psalm.
1095 4813 1289 4859 xum.
1324 4801 1413 4861 15)
1441 4817 1455 4867 ;
1484 4803 1624 4857 sicut
1669 4792 1931 4874 scriptum
1965 4817 2049 4862 est
2082 4827 2095 4863 :

505 4888 672 4941 Omisi
702 4888 861 4951 mala,
888 4897 934 4942 et
956 4892 1172 4958 qztwsivi
1192 4894 1345 4947 bona.
1379 4894 1485 4949 Fac
1511 4910 1643 4963 ergo
1668 4897 1858 4968 dignos
1891 4900 2099 4957 fructus

502 4980 840 5051 pmaitenlie
865 4996 880 5037 :
909 4988 966 5038 et
986 4997 1091 5037 non
1114 4984 1317 5039 dixeris
1341 5003 1354 5039 :
1378 4984 1595 5041 Peccavi
1628 5004 1644 5041 :
1672 5000 1719 5042 ct
1749 4992 1874 5060 quid
1907 4992 2098 5046 accidit

504 5073 629 5124 mihi
649 5073 797 5127 triste
814 5074 841 5127 Ρ

575 5164 663 5220 IV.
704 5165 821 5220 Non
848 5165 1075 5237 adiicias
1106 5177 1386 5236 peccatum
1406 5184 1572 5240 super
1603 5182 1905 5241 peccatum,
1939 5185 1991 5229 et
2020 5175 2100 5230 di-

500 5270 617 5321 cas,
649 5258 927 5313 miseratio
961 5260 1173 5315 Domini
1202 5275 1395 5331 magna
1423 5272 1525 5316 est.
1563 5265 1713 5319 Scito
1743 5274 1924 5321 autem
1956 5270 2096 5339 quod

502 5349 882 5402 misericordia
927 5358 983 5403 et
1013 5352 1087 5404 ira
1122 5352 1190 5406 ah
1221 5353 1314 5407 illo
1342 5363 1446 5409 est.
1485 5358 1779 5412 llevt’rtere
1813 5360 1878 5413 ad
1915 5362 2096 5415 DOmio

501 5459 653 5507 num,
687 5456 740 5499 et
774 5444 965 5514 plunge
993 5445 1225 5502 dicendo
1250 5467 1262 5501 :
1292 5446 1406 5502 Tibi
1433 5451 1531 5504 soli
1560 5453 1784 5522 peccavi,
1819 5463 1867 5508 et
1898 5455 2093 5509 malum

497 5550 674 5588 coram
698 5542 748 5587 te
774 5536 917 5606 feci(
947 5534 1148 5590 Psalm.
1179 5554 1232 5601 ι.
1268 5538 1345 5608 (ι).
1388 5539 1591 5595 Delicta
1630 5545 1914 5611 iuventutis
1940 5561 2087 5614 mete,

494 5636 543 5680 et
561 5628 879 5696 ignorantia
909 5644 1033 5682 niese
1050 5632 1434 5695 nememineris,
1453 5629 1913 5706 Domine(Psalm.
1941 5652 2087 5707 xxxv,

492 5715 527 5769 7
555 5716 598 5784 ).
636 5716 722 5771 Ne
750 5728 951 5773 avertas
982 5718 1168 5787 faciem
1203 5729 1346 5775 tuam
1376 5740 1410 5775 a
1454 5734 1555 5792 me,
1585 5737 1631 5781 et
1663 5743 1728 5780 ne
1770 5729 1991 5783 declines
2028 5730 2089 5784 in

479 5812 563 5869 ira
580 5832 611 5870 a
630 5821 901 5872 serootuo.
927 5815 1152 5889 Δάμων
1176 5832 1320 5874 meus
1342 5835 1395 5876 es
1418 5828 1475 5876 tn
1495 5863 1509 5890 ,
1532 5838 1598 5875 ne
1620 5822 1951 5893 derelinquas
1970 5840 2083 5893 me,

2212 4703 2305 4771 ﬁli,
2338 4712 2393 4757 et
2415 4705 2627 4760 retrahe
2658 4704 2849 4776 pedem
2879 4713 3029 4759 tuum
3060 4705 3127 4759 de
3150 4705 3375 4768 smculo,
3401 4706 3487 4758 cui
3517 4710 3829 4761 renuntia-

2210 4799 2294 4851 Sti.
2328 4796 2601 4853 Pmnitere
2628 4813 2759 4869 ergo
2789 4798 2859 4853 de
2888 4799 3034 4853 omni
3078 4813 3274 4868 pompa
3322 4798 3653 4867 iniquitatis.
3712 4803 3831 4867 Ap-

2206 4893 2482 4962 prehende
2512 4892 2669 4946 ﬁdem
2693 4908 2855 4962 quam
2887 4902 3011 4947 ante
3043 4892 3377 4960 perdideras.
3422 4902 3481 4944 ttt
3509 4893 3827 4948 consenti-

2210 4999 2297 5038 res
2321 4985 2535 5039 diabolo
2564 4993 2617 5040 et
2646 4984 2911 5051 tenebris,
2958 4990 3013 5039 et
3047 4983 3354 5045 Dominum,
3407 4985 3497 5051 qui
3555 4983 3649 5037 lux
3708 4997 3827 5050 est,

2205 5087 2325 5145 post
2357 5076 2579 5133 dorsum
2624 5079 2942 5147 reliqueras.
2991 5076 3315 5141 Memorare,
3365 5074 3460 5142 illi,
3509 5076 3645 5145 quid
3704 5092 3826 5133 est.

2206 5169 2627 5223 Misericordiam
2658 5170 2791 5235 volo,
2827 5175 2877 5223 et
2916 5186 3017 5223 non
3047 5170 3365 5238 sacriﬁcium
3396 5168 3546 5240 (οδε.
3604 5181 3693 5236 vs,
3728 5170 3820 5241 6).

2203 5263 2551 5319 Miserehitur
2581 5265 2674 5317 tibi
2720 5263 3017 5317 Dominus:
3057 5264 3102 5316 si
3151 5263 3269 5316 hmc
3304 5276 3426 5316 cum
3462 5260 3695 5331 legeris,
3738 5263 3828 5318 la-

2202 5357 2337 5423 cias,
2369 5368 2423 5412 et
2454 5374 2552 5427 per
2587 5357 2949 5413 obedientiam
2978 5357 3354 5428 paenitentiam
3387 5355 3663 5426 sequaris.
3712 5358 3827 5413 Ve-

2202 5466 2320 5506 rum
2352 5453 2394 5506 si
2422 5453 2492 5508 de
2533 5463 2645 5509 toto
2684 5454 2853 5508 corde
2885 5453 3261 5520 paenitentiam
3292 5450 3489 5519 egeris,
3538 5454 3581 5506 si
3612 5452 3827 5508 Dnmi~

2200 5559 2327 5599 num
2359 5560 2467 5616 prae
2498 5547 2667 5601 oculis
2702 5546 2976 5611 habueris,
3008 5550 3052 5600 si
3081 5548 3282 5601 amissa
3323 5547 3585 5617 voragine
3606 5551 3819 5616 βοωιί

2195 5639 2474 5699 venenosi,
2507 5639 2729 5694 calicem
2748 5639 2999 5695 salutaris
3026 5639 3326 5710 acceperis,
3357 5640 3400 5693 si
3431 5640 3521 5694 die
3549 5654 3608 5693 ac
3628 5653 3823 5698 nocte

2194 5732 2248 5788 in
2278 5735 2395 5805 lege
2430 5733 2643 5788 Domini
2691 5734 3059 5799 meditareris,
3109 5734 3155 5787 si
3188 5746 3407 5788 omnem
3457 5734 3814 5790 sollicitudi-

2191 5842 2316 5883 nem
2345 5836 2489 5884 tuam
2512 5840 2683 5899 super
2708 5827 2858 5885 illum
2887 5827 3103 5886 miseris
3135 5836 3305 5887 :tuuc
3331 5827 3589 5899 gaudebis
3610 5835 3680 5883 et
3700 5843 3816 5887 os-
