3926 6290
480 279 587 338 287

1514 276 1575 339 S.
1615 279 2005 341 HIERONYMI
2043 280 2349 347 OPERUM,
2374 280 2746 345 MANTISSA.

3684 288 3788 347 2‘8

466 401 621 473 cepit
648 401 916 481 Dominus
931 399 1205 459 adhiberi.
1239 400 1379 460 Dicit
1402 402 1546 459 enim
1577 418 1704 459 esse
1718 404 1923 471 lepram
1949 420 2070 475 quae
2100 406 2154 468 A
2179 414 2286 473 tus,
2321 408 2373 461 in
2409 408 2608 478 quibus
2634 408 2865 465 credere
2882 414 3124 479 oportet,
3165 414 3226 465 ut
3267 410 3549 467 emundari
3581 425 3611 468 a
3636 410 3787 483 lepra

480 496 877 559 sacriﬁciorum
926 495 1291 550 oblationibus
1338 495 1683 551 entundetur.
1738 497 1914 551 Aliam
1947 512 2076 552 vero

477 601 640 655 quam
670 602 823 656 aqua:
856 587 1063 641 facilius
1093 586 1319 643 abluant
1346 606 1359 642 :
1389 603 1600 644 necnon
1651 598 1707 644 et
1758 604 1879 657 quae
1919 600 2073 644 extra

473 689 652 737 castra
678 682 850 751 posita
883 681 1194 736 mandetur.
1230 682 1364 737 Esse
1404 698 1622 753 quoque
1667 685 1873 754 lepram
1922 698 2075 739 asse-

472 776 585 831 rit:
618 791 739 846 qua:
765 775 1011 830 mundari
1044 776 1271 832 omnino
1304 791 1412 832 non
1447 778 1637 847 possit.

544 866 633 921 Vl.
677 867 879 923 Horum
932 868 1097 938 igitur
1136 870 1433 925 secundum
1481 870 1711 941 ﬁguram
1759 872 2071 942 graviorum

470 970 816 1028 peccatorum
868 960 1099 1015 crimina
1149 971 1569 1033 congregantur.
1622 962 1745 1021 Alia
1791 974 1918 1019 sunt
1948 981 2070 1035 quas

470 1062 599 1108 ante
638 1053 972 1121 baptismum
1001 1054 1406 1111 videnturiesse
1444 1059 1734 1113 commissa
1770 1073 1783 1113 :
1832 1074 1955 1128 quae
1987 1068 2072 1113 ta-

461 1160 590 1201 men
623 1160 719 1216 per
745 1146 974 1216 gratiam
1000 1146 1251 1215 baptismi
1280 1148 1581 1204 diluuntur.
1630 1150 1753 1205 Alia
1790 1166 1920 1206 vero
1947 1167 2072 1220 quae

471 1249 594 1306 post
626 1240 959 1295 lavationem
986 1240 1326 1310 baptismatis
1349 1252 1733 1312 perpetrantur
1759 1261 1771 1296 :
1806 1261 1925 1314 quae
1955 1246 2071 1301 sive

466 1329 739 1402 graviora,
781 1330 897 1385 sive
923 1332 1133 1387 minora
1166 1343 1387 1402 peccata
1417 1334 1553 1401 sint,
1586 1335 1736 1391 visus
1766 1344 1947 1392 tamen
1980 1352 2069 1391 sa-

463 1423 703 1479 cerdotis
725 1423 1012 1480 emundat.
1044 1424 1445 1496 Quodcumque
1485 1428 1632 1484 enim
1664 1428 1940 1484 modicum
1972 1430 2071 1486 de-

460 1512 649 1569 lictum
681 1514 867 1578 fuerit,
911 1524 1092 1585 potest
1136 1532 1167 1571 a
1216 1519 1505 1575 sacerdote
1544 1521 1767 1575 omnino
1808 1522 2064 1578 relaxari.

462 1607 596 1674 Quae
626 1615 806 1661 autem
853 1609 1101 1677 graviora
1142 1620 1291 1675 sunt,
1343 1611 1635 1681 disciplina
1667 1612 1866 1669 debent
1896 1616 2070 1671 eccle-

461 1698 698 1753 siastica:
728 1701 931 1769 regulae
955 1713 1010 1754 et
1040 1702 1290 1757 oratione
1318 1704 1562 1773 purgari.
1597 1704 1729 1770 Quae
1758 1721 1891 1761 vero
1922 1707 2068 1760 insa-

2183 508 2529 569 peccatorum
2576 500 2730 569 prius
2778 516 3111 566 mercamur,
3161 516 3327 556 unum
3373 519 3494 558 cum
3543 506 3695 559 venit
3733 514 3786 560 et

2180 606 2373 659 passus
2405 601 2511 659 est,
2554 593 2717 648 alium
2764 610 2873 664 quo
2909 605 2994 649 est
3041 605 3305 649 venturus
3354 597 3404 650 in
3435 598 3631 668 gloria.
3681 598 3787 653 Sed

2180 683 2424 751 vitulum,
2452 686 2644 755 inquit,
2673 685 2857 751 o/ferat
2881 703 2900 740 :
2927 687 3029 742 hoc
3051 688 3371 744 animalium
3402 704 3622 760 genere.
3657 706 3788 762 gen-

2179 782 2264 828 tes
2291 779 2470 831 crucis
2494 777 2698 833 Christi
2720 778 2850 849 jugo
2876 780 3247 851 subjugandas
3275 796 3397 838 esse
3426 784 3785 842 demonstrat.

2182 865 2313 923 Dum
2340 869 2562 939 gallina:
2608 872 2844 926 animam
2894 872 3137 928 indicare
3175 875 3430 932 videntur
3457 886 3511 932 et
3539 893 3785 935 carnem.

2178 955 2286 1012 Sed
2329 975 2512 1025 unam,
2554 962 2763 1031 inquit,
2803 963 3056 1033 gallinam
3099 966 3338 1033 occides,
3393 968 3609 1024 alterum
3649 988 3788 1040 aqua

2175 1052 2375 1120 ablues,
2408 1063 2457 1107 et
2493 1054 2739 1110 dimittes.
2776 1056 2915 1111 Caro
2948 1057 3135 1129 utique
3187 1062 3239 1114 in
3274 1063 3531 1129 passione
3562 1061 3788 1132 jubetur

2180 1148 2398 1204 occidi:
2424 1151 2607 1207 anima
2641 1168 2772 1208 vero
2798 1170 2918 1224 qua:
2963 1172 3063 1224 per
3089 1166 3339 1213 naturam
3370 1168 3593 1214 aeternae
3622 1160 3787 1215 morti

2178 1240 2399 1297 videtur
2424 1259 2546 1299 esse
2566 1246 2810 1316 subjecta
2836 1265 2849 1300 z
2875 1248 3059 1304 abluta
3088 1265 3233 1321 aqua
3262 1251 3601 1323 baptismatis
3624 1268 3657 1307 a
3679 1254 3789 1310 cri-

2181 1333 2421 1389 minibus
2455 1336 2717 1393 relaxari.

2246 1424 2338 1479 IX.
2382 1425 2488 1481 Sed
2514 1437 2559 1481 et
2595 1429 2820 1498 lignum,
2868 1433 3058 1501 inquit,
3100 1435 3390 1489 cedrinunt.
3436 1435 3788 1507 lmputribile

2174 1512 2279 1569 hoc
2330 1514 2460 1586 ligni
2490 1533 2662 1588 genus
2706 1535 2851 1591 esse,
2904 1539 3064 1578 nemo
3108 1535 3193 1579 est
3237 1526 3326 1593 qui
3373 1528 3601 1583 nesciat.
3642 1528 3787 1598 Ergo

2172 1620 2269 1674 per
2300 1608 2545 1675 cedrum,
2583 1611 2959 1681 incorruptam
2993 1625 3230 1672 mentem
3256 1626 3310 1671 et
3338 1618 3586 1675 stabilem
3620 1619 3783 1676 ﬁdem

2172 1696 2348 1752 voluit
2375 1702 2589 1755 ostendi
2619 1720 2631 1755 :
2657 1704 2950 1775 ItySSOpllm
2974 1719 3152 1763 autem
3186 1725 3373 1778 preces
3401 1711 3786 1783 orationeSque

456 1789 657 1845 nabilia
702 1801 855 1859 sum,
910 1792 1020 1847 Deo
1063 1792 1237 1858 judge;
1287 1803 1660 1850 τθεεηιειηιυιε,
1714 1796 1783 1852 Et
1826 1797 1951 1852 inde
1982 1808 2067 1854 ρει
2096 1800 2144 1861 Β
2174 1788 2534 1849 demonstrat.
2566 1794 2672 1849 Sed
2693 1805 2749 1850 et
2771 1812 3019 1866 coccum,
3048 1800 3260 1856 scilicet
3282 1804 3525 1875 martyrii
3550 1805 3785 1875 gloriam

460 1882 609 1951 quod
639 1882 692 1936 in
722 1882 826 1938 hoc
850 1884 974 1938 loco
998 1886 1076 1938 ait
1106 1906 1120 1939 :
1156 1884 1582 1957 Unumquemque
1618 1891 1901 1946 secundum
1927 1897 2065 1963 quod

456 1974 607 2028 habet
644 1976 911 2045 prapriam
936 1978 1277 2044 curationem,
1302 1980 1617 2049 sacriﬁcium
1641 1980 1827 2049 o/ierre
1848 1984 2067 2041 debere:

458 2064 514 2120 id
540 2075 645 2136 est,
682 2068 1058 2139 unusquisque
1076 2070 1381 2126 secundum
1408 2072 1552 2142 quod
1572 2089 1631 2128 se
1655 2074 1953 2143 deliquisse
1973 2092 2067 2133 co-

456 2159 697 2229 gnoscit,
729 2161 844 2214 sive
865 2173 963 2230 per
989 2162 1269 2217 carnalem
1297 2166 1823 2234 concupiscentiam,
1848 2184 1944 2223 seu
1968 2184 2065 2239 per

453 2248 852 2318 idololatriam,
884 2266 981 2307 seu
1005 2252 1272 2323 perjurio,
1300 2271 1396 2310 seu
1439 2258 1744 2323 mendacio,
1785 2262 1940 2331 quasi
1977 2262 2063 2317 leo

456 2358 572 2413 prae
596 2358 659 2399 se
686 2344 833 2399 vitiis
877 2343 1136 2415 intelligit
1178 2348 1510 2403 maculatum
1544 2366 1558 2403 :
1594 2362 1755 2420 prout
1800 2354 2061 2421 potuerit,

450 2436 567 2492 Deo
596 2436 912 2492 sacriﬁcare
952 2451 1059 2492 non
1089 2437 1324 2493 desinat.
1358 2439 1467 2495 Sed
1520 2440 1657 2497 dicit
1709 2459 1881 2512 genus
1937 2460 2063 2500 esse

454 2528 648 2599 lepra),
688 2528 837 2597 quod
882 2529 1109 2583 omnino
1156 2529 1404 2585 mundari
1457 2546 1562 2586 non
1595 2535 1766 2601 possit
1799 2552 1812 2587 :
1844 2543 1898 2590 et
1940 2537 2061 2592 ideo

460 2620 773 2691 hujusmodi
816 2621 981 2675 homo
1011 2633 1164 2678 extra
1194 2633 1370 2677 castra
1414 2624 1639 2692 jubetur
1668 2626 1895 2697 expelli.
1943 2629 2060 2684 lloc

455 2722 544 2770 est
584 2729 716 2770 sane
744 2716 975 2783 crimen,
1009 2715 1153 2785 quod
1185 2715 1495 2771 admittitur
1523 2719 1574 2771 in
1621 2718 1888 2787 Spiritum
1927 2735 2055 2775 san-

459 2816 631 2877 ctum,
666 2806 1024 2877 blasphemia:
1059 2808 1291 2876 scilicet,
1344 2811 1486 2866 sicut
1531 2812 1648 2882 ipse
1694 2811 1955 2869 Dominus
1988 2816 2057 2877 in

463 2900 763 2969 Evangelio
795 2902 871 2955 ait
908 2918 920 2955 :
959 2901 1061 2967 Qui
1094 2903 1379 2971 peccaverit
1423 2904 1477 2957 in
1511 2903 1765 2975 Spiritum
1800 2902 2057 2977 Sanctum,

457 3010 562 3049 non
588 2996 875 3049 remittetur
898 2994 945 3048 ei
976 3010 1138 3065 neque
1165 2995 1274 3061 hic,
1323 3010 1485 3066 neque
1524 2996 1577 3051 iu
1620 2998 1800 3067 futuro
1840 2997 2056 3070 (Matth.

451 3102 537 3143 xu
555 3130 570 3154 ,
605 3086 719 3157 5'2).

2174 1882 2508 1940 manifestat.
2543 1887 2644 1953 Qui
2670 1891 2950 1945 mediocris
2970 1903 3067 1957 est,
3097 1895 3193 1955 ait,
3218 1896 3357 1963 quod
3377 1897 3509 1951 valet
3547 1896 3781 1965 offerat:

2170 1974 2224 2029 id
2257 1985 2360 2042 est,
2396 1978 2442 2032 si
2474 1981 2599 2049 quis
2625 1997 2731 2037 non
2756 1999 2947 2039 omnes
2974 1986 3192 2040 divitias
3217 1990 3519 2044 caelestium
3543 2001 3629 2046 est
3654 1992 3789 2049 cha-

2171 2067 2453 2123 rismatum
2481 2080 2829 2138 consecutus,
2864 2077 2943 2133 vel
2990 2087 3167 2147 potest
3195 2080 3299 2136 etsi
3344 2080 3626 2138 minimum
3664 2085 3779 2142 Dee

2176 2161 2485 2218 devotionis
2517 2180 2631 2220 sua:
2662 2168 2953 2237 deportare
2984 2172 3330 2241 obsequium.
3362 2173 3434 2230 Ut
3460 2176 3503 2231 si
3541 2178 3779 2248 virgini-

2171 2261 2337 2308 tatem
2372 2255 2492 2322 quis
2516 2256 2810 2315 obServare
2834 2275 2941 2315 non
2968 2265 3168 2331 potuit,
3197 2267 3362 2320 unius
3392 2268 3641 2339 conjugis
3672 2272 3787 2325 sal-

2169 2352 2274 2398 tem
2306 2357 2512 2401 castum
2552 2350 2731 2405 cubile
2762 2353 3071 2408 custodiat:
3101 2356 3182 2410 vel
3222 2358 3315 2427 qui
3362 2361 3609 2432 martyrii
3665 2371 3785 2419 tro-

2166 2453 2340 2507 pzeum
2376 2456 2482 2495 non
2517 2444 2683 2498 valuit
2727 2460 3032 2515 reportare,
3065 2448 3209 2519 fugae
3254 2466 3313 2505 se
3351 2454 3617 2521 praesidiis
3667 2456 3783 2509 Deo

2166 2543 2346 2587 servet
2370 2533 2651 2589 invictum.
2679 2536 2745 2590 Et
2772 2538 2893 2605 olei,
2920 2540 3117 2611 inquit,
3149 2543 3395 2598 tortulam
3419 2544 3629 2615 o/fcrat,
3664 2550 3779 2602 uti.

2173 2638 2279 2693 que
2329 2627 2719 2683 misericordia:
2784 2632 3015 2701 gratiam
3066 2652 3079 2688 :
3117 2635 3280 2690 etiam
3324 2638 3369 2691 si
3410 2639 3784 2697 clarissimam

2168 2718 2547 2773 εθηϐῐίηιοηὶιῠ
2578 2720 2756 2778 facem
2794 2724 3054 2793 praeferre
3094 2742 3203 2782 non
3244 2729 3431 2797 valuit,
3478 2731 3777 2789 lucernam

2164 2807 2358 2865 saltem
2407 2811 2528 2866 ﬁdei
2562 2829 2670 2867 non
2705 2816 3045 2886 exstinguat.
3083 2817 3289 2874 Videtis
3324 2836 3473 2891 ergo,
3506 2823 3770 2880 dilectis-

2163 2901 2286 2955 simi
2331 2900 2550 2969 fratres,
2592 2906 2797 2961 nullam
2839 2923 2961 2964 esse
3010 2920 3117 2963 tam
3162 2913 3409 2982 exiguam
3461 2915 3778 2983 spiritualis

2163 2994 2357 3061 gratia:
2387 3006 2788 3067 paupertatem,
2824 3016 2944 3069 qua:
2976 3001 3042 3057 ad
3073 3001 3406 3060 offerendum
3435 3008 3774 3065 sacriﬁcium

2165 3086 2278 3142 Deo
2309 3103 2413 3143 non
2443 3106 2842 3164 quamcumque
2893 3095 3067 3164 possit
3107 3097 3482 3152 sanctimonia:
3524 3100 3768 3158 oblatio-

529 3177 640 3235 Vll.
682 3178 894 3249 Adjecit
922 3187 1101 3235 autem
1129 3178 1412 3250 Scriptura
1447 3181 1653 3249 divina,
1688 3184 1895 3255 lepram
1926 3202 2051 3244 esse
2081 3188 2125 3250 C
2160 3195 2288 3236 nem
2318 3181 2539 3238 Oﬂ'erre.

447 3273 505 3327 in
538 3271 794 3342 vasculis,
838 3272 1049 3343 lepram
1092 3273 1148 3328 in
1181 3274 1498 3345 parietibus,
1539 3279 1749 3348 lepram
1794 3281 1846 3335 in
1881 3285 2048 3339 vesti-

446 3363 575 3428 bus,
599 3362 811 3434 lepratn
842 3364 894 3418 in
928 3364 1185 3431 stamine,
1219 3364 1314 3422 sed
1358 3367 1630 3437 quomodo
1660 3369 1713 3425 in
1754 3370 1840 3427 his
1886 3373 2049 3431 rebus

448 3452 603 3525 lepra
631 3468 754 3511 esse
787 3456 979 3525 possit,
1014 3456 1228 3526 penitus
1253 3456 1445 3526 ignoro
1476 3475 1488 3513 :
1514 3476 1631 3529 qua:
1656 3463 1781 3532 quia
1812 3463 1921 3519 vita
1958 3480 2049 3521 ca-

453 3552 603 3611 rent,
636 3546 797 3602 etiam
822 3562 987 3603 sensu
1018 3563 1211 3606 carere
1238 3566 1465 3609 necesse
1486 3563 1589 3609 est.
1635 3554 1742 3612 Sed
1773 3573 1875 3627 ego
1905 3561 2047 3617 arbi-

443 3647 564 3697 tror
592 3653 713 3695 cum
763 3642 814 3695 in
846 3643 1146 3712 parietibus
1176 3645 1370 3701 domus
1396 3646 1547 3719 lepra
1586 3664 1707 3705 esse
1752 3652 2042 3722 referatur,

440 3730 828 3787 haereticorum
859 3736 1145 3804 perﬁdiam
1189 3744 1385 3794 notari.
1421 3741 1563 3809 Quid
1594 3743 1737 3800 enim
1785 3762 1892 3803 non
1926 3750 2045 3819 pol-

440 3822 629 3891 luitur,
665 3826 756 3881 ubi
783 3826 1105 3885 adulterinae
1150 3830 1417 3889 doctrinae
1463 3834 1805 3906 blasphemia
1846 3842 2045 3911 praedi-

440 3919 629 3974 catur?
664 3917 789 3976 Ideo
834 3920 975 3978 hanc
1005 3924 1214 3995 lepram
1250 3927 1512 3984 sacerdos
1552 3930 1773 4000 jubetur
1799 3948 1827 3986 a
1862 3937 2041 4003 parie-

438 4012 583 4068 tibus
628 4016 963 4083 emundare,
1007 4026 1069 4073 ιιι
1113 4019 1400 4079 catholicae
1462 4025 1705 4082 veritatis
1756 4028 2037 4099 doctrina,

435 4106 717 4160 maculosa
761 4106 1149 4165 haereticorum
1189 4114 1352 4168 verba
1389 4114 1644 4185 depellat.
1677 4119 1809 4176 Cum
1858 4133 2037 4179 autem

434 4196 589 4268 lepra
618 4198 671 4253 in
700 4200 936 4256 vasculis
963 4201 1166 4258 dicitur
1207 4220 1353 4270 esse,
1393 4211 1602 4281 pr0prii
1647 4215 1893 4283 corporis
1943 4217 2040 4273 de-

434 4288 567 4345 licta
597 4300 991 4350 monstrantur.
1036 4295 1178 4353 Vasa
1204 4308 1386 4355 autem
1420 4301 1699 4361 hominum
1744 4311 2036 4379 coporibus

436 4390 724 4454 comparat
769 4383 1062 4457 Apostolus
1097 4406 1113 4445 :
1148 4388 1445 4460 Habentes,
1487 4395 1693 4467 inquit,
1736 4397 2037 4458 thesaurum

433 4471 574 4529 hunc
620 4476 676 4531 in
715 4478 851 4533 vasis
879 4479 1228 4556 ﬁctilibus(ll
1274 4483 1393 4540 Cor.
1443 4502 1522 4553 tv,
1572 4487 1660 4562 7).
1708 4490 1765 4547 ln
1798 4496 2034 4553 stamine

432 4578 617 4623 autem
649 4572 926 4641 quomodo
955 4574 1105 4644 lepra
1135 4590 1261 4634 esse
1292 4587 1492 4648 potest,
1520 4584 1623 4639 nisi
1652 4587 1777 4658 quia
1802 4594 2037 4654 stamine
2066 4580 2121 4641 Ῑ)

438 4660 617 4714 anima
651 4660 890 4719 hominis
918 4665 1096 4723 ﬁdelis
1121 4668 1512 4741 designantur?
1547 4675 1681 4744 Quae
1707 4693 1829 4737 cum
1857 4692 2033 4744 tenta-

437 4752 711 4823 tionibus,
763 4762 825 4809 ut
877 4755 1056 4813 fusum
1121 4758 1334 4817 ﬁlorum
1396 4766 1658 4826 tenuitate
1708 4780 2033 4847 torquetur:

432 4843 696 4903 ﬁrmioris
723 4847 942 4906 virtutis
970 4851 1249 4911 soliditate
1270 4861 1682 4933 constringitur.

505 4938 642 4995 Vill.
676 4941 799 4997 Stat
823 4958 954 5015 ergo
971 4946 1176 5015 anima,
1197 4960 1256 5004 ut
1284 4951 1668 5013 densissimum
1682 4968 1891 5021 stamen
1906 4982 2031 5024 cre-

431 5042 517 5088 eta
535 5051 548 5088 :
563 5038 808 5103 corporis
827 5053 958 5095 vero
974 5054 1191 5111 sensus,
1212 5054 1268 5099 ut
1283 5054 1455 5103 trama
1472 5054 1687 5108 stamini
1710 5057 2029 5128 subiacebit.

424 5125 495 5180 Et
540 5128 662 5183 ideo
690 5131 856 5186 etiam
904 5133 960 5188 in
991 5142 1161 5190 trama
1196 5139 1399 5207 lepram
1445 5156 1568 5199 esse
1594 5125 1844 5218 designat
1870 5169 1884 5207 :
1908 5158 2033 5226 quia

423 5218 530 5274 alia
549 5223 825 5290 corporis,
852 5224 959 5279 alia
986 5228 1182 5282 animae
1206 5243 1429 5300 peccata
1447 5237 1740 5307 signiﬁcat.
1771 5243 1880 5301 Sed
1903 5218 2031 5317 quid

420 5328 523 5384 pro
549 5315 907 5373 mundatione
929 5319 1227 5391 leprarum,
1255 5335 1348 5380 attt
1367 5328 1475 5384 duo
1502 5335 1623 5402 agni
1650 5315 2033 5406 annicttli,_aut

420 5407 626 5463 tortula
657 5407 794 5479 olei,
833 5422 928 5465 aut
957 5412 1081 5468 dum
1110 5426 1134 5452 ει
1173 5418 1392 5487 gallina:
1425 5422 1685 5491 jubentur
1714 5431 1939 5491 olferri?
1968 5438 2029 5496 In

418 5501 635 5559 duobus
664 5517 794 5574 ergo
830 5505 1009 5575 agnis,
1048 5509 1157 5565 duo
1184 5511 1389 5569 Christi
1425 5517 1802 5588 signiﬁcantur
1825 5528 2028 5587 adven-

486 5642 612 5740 :‘ml'n
645 5652 796 5702 textu
826 5652 1539 5740 autenldicuntnrP‘Ttgr,
1571 5665 1714 5734 quod
1745 5677 1849 5731 est,
1874 5686 2011 5740 aves,

412 5715 666 5802 "’f"’f‘,‘“‘r
698 5735 953 5802 Ρακιῖνζβσ,
981 5724 1184 5802 (ἓνιιθεεΔ
1203 5715 1412 5802 ὁρνίῶαζ
1432 5715 1672 5791 iisiis;
1688 5715 2010 5796 “cii'f

411 5793 499 5840 set
524 5785 736 5859 Moyses
764 5785 988 5861 gallinas
1023 5785 1280 5854 mundas'.’
1309 5785 1431 5860 cum
1453 5785 2008 5882 έίιῖιῖίῖμῖἱ

2303 3274 2624 3332 MONITUM
2656 3276 2725 3332 ΙΝ
2753 3276 3145 3336 EPISTOLAM
3181 3281 3625 3365 SEQUENTEM.

2230 3364 2480 3446 Dicitur_a
2501 3370 2780 3446 nonnullis
2801 3388 2910 3425 esse
2939 3364 3311 3443 Cltrysostomi,
3342 3393 3659 3446 quamquam
3689 3397 3786 3434 nec

2152 3436 2267 3505 ejus
2289 3440 2375 3491 sit.
2418 3437 2567 3493 Certe
2606 3449 2663 3493 ut
2705 3436 3084 3512 Hieronymum
3132 3436 3399 3500 auctorem
3446 3436 3547 3502 no'n
3574 3450 3784 3504 habere

2153 3510 2367 3590 sentias,
2394 3526 2706 3590 qttatnquam
2733 3520 2815 3590 res
2842 3510 3031 3567 clamat
3058 3516 3192 3590 ipsa,
3218 3519 3344 3571 satis
3372 3519 3583 3573 abunde
3607 3524 3781 3590 fuerit

2152 3579 2289 3657 lianc
2308 3597 2425 3633 cum
2446 3579 2875 3657 Hieroni/intimae!
2889 3579 3209 3655 expositione
3232 3590 3285 3642 in
3305 3591 3524 3657 epistola
3549 3579 3618 3646 2i
3647 3636 3666 3655 ,
3706 3596 3779 3646 ad

2150 3648 2788 3725 Damasumcontendisse.
2820 3654 2924 3709 Hic
2950 3648 3198 3725 praeterea
3226 3648 3373 3715 mini.
3404 3662 3436 3714 2
3468 3661 3601 3717 duas
3624 3648 3778 3718 ditus

2150 3721 2430 3791 parabolas
2455 3725 2515 3777 de
2552 3742 2663 3789 ove,
2694 3734 2741 3779 et
2770 3728 2832 3779 de
2862 3721 3098 3795 muliere,
3146 3740 3402 3786 contexto
3433 3733 3626 3789 ordine
3680 3754 3779 3789 su-

2150 3807 2247 3875 pra
2259 3810 2309 3875 ha
2336 3810 2390 3847 se
2411 3795 2484 3875 ait
2504 3797 2771 3864 recitatas,
2804 3814 2931 3863 quas
2956 3816 3241 3871 numquam
3269 3810 3341 3858 est
3367 3806 3583 3875 proprio
3607 3822 3782 3875 opere

2149 3864 2216 3918 δ.
2244 3864 2436 3920 Doctor
2464 3867 2859 3935 interpretatus.

2652 3979 2988 4037 EPISTOLA
3026 3982 3246 4039 XXXV.

2177 4080 2276 4124 εει]
2309 4082 2531 4125 nonius
2560 4087 2629 4126 DE
2656 4086 2857 4128 DUOBUS
2898 4089 3077 4139 FlLllS,
3106 4090 3264 4133 PRUGI
3292 4094 3359 4134 ΕΤ
3390 4094 3735 4140 ωςοιιῐοεο.

2214 4157 2257 4214 1.
2283 4160 2533 4217 Omnium
2563 4163 2777 4234 quidem
2805 4165 2871 4220 de
2893 4164 3189 4239 Scripturis
3209 4172 3567 4240 quaestionum
3596 4177 3781 4234 abso-

2143 4251 2281 4316 Iulio
2304 4252 2383 4307 illi
2411 4255 2512 4308 soli
2546 4255 2618 4310 ita
2661 4265 2719 4310 ut
2748 4266 2854 4322 est,
2885 4265 3138 4326 estnota,
3172 4261 3264 4330 qui
3293 4262 3472 4320 dixit:
3501 4264 3626 4339 Ego
3651 4286 3781 4323 sum

2140 4344 2324 4397 veritas
2347 4342 2536 4418 (Joan.
2565 4360 2621 4401 tv
2641 4347 2749 4418 ,6).
2782 4347 2893 4403 Nos
2922 4360 3102 4406 autem
3134 4363 3353 4422 Oportet
3369 4356 3449 4426 pia
3471 4358 3784 4420 voluntate

2142 4436 2425 4503 accedere,
2460 4447 2515 4493 et
2543 4438 2767 4509 speciali
2797 4455 2960 4497 sensu
2993 4442 3060 4497 ad
3087 4443 3500 4514 inquisitionem
3534 4450 3781 4509 divina-

2142 4541 2265 4581 rum
2308 4528 2713 4599 Scripturarum
2743 4549 2756 4585 :
2785 4533 3020 4589 scientes
3069 4537 3211 4607 quod
3256 4538 3301 4593 si
3348 4539 3574 4612 aliquod
3629 4560 3782 4604 vere

2144 4620 2513 4677 invenerimus
2538 4623 2739 4679 bonum
2772 4626 3105 4684 desiderium
3130 4633 3327 4689 mentis
3355 4642 3583 4690 attenta!
3613 4636 3776 4710 Deo,

2141 4713 2287 4768 inter
2315 4713 2451 4769 ﬁnes
2481 4714 2837 4772 beatitudinis
2866 4718 2984 4786 ejus
3012 4719 3256 4777 erimus:
3280 4723 3349 4778 de
3376 4739 3478 4791 qua
3505 4725 3775 4785 dicitur:

2138 4801 2331 4859 Beatus
2355 4806 2434 4859 vir
2458 4806 2547 4878 qui
2568 4807 2795 4879 implevit
2820 4811 3132 4865 desiderium
3157 4830 3308 4868 suum
3331 4815 3351 4886 (
3376 4815 3527 4873 Pani.
3556 4833 3771 4888 cxxvt,

2140 4893 2231 4963 5).
2265 4894 2450 4964 Qualis
2479 4904 2664 4953 autem
2695 4898 2765 4953 sit
2797 4899 2955 4969 hujus
2997 4906 3455 4975 concupiscentiae
3503 4915 3774 4979 species,

2133 4987 2367 5057 adjectio
2409 4991 2759 5047 beatitudinis
2807 4995 2969 5050 facile
3009 4996 3255 5053 declarat
3291 5000 3479 5057 audire
3505 5003 3782 5062 volenti-

2142 5081 2263 5150 bus,
2300 5082 2351 5137 id
2382 5094 2487 5147 est,
2521 5085 2815 5155 prudenter
2843 5088 3213 5146 audientibus.
3245 5091 3401 5161 Quod
3443 5096 3486 5148 si
3517 5110 3640 5153 non
3670 5115 3780 5169 po-

2136 5177 2404 5231 tuerimus
2441 5176 2508 5231 ad
2549 5178 2770 5246 plenam
2814 5182 3065 5237 veritatis
3103 5184 3277 5253 ipsius
3322 5186 3774 5257 intelligentiam

2135 5266 2424 5335 pervenire
2455 5284 2468 5320 :
2499 5283 2600 5323 nec
2633 5279 2813 5325 tamen
2844 5273 2923 5328 sic
2953 5273 3117 5342 longe
3145 5275 3350 5330 erimus
3378 5277 3447 5332 ab
3479 5278 3574 5333 illa
3612 5280 3775 5339 bea-

2136 5358 2387 5426 titudine,
2405 5375 2566 5429 quam
2592 5363 2816 5431 capiunt
2833 5365 2920 5432 qtti
2941 5365 3169 5435 implent
3189 5367 3524 5424 desiderium
3550 5386 3766 5431 suum.

2130 5450 2321 5523 Neque
2349 5455 2494 5509 enim
2523 5455 2571 5510 si
2596 5471 2704 5513 non
2737 5457 3050 5528 ceperimus
3082 5460 3134 5515 id
3162 5470 3378 5529 munus,
3412 5465 3573 5534 cujus
3597 5483 3767 5539 prae-

2130 5544 2309 5599 standi
2331 5554 2572 5613 potestas
2593 5548 2644 5601 in
2669 5548 2894 5604 alterius
2920 5565 3081 5606 manu
3106 5554 3284 5622 posita
3306 5562 3411 5619 est,
3442 5560 3772 5627 reprehen-

2125 5690 2190 5757 εκ
2222 5678 2548 5735 tnundorum
2591 5698 2813 5761 genere.
2844 5683 3053 5761 Verum
3076 5686 3147 5761 ita
3184 5690 3423 5761 esliolim
3462 5689 3767 5761 Origenes

2120 5748 2514 5818 interpretatus
2548 5771 2559 5805 :
2595 5748 2700 5810 nec
2733 5755 2841 5810 visa
2891 5768 2974 5813 est
3006 5758 3126 5814 aliis
3168 5775 3233 5815 ex
3280 5760 3504 5818 Patrum
3556 5748 3763 5821 Eno’r‘a

2116 5820 2385 5890 expositio
2417 5823 2506 5878 illa
2536 5824 2853 5897 incongrua.
