3926 6290
211 286 296 347 269
700 283 1035 344 EPISTOLA
1080 287 1301 345 XXXV.
1348 290 1433 347 DE
1473 289 1753 351 DUOBUS
1795 292 2028 367 FlLllS,
2068 299 2281 359 FliUGl
2321 302 2408 360 ΕΤ
2448 302 2876 363 ιυχυιιιοδο.
3353 310 3463 370 250

204 406 378 460 sionem
410 398 794 456 sustinebimus
817 417 833 459 :
857 401 952 496 sed
981 402 1027 458 si
1063 404 1116 459 in
1159 405 1244 460 his
1272 422 1393 476 quae
1421 423 1587 478 agere
1612 425 1753 479 pra»
1779 411 1833 472 Α
1858 414 2051 470 rabant
2077 415 2271 483 Judaei,
2307 427 2361 473 et
2386 420 2689 477 urebantur
2718 423 2943 487 invidia.
2993 426 3140 496 quod
3170 441 3199 481 a
3233 427 3462 487 Domino

202 496 399 565 cipimur
424 508 733 563 pareamus,
767 495 1050 565 prtrminm
1087 496 1264 555 laudis
1300 499 1452 569 juste
1496 501 1755 573 adipisci-
1861 517 2048 563 nostro
2075 510 2203 565 Jesu
2225 510 2444 566 Christo
2476 524 2790 583 peccatores
2830 495 3059 587 suscipi,
3103 520 3266 577 simul
3293 522 3457 580 etiam

202 605 316 645 mur.
1856 602 2150 667 convivari,
2184 612 2238 657 et
2269 603 2588 672 publicanos
2620 606 2851 663 libenter
2873 608 3138 666 doctrinae
3160 613 3461 672 Salvatoris

255 686 309 741 ll.
343 683 596 754 Quoniam
635 698 768 756 ergo
808 687 1124 744 omnimodo
1162 689 1594 748 demonstratum
1643 703 1749 763 est,
1858 690 2142 748 intendere
2171 694 2442 749 viderant.
2489 697 2569 751 Ad
2612 698 2752 753 hanc
2793 714 2924 771 ergo
2969 704 3317 760 insolentiam
3362 706 3461 764 Ju-

200 792 283 834 non
308 776 472 831 solum
502 776 706 832 nullius
741 779 990 847 periculi,
1027 780 1123 835 sed
1153 788 1212 836 et
1241 782 1485 851 plurimae
1507 784 1752 841 utilitatis
1856 781 2098 838 datorum
2121 785 2392 853 aspiciens
2418 786 2696 853 Dominus,
2723 792 2845 858 quia
2871 792 3367 861 reprehendebatur
3386 775 3457 853 ab

199 871 553 937 esse,scrulari
582 870 794 927 divinas
821 872 1172 942 Scripturas:
1204 874 1569 949 disquiramus
1601 880 1749 937 illam
1854 875 1959 941 eis,
1991 876 2180 946 incipit
2210 877 2436 947 primam
2468 878 2536 934 de
2563 890 2785 949 pastore
2812 882 2956 937 illam
2990 886 3328 954 parabolam,
3360 889 3454 945 ubi

200 964 437 1035 Evangelii
462 963 777 1035 parabolam
797 1006 811 1032 ,
839 981 961 1035 qua
984 977 1069 1024 est
1095 968 1163 1025 de
1193 980 1343 1039 patre
1365 980 1421 1029 et
1441 972 1651 1029 duobus
1683 975 1749 1030 ii-
1854 969 2145 1039 nonaginta
2176 979 2229 1025 et
2255 985 2451 1026 novem
2478 972 2669 1026 ovibus
2698 973 3004 1040 derelictis,
3036 978 3101 1032 ad
3134 994 3293 1035 tinam
3330 996 3452 1051 quas

199 1062 265 1117 liis
288 1060 437 1134 (Luc.
466 1062 594 1133 xv).
628 1060 761 1117 Nam
796 1064 960 1119 unius
988 1065 1065 1121 rei
1099 1080 1259 1122 causa
1288 1076 1342 1123 et
1370 1068 1439 1123 de
1468 1083 1571 1126 ove
1600 1078 1655 1127 et
1679 1070 1750 1126 de
1852 1061 2224 1127 aberraverat,
2271 1062 2658 1133 requirendam
2704 1065 2857 1121 abiit.
2907 1069 2974 1123 Et
3015 1070 3286 1128 subnectit
3326 1073 3454 1131 huic

197 1157 387 1212 muliere
412 1157 850 1225 comparationes
881 1156 1038 1213 nobis
1076 1168 1333 1215 contexto
1362 1162 1556 1218 ordine
1580 1178 1747 1233 supra
1850 1153 2010 1208 aliam
2035 1153 2345 1222 parabolam
2368 1156 2437 1211 de
2452 1156 2711 1211 drachma
2732 1158 2969 1226 decima,
2997 1178 3159 1233 quam
3183 1167 3448 1234 perditam

194 1252 393 1307 recitata:
419 1260 565 1306 sunt.
589 1249 865 1319 Quaeritur
889 1268 1020 1323 ergo
1045 1254 1167 1323 quis
1201 1255 1295 1310 ille
1322 1256 1504 1312 senior
1533 1257 1603 1311 sit
1634 1258 1745 1312 ira-
1852 1246 1997 1301 intra
2017 1245 2239 1302 domum
2264 1261 2419 1302 suam
2466 1265 2696 1306 accensa
2745 1253 2964 1309 lucerna
2995 1258 3189 1313 mulier
3216 1260 3445 1317 invenit.

198 1352 279 1409 ter,
310 1342 391 1415 qui
425 1358 491 1398 ex
521 1342 753 1401 dimidio
779 1344 959 1400 datam
1004 1346 1107 1402 sibi
1141 1356 1381 1416 paterna}
1423 1350 1744 1407 substantia;
1854 1340 2059 1396 Deinde
2087 1340 2204 1395 haee
2244 1343 2311 1398 de
2341 1342 2465 1397 filiis
2508 1343 2721 1399 duobus
2764 1347 3019 1415 parabola
3072 1351 3445 1423 subsequitur,

199 1439 448 1508 portionem
488 1437 813 1505 custodivit,
859 1448 917 1495 et
959 1439 1380 1509 inseparabilem
1423 1460 1548 1499 cum
1589 1454 1745 1515 patre
1852 1434 2149 1489 secundum
2198 1434 2696 1506 dispensationem,
2744 1447 2800 1493 et
2843 1440 3204 1509 providentiae
3249 1445 3447 1502 divina:

197 1547 275 1589 suo
291 1532 431 1586 vitam
460 1545 631 1601 agere
659 1530 873 1589 dilexit.
902 1533 1036 1599 Quis
1064 1550 1194 1590 vero
1221 1536 1422 1606 junior,
1465 1539 1557 1606 qui
1590 1554 1747 1595 acce-
1851 1528 2128 1595 Ordinem,
2190 1530 2381 1584 harum
2446 1534 2915 1601 θοηιβπθιίοηυπι
2962 1545 3166 1592 ιθκιυῐη
3218 1538 3444 1598 faeiens.

195 1635 264 1693 pta
289 1624 516 1680 similiter
556 1639 629 1679 ex
675 1632 827 1692 patre
868 1627 1198 1696 substantia,
1248 1628 1523 1695 profectus
1563 1638 1649 1685 est
1692 1632 1744 1687 in
1853 1622 1985 1677 Nam
2010 1625 2137 1692 (11³⁵³
2161 1625 2277 1692 ipse
2302 1624 2552 1694 βτίηεθῐιε
2579 1636 2634 1681 0i
2666 1638 2859 1683 θυοιυτ
2883 1630 3074 1686 saltilis
3106 1642 3311 1688 nostra!
3341 1647 3445 1698 εει.

191 1717 489 1787 longinquam
535 1719 855 1787 regionem,
896 1728 952 1774 et
995 1718 1295 1791 proﬂigatis
1339 1721 1450 1777 illic
1489 1723 1744 1779 omnibus
1852 1715 2135 1771 seductum
2184 1717 2482 1784 hominem,
2516 1728 2565 1772 et
2595 1718 2722 1773 dolo
2766 1719 2965 1775 diaboli
3012 1723 3308 1791 perditum,
3342 1726 3450 1781 sal—

190 1810 324 1878 partis
346 1824 445 1864 sure
474 1808 835 1865 facultatibus
863 1810 929 1866 ad
975 1811 1212 1879 inopiam
1241 1814 1514 1880 redactus,
1546 1831 1748 1883 porcos
1781 1808 1827 1866 B
1854 1824 1983 1861 vare
2008 1808 2296 1877 incipiens,
2331 1818 2383 1863 et
2416 1809 2735 1880 perfectioni
2763 1814 3051 1869 restituere
3077 1833 3090 1868 :
3119 1816 3220 1871 hoc
3242 1827 3323 1872 est
3344 1834 3447 1873 nu-

190 1901 357 1955 alienos
384 1916 605 1970 pascere
646 1912 872 1958 coactus
901 1913 1005 1959 est.
1035 1903 1142 1961 Sed
1185 1915 1240 1961 et
1267 1908 1589 1974 qualitatem
1618 1925 1740 1980 pm-
1846 1917 2001 1957 mero
2028 1904 2333 1957 centesimo
2360 1904 2609 1968 reddere,
2661 1906 2712 1958 in
2743 1922 2855 1976 quo
2885 1906 3237 1977 perfectionis
3266 1912 3447 1981 pleni-

191 1995 385 2050 nitentiae
437 1994 556 2065 ejus
604 2010 714 2050 non
765 1996 1111 2064 omittamus,
1155 2007 1212 2053 et
1254 1999 1512 2055 Imtiﬁcati
1570 2003 1740 2073 patris
1846 1995 1980 2048 tudo
2010 1996 2518 2051 numeratur:hinc
2562 1997 2777 2052 initium
2821 2000 3249 2067 comparationis
3294 2002 3443 2058 facit.

186 2096 442 2158 promptam
470 2088 858 2143 remissionem
893 2088 1302 2159 modestamque
1332 2093 1613 2162 pietatem,
1647 2095 1739 2165 qui
1843 2087 2134 2159 Suhjungit
2158 2099 2337 2143 autem
2369 2098 2423 2143 et
2452 2090 2698 2145 mulieris
2730 2106 3040 2158 personam,
3087 2108 3321 2164 arguens
3350 2095 3449 2150 Ju-

186 2183 433 2238 revertenti
463 2181 578 2238 filio
620 2181 978 2239 discessionis
1006 2185 1296 2253 praeterita:
1329 2186 1444 2257 [Αι.
1473 2189 1736 2257 praeterit]

1892 2194 2013 2244 eos,
2045 2180 2251 2236 docens
2277 2192 2460 2236 autem
2507 2182 2832 2250 Ecclesiam,
2868 2195 2923 2239 et
2966 2185 3241 2241 hominem
3286 2188 3442 2257 quasi

186 2275 443 2343 levitatem,
479 2288 534 2332 et
563 2276 851 2347 dissipatae
897 2278 1221 2335 substantiae
1263 2279 1463 2351 ﬂagitia
1509 2297 1617 2339 ηοη
1644 2299 1738 2339 εχ-
1843 2272 2132 2327 erraticam
2162 2287 2318 2328 ovem
2350 2273 2588 2344 diligens
2620 2284 2804 2343 pastor
2837 2276 3065 2345 inquirit
3103 2295 3117 2331 :
3148 2292 3310 2349 quem
3340 2278 3441 2333 bo-

186 2368 402 2436 probrat:
433 2368 528 2424 sed
562 2370 882 2425 venientem
930 2370 1230 2428 clementer
1270 2374 1521 2443 suscipit,
1558 2385 1614 2431 et
1639 2392 1736 2432 oe-

1891 2364 2042 2418 tincm
2074 2364 2390 2419 drachmam
2425 2368 2687 2435 nominat,
2728 2377 2950 2437 propter
2975 2379 3205 2422 moneta:
3243 2368 3441 2438 regalis

184 2475 365 2517 currens
390 2461 617 2530 salutat,
663 2471 721 2518 et
747 2464 1030 2533 gratulans
1068 2465 1367 2531 osculatur,
1417 2468 1737 2524 incumbens
1842 2456 2252 2511 είῐηῖίίῑυάίηθηι
2288 2473 2302 2511 ε
2336 2458 2632 2528 ﬁguraliter
2678 2457 2732 2512 i"
2772 2458 3053 2525 “Padum,
3105 2475 3226 2528 (111³³
3276 2476 3438 2528 Ρεοιι·

180 2554 421 2623 requiescit
454 2556 507 2612 in
542 2570 637 2625 eo,
671 2565 727 2611 et
749 2557 983 2613 vitulum
1016 2557 1169 2613 illum
1192 2561 1493 2629 saginatum
1519 2578 1615 2631 pro
1646 2564 1730 2618 lte-

1890 2550 1945 2603 ia:
1974 2565 2147 2619 genus
2175 2559 2280 2616 est,
2310 2549 2455 2621 quod
2490 2550 2569 2605 illi
2604 2559 2879 2618 tamquam
2904 2566 3147 2615 nummo,
3183 2552 3357 2623 imago
3383 2563 3440 2610 et

180 2644 270 2700 tilia
305 2648 495 2717 recepti
526 2647 629 2704 ﬁlii
659 2648 990 2718 epulandum
1038 2649 1309 2706 immolat.
1358 2651 1415 2706 ln
1455 2668 1565 2722 quo
1587 2668 1736 2709 com.
1841 2643 2126 2713 inscriptio
2177 2645 2322 2712 regis
2363 2643 2606 2699 caelestis
2643 2642 2909 2714 insculpta
2950 2645 3043 2701 sit.
3074 2645 3282 2712 Quaerit
3310 2661 3441 2717 ergo

177 2750 368 2808 punctus
407 2739 595 2796 senior
628 2739 794 2795 frater
821 2740 951 2794 dicit
981 2741 1137 2809 patri,
1187 2753 1297 2797 eie.
1334 2742 1460 2797 llaec
1487 2758 1607 2813 quin
1638 2760 1738 2813 per
1840 2750 1957 2789 eam
1981 2735 2299 2791 drachmam
2329 2736 2545 2800 mulier,
2579 2750 2807 2792 accensa
2843 2738 3065 2793 lucerna
3093 2751 3149 2794 et
3179 2740 3437 2796 mundata

178 2840 323 2899 partes
346 2831 545 2903 digeSta
580 2840 735 2900 sunt,
773 2834 1051 2903 expositio
1092 2834 1290 2888 vestris
1324 2834 1578 2890 sensibus
1610 2835 1737 2889 inti-
1841 2827 2005 2882 domo
2036 2828 2281 2887 invenit:
2315 2827 2416 2883 hoc
2457 2837 2560 2893 est,
2606 2826 2769 2882 homo
2814 2829 3146 2884 illuminatus
3193 2830 3362 2885 verbo
3383 2841 3440 2887 et

177 2924 328 2979 litabit.
348 2923 732 2980 Necessarium
760 2925 909 2979 enim
934 2933 1166 2980 estante
1190 2926 1366 2980 omnia
1393 2929 1734 2996 percunctari
1841 2918 2219 2975 misericordia
2253 2919 2371 2982 Dei.
2422 2921 2647 2990 gloriam
2682 2929 2887 2976 natum
2927 2935 3062 2987 sum,
3103 2922 3155 2977 in
3208 2937 3318 2993 qua
3367 2923 3436 2978 ad

176 3028 380 3082 causam,
409 3031 507 3086 pro
542 3031 679 3086 qua,
709 3023 766 3070 et
793 3015 925 3087 quid
958 3016 1144 3071 volens
1175 3016 1241 3071 de
1276 3019 1569 3086 propositis
1615 3018 1735 3075 Sal-
1839 3011 2130 3083 imaginem
2162 3014 2427 3069 creatoris
2470 3015 2555 3068 sui
2597 3013 2769 3069 factus
2807 3023 2910 3084 est,
2945 3030 3104 3081 quam
3146 3016 3436 3073 obscurata

176 3118 303 3165 rator
325 3110 637 3175 ostendere,
674 3109 985 3179 huiusmodi
1031 3109 1314 3180 parabolas
1347 3110 1553 3167 Judaeis
1583 3121 1729 3182 apta.
1841 3104 2077 3176 peccatis
2109 3104 2275 3161 domo
2314 3104 2517 3173 cordis,
2550 3106 2605 3161 in
2642 3107 2881 3163 tenebris
2919 3106 3100 3163 cordis
3128 3109 3390 3166 amiserat
3420 3126 3435 3167 :

174 3202 300 3256 verit.
346 3204 400 3260 Si
443 3204 593 3260 enim
630 3202 781 3258 vobis
822 3218 983 3259 causa
1028 3204 1213 3258 talium
1261 3206 1731 3275 comparationum
1763 3196 1808 3259 C
1839 3198 2147 3253 emendatis
2175 3198 2426 3255 sensibus
2457 3200 2660 3270 reperit
2690 3216 2705 3256 :
2740 3207 2797 3255 et
2828 3200 3027 3273 gaudio
3055 3202 3253 3273 gaudet
3290 3205 3438 3274 quod

174 3296 410 3364 patuerit:
442 3307 574 3352 tunc
608 3310 672 3351 ea
697 3310 822 3365 qua:
856 3294 927 3350 de
966 3295 1102 3366 ipsis
1138 3297 1426 3363 sentimus,
1470 3313 1539 3351 an
1571 3297 1735 3353 ratio-
1837 3305 2056 3347 omnem
2089 3289 2487 3346 immunditiam
2533 3291 2812 3348 interioris
2843 3293 3004 3363 aulai,
3046 3296 3240 3350 studiis
3266 3296 3437 3353 disci-

173 3388 386 3444 nabiliter
415 3398 724 3462 congruant
748 3387 981 3455 veritati,
1008 3388 1165 3445 facile
1192 3388 1550 3459 dignoscitur.
1838 3387 2005 3457 plina:
2038 3386 2289 3456 specialis
2319 3385 2636 3442 absterserit
2665 3405 2680 3441 :
2713 3397 2767 3443 et
2796 3398 3107 3444 contractas
3135 3390 3334 3446 animae
3363 3391 3433 3447 de

225 3478 299 3538 lll.
317 3484 446 3541 Sunt
472 3485 660 3554 itaque
675 3483 766 3554 qui
798 3481 985 3539 dicunt
1006 3482 1072 3537 de
1089 3483 1303 3538 duobus
1327 3483 1447 3539 filiis
1477 3483 1615 3549 istis,
1642 3498 1730 3540 se-
1838 3480 2004 3534 rebus
2024 3486 2081 3534 et
2105 3478 2252 3533 curis
2282 3479 2634 3535 saecularibus
2657 3479 2871 3548 sordes,
2903 3483 3243 3538 orationibus
3273 3492 3327 3540 et
3355 3485 3441 3539 in-

169 3575 338 3630 niorem
363 3575 591 3648 angelos
614 3589 737 3631 esse
764 3585 818 3629 et
840 3572 1221 3645 archangelos,
1247 3573 1331 3629 vel
1360 3589 1581 3629 omnem
1602 3574 1735 3631 coeli
1836 3572 2245 3641 crepationibns
2281 3582 2608 3643 expurgatas
2635 3575 2962 3630 excusserit.

168 3669 401 3726 militiam.
451 3671 722 3727 Minorem
769 3683 898 3725 vero
938 3678 1145 3738 ponunt
1185 3669 1495 3736 hominem,
1553 3670 1643 3737 qui
1676 3669 1731 3725 in
1912 3665 1976 3721 V.
2018 3665 2329 3722 Secundum
2386 3666 2704 3735 praedictum
2752 3678 3152 3739 consequenter
3200 3671 3442 3726 annectit

168 3762 416 3833 longinqua
446 3762 900 3836 peregrinatione
929 3764 1149 3829 abierit,
1181 3762 1400 3834 quando
1426 3762 1494 3817 ad
1531 3772 1733 3818 terram
1836 3759 2172 3831 parabolatn,
2203 3760 2271 3816 de
2297 3758 2508 3815 duobus
2540 3760 2665 3815 filiis
2696 3761 3068 3829 collationem,
3103 3773 3159 3817 ut
3190 3763 3320 3818 mihi
3356 3766 3441 3817 vi-

166 3850 220 3906 de
244 3854 380 3910 cwlis
403 3865 459 3910 et
489 3853 751 3925 paradiso
779 3854 979 3910 cecidit
1011 3871 1027 3911 :
1056 3864 1111 3910 et
1141 3862 1327 3926 aptant
1346 3853 1519 3937 ~quasi
1556 3854 1733 3909 scien-
1835 3852 1967 3908 deor
1994 3852 2172 3909 facere
2199 3870 2212 3907 :
2241 3866 2345 3907 non
2379 3852 2447 3908 de
2461 3852 2664 3909 Judteis
2688 3854 3200 3925 transgressorihus,
3234 3870 3333 3910 nec
3363 3854 3434 3911 de

164 3948 221 4000 tia
248 3950 585 4020 respicientis
622 3948 691 4004 ad
717 3963 902 4005 casum
931 3949 1017 4004 vel
1056 3957 1259 4004 statum
1306 3946 1458 4002 Adae.
1500 3946 1608 4003 Sed
1645 3946 1735 4005 hic
1834 3946 2089 4016 gentibus
2112 3945 2357 4017 perditis,
2379 3946 2474 4000 sed
2502 3946 2683 4015 populi
2714 3946 2850 4015 ejus,
2879 3948 2969 4017 qui
2996 3962 3091 4017 per
3113 3948 3432 4017 patientiam

162 4053 323 4097 sensus
354 4043 474 4112 pius
501 4042 726 4113 quidem
761 4039 997 4096 videtur.
1046 4039 1242 4095 Nescio
1275 4048 1452 4094 tamen
1482 4039 1527 4093 si
1561 4054 1730 4095 verus
1832 4040 2079 4097 redditur
2102 4039 2285 4104 saluti,
2307 4054 2468 4109 quem
2485 4039 2759 4109 juniorem
2785 4040 2953 4095 lilium
2976 4042 3242 4098 nominat.
3274 4043 3427 4111 Seth,

160 4132 233 4187 sit.
260 4133 388 4190 Dicit
406 4134 615 4206 aliquis
642 4151 655 4189 :
689 4135 896 4204 quare?
923 4132 1058 4202 Quia
1091 4132 1272 4188 minor
1300 4131 1439 4185 ﬁlius
1469 4138 1525 4186 et
1546 4131 1732 4201 junior
1835 4135 1982 4191 Eoos
2010 4144 2065 4190 et
2088 4133 2174 4189 his
2195 4134 2466 4204 jnniores,
2490 4134 2583 4204 qui
2610 4134 2679 4188 ab
2701 4135 2812 4190 Eva
2836 4122 3100 4207 usque‘ad
3130 4135 3434 4193 Salvatoris

161 4224 211 4279 ad
238 4228 605 4297 penitentiam
650 4226 797 4281 venit
835 4239 932 4280 sua
963 4233 1189 4296 sponte,
1232 4222 1553 4279 recordatus
1587 4238 1726 4293 prte-
1833 4228 2133 4284 humanum
2176 4227 2497 4294 adventum,
2530 4228 2827 4284 secundum
2854 4228 3127 4299 justitiam
3171 4229 3308 4299 legis
3354 4232 3435 4285 vi-

159 4322 304 4377 teritaa
328 4321 689 4378 abundantiae
716 4320 886 4391 patris
910 4319 1018 4388 sui,
1048 4319 1191 4374 sicut
1223 4318 1386 4373 habet
1432 4316 1606 4373 series
1651 4316 1730 4372 le-
1833 4330 2024 4378 ventes
2051 4321 2181 4391 justi
2214 4320 2557 4377 videbantur.
2594 4321 2736 4393 Ergo
2780 4322 2923 4392 quod
2969 4323 3046 4377 ait
3072 4322 3345 4392 juniorem
3377 4332 3436 4380 et

158 4412 341 4469 cunnis.
382 4413 656 4470 Dominus
697 4422 878 4468 autem
923 4411 1175 4476 veniens,
1228 4408 1294 4464 ad
1347 4408 1708 4479 paenitentiam

1882 4415 2131 4481 :uiorem,
2162 4428 2268 4470 non
2300 4414 2352 4469 in
2388 4414 2584 4469 ordine
2617 4415 2901 4484 temporis,
2944 4414 3041 4471 sed
3082 4416 3135 4470 in
3181 4417 3432 4486 volupta-

156 4508 337 4564 vocavit
379 4508 684 4564 humanum
716 4520 913 4576 genus,
961 4521 1083 4562 cum
1125 4520 1221 4561 sua
1268 4512 1461 4574 sponte
1511 4502 1726 4573 regredi
1832 4517 1945 4564 tum
1974 4508 2261 4579 qualitate,
2296 4522 2617 4577 praeponens
2650 4520 2708 4562 se
2737 4505 2811 4574 ei,
2842 4507 2933 4579 qui
2960 4523 3068 4562 non
3096 4509 3432 4579 voluntarie,

158 4601 271 4657 unde
292 4602 595 4667 ceciderat,
630 4616 736 4657 non
764 4601 1052 4672 cogitaret.
1094 4598 1306 4655 Deinde
1335 4597 1522 4655 senior
1554 4598 1722 4664 filius,
1750 4580 1807 4642 Ῑ)
1830 4601 1926 4657 sed
1955 4602 2133 4655 alieno
2154 4599 2281 4654 dolo
2303 4600 2702 4654 circumventus
2727 4599 3099 4667 aberraverat,
3129 4602 3270 4657 sicut
3293 4603 3440 4669 ovis,

156 4694 398 4751 ticbnrns
441 4704 535 4752 est
562 4696 869 4753 caelestium
912 4694 1251 4766 angelorum,
1304 4703 1362 4748 ut
1403 4692 1721 4763 praedictum
1831 4694 1935 4750 hoc
1959 4704 2062 4757 est,
2090 4691 2440 4747 irrationabili
2471 4692 2689 4748 animali
2730 4692 3129 4761 imprudentem
3157 4695 3431 4750 hominem

157 4796 218 4839 est
245 4806 258 4842 :
290 4790 569 4861 quomodo
601 4788 653 4844 in
701 4788 881 4845 reditu
910 4798 966 4843 et
995 4786 1169 4842 salute
1215 4785 1401 4840 fratris
1429 4786 1540 4847 sui,
1572 4792 1627 4839 et
1669 4783 1724 4838 in
1829 4801 2191 4855 comparans,
2244 4782 2662 4838 sollicitudinem
2727 4787 2959 4854 pastoris
3005 4785 3268 4840 adhibens
3316 4804 3331 4843 :
3376 4796 3434 4841 ut

156 4880 278 4936 vituli
307 4882 692 4938 immolatione
722 4880 999 4935 tristatnr?
1041 4876 1176 4935 Cum
1220 4879 1273 4933 in
1304 4877 1500 4933 eodem
1545 4878 1727 4931 Evan-
1828 4888 2216 4950 qumratovem
2239 4878 2527 4947 perditam,
2553 4886 2608 4934 et
2636 4886 2879 4947 reportet
2902 4880 3199 4935 inventam.
3224 4878 3283 4934 Ei
3305 4894 3434 4935 vero

154 4973 267 5039 gelio
291 4975 441 5031 dicat
474 4974 779 5030 Dominus:
808 4973 1068 5028 Laetitiam
1097 4990 1205 5028 esse
1226 4975 1278 5026 in
1310 4972 1438 5026 creto
1467 4971 1606 5043 apud
1630 4987 1725 5025 tm-
1830 4971 1921 5041 qui
1951 4970 2157 5026 arbitrii
2187 4969 2270 5024 sui
2302 4969 2555 5025 libertate
2599 4970 2788 5036 utitur,
2820 4980 2874 5024 et
2917 4971 3261 5041 recognoscit
3288 4971 3432 5028 unde

152 5067 266 5133 gelo:
290 5086 450 5141 ηραν
474 5086 578 5123 uno
607 5076 876 5138 peccatore
902 5067 1255 5137 paenitentiam
1276 5074 1478 5137 agente.
1827 5065 2109 5131 ceciderit,
2141 5065 2476 5136 paenitentiae
2519 5073 2575 5120 et
2623 5065 2960 5121 reversionis
3008 5066 3293 5122 utilitatem
3342 5082 3435 5124 ac-

206 5158 285 5215 Ν.
323 5162 694 5217 Discutiexnus
740 5177 873 5232 ergo
923 5160 1087 5229 hujus
1137 5158 1417 5231 parabolae
1458 5158 1724 5214 rationem
1827 5159 2160 5218 commodat.
2214 5159 2366 5216 Unde
2412 5159 2529 5215 htec
2573 5160 2713 5215 inter
2758 5160 3044 5229 parabolas
3088 5160 3435 5231 supradictas

151 5269 235 5309 non
258 5266 315 5311 ut
334 5256 496 5311 illum
521 5256 689 5311 alium
717 5254 1057 5311 intellectum
1078 5254 1472 5324 vituperemns,
1496 5252 1591 5307 sed
1620 5266 1728 5305 ma-
1830 5256 1973 5309 ratio
2001 5252 2366 5310 distinctionis
2396 5262 2500 5318 est,
2525 5251 2824 5308 secundum
2856 5267 3118 5322 personas
3150 5254 3237 5310 vel
3278 5271 3433 5310 men-

151 5346 216 5411 εἰς
231 5358 289 5401 It
308 5363 436 5403 cum
468 5361 632 5404 sensu
660 5346 754 5402 illo
790 5345 844 5402 id
880 5343 1023 5416 quod
1056 5360 1156 5400 nos
1189 5344 1481 5411 sentimus,
1528 5343 1728 5398 vestris
1832 5356 1914 5404 tes
1943 5346 2279 5416 peccantium
2312 5366 2323 5399 :
2358 5354 2511 5415 pater
2556 5346 2724 5399 lilium
2768 5360 2875 5400 non
2921 5347 3165 5418 requirat
3194 5349 3437 5418 peregri-

148 5436 534 5505 diiudicandum
567 5439 805 5496 arbitriis
834 5436 957 5512 [AL
990 5437 1328 5510 arbitrariis]
1356 5440 1721 5494 conferamus.
1832 5449 2077 5505 nantem,
2108 5438 2205 5494 sed
2232 5438 2461 5510 recipiat
2486 5440 2862 5509 paenitentem.
2890 5437 3082 5495 Pastor
3114 5454 3245 5495 vero
3273 5454 3431 5494 ovem

149 5528 245 5587 iam
268 5536 417 5590 enim
447 5548 669 5590 causam
698 5533 1050 5604 exponimus,
1075 5547 1235 5604 quam
1263 5542 1321 5589 et
1348 5532 1563 5588 Domini
1606 5548 1724 5589 ser-
1829 5541 2126 5597 errantem,
2159 5540 2215 5586 et
2237 5546 2341 5587 non
2371 5531 2669 5601 sapientem
2707 5533 2928 5601 reverti,
2959 5534 3218 5604 requirat,
3249 5541 3304 5587 et
3333 5531 3435 5587 hu-

149 5637 223 5677 nin
253 5625 534 5698 subiungit
558 5642 575 5682 :
603 5624 671 5683 de
714 5626 1004 5696 superiore
1033 5640 1198 5682 causa
1240 5625 1379 5680 hanc
1412 5624 1723 5696 parabolatn
1832 5626 1999 5683 meris
2028 5628 2141 5681 suis
2174 5625 2393 5681 referat.

148 5714 490 5776 introdueens
516 5718 654 5775 sicut
700 5719 909 5791 prtefati
948 5734 1133 5776 sumus
1182 5721 1520 5791 singularum
1556 5722 1604 5774 in
1642 5720 1725 5775 his
1904 5719 1993 5775 Vl.
2025 5719 2317 5777 Videamus
2349 5736 2492 5777 nunc
2534 5722 2576 5777 si
2608 5733 2930 5785 consonent,
2978 5736 3099 5791 quae
3128 5720 3431 5792 signiﬁcata

148 5811 403 5879 Nubelis
435 5829 794 5887 personarum
827 5813 1147 5873 memoriam
1180 5814 1461 5872 facientes.
1486 5813 1728 5872 Murmu—
1832 5823 1961 5871 sunt
1988 5814 2056 5870 ad
2088 5812 2225 5869 hanc
2273 5814 2693 5885 expositionem.
2734 5816 2872 5873 Dicit
2917 5812 3196 5884 Scriptura
3228 5829 3243 5867 :
3285 5812 3439 5872 Divi-
