3926 6290
445 282 547 342 25!

1484 294 1548 353 ὃ.
1591 294 1979 355 HIERONYMI
2016 296 2302 362 OPBRUM
2340 305 2701 369 MANTISSA.

3634 328 3742 387 252

447 401 580 457 dere
604 410 811 471 patrem
832 418 901 461 ex
923 418 1081 476 siquo
1102 406 1225 463 (iliis
1242 406 1451 464 duobus
1472 410 1827 468 substantiam
1857 428 2035 469 suam.
2070 418 2115 475 Α
2144 413 2362 475 dilectio
2391 423 2633 479 carnium
2657 423 2945 497 illecebrm,
2980 428 3319 503 siliquarum'
3350 436 3570 495 nomine
3597 436 3741 499 Scri-

450 493 511 548 Et
542 512 703 566 quam
757 499 1115 554 substantiam
1161 499 1248 556 hic
1284 504 1628 572 evangelicus
1669 517 1822 575 pater
1854 506 2049 563 dividit

454 584 568 641 tilio
594 587 859 658 spirituali
881 631 898 656 ,
930 591 1034 646 nisi
1054 594 1337 660 sapientia
1366 595 1723 661 intellectum,
1763 598 2044 654 scientiam

449 677 578 736 boni
604 689 658 737 et
687 681 842 745 mali,
869 697 991 752 qua:
1017 700 1164 739 vera:
1201 695 1258 740 et
1290 699 1564 756 perpetuae
1598 698 1725 743 sunt
1768 705 1901 759 Opes
1929 692 2049 746 ani-

450 756 555 827 mae
584 774 723 828 bene
747 774 988 830 viventi?
1029 776 1127 830 Dat
1148 788 1327 832 autem
1357 778 1447 835 hic
1475 792 1628 849 pater
1666 756 1889 837 divitias
1918 798 2045 840 suas

451 877 518 917 ex
547 879 722 932 atque.
766 864 884 921 Non
926 868 1071 925 enim
1100 869 1386 941 quisquam
1432 884 1522 926 aut
1556 873 1761 943 justus,
1803 888 1896 930 aut
1925 892 2047 949 pcc~

452 964 604 1009 catur
634 957 874 1012 nascitur
900 974 913 1010 :
945 959 1041 1013 sed
1056 976 1178 1030 qua:
1196 975 1264 1015 ex
1290 962 1403 1017 Deo
1428 972 1535 1030 est,
1562 965 1614 1018 in
1644 965 1815 1035 prima
1848 968 2042 1021 nativi-

454 1055 564 1102 tate
605 1046 843 1105 hominis
867 1052 1045 1121 portio
1067 1052 1385 1109 substantim
1417 1056 1696 1112 rationalis
1719 1100 1732 1121 ,
1767 1060 2049 1130 aequaliter

455 1138 664 1195 cunctis
709 1143 1062 1201 nascentibus
1107 1144 1286 1201 datur.
1336 1147 1414 1202 De
1454 1151 1820 1220 subsequente
1865 1162 2047 1209 autem

454 1232 877 1289 conversatione
922 1237 1291 1309 unusquisque
1346 1240 1467 1309 plus
1516 1250 1613 1295 aut
1664 1244 1843 1299 minus
1887 1243 2050 1315 hujus

455 1324 781 1381 substantiae
815 1326 1099 1395 possidere
1142 1331 1437 1399 invenitur,
1468 1333 1597 1388 dum
1642 1335 1696 1389 in
1742 1338 2050 1407 semetipsis

455 1430 553 1487 per
602 1417 1099 1481 dissitttilitndinem
1146 1426 1475 1483 voluntatum
1518 1430 1851 1501 negligentes
1894 1432 2045 1487 dese-

454 1518 623 1564 runt:
679 1513 972 1584 diligentes
1029 1530 1210 1573 autem
1264 1522 1622 1587 custodiunt,
1673 1535 1731 1577 ut
1784 1525 2049 1579 naturalia

455 1600 621 1656 bona.
681 1606 835 1661 Alius
890 1618 1075 1666 autem
1135 1627 1399 1670 memorat
1454 1616 1763 1687 intelligens
1830 1620 2043 1675 Domini

454 1689 732 1751 Creatoris
759 1713 819 1751 ea
848 1716 970 1769 quas
996 1718 1026 1757 a
1056 1702 1166 1758 Deo
1200 1704 1362 1761 Patre
1395 1711 1718 1777 sumpserit,
1764 1709 1838 1765 ita
1884 1720 1941 1765 ut
1967 1711 2051 1766 sui

455 1802 518 1843 ea
569 1792 739 1858 patris
787 1808 921 1873 esse
961 1798 1219 1865 credens,
1273 1802 1427 1871 quasi
1482 1812 1706 1870 paterna
1756 1804 2046 1861 custodiat.
2082 1809 2131 1871 Β
2159 1819 2325 1874 tendit
2354 1792 2634 1894 Scriptura
2667 1828 2802 1895 hac,

458 1882 611 1937 Alius
631 1893 812 1939 autem
839 1902 935 1942 sua
966 1904 1033 1945 ex
1063 1908 1121 1945 se
1150 1892 1255 1947 sibi
1285 1910 1405 1949 esse
1435 1896 1731 1958 aestimans,
1760 1898 1898 1952 sicut
1924 1912 2051 1967 pro-

457 1976 590 2044 pria:
637 1979 995 2045 possessionis
1041 1983 1256 2040 licentia
1306 1986 1637 2054 dl:8ipnlldl5
1674 1989 1945 2057 abutitur,
1994 1999 2050 2047 et

454 2067 569 2124 cito
620 2069 899 2142 profligata
940 2073 1198 2133 facultate
1230 2080 1546 2147 privabitur.
1593 2080 1921 2137 Describitur
1953 2099 2051 2145 au-

460 2166 570 2215 tem
599 2159 650 2216 iu
682 2161 803 2219 istis
831 2172 891 2221 et
920 2167 1200 2224 evidenter
1221 2172 1526 2226 ostenditur
1556 2173 1782 2229 liberta.
1812 2176 2045 2242 arbitrii,

452 2265 615 2320 quam
664 2254 863 2313 animae
912 2260 1164 2317 rationali
1213 2266 1526 2333 specialiter
1580 2268 1787 2323 addidit
1829 2279 2050 2324 creator

452 2341 616 2401 Deus.

526 2426 639 2493 νη.
677 2438 808 2496 Vide
841 2456 970 2512 ergo
992 2483 1007 2508 ,
1040 2455 1194 2515 pater
1221 2445 1323 2501 iste
1345 2451 1616 2518 quonodo
1649 2468 1747 2508 nec
1778 2453 1925 2509 illum
1956 2473 2049 2510 vo-

454 2525 657 2585 lentem
686 2532 970 2590 discedere
998 2542 1256 2607 retineat,
1291 2558 1389 2595 nec
1415 2544 1569 2599 liberi
1596 2547 1808 2601 arbitrii
1837 2550 2047 2605 aulerat

456 2628 780 2688 potestatem
814 2643 827 2679 :
873 2643 1045 2698 neque
1093 2631 1257 2687 alium
1298 2649 1521 2691 manere
1547 2641 1851 2707 cupientem
1888 2655 2047 2714 cogat

456 2712 777 2787 abscedere,
809 2736 875 2774 ne
901 2721 1042 2778 forte
1059 2723 1422 2793 frequentium
1445 2731 1730 2798 malorum,
1751 2750 1873 2804 quae
1896 2712 2043 2805 post-

456 2819 519 2860 ea
551 2804 635 2862 bis
664 2822 760 2863 suo
789 2812 921 2867 vitio
952 2818 1294 2888 acciderent,
1337 2821 1453 2891 ipse
1482 2824 1657 2891 potius
1697 2839 1887 2882 auctor
1925 2844 2048 2885 esse

455 2904 722 2969 videatur,
759 2909 805 2963 si
840 2911 945 2966 illis
976 2913 1287 2970 libertatem
1327 2919 1564 2987 propriae
1600 2921 1892 2980 voluntatis
1924 2926 2047 2980 abs-

453 3000 670 3056 ciderit.
714 3003 896 3075 Itaque
927 3017 980 3061 et
1023 3011 1229 3077 petenti
1273 3011 1386 3077 dat,
1415 3013 1540 3084 quia
1566 3030 1630 3070 ex
1667 3018 1844 3088 nobis,
1878 3033 1984 3074 non
2016 3037 2047 3076 a

457 3093 608 3159 Deo,
664 3095 864 3166 inopiae
912 3110 969 3156 et
1008 3099 1326 3158 oil‘ensionis
1375 3117 1576 3161 nostra:
1610 3122 1771 3164 causa
1831 3113 2050 3181 proiici-

455 3184 647 3240 scitur.
672 3190 960 3259 Accipiens
975 3201 1156 3250 autem
1186 3207 1391 3264 partem
1417 3200 1785 3271 suamjunior,
1812 3223 2045 3277 peregre,
2078 3200 2123 3266 C

457 3279 648 3349 inquit,
681 3284 806 3337 abiit
835 3285 1008 3357 longe.
1042 3289 1197 3354 Quod
1227 3291 1319 3360 ait,
1345 3291 1519 3364 longe,
1556 3313 1659 3352 non
1688 3299 1931 3355 locorum
1964 3304 2045 3357 in-

456 3374 856 3444 tercapedinem
883 3419 898 3443 ,
928 3380 1025 3435 sed
1064 3382 1482 3441 declinationem
1526 3392 1725 3446 mentis
1754 3397 2044 3466 expressit.

457 3462 558 3531 Qui
579 3474 724 3523 enim
753 3470 1082 3528 oblivionem
1128 3476 1221 3532 Dei
1249 3482 1474 3548 ceperit,
1519 3482 1606 3539 hic
1629 3500 1756 3541 vere
1799 3490 2045 3561 peregri-

455 3559 572 3613 nari
605 3575 631 3611 a
673 3562 784 3616 Deo
813 3564 1029 3621 dicitur.
1060 3570 1210 3625 Sicut
1243 3584 1461 3628 econtra
1492 3582 1837 3635 conversatio
1868 3597 2045 3640 saecu-

454 3650 591 3707 laris
632 3670 742 3709 non
781 3659 957 3713 solum
987 3664 1350 3734 peregrinum,
1408 3670 1500 3723 sed
1545 3671 1780 3729 aiienum
1814 3676 2047 3734 Domino

452 3746 599 3803 facit.
633 3751 717 3817 Et,
745 3762 799 3806 ut
831 3756 1064 3810 breviter
1084 3757 1281 3823 dicam.
1318 3765 1730 3831 peregrinantes
1759 3784 1788 3822 a
1820 3775 2046 3841 smculn,

454 3856 847 3912 prmsentamur
888 3850 953 3903 ad
987 3851 1273 3908 Dominum
1308 3873 1321 3909 :
1368 3859 1449 3912 sic
1477 3860 1637 3914 etiam
1668 3877 2049 3931 permanentes

454 3937 510 3989 in
540 3938 702 3993 rebus
724 3944 980 4008 terrenis,
1010 3959 1039 3996 ι)
1073 3946 1395 4003 (-mlestlbus
1418 3954 1771 4010 exsoluimus.
1803 3957 2048 4028 Denique

452 4027 585 4085 Cain
608 4032 775 4086 exiita
797 4034 1156 4092 facieDoiuiui
1177 4052 1227 4094 et
1244 4040 1403 4112 longe
1418 4042 1817 4119 ei’ticiturwen.
1834 4065 1907 4115 iv,
1932 4027 2046 4121 16),

459 4139 566 4179 non
586 4128 708 4196 quin
730 4128 879 4182 locus
902 4132 1097 4199 aliquis
1122 4133 1250 4188 turis
1267 4146 1413 4191 esset
1435 4155 1461 4188 ιι
1487 4153 1782 4211 conspectu
1808 4144 1926 4210 Dei,
1952 4145 2046 4200 sed

456 4218 599 4285 quod
621 4233 715 4271 sua
744 4230 927 4275 mente
947 4221 1154 4277 divisus
1174 4236 1322 4281 es~ct
1348 4246 1372 4279 a
1394 4230 1605 4286 Domini
1630 4248 1901 4304 reSpectu,
1926 4254 2054 4308 pro-

458 4318 580 4375 pter
603 4311 951 4367 homicidium
978 4329 1259 4386 separatus
1287 4338 1315 4373 a
1352 4322 1478 4377 Deo.
1515 4324 1626 4381 llae
1651 4343 1781 4399 ergo
1807 4334 2050 4402 peregri-

456 4402 674 4458 natione
698 4420 793 4474 per
814 4424 1060 4479 magnam
1085 4411 1444 4481 ignorantiam
1474 4422 1853 4488 peregrinatus
1876 4423 2048 4482 fuisse

456 4513 557 4551 nos
591 4501 767 4555 sciens
810 4502 1153 4560 beatissimus
1200 4506 1400 4563 Paulus
1426 4552 1440 4573 ,
1479 4510 1608 4566 dicit
1636 4531 1649 4567 :
1694 4513 1792 4569 Vos
1823 4518 1913 4585 qui
1943 4519 2048 4571 ali-

458 4592 669 4660 quando
710 4593 862 4666 longe
888 4597 1061 4662 fuistis
1087 4638 1102 4663 ,
1150 4615 1289 4652 nunc
1338 4611 1509 4656 autem
1548 4604 1673 4674 facti
1713 4608 1834 4660 estis
1886 4626 2047 4678 prope
2073 4594 2127 4657 Ῑ)

457 4683 623 4757 (Eph.
654 4700 711 4752 ll,
752 4686 857 4757 l3).
895 4687 1212 4759 "ejusmodi
1241 4705 1370 4763 ergo
1401 4697 1703 4764 profectus,
1735 4704 2049 4770 peregrina-

461 4780 869 4849 tionemjnuior
890 4782 979 4838 ille
1000 4782 1145 4839 ﬁlius
1164 4789 1409 4855 assumit,
1441 4801 1491 4844 et
1522 4792 1745 4846 devorat
1774 4796 2046 4863 praedictae

462 4873 729 4941 partionis
759 4889 873 4928 suae
911 4875 979 4929 de
1023 4887 1243 4946 paterna
1286 4879 1599 4938 hmrcditate
1640 4886 1994 4943 substantiam
2028 4904 2043 4945 :

457 4966 643 5036 utique
674 4969 1046 5035 spiritualtbus
1076 4972 1367 5030 destitutus
1405 4978 1619 5047 Opibus,
1648 4982 1701 5037 id
1735 4994 1838 5051 est,
1867 4988 2044 5053 provi-

456 5057 637 5115 dentia
660 5061 755 5117 Dei
782 5074 834 5118 et
858 5064 1136 5122 intellectu
1162 5084 1177 5124 :
1203 5084 1321 5123 cum
1348 5088 1540 5143 porcas
1566 5092 1788 5144 pascere
1814 5081 2048 5151 cogitur,

458 5150 562 5206 hoc
597 5164 698 5220 est,
748 5157 994 5213 sordidas
1024 5168 1078 5215 et
1102 5160 1410 5221 immundas
1444 5169 1693 5225 inanima
1726 5187 1818 5228 sua
1850 5178 2054 5245 cogitu-

460 5243 635 5300 tiones
664 5251 893 5318 nutrire,
942 5264 999 5306 ut
1025 5254 1388 5313 ederetescas
1428 5263 1823 5323 irrationabiles
1873 5284 2051 5337 prava:

459 5342 881 5397 conver~atiouis
908 5362 919 5396 :
945 5346 1130 5403 dulces
1152 5351 1369 5421 quidem
1400 5358 1578 5426 egenti
1611 5359 1895 5430 bonorum,
1928 5364 2050 5432 quia

460 5448 628 5489 Suave
655 5440 916 5505 [erversis
934 5444 1145 5499 videtur
1164 5463 1324 5502 omne
1345 5465 1480 5521 Opus
1501 5469 1709 5511 carnem
1732 5459 2049 5529 voluptatis:

458 5534 598 5605 quod
624 5535 864 5593 sednetio
886 5539 1137 5598 desiderii
1164 5558 1217 5599 et
1243 5551 1514 5620 eorrttptio
1538 5554 1773 5625 t'ilteest,
1799 5572 1915 5627 qua:
1948 5562 2057 5614 vir-

461 5635 629 5685 tzttetn
660 5647 711 5687 et
736 5632 1101 5693 fortitudinem
1124 5643 1336 5711 animm,
1364 5662 1468 5701 non
1508 5652 1664 5704 modo
1687 5653 1886 5707 nullam
1916 5670 2057 5724 prm-

464 5733 605 5790 stat,
654 5728 748 5785 sed
779 5741 947 5786 totum
981 5735 1195 5804 penitus
1231 5752 1451 5796 enervat
1489 5753 1539 5799 et
1583 5746 1813 5815 perimit.
1862 5749 2056 5820 llnjus-

463 5816 608 5875 modi
624 5820 797 5892 cibos,
820 5827 970 5897 quasi
996 5828 1248 5899 porcinos
1270 5839 1324 5889 et
1341 5835 1483 5893 male
1505 5835 1713 5907 dulces,
1744 5851 1903 5911 prout
1928 5816 2056 5900 sunt

2152 522 2307 580 ptura
2337 512 2606 585 designat.

2227 603 2355 661 \‘lll.
2392 607 2575 680 Itaque
2619 612 2707 667 ille
2754 613 3028 686 digressus
3062 634 3087 671 a
3122 630 3302 691 patre,
3332 636 3387 679 et
3432 626 3485 681 in
3525 622 3743 697 longin«

2155 708 2319 765 quam
2368 704 2859 772 peregrinationem
2908 710 3206 779 profectus,
3268 714 3321 770 in
3364 725 3511 773 terra
3562 721 3744 777 aliena

2152 795 2492 863 consumptis
2515 797 2857 855 lacullatibus
2882 817 3003 872 qua:
3033 808 3359 876 supradicta:
3388 822 3535 880 sunt,
3562 815 3746 870 omnia

2152 883 2309 953 digna
2345 900 2662 957 perpessus,
2694 902 2746 946 et
2777 901 2960 963 postea
3000 898 3265 956 malorum
3295 916 3515 960 suorum
3550 921 3749 963 neces-

2155 978 2317 1033 sitate
2355 985 2725 1042 constrictus:
2772 988 2874 1048 hoc
2927 998 3034 1062 est,
3085 1002 3140 1048 et
3188 994 3331 1052 fame
3369 1008 3423 1053 et
3460 1010 3745 1071 egestate,

2154 1074 2382 1140 panitet
2424 1080 2630 1134 erroris
2678 1083 2764 1137 sui
2801 1102 2815 1140 :
2867 1095 2921 1140 et
2964 1089 3130 1143 sentit
3165 1089 3294 1155 quid
3341 1090 3459 1161 ipse
3495 1092 3600 1150 sibi
3640 1082 3747 1149 no?-

2153 1169 2345 1240 cuerit,
2393 1170 2485 1242 qui
2536 1188 2642 1231 non
2682 1176 2751 1233 de
2792 1178 2997 1249 judicio
3031 1181 3332 1238 voluntatis
3364 1199 3498 1251 suae,
3543 1186 3642 1242 sed
3675 1187 3747 1244 de

2154 1273 2304 1330 patre
2333 1263 2400 1318 ad
2432 1264 2668 1333 alienos,
2714 1268 2784 1325 de
2816 1270 2979 1327 domo
3009 1273 3075 1327 ad
3113 1274 3395 1343 exsilium,
3436 1276 3506 1333 de
3543 1279 3748 1349 opibus

2153 1353 2219 1409 ad
2245 1356 2666 1431 eleemosynam,
2690 1361 2760 1418 de
2778 1356 3102 1421 abundantia
3122 1366 3189 1421 ad
3213 1368 3405 1424 famem
3436 1371 3745 1427 transierit:

2156 1446 2209 1501 in
2234 1446 2337 1505 hoc
2368 1450 2486 1504 loco
2513 1452 2792 1509 servitutis
2813 1467 2864 1511 et
2889 1458 3122 1513 miserim
3144 1460 3518 1529 reminiscens,
3554 1465 3749 1534 incipit

2154 1550 2394 1610 cogitare
2431 1542 2498 1598 de
2532 1546 2730 1614 reditu,
2776 1556 2833 1603 et
2880 1564 3064 1606 serum
3102 1548 3219 1622 ipse
3258 1564 3515 1625 reputans
3564 1558 3748 1613 dicit:

2154 1628 2337 1685 Dicam
2367 1637 2502 1705 patri
2542 1652 2654 1692 meo
2676 1654 2695 1692 :
2728 1638 2948 1696 Peccavi
2987 1645 3040 1697 in
3074 1647 3259 1699 (telum
3289 1655 3337 1700 et
3374 1648 3427 1701 in
3465 1658 3754 1721 conspectu

2158 1728 2267 1783 tuo.
2293 1727 2500 1797 suscipe
2529 1745 2628 1793 me,
2659 1732 2790 1788 sicut
2822 1748 2984 1788 utinm
3012 1736 3079 1790 de
3112 1742 3441 1795 mercenariis
3472 1744 3597 1799 (eis.
3647 1745 3756 1799 Os-

2832 1830 3045 1887 Patrem
3077 1848 3182 1888 non
3213 1833 3483 1893 hominem
3518 1839 3754 1913 intelligi

2154 1914 2374 1981 debere,
2406 1920 2501 1973 sed
2528 1918 2717 1978 Deum.
2737 1923 3181 1996 Quandoquidem
3212 1945 3318 1987 non
3345 1932 3517 1990 solum
3548 1937 3751 1993 coelum

2155 2012 2397 2069 nuntient
2435 2011 2487 2067 in
2530 2018 2882 2075 confessione
2928 2031 3273 2091 peccaturum
3316 2028 3585 2097 paenitens
3628 2047 3756 2102 sup-

2155 2098 2303 2170 plex,
2342 2104 2437 2157 sed
2465 2104 2599 2161 dicit
2645 2109 2700 2161 in
2730 2119 3004 2182 conspectu
3049 2124 3156 2168 tuo.
3205 2116 3345 2171 licus
3388 2120 3531 2173 enim
3560 2128 3651 2176 est
3702 2098 3752 2177 in

2152 2208 2444 2266 conspectu
2481 2210 2821 2268 peccatorum
2854 2206 3093 2260 omnium
3137 2210 3305 2263 soius.
3342 2211 3383 2266 A
3414 2227 3522 2283 quo
3558 2229 3666 2269 nec
3701 2216 3754 2271 in

2151 2287 2315 2342 Corde
2344 2290 2598 2347 meditata
2623 2304 2838 2363 peccata
2867 2297 3125 2352 abscondi
3167 2310 3422 2370 possunt,
3463 2305 3753 2375 Scrutaris,

2152 2384 2344 2451 inquit,
2385 2385 2545 2442 corda
2575 2397 2623 2442 et
2660 2405 2807 2445 renes
2850 2390 2987 2446 Deus
3030 2394 3205 2465 (Psal.
3255 2413 3351 2463 vti,
3398 2399 3504 2470 50).
3544 2399 3751 2457 Verum

2153 2478 2308 2532 nobis
2338 2478 2438 2532 hoc
2465 2497 2533 2535 ex
2586 2484 2706 2536 loco
2728 2526 2741 2546 ,
2770 2489 2965 2541 omium
2997 2486 3321 2562 intelligitur
3349 2490 3616 2552 Dominus
3652 2513 3754 2552 no-

2151 2578 2266 2624 ster
2291 2571 2449 2626 Iesus
2475 2573 2759 2631 Christus:
2788 2577 2853 2632 ad
2876 2594 3035 2647 quem
3064 2582 3114 2634 bi
3142 2584 3377 2652 gentiles
3398 2588 3485 2655 qui
3521 2587 3576 2642 in
3602 2599 3757 2645 tene-

2152 2663 2264 2717 biis
2317 2665 2646 2722 inﬁdelitatis
2700 2672 2943 2726 viventes
3006 2674 3561 2748 blasphenmvcrunt,
3633 2684 3755 2753 jam

2150 2760 2399 2812 conversi
2425 2759 2491 2813 ad
2523 2760 2682 2815 iidem
2710 2764 3031 2820 conﬁtentes
3054 2770 3341 2824 veritatem
3379 2772 3500 2842 Dei,
3539 2775 3591 2829 in
3630 2794 3757 2845 pce-

2151 2848 2374 2903 nitentia
2403 2854 2606 2909 erroris
2649 2854 2730 2908 sui
2768 2856 2912 2925 juste
2935 2858 3122 2914 dicunt
3152 2879 3164 2912 :
3204 2861 3417 2918 Peccavi
3452 2867 3506 2920 in
3558 2869 3759 2925 caelum

2151 2949 2196 2994 et
2218 2943 2268 2995 in
2297 2953 2365 2997 te.
2397 2944 2496 3012 Qui
2530 2946 2673 3001 enim
2701 2947 2755 3002 in
2784 2949 2976 3005 caslnm
3011 2959 3215 3020 peccat,
3252 2955 3393 3021 quod
3419 2959 3519 3012 etsi
3551 2974 3759 3032 super-

2152 3053 2277 3091 num
2311 3039 2398 3103 sit,
2443 3050 2619 3095 tamen
2666 3042 2877 3098 visiblle
2916 3056 2971 3101 et
3002 3045 3295 3104 lunaticum
3336 3064 3441 3118 est,
3499 3056 3623 3124 ipse
3674 3069 3761 3115 est

2152 3135 2240 3204 qui
2291 3145 2473 3203 peccat
2512 3137 2565 3192 in
2613 3140 2912 3210 hominem,
2951 3159 3109 3214 quem
3156 3148 3393 3215 suscepit
3435 3148 3604 3205 Filius
3662 3151 3760 3207 Dei

2158 3240 2252 3295 pro
2282 3230 2456 3285 salute
2498 3240 2700 3288 nostra.
2747 3231 2978 3291 Proinde
3026 3238 3077 3293 in
3113 3240 3324 3295 Patrem
3366 3239 3535 3297 Deum
3562 3246 3760 3300 omnia

2150 3318 2520 3390 speculantem
2557 3334 2763 3395 pet'Cal.

2223 3415 2315 3470 IX.
2348 3416 2440 3471 liis
2469 3418 2626 3493 igitur
2654 3423 2928 3492 cogitatis,
2962 3423 3366 3497 resipiScentem
3392 3436 3445 3481 et
3484 3443 3584 3496 per
3616 3444 3760 3486 con-

2151 3505 2401 3564 fessionis
2430 3509 2792 3568 humilitatem
2825 3531 2887 3570 ex
2915 3516 3139 3586 regione
3170 3512 3461 3597 longinqua
3493 3535 3762 3577 remean-

2153 3608 2258 3655 tem
2288 3601 2455 3657 tilium
2484 3604 2549 3657 ad
2580 3620 2640 3660 se
2662 3606 2848 3662 videns
2880 3618 3068 3677 pater,
3094 3610 3307 3664 la-tatus
3336 3613 3601 3677 occurrit,
3640 3631 3767 3671 am-

2151 3696 2403 3768 plectitur
2422 3705 2478 3754 et
2505 3701 2797 3754 osculatur.
2828 3704 3024 3771 Aperte
3048 3698 3135 3756 hic
3156 3703 3387 3759 chiritas
3412 3705 3463 3759 in
3491 3705 3764 3764 homines

2149 3790 2329 3847 divina
2356 3792 2698 3847 describitur.
2723 3795 2861 3863 Quid
2888 3797 3035 3851 enim
3068 3794 3213 3851 aliud
3250 3809 3353 3868 est,
3383 3798 3532 3870 quod
3555 3817 3767 3859 oecur-

2153 3884 2242 3947 rit,
2295 3883 2399 3939 nisi
2438 3888 2556 3953 quin
2608 3902 2706 3940 nos
2752 3890 2985 3957 peccatis
3036 3890 3500 3958 impedientibus,
3560 3906 3766 3951 nostra

2156 3978 2355 4032 virtute
2411 3978 2475 4032 ad
2521 3979 2691 4033 Deum
2743 3978 3030 4048 pervenire
3077 3999 3183 4038 non
3234 3995 3567 4054 poteramus.
3639 3991 3771 4062 ipse

2152 4085 2331 4125 anzcm
2377 4080 2569 4142 potetis
2614 4071 2678 4127 :td
2731 4074 2995 4129 inVaIttlos
3042 4082 3365 4144 pervenire,
3416 4079 3765 4141 descendit:

2152 4165 2289 4216 sicut
2311 4162 2377 4218 de
2400 4164 2626 4219 Zichmo
2656 4160 2909 4235 operibus
2940 4169 3073 4237 ipsis
3099 4170 3534 4240 significantibus
3570 4179 3773 4245 expri-

2154 4256 2321 4311 mitur
2357 4259 2534 4326 :qnod
2564 4275 2683 4312 cum
2714 4258 3083 4316 desiderasset
3120 4262 3303 4319 videre
3342 4264 3668 4331 Dominum,
3712 4280 3773 4324 et

2152 4347 2221 4399 ob
2250 4348 2352 4403 hoc
2399 4350 2449 4404 in
2480 4351 2729 4404 arborem
2764 4354 3177 4410 conscendisset
3198 4397 3213 4421 ,
3247 4358 3625 4424 praeveniente
3655 4362 3773 4416 Do-

2154 4443 2339 4500 mino.
2374 4442 2744 4509 conspicitur,
2784 4452 2833 4497 et
2882 4456 3107 4500 voratur
3139 4465 3150 4500 :
3186 4459 3243 4503 et
3289 4446 3433 4504 illico
3481 4449 3775 4509 Dominus

2153 4533 2205 4586 in
2229 4532 2446 4587 domum
2490 4534 2606 4603 ejus
2636 4534 2703 4590 ad
2735 4538 3131 4593 convivandum
3191 4542 3307 4610 ipse
3348 4541 3775 4625 declinaturum

2156 4643 2213 4680 se
2264 4644 2386 4682 esse
2438 4631 2725 4695 promittit.
2781 4630 2909 4685 Vide
2960 4634 3233 4701 quomodo
3276 4634 3537 4691 credituri
3584 4640 3773 4696 (idem

2157 4718 2461 4787 praevidens
2500 4720 2775 4791 Christus,
2826 4724 3082 4779 latentem
3132 4722 3185 4779 iu
3238 4726 3452 4792 arbore,
3487 4731 3662 4795 quasi
3720 4735 3777 4789 in

2156 4822 2501 4881 peccatorum
2536 4814 2775 4867 tenebris
2806 4814 3208 4882 obuuibratunt,
3239 4819 3475 4874 sollicite
3505 4832 3559 4874 ut
3588 4828 3773 4880 ovem

2156 4905 2421 4975 perditam
2476 4905 2704 4976 requirit
2753 4916 3018 4975 aspectu:
3061 4922 3117 4965 et
3169 4913 3356 4966 venire
3399 4924 3780 4973 cunctantem

2156 5008 2332 5063 vocat,
2363 5007 2417 5052 et
2439 5002 2740 5053 venientem
2774 5009 3043 5069 tamquam
3079 5002 3317 5058 humeris
3338 5004 3451 5058 suis
3479 5010 3779 5081 suscipit:

2156 5100 2212 5143 et
2260 5106 2365 5144 non
2399 5091 2649 5146 audentis
2684 5092 2909 5147 invitare
2946 5094 3253 5161 Dominum,
3279 5097 3663 5158 desiderantis
3692 5115 3783 5161 ta-

2157 5198 2279 5236 men
2327 5183 2656 5239 salutiferam
2688 5186 3121 5242 benedictionem
3150 5232 3163 5252 ,
3199 5194 3497 5259 peccatoris
3522 5193 3780 5254 domum

2159 5274 2457 5344 ingreditur
2480 5320 2494 5344 ,
2527 5277 2946 5349 coortviumque
2976 5281 3255 5352 participat
3289 5299 3301 5335 :
3334 5286 3650 5343 ostendens
3682 5294 3786 5348 vi-

2156 5368 2295 5424 sibili
2339 5369 2509 5439 gratia
2542 5371 2867 5425 invisibileui
2898 5373 3408 5441 sanctiﬁcationeni,
3438 5379 3566 5445 quia
3602 5380 3778 5441 Deus

2159 5462 2419 5532 sapientia
2462 5464 2805 5521 funditat-iter
2834 5480 2929 5521 cor
2955 5468 3229 5524 credentis
3270 5470 3608 5541 ingreditur,
3643 5490 3782 5537 ere.

2159 5559 2488 5631 dentemque
2520 5562 2806 5632 participat
2837 5573 3196 5621 sacramento.

2232 5651 2298 5707 Χ.
2329 5652 2472 5723 Ergo
2494 5667 2785 5711 occurrens
2820 5666 2971 5726 pater
2996 5656 3107 5714 (ilio
3137 5662 3433 5716 revertenti
3456 5666 3784 5733 superfun-

2158 5746 2304 5802 ditur
2323 5749 2466 5804 collo
2496 5748 2643 5818 ejus,
2675 5760 2727 5805 et
2759 5750 2809 5804 in
2851 5766 2918 5806 eo
2945 5751 3253 5823 lacrytnans
3292 5755 3619 5824 requiescit.
3664 5760 3786 5818 Os.

2160 5839 2373 5897 colatur
2414 5848 2595 5899 autem
2650 5853 2711 5898 os
2739 5840 2855 5914 ejus
2879 5884 2894 5913 ,
2934 5857 3033 5916 per
3060 5845 3203 5916 quod
3242 5846 3441 5903 emissa
3479 5848 3546 5905 de
3579 5856 3786 5916 corde
