3926 6290
461 321 570 377 253

1507 321 1566 379 S.
1611 321 1999 382 IIIERONYMI
2037 325 2323 385 OPERUM
2361 327 2728 387 MANTISSA.

3647 334 3755 394 ass

465 434 613 503 ipsos
643 446 672 487 a
717 432 841 488 telis
879 433 1136 488 hostium.
1185 433 1434 489 Forsitan
1483 446 1538 491 et
1567 452 1691 493 cum
1720 441 2063 495 senatoribus
2090 440 2140 500 Δ
2172 441 2278 496 ιίοι-
2302 442 2618 513 Salomone,
2661 446 2803 517 quod
2841 461 3002 503 nemo
3035 459 3138 515 est,
3171 466 3278 506 non
3307 465 3367 508 es
3393 452 3570 524 major
3596 469 3754 525 quam

471 526 765 597 intelliges,
815 527 940 596 quia
993 527 1229 595 prudens
1268 542 1351 595 es,
1396 530 1542 599 quod
1598 532 1692 586 tibi
1743 533 2067 603 organizent

487 624 668 679 olores
690 623 990 687 interitum,
1020 632 1076 679 et
1098 639 1260 680 anser
1281 626 1514 681 salutem
1549 635 1758 700 strepat
1789 647 1798 679 :
1835 629 1960 684 ideo
1987 639 2067 684 ta-

479 731 606 772 cere
636 731 742 770 non
783 730 1027 786 possum.
1058 716 1342 773 Desiderio
1373 729 1464 774 tuo
1491 728 1638 775 totus
1668 720 2064 788 inflammatus,

475 815 530 861 et
576 807 807 876 speciosi
862 807 1146 863 nobilitate
1192 810 1387 880 capitis
1417 811 1703 875 seductus.
1752 813 2066 869 chimaeram

467 900 647 953 nescis
689 914 817 955 esse
863 901 1029 956 miser
1067 903 1211 971 quod
1261 904 1402 975 petis
1437 924 1450 960 :
1480 907 1565 961 vel
1607 907 1750 962 scire
1795 908 2061 977 devoves,

468 991 616 1061 quod
648 991 898 1048 triforme
940 1007 1244 1051 monstrum
1278 997 1407 1052 illud
1434 1041 1447 1065 ,
1492 997 1724 1069 insignis
1750 1011 2070 1056 vennstetur

469 1087 612 1143 facie
641 1089 838 1155 leonis,
871 1089 1073 1147 olentis
1104 1093 1410 1147 maculetur
1444 1102 1636 1150 ventre
1662 1096 1844 1164 capri,
1874 1096 2068 1163 anguis

468 1179 760 1234 insidietur
803 1183 974 1236 cauda
1010 1183 1295 1239 virulenta
1343 1203 1356 1238 :
1399 1185 1524 1242 ideo
1562 1186 1708 1256 loqui
1750 1187 2065 1256 prohibeor.

470 1273 780 1330 Delectatus
830 1286 915 1332 est
968 1277 1195 1350 Ulysses
1249 1282 1573 1351 symphonia
1623 1283 1903 1338 Sirenum.
1955 1283 2068 1340 Sed

467 1369 590 1439 quia
613 1369 866 1425 Sirenum
911 1386 1074 1428 voces
1106 1382 1160 1427 et
1193 1374 1380 1428 Circes
1416 1375 1613 1444 pocula
1646 1377 1826 1439 novit,
1855 1377 2069 1432 virtutis

467 1462 700 1516 vinculis
723 1462 826 1518 sibi
853 1465 963 1519 vim
997 1465 1144 1529 fecit,
1171 1475 1231 1521 ut
1252 1469 1451 1522 vitaret
1479 1470 1821 1539 voraginem.

542 1553 629 1609 lll.
673 1555 788 1625 Ego
827 1566 1008 1612 autem
1055 1560 1107 1614 in
1144 1559 1375 1615 Domino
1415 1577 1642 1631 sperans
1674 1555 1893 1632 adjicio,
1925 1565 2068 1635 quod

468 1643 681 1716 Ulyssis
710 1647 950 1702 imitator
973 1651 1108 1716 eris,
1125 1666 1232 1705 non
1259 1653 1604 1722 Empedoclis
1629 1673 1641 1708 :
1667 1657 1780 1725 qui,
1802 1671 1898 1725 per
1917 1671 2066 1712 suam

469 1737 872 1808 philosophiam
897 1744 990 1811 (ne
1017 1742 1198 1798 dicam
1221 1745 1664 1811 melancholiam,
1685 1747 1739 1801 id
1759 1758 1865 1813 est,
1891 1758 2066 1803 atram

2169 537 2258 604 qui
2288 546 2468 606 potest
2495 540 2752 595 fascinari
2792 557 2822 596 a
2867 543 3064 599 femina
3095 561 3111 604 :
3141 545 3327 602 oculos
3360 558 3480 603 tuos
3511 551 3658 619 aperi
3699 560 3750 607 et

2170 625 2312 682 vide.

2243 721 2380 778 VIII.
2422 725 2636 795 Optima
2691 727 2916 798 femina,
2972 744 3092 800 qua:
3138 731 3314 788 rarior
3352 743 3438 788 est
3487 735 3756 805 phoenice,

2171 817 2338 871 amari
2371 833 2476 872 non
2507 828 2689 888 potest
2718 821 2836 875 sine
2863 822 3225 880 amaritudine
3252 835 3448 894 metus,
3473 837 3528 882 et
3553 831 3758 886 sollici-

2171 907 2404 975 tudinis,
2442 920 2498 964 et
2527 910 2826 982 frequentis
2865 913 3167 970 infortunii.
3203 917 3354 972 Mala:
3388 928 3594 986 autem,
3625 940 3758 994 qua-

2171 1014 2290 1053 rum
2325 1009 2431 1054 tam
2480 1003 2701 1072 copiosa
2753 1014 2879 1060 sunt
2907 1008 3187 1076 examina,
3230 1019 3288 1064 ut
3317 1013 3503 1069 nullus
3543 1014 3617 1071 sit
3655 1033 3752 1071 ex-

2173 1105 2298 1160 pers
2337 1093 2692 1164 malignitatis
2717 1110 2903 1152 earum
2937 1115 2953 1152 :
2985 1114 3107 1156 cum
3144 1113 3415 1170 amantur,
3449 1121 3634 1163 amare
3666 1125 3763 1176 pu-

2172 1183 2359 1249 niunt,
2414 1197 2470 1240 et
2515 1186 2802 1243 afﬂictioni
2850 1202 3043 1248 vacant
3093 1209 3271 1264 usque
3319 1197 3390 1252 ad
3445 1197 3764 1258 divisionem

2172 1278 2418 1345 corporis
2438 1286 2493 1332 et
2520 1279 2767 1349 spiritus.

2243 1367 2336 1422 lx.
2378 1370 2604 1436 Amice,
2649 1373 3085 1444 philosophicum
3133 1387 3220 1434 est
3251 1397 3266 1434 :
3303 1380 3490 1437 Videte
3531 1386 3614 1438 citi
3655 1388 3764 1443 des.

2175 1458 2370 1516 Ethica
2402 1471 2487 1517 est
2516 1480 2530 1515 :
2573 1462 2756 1519 Videte
2793 1469 2878 1520 cui
2916 1477 2964 1522 te
2998 1470 3110 1525 des.
3145 1471 3357 1527 Vexilla
3389 1476 3661 1545 pudicitiae
3689 1491 3771 1534 tu-

2174 1552 2354 1607 lerunt
2377 1568 2498 1610 cum
2523 1555 2746 1614 Sabinis
2773 1559 3045 1628 Lucretia,
3073 1573 3128 1618 et
3155 1564 3450 1636 Penelope,
3472 1580 3528 1624 et
3558 1574 3769 1637 paucis-

2173 1646 2313 1700 simo
2343 1648 2598 1704 comitatu
2634 1662 2832 1720 tropa3a
2866 1655 3192 1710 retulerunt.
3227 1659 3436 1725 Amice,
3486 1662 3632 1718 nulla
3679 1673 3767 1719 est

2175 1735 2445 1805 Lucretia,
2476 1741 2624 1794 nulla
2645 1753 2729 1797 est
2760 1743 3058 1814 Penelope,
3083 1749 3226 1804 nulla
3256 1760 3342 1805 est
3372 1751 3590 1808 Sabina.
3614 1755 3771 1813 Time

467 1831 668 1903 bilem)
702 1833 903 1901 victus,
937 1835 1153 1890 (Emam
1183 1839 1284 1893 sibi
1314 1842 1652 1895 mausoleum
1681 1843 1882 1912 elegit:
1910 1851 1966 1897 et
1981 1859 2064 1911 pa«

2180 1842 2388 1885 omnes.
2438 1830 2704 1901 Ingressa:
2733 1845 2860 1891 sunt
2890 1837 3041 1894 acies
3069 1839 3136 1894 ad
3167 1840 3427 1908 Sabinas,
3469 1845 3683 1916 Scylla,
3715 1859 3769 1903 et

469 1925 712 1980 rabolam
744 1943 906 1998 quam
935 1930 1114 1998 audis,
1149 1932 1214 1985 ad
1249 1942 1460 1988 veteres
1485 1935 1667 1988 attulit
1695 1952 1708 1988 :
1739 1935 1860 1990 ideo
1889 1946 2070 1994 tacere

465 2034 573 2073 non
604 2034 847 2088 possum.
866 2022 1107 2079 Tandem
1133 2025 1364 2082 validior
1379 2040 1462 2082 est
1490 2028 1583 2084 ille
1609 2030 1744 2099 ignis
1763 2039 1904 2097 tuus,
1926 2033 2070 2102 quod

465 2110 563 2166 tibi
606 2113 800 2167 annuit
849 2130 977 2184 pars
1025 2116 1254 2172 adversa
1291 2136 1305 2172 :
1340 2134 1502 2189 quam
1543 2135 1738 2176 vereor
1777 2133 1941 2177 aestus
1977 2125 2070 2180 ille

468 2215 612 2276 tuus,
653 2225 761 2278 quo
802 2211 854 2264 in
887 2227 973 2266 me
1011 2213 1360 2278 accenderis,
1394 2231 1460 2270 ne
1501 2215 1769 2271 minorem
1799 2219 1975 2289 major
2002 2219 2068 2275 ad

464 2316 526 2357 se
560 2303 777 2358 trahat:
809 2305 875 2360 Et
915 2318 1198 2376 propterea
1248 2308 1393 2379 loqui
1429 2309 1742 2378 prohibeor.
1775 2313 1844 2365 At
1874 2313 2068 2383 spiritu

470 2394 683 2462 loquar,
708 2412 817 2466 quo
844 2409 967 2451 tuus
990 2414 1135 2452 sum.

536 2489 626 2544 IV.
655 2489 964 2544 Penseutur
992 2493 1141 2560 ignes
1168 2493 1319 2548 lance
1342 2493 1582 2562 qualibet
1606 2495 1802 2565 mquali
1826 2496 1911 2550 vel
1937 2496 2070 2551 inre-

463 2583 631 2650 quali.
691 2581 952 2638 Versetur
999 2584 1296 2653 periculum
1355 2585 1545 2655 capitis
1601 2586 1706 2642 mei
1750 2603 1763 2640 :
1806 2588 2066 2657 quidquid

463 2687 634 2742 agas,
694 2672 951 2744 quidquid
1009 2675 1254 2745 judices,
1316 2677 1703 2750 indulgendum
1753 2690 1838 2735 est
1889 2680 2065 2748 mihi,

464 2764 557 2834 qui
609 2779 720 2836 pra:
768 2767 971 2822 amoris
1029 2768 1394 2839 impatientia,
1444 2779 1624 2828 tacere
1672 2787 1777 2827 non
1821 2789 2063 2842 possum.

462 2855 642 2912 Prima
698 2860 856 2929 primi
911 2876 1048 2917 uxor
1091 2861 1222 2918 Adae
1267 2872 1388 2932 post
1430 2863 1585 2934 primi
1638 2864 1874 2921 hominis
1910 2875 2066 2921 cre‘a-

463 2950 690 3016 tionem,
737 2961 957 3022 peccato
986 2955 1164 3025 primo
1190 2957 1352 3011 solvit
1379 2957 1579 3026 jejunia
1614 2977 1625 3012 :
1659 2968 1882 3028 propter
1924 2975 2069 3030 pra:-

460 3043 762 3097 varicatum
811 3056 1140 3114 praeceptum
1175 3047 1388 3102 Domini
1422 3050 1724 3118 parentavit
1753 3052 2070 3108 inobedien-

463 3135 626 3200 tiam,
665 3151 784 3204 qua:
823 3138 958 3190 citra
1002 3139 1184 3193 mundi
1236 3141 1525 3195 terminum
1564 3155 1668 3197 non
1708 3142 1932 3198 absistet
1969 3159 2066 3199 ex-

2172 1920 2413 1992 Myrrha,
2440 1935 2495 1979 et
2531 1924 2743 1981 Phedra
2777 1946 2788 1980 :
2821 1939 2876 1984 et
2903 1940 3105 1986 secutae
3128 1941 3255 1988 sunt
3274 1936 3556 1993 easturbae
3583 1939 3770 1995 multm

2170 2014 2418 2069 omnium
2468 2016 2724 2072 vitiorum
2766 2021 3016 2076 exercitu
3059 2023 3306 2092 stipatae;
3355 2037 3410 2081 et
3450 2029 3687 2097 gemitus
3715 2041 3770 2085 et

2170 2108 2428 2176 suspiria,
2455 2118 2510 2164 et
2543 2111 2758 2167 tandem
2793 2113 3064 2170 infernum
3097 2119 3324 2186 captivis
3351 2121 3466 2176 suis
3493 2122 3766 2180 fecerunt.

2244 2198 2309 2253 Χ.
2344 2201 2560 2268 Amice,
2590 2219 2658 2258 ne
2686 2205 2866 2273 praeda
2890 2207 2988 2262 fias
3012 2209 3065 2262 in
3093 2211 3271 2265 medio
3294 2214 3634 2285 praedonum,
3658 2233 3768 2275 non

2169 2289 2413 2346 dormias
2439 2309 2628 2350 earum
2649 2295 2703 2351 in
2733 2299 2989 2355 transitu.
3016 2301 3228 2372 Jupiter
3253 2321 3346 2362 rex
3371 2316 3644 2378 terrenus,
3673 2316 3765 2383 qui

2170 2396 2223 2440 et
2254 2400 2350 2439 rex
2378 2387 2640 2444 ccelorum
2669 2390 2848 2446 dictus
2871 2404 2977 2462 est,
3005 2410 3119 2465 prae
3145 2397 3410 2469 singulari
3439 2405 3766 2462 strenuitate

2168 2480 2448 2548 corporis,
2499 2490 2554 2535 et
2601 2482 3014 2551 incomparabili
3067 2491 3265 2544 mentis
3309 2491 3598 2562 elegantia,
3643 2509 3768 2566 post

2169 2571 2441 2643 Europam
2466 2575 2674 2645 mugire
2701 2588 2920 2634 coactus
2944 2589 3048 2636 est.
3080 2584 3288 2651 Amice,
3317 2600 3448 2642 ecce
3475 2604 3638 2658 quem
3666 2593 3764 2646 bo-

2167 2669 2310 2722 nitas
2331 2682 2496 2738 super
2521 2669 2689 2726 cmlos
2724 2673 2949 2742 extulit,
2983 2675 3183 2733 femina
3225 2688 3278 2735 te
3307 2695 3506 2752 cogere
3530 2684 3598 2738 ad
3639 2702 3765 2742 mu-

2167 2766 2341 2833 gitum
2369 2781 2382 2816 :
2414 2765 2460 2820 si
2483 2779 2588 2820 non
2612 2781 2673 2822 es
2702 2769 2878 2838 major
2905 2771 3061 2840 Jove,
3089 2776 3244 2844 cujus
3273 2779 3632 2848 magnitudini
3666 2797 3768 2838 ne-

2169 2870 2260 2912 mo
2292 2858 2429 2912 alius
2465 2874 2562 2929 par
2591 2859 2706 2914 fuit.
2754 2861 2990 2920 thbus
3020 2867 3110 2937 qui
3141 2870 3420 2940 sapienti.e
3451 2887 3565 2929 suae
3593 2877 3766 2933 radiis

2171 2950 2339 3004 totius
2363 2950 2513 3004 orbis
2541 2953 2861 3021 primitiavit
2880 2957 3160 3025 ambitum,
3195 2971 3254 3016 ut
3279 2966 3476 3020 merito
3498 2967 3643 3023 Solis
3666 2985 3741 3024 no
3757 2997 3770 3007 -

2171 3045 2338 3112 mine,
2365 3045 2518 3100 solus
2550 3047 2939 3117 illustraretur,
2968 3052 3262 3110 infatuatus
3291 3070 3373 3112 est
3402 3075 3592 3116 amore
3617 3061 3766 3119 Leu-

2168 3137 2428 3207 cothoes,
2473 3139 2578 3194 sibi
2611 3143 2677 3194 ad
2710 3143 3093 3211 ignominiam,
3142 3149 3218 3204 illi
3249 3150 3316 3204 ad
3350 3153 3628 3208 interitum
3665 3174 3679 3210 :
3715 3167 3772 3213 et

463 3241 703 3295 pugnare
770 3227 1031 3296 feminas,
1091 3245 1212 3299 qua:
1279 3248 1496 3302 semper
1565 3232 1851 3290 indefessa:
1910 3247 2068 3290 erunt
2098 3214 2144 3278 (ἶ
2178 3231 2426 3300 ecliptica
2459 3231 2549 3286 diu
2578 3233 2946 3291 vicissitudine
2971 3240 3157 3294 varius
3179 3240 3354 3298 factus
3373 3253 3477 3311 est,
3504 3244 3774 3317 frequen-

467 3318 687 3375 trahere
733 3319 785 3373 in
823 3323 1267 3392 consequentiam
1317 3326 1458 3394 quod
1500 3341 1528 3379 a
1554 3335 1726 3380 matre
1755 3342 1852 3381 sua
1879 3337 2065 3384 traxe-

465 3419 614 3465 runt.

541 3503 607 3559 ν.
649 3505 873 3571 Amice,
918 3509 1243 3564 contumelia
1283 3510 1382 3565 viri
1423 3520 1508 3566 est
1549 3526 1687 3567 uxor
1718 3513 2062 3569 inobediens.

470 3599 615 3656 Cave
647 3601 739 3656 tibi
773 3621 784 3656 :
818 3605 1020 3658 veritas
1046 3619 1166 3673 qua:
1197 3619 1304 3660 non
1337 3616 1510 3674 potest
1537 3606 1680 3672 falli,
1706 3608 1779 3661 ait
1810 3607 1876 3662 de
1905 3608 2065 3663 beato

471 3695 642 3750 David
679 3716 693 3752 :
727 3697 911 3752 Inveni
949 3701 1116 3754 virum
1157 3702 1439 3756 secundum
1483 3719 1572 3758 cor
1617 3720 1810 3758 meum.
1854 3704 1951 3760 Hic
1989 3717 2067 3759 ta-

469 3803 595 3843 men
630 3805 773 3860 mgre
799 3792 1164 3860 prircipitatus
1201 3803 1284 3848 est
1321 3810 1510 3850 amore
1546 3796 1789 3851 mulieris
1813 3812 1879 3851 ex
1909 3796 2066 3852 adul-

467 3883 605 3937 terio
635 3883 685 3937 in
713 3883 1065 3939 homicidium
1103 3903 1114 3939 :
1145 3901 1213 3940 ne
1241 3902 1494 3955 umquam
1525 3887 1644 3942 sola
1665 3887 2066 3944 veniantscan-

470 3973 614 4028 dala.
643 3975 799 4030 Dives
828 3977 970 4030 enim
1001 3978 1178 4032 omnis
1203 3989 1285 4033 est
1317 3979 1575 4047 iniquitas
1598 3980 1860 4035 societate
1892 3983 2061 4052 pluri-

469 4081 554 4119 ma
583 4084 596 4119 :
621 4074 677 4120 et
703 4083 1099 4138 quamcumque
1125 4069 1344 4124 domum
1374 4070 1682 4139 intraverit,
1707 4071 1820 4128 suis
1843 4073 2064 4130 tradidit

470 4156 858 4226 inquinandam
889 4160 1170 4214 conviciis.

545 4249 633 4302 VI.
666 4250 874 4314 Amice,
902 4251 1216 4308 Bcthsabee
1242 4254 1415 4320 siluit,
1449 4266 1504 4312 et
1526 4257 1577 4312 in
1603 4257 1752 4312 nullo
1773 4259 2059 4329 malignata

465 4350 580 4406 est;
617 4351 669 4395 et
693 4340 1046 4397 nihilominus
1080 4353 1258 4400 tamen
1290 4347 1430 4401 facta
1455 4349 1810 4404 eststimulus
1836 4350 2062 4406 subver-

465 4434 636 4488 sionis
669 4435 790 4488 viro
826 4435 1090 4506 perfecto,
1121 4451 1176 4492 et
1208 4441 1397 4494 mortis
1427 4442 1648 4496 aculeus
1679 4444 1877 4498 marito
1899 4445 2059 4500 inno-

464 4527 632 4580 centi.
680 4527 950 4594 Numquid
997 4530 1261 4586 innocens
1287 4533 1427 4600 erit,
1471 4549 1591 4605 quae
1621 4537 1900 4592 contendit
1941 4538 2056 4592 elo-

2174 3331 2258 3378 ter
2278 3326 2362 3378 sui
2397 3324 2616 3379 luminis
2645 3341 2868 3396 expers,
2898 3344 3008 3400 quo
3039 3340 3181 3388 totus
3217 3336 3600 3394 universaliter
3629 3356 3772 3412 ege-

2172 3415 2265 3470 bat
2295 3416 2550 3472 mundus.

2245 3505 2339 3561 XI.
2380 3507 2592 3575 Amice,
2636 3525 2704 3567 ne
2749 3511 2879 3568 illud
2908 3515 3088 3572 lumen
3118 3519 3260 3588 quod
3294 3520 3344 3576 in
3379 3531 3429 3577 te
3456 3532 3576 3589 est,
3608 3534 3772 3583 tene-

2171 3601 2285 3657 bra:
2320 3603 2472 3668 fiant,
2501 3604 2854 3662 Leucothoen
2887 3609 3076 3679 fugito.
3102 3612 3243 3670 Mars
3271 3617 3360 3684 qui
3390 3617 3526 3673 deus
3559 3619 3779 3677 bellan-

2173 3693 2302 3749 tium
2335 3695 2442 3750 dici
2472 3701 2692 3763 meruit,
2721 3701 3116 3772 triumphorum
3149 3705 3405 3764 familiari
3438 3709 3774 3783 frequentia,

2169 3785 2222 3842 in
2263 3788 2461 3857 quibus
2500 3791 2723 3860 eXpedit
2755 3794 2837 3848 vis
2868 3796 3034 3852 animi
3083 3800 3315 3857 maxime
3355 3814 3605 3876 prompta
3629 3847 3648 3871 ,
3697 3808 3777 3863 nil

2171 3880 2274 3935 sibi
2308 3893 2557 3938 metuens
2590 3898 2619 3937 a
2645 3884 2891 3941 Vulcano
2922 3888 3118 3959 ligatus
3145 3902 3228 3947 est
3257 3908 3382 3949 cum
3413 3896 3646 3966 Venere,
3686 3900 3776 3955 in-

2169 3974 2472 4031 visibilibus
2501 3978 2720 4047 quidem
2751 3983 2993 4048 catenis,
3027 3985 3385 4045 sensibilibus
3419 3999 3624 4048 tamen.
3655 3995 3781 4051 Hoc

2169 4076 2349 4123 autem
2386 4069 2454 4124 ad
2483 4071 2727 4140 plausum
2767 4085 3072 4146 satyrorum
3095 4120 3110 4144 ,
3139 4091 3194 4135 et
3221 4081 3289 4135 ad
3318 4083 3484 4138 risum
3517 4087 3774 4144 caelestis

2165 4165 2353 4220 curiae.

2239 4255 2356 4311 XII.
2399 4255 2620 4327 Amice,
2661 4262 2929 4321 meditare
2964 4267 3156 4324 saltem
3190 4280 3439 4340 catenas,
3477 4289 3617 4344 quas
3657 4295 3777 4334 non

2169 4345 2342 4413 vides,
2375 4359 2430 4404 et
2455 4350 2564 4419 jam
2592 4351 2645 4406 in
2678 4362 2831 4422 parte
2852 4357 3023 4413 sentis
3052 4376 3062 4411 :
3089 4371 3143 4414 et
3165 4360 3318 4432 eripe
3350 4373 3400 4420 te
3426 4364 3556 4423 dum
3585 4368 3780 4426 adhuc

2171 4441 2459 4511 ruptihiles
2483 4454 2631 4512 sunt,
2659 4463 2724 4502 ne
2751 4448 2978 4506 claudus
3007 4452 3099 4508 ille
3120 4452 3272 4511 faber
3295 4466 3347 4512 et
3378 4461 3580 4531 turpis,
3604 4479 3782 4531 quem

2167 4533 2302 4589 deus
2341 4549 2446 4590 non
2493 4547 2574 4591 est
2606 4554 2831 4608 mensa,
2877 4557 2977 4599 nec
3004 4544 3102 4600 dea
3149 4555 3234 4603 est
3260 4547 3476 4619 dignata
3509 4554 3687 4610 cubili
3728 4567 3786 4612 te

468 4618 708 4685 quentia,
739 4630 798 4673 ιιι
828 4619 1002 4675 Dalila
1034 4621 1315 4678 Samsnnis
1349 4642 1361 4679 :
1393 4635 1451 4681 et
1482 4625 1677 4695 forma,
1731 4641 1787 4683 ιιι
1843 4629 2064 4685 Bethsa-
2093 4611 2146 4671 D
2178 4623 2374 4680 Veneri
2416 4640 2515 4680 suo
2545 4642 2696 4685 more
2723 4643 3076 4704 concatenet,
3107 4644 3163 4690 et
3190 4647 3243 4693 te
3269 4639 3351 4694 sui
3387 4641 3625 4699 similem
3660 4655 3790 4703 tur-

471 4710 577 4766 bee
620 4728 634 4766 :
684 4727 805 4766 cum
863 4711 1020 4782 hujus
1073 4715 1184 4768 sola
1243 4718 1590 4785 pulchritudo
1649 4721 2064 4788 triumphaverit

461 4806 625 4857 etiam
669 4804 882 4857 nolens.
916 4806 971 4858 Si
1013 4821 1116 4858 non
1146 4822 1205 4861 es
1235 4810 1466 4880 amplius
1505 4813 1800 4867 secundum
1831 4829 1928 4869 cor
1955 4815 2062 4869 Do-

464 4899 595 4952 mini
646 4913 808 4969 quam
862 4899 1027 4953 David
1057 4943 1071 4965 ,
1125 4903 1286 4957 crede
1331 4905 1479 4974 quod
1533 4917 1585 4960 et
1627 4916 1683 4961 tu
1732 4908 2060 4977 prmcipitari

463 5002 641 5060 potes.

538 5087 648 5142 VII.
674 5087 766 5142 Sol
793 5087 1098 5154 hominum,
1120 5090 1403 5156 Salomon,
1429 5093 1717 5149 thesaurus
1737 5094 2058 5150 deliciarum

467 5175 594 5240 Dei,
629 5180 912 5246 sapientia:
943 5181 1222 5252 singulare
1271 5183 1604 5239 domicilium
1625 5227 1638 5248 ,
1685 5200 1873 5240 crasso
1906 5197 2060 5242 tene—

462 5270 682 5325 brarum
714 5271 954 5329 fuscatus
984 5285 1308 5339 atramento,
1345 5277 1519 5333 lucem
1554 5279 1748 5333 anima:
1780 5295 1913 5348 sure,
1944 5280 2064 5349 glo-

463 5363 600 5419 riam
633 5363 828 5419 domus
860 5382 1009 5434 suae,
1043 5368 1263 5424 odorem
1309 5370 1464 5425 fama:
1495 5386 1605 5426 suae
1648 5373 1828 5428 amisit
1870 5389 2056 5429 amore

461 5457 732 5512 mulieris.
766 5459 835 5513 Et
879 5471 1157 5528 postremo
1205 5475 1464 5520 curvatus
1508 5482 1693 5520 coram
1728 5467 1957 5532 Baalim,
1991 5483 2056 5523 ex

466 5551 799 5607 Ecclesiaste
826 5553 1036 5608 Domini
1065 5567 1304 5612 mutatus
1325 5568 1408 5614 est
1435 5561 1486 5615 in
1514 5561 1815 5616 membrum
1843 5563 2052 5617 zabuli:

461 5651 522 5696 ut
547 5645 722 5699 adhuc
743 5646 982 5713 graviori
1014 5647 1288 5704 videretur
1312 5651 1522 5708 detrudi
1553 5654 2055 5725 prtecipitio,quam

464 5735 700 5790 Phcebus
746 5739 798 5791 in
829 5752 957 5792 casu
991 5739 1325 5808 Phaetontis,
1361 5747 1452 5815 qui
1499 5745 1566 5800 de
1606 5745 1860 5816 Apolline
1903 5747 2056 5803 Jovis

463 5829 634 5884 factus
667 5840 751 5887 est
780 5841 968 5901 pastor
997 5835 1232 5893 Admeti.
1275 5839 1482 5908 Amice,
1532 5843 1577 5895 si
1614 5855 1718 5896 non
1750 5856 1814 5897 es
1843 5842 2059 5914 sapien-

2176 4733 2297 4787 pem
2327 4732 2380 4772 et
2401 4719 2674 4784 claudum,
2702 4724 2867 4778 immo
2887 4727 3029 4796 quod
3055 4731 3224 4800 magis
3251 4732 3438 4801 timeo,
3461 4734 3789 4806 loripedem

2173 4812 2333 4867 faciat
2359 4831 2371 4867 :
2405 4823 2460 4868 et
2490 4831 2596 4869 non
2631 4819 2810 4886 possis
2840 4822 2982 4886 quod
3009 4822 3202 4885 salvat.
3229 4824 3409 4880 ﬂSsam
3435 4827 3644 4886 habere
3677 4849 3790 4888 nn-

2170 4905 2372 4972 gulam,
2401 4908 2494 4962 sed
2525 4908 2775 4977 alligatus
2803 4911 3000 4966 Veneri
3027 4916 3184 4969 dolor
3217 4915 3339 4984 fias,
3381 4928 3436 4974 et
3475 4919 3670 4977 irrisio
3702 4927 3797 4980 via

2169 5001 2414 5055 dentium
2447 5019 2460 5054 :
2494 5002 2619 5057 dum
2651 5005 2756 5058 sibi
2782 5007 3110 5075 applaudant
3140 5011 3347 5067 cmteri.
3372 5012 3418 5067 A
3457 5014 3594 5068 falso
3637 5019 3794 5073 dea-

2169 5109 2284 5148 rum
2315 5093 2497 5162 judice
2529 5097 2823 5165 reprobata
2853 5106 2939 5154 est
2967 5099 3144 5156 Pallas
3169 5117 3185 5156 :
3209 5117 3333 5173 quae
3354 5118 3459 5160 non
3487 5105 3798 5168 delectare

2169 5189 2441 5257 promisit,
2471 5189 2565 5243 sed
2611 5189 2889 5258 prodesse.

2239 5281 2463 5347 Amice,
2503 5282 2764 5354 numquid
2809 5291 2866 5338 et
2913 5293 2966 5340 tu
3013 5286 3093 5341 sic
3132 5288 3386 5357 judicas?
3415 5290 3583 5347 Video
3620 5297 3795 5353 enim

2163 5375 2274 5444 jam
2323 5384 2375 5428 te
2415 5373 2712 5431 fastidienti
2750 5376 2934 5432 animo
2974 5389 3083 5434 t0ta
3125 5381 3407 5438 celeritate
3442 5399 3800 5455 percurrere

2168 5483 2290 5537 qua:
2330 5466 2488 5537 legis,
2516 5476 2572 5522 et
2611 5471 2914 5525 sententias
2945 5486 3051 5526 non
3081 5474 3397 5542 attendere,
3437 5477 3532 5532 sed
3563 5493 3802 5553 exspe-

2167 5569 2318 5616 ctare
2361 5560 2657 5616 schemata.
2697 5561 2921 5618 Frustra
2961 5577 3246 5636 exspectas
3277 5585 3293 5628 ;
3325 5569 3497 5625 donec
3527 5570 3623 5628 hic
3661 5585 3802 5632 tur-

2169 5654 2327 5710 bidus
2357 5657 2531 5711 amnis
2561 5656 2771 5722 effluat,
2795 5667 2850 5712 ut
2875 5659 2992 5714 haec
3022 5661 3285 5717 fetulenta
3316 5664 3604 5731 secedens,
3638 5684 3800 5737 pura

2169 5748 2264 5802 tibi
2293 5749 2492 5804 fluenta
2530 5750 2784 5820 irrigent.
2815 5753 3034 5808 Similes
3075 5756 3357 5810 enimvero
3386 5768 3610 5827 oportet
3652 5777 3800 5820 esse

2170 5845 2253 5900 sui
2285 5841 2450 5900 fontis
2479 5842 2709 5912 rivulos,
2746 5856 2836 5901 ant
2870 5847 3136 5914 turbidos,
3169 5860 3260 5905 aut
3286 5850 3485 5907 claros.
3515 5852 3610 5909 Sic
3646 5871 3802 5916 vero
