3926 6290
226 334 300 396 ΞΜ
392 344 399 357 ·
753 324 1095 387 EPISTOLA
1138 328 1379 386 XXXVI.
1420 327 1777 391 VALERIUS
1815 328 2076 390 RUFINO
2114 331 2205 391 NE
2249 334 2479 394 DUGAT
2520 334 2833 395 UXOREM.

3333 341 3444 401 εδδ

220 442 481 519 imperitiam
518 438 698 497 cordis
722 441 857 510 mei,
892 441 1085 499 vilium
1132 444 1394 500 orationis
1434 444 1736 517 exprimit:
1766 449 1815 507 Δ
1849 447 2020 518 virgo,
2075 462 2198 504 cum
2230 449 2446 505 audiret
2493 450 2581 507 die
2613 452 2705 508 fati
2735 451 2823 508 sui
2867 452 3273 525 triumphorum
3304 471 3443 527 prai-

222 549 503 598 ctstrutnosa
534 532 836 590 dictionum
871 535 1146 606 imperitia
1185 536 1481 593 delicatum
1521 537 1746 595 offendit

222 634 427 689 animum.
462 626 626 698 Hujus
656 627 1051 685 imbecillitatis
1093 628 1228 686 mihi
1270 630 1521 686 conscius
1565 631 1747 689 diver-

224 724 365 780 tissem
389 733 464 775 me
489 718 555 774 ad
592 718 1026 776 dissuadendum
1054 719 1292 776 libenter
1324 738 1341 776 ε
1369 721 1466 777 sed
1507 723 1634 793 quia
1666 731 1747 777 ta-

222 832 316 876 cere
338 831 429 871 non
456 815 623 885 potui,
654 813 869 869 locutus
898 829 1024 870 sum
1054 824 1113 869 ut
1141 815 1315 881 potui.

270 909 393 978 Quod
411 908 451 964 si
475 905 605 962 mihi
637 916 783 963 esset
811 917 961 962 tanta
981 908 1109 979 styli
1131 910 1322 973 virtus,
1343 918 1575 979 quantus
1600 918 1748 966 esset

221 999 435 1059 scribendi
477 1000 692 1054 animus
722 1015 737 1052 :
770 1008 880 1054 tam
920 999 1196 1070 elegantia
1228 1000 1324 1057 tibi
1354 1000 1520 1057 verba
1572 1012 1749 1057 trans-

219 1097 457 1162 mitterem,
486 1101 678 1149 ettatn
711 1092 879 1148 nobili
916 1093 1168 1149 maritata
1218 1094 1504 1165 coniugio,
1547 1106 1602 1150 ut
1638 1096 1751 1151 sin-

220 1190 310 1261 gula
333 1203 549 1244 seorsum
573 1227 589 1252 ,
621 1195 677 1242 ct
704 1187 888 1243 omnia
916 1187 1075 1243 simul
1114 1203 1271 1243 suout
1313 1189 1630 1244 viderentur
1654 1204 1751 1244 au-

223 1293 380 1338 ctorem
403 1280 739 1336 benedicere.
768 1279 876 1336 Sed
902 1281 1025 1349 quia
1049 1280 1182 1335 mihi
1205 1281 1386 1337 omnia
1409 1281 1578 1337 debes
1604 1297 1748 1351 qua:-

221 1391 401 1444 cttntque
426 1373 598 1429 adhuc
624 1372 802 1429 nudus
829 1388 983 1429 amor
1013 1384 1068 1429 et
1096 1374 1440 1440 infecundus,
1474 1390 1541 1429 ne
1570 1374 1746 1429 dicam

224 1465 389 1531 sterilis,
414 1465 606 1521 mereri
637 1473 822 1534 potest
847 1480 914 1520 ex
947 1465 1197 1521 omnibus
1235 1484 1247 1520 ε
1282 1466 1412 1519 mihi
1447 1465 1630 1534 praebe
1663 1466 1751 1521 in-

225 1561 339 1614 terim
359 1559 612 1628 patienter
635 1572 846 1625 aurem,
871 1557 1001 1614 dum
1024 1557 1271 1613 evolvam
1300 1557 1442 1626 quod
1465 1558 1706 1628 implicui
1736 1577 1747 1612 :

221 1659 299 1705 cta
323 1665 393 1705 tne
418 1666 517 1706 non
549 1650 800 1722 requiras
824 1650 1209 1721 purpurissam
1246 1650 1511 1720 oratoris,
1545 1661 1637 1706 aut
1664 1665 1753 1707 ce-

221 1756 411 1807 russam,
439 1758 601 1814 quam
638 1758 728 1799 me
763 1743 982 1800 nescire
1018 1744 1195 1800 lateor
1220 1753 1277 1799 et
1306 1743 1412 1799 ﬂeo
1443 1761 1455 1798 :
1488 1743 1584 1800 sed
1613 1744 1748 1799 seri-

217 1833 353 1889 bcutis
380 1843 581 1900 votum,
611 1842 668 1890 et
699 1833 912 1904 pagina:
943 1834 1225 1891 veritatem
1254 1844 1501 1905 accepta.
1590 1876 1599 1881 ι

270 1927 381 1983 XIII.
407 1928 578 1985 Julius
609 1926 817 1994 Caesar,
846 1927 1002 1999 cujus
1030 1927 1371 1998 amplitudini
1400 1927 1631 1984 strictus
1652 1926 1753 1982 fuit

213 2021 351 2088 orbis,
370 2022 450 2077 die
479 2037 594 2092 qua
621 2021 859 2077 nobilem
889 2020 1057 2077 lilium
1104 2036 1258 2077 suum
1287 2038 1423 2078 ausa
1447 2030 1532 2078 est
1559 2037 1752 2078 occare

221 2129 330 2169 stcta
364 2115 511 2172 nimis
538 2119 805 2186 Atropos,
837 2116 1073 2187 Tugillio
1098 2117 1334 2172 humiles
1369 2117 1620 2187 quidem,
1653 2117 1751 2174 sed

214 2206 380 2263 divinos
414 2209 565 2279 quasi
620 2209 796 2279 Stylos
841 2208 1174 2277 prmdocenti
1198 2251 1214 2275 ,
1254 2224 1443 2265 aurem
1475 2209 1752 2265 humiliter

216 2298 436 2356 inclinavit
462 2300 516 2356 in
563 2299 739 2355 valvis
766 2299 1067 2371 Capitolii;
1106 2301 1250 2370 quod
1292 2301 1339 2356 si
1378 2310 1434 2358 et
1473 2302 1749 2366 animum,

213 2407 359 2463 plenas
382 2395 426 2451 ei
455 2395 769 2461 dedissent,
814 2395 1011 2464 quibus
1042 2395 1179 2467 ipse.
1209 2395 1287 2451 Tu
1325 2411 1456 2452 vero
1482 2398 1751 2468 stylorum

213 2495 381 2543 tuorum
410 2488 545 2545 mihi
566 2488 879 2559 praenuntia
901 2504 1089 2545 aurem
1116 2488 1371 2557 inelinas,
1389 2499 1460 2543 -ut
1490 2490 1638 2559 aspis
1661 2504 1755 2545 ve-

212 2580 375 2637 neﬁciis
401 2599 413 2634 :
443 2582 677 2638 adhibes
708 2582 973 2649 animum,
1006 2591 1067 2637 ut
1098 2598 1233 2653 aper
1273 2582 1561 2639 latratibus
1595 2601 1608 2637 :
1643 2585 1756 2653 pla-

208 2675 332 2739 earn,
357 2685 410 2731 ut
430 2677 615 2746 dipsas
661 2674 772 2749 [ΑΙ.
817 2674 1089 2748 serpens],
1125 2676 1216 2733 cui
1264 2676 1348 2731 sol
1396 2676 1675 2732 incanduit
1716 2692 1745 2731 a

210 2778 387 2822 cancro.
417 2767 531 2824 Tibi
564 2768 835 2835 consulis,
867 2780 927 2823 ut
955 2776 1138 2838 Spreta
1183 2768 1397 2824 Medea.
1437 2769 1556 2824 Tibi
1589 2769 1754 2825 mise-

210 2859 343 2927 reris,
381 2872 432 2914 ut
455 2876 650 2932 :equor
683 2861 957 2932 naufragis
989 2880 1003 2916 :
1031 2861 1177 2932 quod
1224 2866 1444 2917 manum
1474 2862 1746 2929 contines,

203 2952 455 3008 reverentia
484 2953 655 3025 regia:
686 2952 836 3023 pacis
859 2963 963 3010 est.
998 2953 1206 3019 Amice,
1238 2969 1299 3010 se
1330 2954 1668 3019 bumiliavit,
1694 2953 1758 3009 Ii-

204 3051 267 3096 cct
284 3042 399 3099 citra
422 3046 749 3117 perfectum,
773 3046 1011 3101 domitor
1036 3046 1187 3102 orbis
1212 3046 1355 3102 fideli
1375 3061 1509 3101 suo:
1534 3054 1589 3103 et
1620 3062 1756 3116 pene

207 3134 365 3201 pedem
392 3138 600 3201 retulit,
626 3139 753 3206 quia
788 3151 925 3206 pene
955 3137 1172 3207 paruit:
1196 3145 1250 3193 et
1280 3153 1417 3207 pene
1447 3138 1750 3204 succubuit,

1850 540 2006 594 conia
2039 540 2231 607 recoli,
2282 542 2481 612 quibus
2514 542 2993 614 frequentissimus
3040 557 3159 603 erat
3183 562 3200 603 :
3228 548 3309 603 ait
3335 564 3443 605 una

1848 646 1909 688 se
1968 641 2173 687 tantum
2238 633 2461 703 gloriari
2520 638 2767 693 victoria.
2827 637 2894 692 Et
2950 638 3252 710 requisitos
3306 642 3453 713 qua?

1848 726 2179 796 respondit:
2221 728 2376 793 Quod
2430 727 2767 785 inimicorum
2828 732 3220 802 nequissimum
3271 736 3452 793 devici

1849 834 2070 874 carnem
2123 835 2323 875 meam.
2362 820 2586 889 Amice,
2636 823 2725 878 hic
2772 824 3035 894 inglorius
3085 826 3371 897 migrasset
3416 843 3448 882 a

1849 911 2073 979 saeculo,
2129 911 2229 968 nisi
2279 914 2328 969 ei
2376 912 2595 968 fortiter
2622 915 2939 985 restitisset,
2970 933 3093 974 cum
3125 933 3228 989 qua
3263 928 3319 975 tu
3348 934 3443 977 as-

1851 1020 2075 1061 sensum
2104 1004 2497 1062 familiaritatis
2527 1010 2797 1080 pepigisti.

1926 1100 2066 1155 ΧΠ.
2107 1101 2301 1156 Cicero
2329 1111 2452 1171 post
2477 1103 2760 1174 repudium
2793 1103 3065 1162 Terentia:
3102 1109 3319 1165 uxorari
3349 1125 3450 1167 no-

1851 1192 1973 1259 luit,
2003 1194 2192 1249 dicens
2220 1209 2280 1249 se
2310 1193 2515 1263 pariter
2544 1197 2700 1251 uxori
2739 1207 2795 1252 et
2826 1198 3189 1268 plliIOSOleilB
3215 1216 3441 1272 operam

1852 1283 1987 1340 dare
2026 1302 2133 1341 nou
2185 1301 2366 1356 posse.
2419 1290 2633 1358 Amice,
2685 1290 2890 1345 utinam
2944 1292 3040 1346 tibi
3086 1296 3186 1349 hoc
3231 1294 3450 1352 animus

1854 1386 1985 1433 tuus
2015 1379 2363 1446 respondeat,
2399 1380 2485 1437 vel
2518 1392 2606 1435 tua
2638 1381 2816 1453 lingua
2864 1383 2993 1439 mihi
3022 1402 3036 1439 :
3072 1395 3129 1440 ut
3176 1387 3453 1458 loquendo

1854 1471 2048 1526 saltem
2101 1472 2425 1542 eloquentiae
2475 1472 2773 1545 principem
2832 1474 3074 1547 digneris
3124 1476 3350 1548 imitari,
3396 1490 3454 1536 et

1855 1564 1990 1621 mihi
2020 1580 2173 1634 spem
2206 1564 2372 1620 facias
2396 1567 2482 1621 vel
2511 1583 2726 1623 vanam.

1926 1657 2088 1715 XVII.
2130 1659 2364 1715 Cannius
2410 1675 2440 1714 a
2470 1659 2707 1717 Gadibus
2740 1660 3006 1730 llerculis,
3057 1672 3213 1732 poeta
3269 1664 3455 1721 facun-

1857 1750 1964 1805 dia:
2010 1752 2176 1817 lenis,
2225 1761 2280 1807 et
2325 1751 2602 1821 jucundar,
2654 1752 3020 1823 reprehensus
3066 1766 3150 1811 est
3178 1772 3207 1811 a
3239 1755 3394 1812 Livio
3426 1767 3451 1794 λ

1783 1846 1832 1906 Β
1860 1838 2047 1907 Poeno,
2084 1841 2234 1911 gravi
2269 1850 2322 1895 et
2371 1851 2599 1896 uxorato
2630 1842 3099 1913 historiographo,
3132 1847 3277 1917 quod
3310 1848 3451 1903 mnl~

1859 1940 2034 1986 tarum
2064 1931 2327 2001 gauderet
2351 1933 2651 2001 amoribus,
2687 1936 2772 1990 his
2795 1936 3019 1992 verbis:
3044 1935 3296 1995 Nostram
3329 1939 3453 2009 phi--

1855 2024 2165 2095 Iosophiam
2198 2027 2522 2097 participare
2563 2044 2667 2083 non
2699 2029 2924 2099 poteris,
2956 2030 3083 2086 dum
3111 2048 3140 2085 a
3181 2042 3260 2088 tot
3287 2034 3455 2103 parti-

1854 2117 2077 2188 ciparis.
2106 2118 2222 2174 Non
2272 2121 2415 2174 enim
2462 2136 2528 2176 eo
2555 2121 2744 2191 jecore
2775 2122 3044 2180 Iunonem
3071 2137 3218 2182 amat
3250 2126 3448 2199 Tyrus,

1854 2211 1999 2282 quod
2024 2211 2185 2265 multi
2208 2212 2448 2267 vultures
2474 2212 2527 2267 in
2554 2213 2721 2267 multa
2754 2214 3037 2271 divellunt.
3062 2217 3159 2272 Cui
3180 2218 3454 2277 Caunios:

1855 2304 1914 2362 Si
1944 2305 2159 2377 quando
2190 2305 2361 2373 labor,
2394 2321 2618 2378 resurgo
2645 2310 2854 2363 cautius
2901 2328 2914 2364 :
2948 2310 2992 2364 si
3023 2313 3240 2382 paulum
3267 2312 3457 2382 oppri-

1857 2415 1999 2465 mor,
2048 2400 2286 2456 alacrius
2334 2415 2555 2456 resumo
2606 2417 2814 2467 aerem,
2861 2402 3006 2459 vices
3051 2404 3288 2460 noctium
3334 2404 3454 2461 dies

1857 2492 2090 2548 reddunt
2144 2491 2546 2548 laetioreszsed
2601 2493 2950 2549 tenebrarum
3003 2497 3338 2567 perpetuitas
3373 2495 3458 2551 in-

1857 2595 1970 2641 star
2003 2584 2198 2639 inferni
2225 2591 2331 2640 est.
2363 2585 2456 2640 Sic
2489 2585 2597 2639 lilia
2646 2586 2930 2655 primmva,
2964 2588 3113 2642 verni
3164 2589 3296 2642 solis
3322 2586 3459 2643 deli-

1857 2686 1978 2733 cata
2025 2676 2308 2747 teporibus
2338 2678 2605 2731 varietate
2638 2688 2747 2732 tutu
2780 2677 2933 2744 Euri,
2982 2688 3093 2734 tum
3121 2678 3303 2750 Nothi,
3337 2687 3450 2735 tum

1858 2768 2095 2842 Zephyri
2150 2769 2335 2825 latitia
2391 2770 2650 2826 effusiore
2704 2771 3028 2839 lasciviunt,
3092 2773 3293 2844 quibus
3348 2788 3457 2829 uno

1857 2863 2051 2933 spiritu
2100 2862 2393 2917 fulminans
2437 2861 2565 2918 Libs
2618 2864 2935 2920 incumbens
2984 2880 3237 2920 occasum
3294 2865 3446 2921 facit.

1860 2955 1951 3012 Sic
1979 2955 2121 3009 Mars
2154 2956 2329 3025 ruptis
2357 2955 2622 3010 testiculis
2652 2957 2704 3010 in
2736 2972 2918 3012 mensa
2965 2954 3177 3012 cmlesti
3226 2971 3447 3013 recum-

1859 3045 1939 3102 bit
1980 3046 2213 3102 conviva
2259 3060 2543 3116 superum,
2590 3063 2622 3102 a
2661 3063 2764 3118 qua
2808 3049 3030 3103 uxorius
3057 3047 3320 3105 Mulciber
3351 3064 3452 3103 suo

1862 3138 1990 3196 fune
2039 3140 2201 3209 longe
2252 3142 2533 3212 religatur.
2584 3142 2675 3197 Sic
2728 3141 2901 3198 levius
2951 3143 3119 3213 ligant
3167 3142 3333 3199 multa
3372 3143 3463 3199 fila

207 3224 303 3291 quia
322 3242 444 3294 pene
468 3228 716 3285 obedLvit
743 3228 851 3301 [ΑΙ.
877 3228 1125 3301 audivit],
1151 3237 1207 3284 et
1236 3246 1343 3285 non
1371 3229 1600 3300 penitus.
1618 3229 1763 3285 Nihil
1792 3227 1839 3291 C
1872 3247 2035 3300 quam
2066 3232 2183 3287 sola
2231 3242 2444 3287 catena.
2480 3232 2571 3290 Sic
2613 3232 2743 3288 mihi
2773 3250 2800 3287 a
2835 3233 3203 3304 philosoiihia,
3255 3234 3463 3291 delicia:

201 3314 397 3374 eitnulta
419 3320 699 3376 humilitas
728 3320 960 3391 profuit,
989 3326 1113 3391 quia
1142 3336 1249 3376 non
1291 3321 1468 3391 plena.
1496 3320 1633 3390 Quid
1666 3320 1761 3377 tibi

200 3410 383 3467 confert
404 3424 488 3469 tua
509 3426 621 3469 tam
652 3413 823 3469 ferina
848 3414 1243 3482 inhumanitas,
1261 3426 1315 3470 et
1340 3417 1486 3484 rigor
1507 3413 1761 3480 inﬂexus,

203 3511 244 3557 et
266 3502 438 3563 horror
472 3507 803 3577 supercilii?
830 3507 969 3575 Quid
1002 3496 1147 3562 uliro
1194 3507 1359 3562 irruis
1400 3507 1455 3562 in
1491 3507 1761 3563 latronum

207 3596 393 3656 insidias
420 3603 650 3659 inermis
680 3621 693 3656 :
726 3602 952 3658 humilia
982 3613 1064 3671 te,
1093 3601 1249 3661 cede.
1294 3602 1403 3659 Sed
1432 3601 1498 3658 ad
1542 3601 1763 3665 modum

197 3688 473 3752 humilitatis
500 3697 647 3767 ejus,
671 3697 766 3767 qui
799 3704 970 3753 totum
994 3696 1097 3753 sibi
1120 3694 1386 3752 mundum
1420 3696 1759 3752 ltuiniliavit:

201 3796 244 3839 et
263 3789 370 3844 audi
396 3792 635 3847 amicum
669 3800 840 3846 tuum.
861 3790 931 3846 Et
951 3790 998 3846 si
1022 3790 1294 3847 Caesarem
1317 3804 1535 3847 errasse
1560 3788 1761 3855 credis,

198 3879 271 3946 συὶ
294 3880 515 3953 Tugitlio
538 3898 649 3939 non
682 3882 917 3939 credidit
947 3900 961 3937 :
995 3882 1189 3939 exaudi
1212 3892 1267 3938 et
1288 3881 1532 3948 attende,
1559 3881 1688 3952 quid
1708 3890 1765 3937 et

201 3972 299 4025 aliis
314 3976 631 4046 contigerit,
656 3985 716 4031 ut
745 3973 844 4031 tibi
872 3975 1044 4046 prosit
1069 3990 1260 4031 eorum
1291 3973 1462 4029 laesio.
1492 3973 1765 4030 ludemuis

204 4071 273 4116 est
306 4068 440 4122 enim
484 4067 781 4138 castigatio
817 4082 979 4138 quam
1029 4064 1363 4137 persuadent
1408 4066 1760 4136 exemplaria.

198 4153 365 4214 Nescio
385 4177 493 4231 quo
519 4160 738 4233 refugio
769 4169 917 4218 tutus
938 4176 1022 4227 es,
1045 4170 1141 4216 aut
1166 4175 1273 4232 quo
1297 4163 1563 4230 torpescis
1589 4159 1762 4232 asylo.

194 4248 344 4307 Caesar
386 4253 851 4312 immisericordes
888 4254 1137 4311 Persidos
1182 4254 1424 4323 reperit,
1455 4262 1511 4309 et
1547 4270 1652 4309 nou
1683 4261 1767 4309 est

197 4356 422 4402 mersus
455 4364 470 4401 :
507 4356 569 4403 tu
607 4346 656 4403 si
688 4362 942 4418 umquam
974 4348 1080 4403 tale
1115 4346 1455 4418 gymnasium
1498 4344 1764 4413 evasisti,

194 4451 309 4503 νιος.
334 4438 529 4511 impios
552 4442 841 4498 invenisti.

250 4529 377 4587 XIV.
420 4533 747 4590 Phoroncus
775 4549 896 4601 rex,
927 4533 1018 4604 qui
1049 4532 1224 4604 legum
1260 4533 1549 4589 thesauros
1581 4545 1756 4602 ponu—

1869 3322 1964 3378 tibi
1996 3324 2274 3378 solatium.
2306 3318 2519 3391 Amice,
2549 3326 2830 3396 utriusque
2856 3326 3019 3381 verba
3053 3326 3263 3397 probo:
3295 3329 3460 3383 vitam

1868 3419 2134 3473 neutrius.
2187 3418 2365 3474 Minus
2414 3429 2593 3473 tamen
2630 3418 2786 3473 multi
2818 3419 2994 3475 morbi
3029 3420 3233 3477 laedunt
3272 3421 3467 3479 salutis

1867 3509 2247 3566 vicissitudine
2297 3510 2639 3581 interpolati,
2690 3526 2851 3581 quam
2902 3512 3132 3581 languor
3174 3529 3337 3581 unus,
3369 3514 3463 3586 qui

1866 3603 2145 3660 doloribus
2175 3604 2540 3660 irremediatis
2568 3621 2677 3661 non
2706 3618 2887 3662 cessat
2913 3606 3174 3679 afﬂigere.

1937 3694 2126 3752 XVIII.
2182 3696 2455 3752 Pacuvius
2514 3697 2691 3764 ﬂens,
2744 3698 2821 3752 ait
2873 3699 3037 3755 Arrio
3088 3700 3269 3755 vicino
3327 3715 3465 3766 suo,

1863 3787 2082 3859 Amice,
2115 3789 2369 3845 arborem
2403 3788 2579 3844 habeo
2609 3789 2663 3844 in
2692 3789 2851 3845 horto
2879 3806 3003 3844 meo
3052 3788 3351 3857 infelicem,
3392 3788 3463 3845 de

1866 3897 1970 3951 qua
2000 3882 2176 3951 prima
2210 3897 2353 3936 uxor
2384 3897 2500 3936 mea
2531 3896 2590 3936 se
2619 3881 2900 3950 SuSpendit
2935 3899 2949 3936 :
2997 3880 3343 3952 postmodum
3376 3896 3465 3936 sc-

1865 3974 2061 4039 cunda,
2104 3973 2217 4043 jam
2266 3988 2409 4031 nunc
2458 3974 2638 4028 tertia.
2686 3970 2785 4028 Cui
2835 3974 3072 4029 Arrius:
3105 3973 3268 4031 Miror
3322 3982 3375 4030 te
3407 3972 3471 4032 in

1868 4075 1949 4122 tot
1976 4066 2328 4123 successibus
2360 4067 2627 4139 Iacryinas
2655 4066 2951 4124 invenisse.
3001 4064 3070 4122 Et
3108 4068 3306 4124 iterum
3347 4066 3474 4124 :Dii

1866 4159 2018 4227 boni,
2052 4168 2188 4230 quot
2219 4159 2335 4227 tibi,
2393 4159 2677 4231 diSpeudia
2707 4160 2872 4215 arbor
2923 4159 3014 4215 illa
3059 4158 3366 4231 suspendit.
3400 4158 3471 4215 Et

1869 4253 2072 4310 tertio:
2105 4253 2317 4321 Amice,
2352 4252 2420 4307 da
2448 4262 2505 4309 et
2546 4252 2679 4308 mihi
2722 4252 2794 4308 de
2840 4251 3037 4308 arbore
3082 4252 3174 4307 illa
3222 4251 3473 4308 surculos

1867 4361 2009 4418 quos
2034 4360 2237 4403 seram.
2267 4346 2478 4411 Amice,
2514 4348 2680 4402 timeo
2710 4359 2776 4401 ne
2804 4357 2861 4401 et
2892 4353 2944 4401 te
2969 4352 3223 4415 oporteat
3258 4344 3477 4401 arboris

1870 4436 2019 4494 illius
2064 4435 2313 4493 surculos
2363 4436 2698 4502 mendicare,
2748 4452 2871 4492 cum
2921 4436 3033 4505 jam
3084 4434 3316 4492 inveniri
3364 4446 3474 4492 non

1872 4542 2153 4602 poterunt.

194 4619 248 4674 lis
276 4626 553 4693 publicare
586 4641 694 4683 non
745 4626 961 4692 invidit,
993 4626 1088 4682 sed
1130 4626 1174 4681 is
1206 4626 1413 4696 primus
1451 4624 1762 4682 Grmcornm
1796 4619 1845 4679 D
1949 4624 2093 4680 XIX.
2155 4624 2337 4681 Sensit
2382 4623 2647 4695 Sulpitius
2705 4623 2795 4678 ubi
2851 4622 3025 4695 ipsum
3082 4623 3299 4680 calceus
3346 4637 3478 4679 suus

190 4718 338 4773 studia
387 4719 727 4784 deanravit,
781 4719 869 4775 die
916 4734 1019 4789 qua
1070 4719 1213 4775 viam
1266 4716 1638 4774 universitatis
1683 4716 1765 4771 in-

192 4822 382 4875 Iressos
428 4823 554 4879 est,
600 4814 678 4868 ait
722 4812 952 4869 Leontio
999 4812 1154 4868 fratri
1193 4825 1295 4867 suo
1330 4828 1342 4864 :
1378 4810 1458 4866 Ad
1497 4824 1763 4865 Stttntttaitt

190 4899 481 4961 felicitatem
543 4906 676 4961 nihil
728 4905 861 4962 mihi
906 4905 1160 4972 deesset,
1207 4903 1255 4958 si
1296 4920 1430 4958 uxor
1463 4902 1594 4956 mihi
1625 4917 1768 4957 scm-

191 5004 268 5061 per
313 4994 600 5054 defuisset.
655 4996 755 5054 Cui
804 4996 1068 5054 Leontius
1120 5014 1133 5050 :
1188 4995 1257 5051 Et
1304 4994 1573 5066 quomodo
1628 5010 1767 5050 uxor

189 5088 381 5144 obstat?

250 5178 309 5232 At
339 5180 451 5254 [ΑΙ.
482 5182 583 5256 ait]
614 5183 726 5252 ille,
755 5181 931 5239 Mariti
962 5196 1152 5238 omnes
1186 5183 1389 5238 sciunt.
1421 5180 1633 5245 Amice,
1667 5180 1772 5234 nti-

188 5285 293 5327 nam
342 5286 395 5330 to
446 5277 623 5333 semel
654 5276 885 5333 maritus
935 5275 1126 5345 fueris,
1157 5285 1213 5332 et
1245 5291 1354 5331 non
1386 5275 1483 5341 sis,
1525 5284 1585 5330 ut
1629 5273 1773 5329 scias

189 5365 297 5430 quid
326 5364 653 5424 felicitatem
683 5368 966 5440 impediat.

248 5457 354 5518 XV.
421 5463 751 5522 Valentinus
806 5466 1108 5536 imperator
1154 5464 1546 5535 octogenarius
1596 5462 1774 5520 adhuc

252 5628 271 5651 '
310 5618 407 5677 llic
439 5620 585 5679 forte
613 5623 822 5680 Livium
856 5623 1082 5681 Paruum
1112 5640 1235 5683 cum
1268 5625 1526 5681 Pataviuo
1549 5626 1779 5684 confun—

1876 4716 2179 4788 premebat,
2229 4716 2322 4785 qui
2369 4714 2438 4770 ab
2489 4730 2663 4771 uxore
2692 4715 2876 4769 ‘IIOItilI
2924 4725 2980 4771 et
3028 4723 3179 4770 casta
3230 4713 3476 4770 divertit.

1875 4810 2102 4876 Amice,
2153 4825 2284 4865 cave
2318 4809 2412 4865 tibi
2448 4823 2514 4865 ne
2566 4819 2616 4864 te
2660 4818 2869 4879 premat
2899 4807 3139 4878 calceus,
3172 4808 3265 4880 qui
3299 4806 3461 4864 avelli

1874 4920 1984 4961 non
2018 4903 2211 4973 possit.

1953 4995 2072 5052 XX.
2118 4997 2207 5051 Ait
2239 4994 2371 5050 Cato
2404 4993 2713 5051 Uticensis:
2741 4993 2794 5050 Si
2826 4994 3030 5063 alisque
3062 4991 3263 5049 femina
3292 5001 3482 5063 posset

1878 5107 2005 5149 cs:e
2036 5091 2293 5155 mundus,
2342 5088 2687 5144 conversatio
2719 5082 2901 5142 nostra
2943 5102 3053 5143 non
3099 5094 3246 5142 esset
3276 5084 3484 5157 absque

1878 5183 2009 5239 diis.
2043 5180 2255 5246 Amice,
2286 5179 2420 5235 Cato
2452 5195 2560 5235 non
2589 5177 2693 5234 nisi
2722 5194 2846 5233 vera
2876 5186 2931 5233 et
2960 5177 3180 5248 cognita
3217 5177 3482 5249 loqueba-

1879 5284 1988 5344 tur,
2042 5289 2141 5328 nec
2168 5273 2451 5345 quisquam
2484 5273 2803 5327 feminarum
2856 5280 3176 5327 exsecratur
3223 5270 3483 5336 ludibria,

1879 5372 1982 5427 nisi
2011 5370 2164 5425 lusus
2188 5377 2245 5425 et
2270 5380 2551 5439 expertus,
2579 5380 2635 5424 et
2666 5367 2921 5423 conscius
2954 5384 3151 5439 pagum.
3186 5368 3281 5423 llis
3322 5368 3486 5438 igitur

1890 5462 2051 5519 fidem
2085 5461 2287 5517 habere
2318 5460 2498 5529 decet,
2531 5461 2623 5531 qui
2654 5476 2776 5515 cum
2810 5462 2959 5516 omni
2988 5462 3216 5517 veritate
3256 5459 3489 5529 loquun-

1886 5626 1951 5684 ad
1984 5626 2294 5682 Paulinum.
2340 5625 2420 5677 Ad
2469 5624 2625 5677 istum
2667 5622 2892 5687 Litium,
2927 5623 3128 5689 inquit,
3179 5637 3337 5675 aureo
3384 5622 3495 5677 elo-

188 5686 278 5770 tjjt,
308 5690 558 5770 Caunios
594 5698 739 5751 enim
783 5693 1106 5770 Gaditanus,
1151 5697 1306 5766 cuius
1352 5712 1498 5766 saepe
1536 5701 1783 5754 meminit
1882 5699 2104 5770 quentia:
2124 5698 2266 5770 {ante
2306 5704 2601 5770 manantem
2640 5695 2705 5748 de
2734 5686 3251 5770 nltiutis__l_lispottiw,
3295 5691 3493 5751 Gallia-

190 5757 433 5842 μλιμιιὶε
458 5765 641 5842 eidem
671 5782 909 5842 coarvus,
933 5757 1252 5824 Pataviuum
1282 5757 1491 5824 Livium
1524 5770 1784 5826 invisisse
1886 5757 2104 5842 rumque
2124 5757 2325 5840 'ﬁnibus
2350 5768 2604 5839 quosdam
2635 5767 2828 5824 venisse
2853 5757 3318 5836 nobiles'legimtt;

190 5834 432 5907 traditur,
465 5853 573 5891 non
598 5838 842 5898 Pteuum.
872 5841 1043 5898 Verus
1071 5842 1429 5913 Hieronymus
1452 5842 1670 5914 epistol.
1693 5843 1782 5899 58.
