3926 6290
469 335 578 397 259

1510 324 1569 385 S.
1613 322 2001 384 HIERONYMI
2041 317 2347 381 OPERUM
2368 318 2741 380 MANTISSA.

3662 321 3770 382 260

475 462 585 513 tur.
638 452 704 509 lli
752 440 934 509 sciunt
963 456 1020 506 ut
1067 449 1246 521 placet
1270 445 1584 511 delectatio,
1615 453 1670 500 et
1718 444 1908 513 pungit
1934 441 2068 498 deli-
2098 448 2142 501 .\
2170 440 2440 496 dolendus
2481 448 2542 495 ut
2582 440 2964 512 gemebundus
2988 438 3270 505 occubuit,
3302 439 3396 512 qui
3434 439 3561 497 celi
3590 454 3768 497 arcem

475 552 645 607 ctum.
680 546 745 603 Ili
791 554 989 602 norunt
1019 544 1164 615 quod
1198 542 1300 596 11118
1341 539 1575 595 Veneris
1606 552 1730 594 rosa
1777 544 1864 594 est
1899 554 1912 591 :
1944 536 2071 607 quia

476 642 577 698 sub
607 640 726 709 ejus
760 652 993 708 purpura
1022 636 1177 691 11111111
1206 637 1373 689 latent
1401 632 1597 688 aculei.

548 734 693 790 XXI.
737 732 982 787 Metellus
1014 730 1181 786 Mario
1212 728 1531 798 respondit,
1584 739 1706 783 cum
1754 722 1871 795 ejus
1904 723 2069 778 tiliam

474 830 605 885 dote
632 827 877 889 divitem,
913 826 1086 880 forma
1118 824 1380 887 nobilem,
1415 836 1616 892 genere
1653 820 1881 885 claram,
1934 818 2071 871 fama

480 921 695 977 felicem
723 920 925 975 dueere
953 919 1124 974 noluit
1168 933 1182 972 :
1227 916 1363 973 Malo
1392 932 1544 972 meus
1578 930 1701 970 es~e
1730 928 1886 985 quam
1914 927 2069 967 suus.

471 1019 567 1075 Cui
618 1018 861 1073 Marius:
908 1015 1078 1069 11111110
1121 1013 1234 1085 ipsa
1283 1018 1372 1066 tua
1422 1012 1548 1066 erit.
1598 1009 1670 1067 Αι
1706 1009 1797 1064 ille
1843 1024 1856 1061 :
1902 1006 2074 1061 Immo

475 1112 651 1167 virum
681 1118 899 1181 oportet
925 1111 1113 1164 uxoris
1145 1121 1286 1163 esse.
1319 1106 1578 1175 Logic‘uin
1620 1113 1706 1158 est
1744 1102 1913 1167 enim,
1947 1102 2072 1155 talia

478 1215 640 1263 erunt
691 1206 966 1275 subjecta,
1023 1202 1203 1274 qualia
1254 1200 1603 1273 permiserint
1637 1196 1949 1268 prmdicata.
1981 1194 2075 1251 Sic

475 1298 673 1356 facetia
709 1300 865 1355 verbi
893 1297 1089 1353 Metelli
1123 1296 1325 1350 diuertit
1350 1294 1412 1348 ab
1437 1292 1675 1347 oneribus
1701 1292 1913 1344 dorsum
1934 1291 2070 1363 ejus.

476 1399 687 1465 Amice,
742 1395 784 1451 si
836 1394 1054 1448 uxorari
1108 1399 1344 1461 Oportet,
1402 1392 1507 1443 111111
1558 1386 1780 1456 expedit
1829 1383 2070 1453 quidem.

476 1486 866 1545 Verumtamen
916 1489 986 1541 sit
1034 1500 1190 1538 11111111·
1234 1484 1287 1537 111
1338 1494 1522 1546 causa,
1575 1492 1682 1534 non
1730 1487 1947 1532 census.
2006 1472 2075 1527 Et

477 1584 671 1638 faciem
722 1582 911 1635 uxoris
938 1580 1129 1649 eligas,
1164 1590 1269 1630 non
1299 1584 1531 1630 vestem.
1579 1572 1643 1625 Et
1670 1572 1932 1633 animum,
1964 1580 2074 1621 non

477 1686 696 1731 aurum.
732 1672 800 1728 Et
846 1673 941 1727 tibi
989 1672 1156 1725 nubat
1203 1682 1362 1733 uxor,
1411 1680 1517 1720 non
1552 1663 1671 1718 dos.
1708 1662 1850 1731 Ergo
1892 1660 1936 1713 si
1967 1672 2075 1729 quo

477 1768 639 1824 modo
673 1766 788 1822 ileri
822 1770 1020 1834 poteSt,
1049 1760 1333 1829 pra-dicari
1366 1760 1591 1830 poteris,
1621 1766 1680 1812 ut
1707 1756 1932 1811 livorem
1964 1768 2069 1807 non

474 1860 641 1915 ducas
666 1874 696 1913 a
730 1856 997 1928 subjecto.

548 1947 713 2006 XXII.
761 1951 881 2003 Lais
921 1944 1208 2003 Corinthia
1252 1942 1613 2016 prmrogativa
1656 1939 2072 2012 pulchritudinis

479 2043 734 2115 insignis,
771 2040 1145 2096 tantummodo
1178 2054 1362 2107 rogum
1391 2048 1445 2092 et
1476 2035 1782 2106 principum
1811 2032 2073 2103 dignabae

481 2148 567 2191 tnr
601 2135 914 2207 amplexus.
945 2135 1152 2189 Conata
1187 2142 1269 2187 est
1300 2141 1477 2185 tamen
1509 2128 1861 2183 Demostheni
1891 2124 2071 2196 philo-

473 2230 649 2301 sopho
701 2229 1055 2300 participare,
1104 2238 1160 2279 111
1188 2230 1332 2280 nuta:
1362 2222 1627 2279 castitatis
1656 2221 1774 2292 ejus
1807 2219 2071 2274 miraculo

470 2327 674 2393 Soluto,
733 2322 1009 2379 videretur
1055 2321 1238 2392 specie
1286 2334 1381 2374 sua
1430 2317 1639 2388 lapides
1703 2316 1961 2379 movisse,
2015 2322 2073 2368 ut

474 2416 750 2490 Amphion
783 2416 1017 2483 cithara,
1050 2424 1452 2480 attractutnque
1493 2406 1771 2465 blanditiis
1818 2407 2072 2461 tractavit

471 2512 733 2567 suaviter.
773 2508 1023 2579 Cumque
1050 2506 1163 2577 jam
1198 2504 1595 2560 Demosthenes
1637 2499 1974 2557 emoliiretur
2004 2500 2068 2555 ad

474 2602 794 2669 thalamum,
848 2602 1035 2671 petivit
1087 2596 1154 2653 ab
1183 2614 1247 2653 co
1281 2598 1404 2651 Lais
1450 2605 1668 2650 centum
1720 2593 1922 2648 talenta
1971 2606 2070 2662 pro

467 2704 762 2752 consensu.
790 2693 860 2750 At
886 2692 979 2748 ille
1007 2692 1314 2762 suspiciens
1343 2692 1395 2744 in
1423 2687 1642 2751 coelum,
1675 2688 1778 2741 ait:
1801 2685 1918 2741 Non
1945 2696 2070 2740 emo

467 2790 603 2847 tanti
644 2790 931 2860 poenitere.
965 2784 1176 2855 Amice,
1213 2782 1420 2839 utinam
1452 2781 1506 2837 in
1537 2782 1736 2837 cmiuni
1766 2788 1823 2835 et
1854 2786 1909 2834 tu
1937 2786 2067 2833 acti-

467 2890 592 2940 111οη
622 2881 823 2939 mentis
854 2881 1080 2952 dirigas,
1114 2890 1171 2935 ut
1218 2876 1272 2934 id
1318 2875 1544 2947 effugias
1574 2873 1714 2943 quod
1750 2872 2067 2945 poenitentia

465 2989 549 3037 est
574 2978 803 3034 redemi.

538 3068 726 3127 XXIII.
780 3068 929 3125 Livia
964 3066 1137 3123 virum
1170 3076 1327 3120 suum
1362 3059 1672 3128 interfecit,
1714 3074 1875 3130 quem
1907 3058 2066 3113 nimis

461 3165 616 3220 'odiit.
648 3162 871 3219 Luciiiia
900 3177 1080 3227 suum,
1113 3174 1275 3230 quem
1300 3156 1465 3211 nimis
1496 3153 1719 3209 amavit.
1750 3150 1844 3207 illa
1873 3163 2066 3221 sponte

2173 532 2294 587 sine
2325 534 2527 601 gemitu
2558 538 2890 589 sustinuerat
2932 534 3200 589 humeris.
3230 531 3473 588 Tandem
3503 547 3626 604 qui:
3651 548 3770 588 11111-

2173 640 2333 696 quam
2366 627 2509 681 inter
2542 634 2622 681 tot
2648 628 2813 682 millia
2837 627 3070 682 millium
3096 627 3343 681 sedulum
3370 626 3771 698 sollicitumque

2176 728 2517 789 peccatorem
2549 733 2807 789 perpetua
2840 720 3183 775 contristavit
3212 718 3471 791 repulsa?
3517 719 3625 775 rei
3649 735 3773 790 qua:

2174 822 2497 867 constanter
2544 812 2794 882 praecidit
2839 813 3006 870 verba
3060 814 3331 882 petentis?
3358 812 3599 868 feroce.
3630 821 3775 883 sapit

2174 908 2294 975 eius
2337 909 2624 976 responsio
2676 925 2692 963 :
2743 919 2798 964 et
2843 918 3345 980 Quantumcumque
3400 910 3537 964 dura
3582 908 3770 975 fuerit,

2176 1014 2395 1071 semper
2423 1001 2475 1055 in
2522 1002 2707 1073 aliquo
2732 1003 2884 1059 verbi
2930 1003 3015 1059 sui
3048 1003 3249 1074 angulo
3279 1004 3509 1060 habebis
3534 1002 3771 1075 aliquem

2179 1096 2456 1164 petitionis
2482 1103 2589 1152 1111111
2620 1098 2861 1155 ioniitem
2894 1098 3225 1170 implicitum
3252 1114 3266 1153 :
3292 1099 3553 1171 qualibet
3586 1106 3772 1171 negat,

2178 1186 2325 1242 nulla
2357 1198 2637 1259 pernegat.

2248 1286 2416 1342 XXV.
2478 1288 2737 1359 Irrumpit
2784 1303 2976 1344 aurum
3038 1289 3093 1345 in
3154 1288 3555 1359 propugnacula
3605 1286 3775 1343 turris

2179 1380 2396 1445 Acrisii,
2430 1383 2681 1453 valloque
2711 1384 2997 1452 multiplici
3025 1383 3289 1454 signatam
3326 1383 3538 1437 Danaes
3565 1381 3776 1453 pudici-

2178 1474 2306 1527 tiam
2339 1476 2530 1530 snlvit.
2562 1476 2771 1540 Amice,
2803 1477 2944 1531 sicut
2972 1476 3163 1548 virgini
3193 1488 3318 1545 quae
3347 1483 3549 1531 terram
3570 1475 3779 1530 trium-

2180 1566 2393 1635 pharat,
2421 1567 2487 1623 de
2514 1568 2657 1625 coelo
2700 1568 2839 1639 pluit
2870 1569 3112 1624 incestus
3141 1582 3156 1623 :
3184 1570 3264 1623 sic
3289 1570 3449 1640 quam
3477 1580 3777 1637 numquam

2179 1657 2316 1712 fallit
2363 1657 2606 1727 humilis,
2659 1660 2832 1715 vincit
2878 1660 3151 1716 sublimis.
3201 1660 3293 1715 Sic
3328 1660 3578 1716 arborem
3609 1674 3777 1731 quam

2178 1766 2471 1819 numquam
2504 1755 2675 1809 movit
2702 1752 2999 1819 Favonius,
3032 1755 3226 1810 evertit
3254 1753 3469 1825 Aquilo.

2102 1856 2151 1917 Β
2248 1843 2440 1901 XXVI.
2482 1846 2642 1918 Lycia
2697 1847 2881 1918 virgo,
2941 1860 3177 1917 vergens
3224 1844 3279 1901 in
3327 1845 3575 1914 senium,
3628 1847 3777 1902 fama

2175 1938 2445 1992 castitatis
2492 1939 2828 2010 privilegiata
2876 1946 3217 2008 constanter,
3260 1939 3479 1996 tandem
3511 1954 3777 2011 oppressa

2175 2030 2442 2097 Apollinis
2487 2032 2871 2102 phantasmate
2907 2033 3191 2104 concepit,
3223 2034 3542 2105 peperitque
3592 2033 3782 2089 Pisto-

2177 2136 2326 2177 nem.
2373 2124 2602 2191 Amice,
2656 2140 2819 2195 quam
2866 2126 3129 2181 illibatam
3159 2136 3522 2182 servaverunt
3550 2126 3779 2197 vigilia,

2176 2216 2462 2273 deﬂoravit
2507 2217 2690 2273 illusio
2738 2234 2833 2289 per
2879 2221 3149 2275 somnium
3194 2232 3209 2274 :
3256 2229 3315 2275 ut
3361 2226 3582 2289 semper
3608 2234 3782 2275 omne

2176 2309 2453 2361 rosarium
2485 2309 2669 2379 aliquo
2698 2312 2917 2366 turbine
2942 2327 3035 2366 sua
3067 2324 3308 2382 purpura
3345 2311 3635 2381 spolietur.
3668 2312 3779 2367 Sed

2174 2398 2316 2455 bene
2364 2402 2412 2456 si
2465 2401 2592 2471 quid
2644 2400 2734 2457 hic
2778 2404 2948 2472 bene,
3002 2406 3146 2474 quod
3188 2405 3501 2473 patrissat-it
3530 2402 3700 2459 Plato
3728 2406 3781 2460 in

2175 2492 2444 2562 sapientia
2489 2510 2503 2549 :
2548 2503 2600 2550 et
2630 2494 2776 2565 quod
2806 2496 2972 2551 simili
3001 2494 3181 2551 factus
3206 2503 3290 2551 est
3325 2495 3563 2551 nominis
3591 2506 3653 2550 et
3681 2510 3784 2550 nu-

2174 2584 2340 2638 minis
2364 2587 2540 2655 patris
2570 2588 2850 2658 praecipui.
3342 2603 3355 2611 '

2249 2675 2461 2733 XXVII.
2505 2682 2733 2747 Amice,
2781 2680 3040 2749 miraris,
3096 2694 3168 2737 an
3224 2680 3530 2752 indignaris
3573 2683 3781 2752 magis,

2170 2773 2317 2842 quod
2372 2772 2427 2827 in
2458 2773 2734 2845 parabolis
2767 2775 2864 2830 tibi
2909 2775 3207 2847 significem
3234 2775 3469 2848 gentiles
3492 2790 3621 2833 esse
3650 2778 3781 2833 imi-

2171 2861 2367 2916 tandos
2388 2902 2405 2929 ,
2437 2864 2753 2921 Christiano
2780 2866 3118 2932 idololatras.
3150 2880 3295 2940 agno
3318 2882 3506 2936 canes,
3538 2868 3785 2941 denique

2171 2951 2317 3010 bono
2340 2952 2554 3011 malos?
2578 2955 2717 3012 Volo
2747 2959 2821 3013 sis
2849 2960 2941 3030 api
2970 2968 3372 3031 argumentosa
3397 2961 3619 3028 similis,
3651 2976 3783 3033 quas

2171 3048 2281 3103 mei
2311 3047 2462 3102 elicit
2488 3063 2556 3104 ex
2584 3051 2786 3105 urtica:
2805 3060 2866 3106 ut
2888 3065 3073 3107 sumas
3098 3053 3199 3107 mel
3222 3053 3291 3107 de
3310 3062 3477 3124 petra,
3502 3052 3787 3125 oleumque

2170 3140 2235 3192 de
2276 3154 2402 3194 saxo
2446 3142 2746 3197 durissimo.
2777 3142 3081 3201 Gentilium
3127 3146 3256 3201 novi
3299 3146 3784 3217 superstitionem,

462 3256 689 3312 miscuit
719 3229 1173 3310 aconitunnlnec
1200 3249 1453 3320 decepta,
1480 3247 1720 3302 iurorem
1756 3245 2138 3316 propinavitc
2170 3229 2266 3286 Sed
2315 3234 2493 3288 multis
2544 3241 2794 3291 creatura
2845 3237 2939 3293 Dei
2995 3238 3216 3309 aliquod
3275 3239 3440 3295 habet
3487 3241 3786 3311 exemplar

461 3367 561 3423 pro
597 3346 801 3405 amoris
843 3344 1059 3419 poculo.
1092 3344 1305 3409 Amice,
1337 3339 1627 3397 contrariis
1665 3337 2065 3395 contenderunt

459 3443 605 3500 votis
637 3445 774 3499 islze.
805 3434 1009 3497 Neutra
1045 3446 1226 3494 tamen
1255 3434 1575 3492 defraudata
1605 3441 1689 3489 est
1719 3433 1826 3488 line
1858 3429 2064 3485 fraudis

459 3534 731 3601 fcminem,
779 3540 836 3590 et
878 3532 1096 3604 proprio
1144 3529 1353 3584 scilicet
1403 3525 1567 3581 maio.
1609 3523 1787 3580 Variis
1831 3522 2064 3578 diversis

458 3630 720 3687 incedunt
746 3626 957 3683 semitis
991 3621 1229 3688 feminae,
1256 3620 1561 3692 quibusque
1596 3615 1932 3673 anfractibus
1971 3631 2063 3670 er-

460 3732 603 3791 rent,
633 3718 941 3792 quibusque
972 3712 1197 3771 devient
1226 3712 1408 3777 inviis,
1442 3725 1583 3766 unus
1612 3720 1695 3765 est
1725 3710 1924 3771 exitus,
1958 3724 2061 3761 una

459 3816 702 3875 Omnium
758 3814 965 3869 viarum
1024 3820 1248 3867 suarum
1301 3817 1464 3863 meta.
1511 3803 1743 3862 Unicum
1803 3811 1961 3874 caput
2008 3810 2066 3858 et

457 3920 760 3969 conventus
819 3907 1062 3963 omnium
1123 3900 1500 3958 diversitatnm
1553 3912 1771 3955 suarum
1830 3896 2060 3951 malitia.

438 3990 716 4077 Exemplo
764 4001 959 4057 barum
1004 3998 1433 4069 experimentum
1483 3989 1835 4061 cape:qnod
1889 3990 2063 4043 audax

455 4108 541 4159 cst
570 4098 635 4151 ad
665 4096 845 4151 omnia
893 4107 1015 4163 quin
1045 4096 1191 4143 amat
1237 4088 1319 4143 vel
1370 4086 1485 4141 odit
1533 4084 1729 4139 femina
1758 4098 1772 4137 :
1808 4091 1859 4137 et
1892 4080 2062 4135 artiﬁ-

451 4194 600 4247 ciosa
633 4202 757 4245 cum
786 4199 984 4241 nocere
1015 4182 1148 4245 vult,
1199 4176 1340 4249 quod
1369 4192 1587 4250 semper
1617 4186 1699 4232 est
1726 4185 1779 4230 et
1812 4175 2062 4245 frequen-

453 4298 573 4341 ter:
598 4297 720 4337 cum
750 4279 939 4350 jnvare
968 4278 1142 4347 parat,
1167 4272 1344 4328 obest.
1368 4260 1524 4325 Unde
1549 4268 1629 4335 iit,
1658 4277 1720 4322 ut
1743 4265 2063 4337 frequenter

454 4384 652 4435 noceat
681 4369 895 4428 nolens.
931 4370 984 4424 in
1037 4369 1261 4422 fornace
1314 4363 1521 4434 positus
1551 4376 1609 4417 es
1634 4376 1650 4417 :
1678 4361 1722 4415 Si
1753 4375 1944 4415 aurum
1978 4373 2057 4427 es,

456 4470 641 4527 exibis
672 4464 876 4537 purior.

528 4559 720 4618 XXiV.
787 4557 1041 4629 Dejanira
1099 4551 1446 4626 Tirynthium
1500 4548 1717 4604 vestivit
1777 4546 2056 4613 interula,

2171 3324 2405 3383 honesti.
2440 3327 2595 3385 Unde
2629 3330 2766 3400 ipse,
2803 3341 2914 3387 tttm
2946 3334 3112 3399 aries,
3140 3341 3253 3388 tum
3280 3336 3388 3401 leo,
3420 3344 3533 3389 tum
3562 3337 3785 3392 verutis

2167 3420 2392 3487 dicitur,
2425 3421 2521 3477 sed
2568 3422 2813 3497 plurima
2834 3439 3090 3495 perversa
3139 3433 3306 3497 agunt
3331 3424 3601 3481 increduli
3628 3443 3647 3480 :
3680 3428 3787 3482 ali-

2166 3529 2272 3586 qua
2321 3522 2502 3570 tamen
2552 3530 2672 3586 quae
2722 3531 2845 3573 cum
2900 3517 3035 3589 ipsis
3083 3518 3444 3587 interierant,
3502 3519 3560 3574 in
3610 3518 3786 3574 nobis

2166 3606 2401 3662 fructum
2453 3606 2733 3663 abundare
2762 3606 3030 3664 fecerunt.
3073 3608 3231 3676 Quod
3275 3609 3321 3664 si
3352 3608 3430 3665 illi
3460 3620 3636 3666 zonas
3685 3610 3789 3666 ba-

2169 3699 2406 3754 buerunt
2456 3699 2717 3769 pellleeas
2759 3715 2924 3758 causa
2974 3702 3281 3769 munditiae,
3326 3704 3449 3759 sine
3491 3716 3614 3774 spe,
3642 3704 3787 3761 sine

2170 3791 2298 3859 ilde,
2329 3793 2449 3849 sine
2477 3794 2925 3864 praedicamento.
2958 3796 3079 3851 sine
3108 3790 3416 3853 charitate:
3447 3796 3712 3865 profecto
3737 3797 3787 3852 si

2165 3898 2267 3940 nos
2297 3883 2560 3941 fuerimus
2588 3888 2727 3942 asini
2758 3897 2817 3943 et
2841 3902 2987 3955 sues,
3019 3897 3113 3944 aut
3142 3888 3323 3961 aliqua
3361 3888 3788 3945 inhumanitate

2165 3977 2451 4032 brutorum
2501 3978 2735 4046 similes,
2762 3992 2871 4052 quo
2898 3981 3045 4050 fidei,
3077 3997 3190 4053 quo
3217 3983 3358 4054 spei,
3389 3996 3498 4053 quo
3526 3981 3789 4039 cllas-ita-

2165 4067 2232 4123 tis
2261 4069 2454 4126 merito
2484 4071 2631 4143 digni
2662 4075 3000 4143 reperiemur
3027 4092 3038 4131 τ
3062 4090 3185 4130 cum
3218 4073 3404 4131 videas
3438 4076 3783 4148 prophetas,

2163 4171 2219 4216 et
2248 4164 2519 4234 praecipue
2547 4164 2696 4219 illum
2731 4167 2919 4221 mundi
2963 4168 3163 4233 cordis,
3198 4180 3356 4238 quem
3399 4168 3501 4223 soli
3534 4184 3790 4225 cernere

2164 4265 2392 4325 possunt
2423 4257 2588 4311 oculi.
2640 4256 2718 4312 Illi
2767 4269 2948 4315 autem
2998 4261 3183 4316 studio
3218 4272 3441 4315 suarum
3472 4262 3689 4316 artium
3720 4276 3789 4316 se

2163 4351 2350 4406 multis
2372 4353 2661 4408 conatibus
2692 4352 3008 4409 afﬂixerunt
3028 4399 3041 4423 ,
3076 4354 3224 4409 nullo
3250 4352 3461 4409 futurte'
3486 4355 3789 4411 felicitatis

2160 4444 2359 4499 intuitu
2389 4462 2400 4498 :
2425 4445 2521 4500 sed
2557 4457 2763 4500 tantum
2800 4463 2867 4501 ne
2897 4448 3107 4501 animas
3141 4447 3402 4502 haberent
3430 4447 3786 4517 ignorantes.

2159 4536 2301 4603 Quid
2334 4538 2493 4593 nobis
2518 4545 2623 4609 est,
2654 4545 2711 4594 et
2754 4539 3095 4594 illuminatio‘
3129 4547 3185 4593 et
3236 4540 3458 4595 lucerna
3509 4538 3787 4611 pedibus,

452 4666 509 4714 et
538 4664 906 4709 monstrorum
936 4648 1213 4713 malleum,
1245 4644 1474 4700 monstri
1506 4640 1769 4711 sanguine
1801 4641 1911 4695 ulta
1936 4651 2048 4697 est:
2079 4643 2130 4703 D
2158 4638 2216 4686 ει
2244 4630 2427 4687 lumen
2459 4633 2669 4688 sentitis
2697 4632 2763 4687 ad
2795 4634 2960 4687 vitam
2993 4644 3279 4688 aeternam.

450 4748 665 4816 sibique
715 4743 983 4816 processit
1033 4737 1099 4793 ad
1149 4737 1440 4809 lacrymas,
1500 4732 1645 4804 quod
1693 4730 1757 4786 ad
1809 4728 2047 4786 la‘titiam

2226 4728 2467 4790 XXVIII.
2513 4734 2728 4791 Utinam
2778 4734 2915 4791 lianc
2946 4736 3148 4806 eligas,
3178 4738 3383 4791 utinam
3415 4734 3557 4790 hanc
3586 4732 3789 4809 legas,

451 4836 756 4900 machinata
788 4847 889 4893 est.
922 4834 1129 4901 Amice,
1166 4831 1454 4900 trajectum
1485 4827 1593 4883 telo
1616 4825 1863 4881 llerculis
1892 4825 2051 4879 scivit

2176 4841 2362 4895 itinam
2398 4839 2540 4893 hanc
2572 4837 2893 4894 introducas
2924 4838 2975 4894 in
3009 4820 3315 4894 cubiculum
3345 4848 3519 4905 tuum,
3570 4850 3641 4895 nt
3695 4841 3791 4896 in-

451 4946 504 4992 et
552 4933 689 4989 vidit
737 4929 962 4985 Nessum
1014 4927 1114 4981 ista
1166 4942 1177 4978 :
1230 4922 1592 4978 nihilominus
1650 4928 1826 4973 tamen
1879 4915 2050 4972 Nesso

447 5026 679 5084 credidit
712 5024 763 5079 in
798 5018 1086 5078 Herculem
1134 5034 1149 5074 :
1195 5025 1248 5071 et
1279 5013 1433 5086 quasi
1480 5028 1586 5067 non
1622 5020 1838 5082 sponte,
1887 5026 2046 5081 quem

2155 4944 2401 5000 irodttcat
2433 4953 2483 4999 te
2516 4960 2609 4999 rex
2662 4942 2712 4999 in
2767 4960 2947 4998 suum.
2980 4943 3127 4999 Hanc
3156 4942 3355 4999 dudum
3414 4940 3658 4999 ﬂoribus
3709 4946 3791 4999 itii

2154 5046 2302 5103 veris
2333 5047 2624 5103 subarasti.
2668 5045 2796 5101 llaec
2830 5036 3091 5101 inhaztate
3136 5036 3228 5100 tua
3271 5055 3554 5117 exspectat
3582 5057 3655 5100 ut
3708 5044 3793 5099 fa—

448 5122 635 5182 debuit
662 5122 863 5179 vestire
913 5114 1167 5183 interula,
1204 5110 1418 5167 vestivit
1451 5108 1696 5164 interitu.
1731 5104 1909 5161 Insani
1952 5121 2044 5161 ca-

448 5202 574 5291 pitis
603 5226 657 5272 et
688 5212 983 5285 prircipitis
1035 5218 1121 5264 est
1172 5202 1394 5270 femina,
1438 5201 1797 5258 indeliberata
1831 5215 2050 5270 semper

450 5310 767 5367 voluntate:
797 5302 1126 5376 pra-cipuum
1159 5298 1451 5353 arbitratur
1480 5294 1622 5365 Quod
1650 5292 1785 5358 vult,
1817 5303 1869 5347 et
1900 5293 2043 5362 quod

2154 5150 2268 5203 cias
2302 5163 2459 5203 uvam
2496 5164 2507 5199 :
2552 5148 2605 5201 in
2638 5145 2797 5215 hujus
2832 5146 3109 5223 injuriam,
3142 5163 3250 5202 non
3284 5146 3682 5225 ducas‘aliam,
3720 5166 3795 5204 nc

2156 5247 2382 5313 faciens,
2433 5246 2487 5300 in
2522 5255 2765 5316 tempore
2812 5246 3102 5313 vindemia:
3147 5245 3400 5303 labrusca
3435 5247 3789 5317 inveniaris.

2148 5350 2287 5407 Nolo
2336 5362 2387 5406 te
2437 5364 2699 5421 sponsum
2735 5347 2966 5411 Veneris
2996 5349 3137 5418 ﬁeri,
3190 5348 3288 5407 sed
3336 5348 3605 5409 Palladis.
3643 5352 3795 5407 line

2147 5462 2429 5526 sponsate
2455 5453 2643 5509 induet
2673 5450 3248 5520 monilibuspretiosis
3276 5460 3329 5508 et
3348 5450 3575 5513 ornabit
3602 5466 3625 5508 :
3654 5451 3741 5507 1111
3760 5471 3793 5507 c

2152 5570 2203 5612 te
2252 5557 2439 5611 induet
2488 5564 2647 5612 veste
2695 5552 2949 5622 nuptiali.
2982 5552 3076 5608 Hze
3127 5554 3331 5624 nuptize
3378 5552 3792 5624 gloriabuntur

2150 5658 2406 5727 Apelline
2450 5654 2828 5727 'paranympho
2872 5655 3109 5711 :barum
3157 5653 3495 5713 Fescennina
3538 5655 3793 5729 decebit

2149 5758 2345 5816 cedros
2377 5758 2588 5814 Libani.
2624 5758 2838 5814 Stilbon
2870 5766 2895 5794 α
2922 5766 3211 5828 uxoratus,
3240 5772 3392 5829 spem
3437 5758 3601 5827 hujus
3658 5770 3790 5818 tam

452 5422 561 5461 non
595 5398 817 5472 expedit
856 5417 868 5452 :
903 5408 956 5453 et
985 5406 1042 5451 ut
1085 5408 1199 5465 prae
1229 5390 1483 5448 erunibus
1519 5388 1736 5459 placere
1764 5386 1935 5456 cupit,
1971 5385 2046 5439 ita

446 5499 709 5573 placitum
740 5508 898 5550 suum
924 5489 1176 5545 omnibus
1202 5478 1460 5559 praeferre
1487 5480 1732 5537 consulta
1764 5486 1867 5535 est.
1903 5476 2045 5534 Duo-

441 5570 619 5650 decim
652 5587 980 5644 inhumanos
1031 5582 1244 5636 labores
1276 5575 1682 5634 consummavit
1721 5570 1963 5627 Alcidcs.
2003 5575 2042 5625 Α

440 5683 600 5739 tertio
645 5681 860 5736 decimo
891 5676 983 5748 qui
1018 5687 1236 5728 omnem
1281 5670 1734 5725 inhumanitatem
1782 5665 2041 5729 excessit,

436 5782 800 5846 exsuperatus
845 5780 947 5826 est.
994 5766 1086 5823 Sic
1136 5763 1464 5819 fortissimus
1514 5759 1838 5824 hominum,
1889 5772 2045 5826 asque

508 5901 537 5931 ιι
572 5888 934 5961 phnowptms
960 5887 1080 5954 ille,
1112 5894 1169 5943 ut
1199 5883 1443 5952 videtur,
1467 5882 1583 5951 qui,
1615 5893 1784 5933 uxore
1806 5878 2003 5933 amissa
2033 5885 2090 5938 et
2123 5864 2334 5945 liberis,
2359 5882 2541 5934 omnia
2569 5885 2696 5937 tunc
2716 5876 2855 5933 bona
2876 5875 3018 5949 apud
3049 5894 3106 5933 se
3136 5860 3337 5936 habere
3354 5864 3790 5949 gratulabatur.
