3926 6290
220 328 288 385 θοι

1001 313 1331 373 EPISTOLA
1376 311 1643 375 XXXVII.
1685 316 1778 375 DE
1815 314 2097 377 ORIGINE
2139 318 2530 385 ANIMARUM.

3320 334 3431 395 282

215 445 472 507 desiderata:
497 435 854 495 solemnitatis
886 434 1086 493 devote
1116 436 1362 507 concepit
1389 452 1404 490 :
1448 435 1542 491 sed
1576 435 1628 492 in
1658 435 1727 491 ti-
1756 436 1807 496 A
1833 433 1902 491 de
1935 436 2172 505 Epistula
2196 439 2443 509 Apostoli
2472 443 2538 499 ad
2562 444 2739 502 Titum
2769 447 3019 520 scripsit:
3048 450 3103 507 Si
3129 452 3272 522 quis,
3314 454 3409 521 ait,

216 555 343 605 more,
366 550 506 592 causa
533 530 695 601 hujus
729 538 841 586 tota
875 528 992 584 haec
1021 527 1182 583 lectio
1214 528 1351 583 facta
1374 539 1479 607 est.

265 628 426 689 XXIX.
461 626 535 683 Ad
568 625 712 680 hunc
744 624 909 679 finem
941 622 1208 679 luculenta
1238 631 1351 678 tota
1383 623 1501 678 huic
1537 638 1731 694 prope-

216 724 455 787 ratoratio.
499 718 595 775 Hic
642 717 789 789 rigor
845 718 1007 787 hujus
1034 716 1415 785 dissuasionis,
1470 716 1557 772 hic
1586 727 1733 774 totus

213 826 414 878 armatur,
439 811 584 882 cujus
602 810 773 866 multo
794 809 1028 881 chalybe
1056 809 1397 879 prmduratos
1420 810 1587 865 semis
1607 825 1733 864 acu-

214 912 314 968 leos.
340 910 459 963 Dura
484 918 565 962 est
596 919 787 960 manus
810 901 1127 973 chirurgici,
1164 902 1260 959 sed
1293 917 1512 957 sanans.
1559 902 1732 957 Durus

210 1017 267 1064 est
282 1005 347 1060 hic
362 1016 544 1065 sermo,
569 999 663 1057 sed
689 1013 873 1054 sanus.
901 997 1009 1055 Sed
1033 998 1237 1053 utinam
1266 1004 1372 1051 miri
1399 996 1550 1051 utilis
1570 1012 1731 1066 quam

212 1101 398 1155 devows.
427 1095 627 1157 Amice,
657 1104 864 1159 arctam
898 1092 1018 1157 tibi,
1050 1099 1112 1146 ut
1139 1090 1251 1154 ais,
1303 1088 1490 1158 inﬂigo
1520 1088 1732 1143 vivendi

208 1194 409 1264 regulam,
435 1198 569 1245 esto.
604 1188 697 1243 Est
723 1186 868 1241 enim
900 1196 1053 1242 arcta
1082 1184 1167 1241 via
1196 1199 1317 1255 qua:
1343 1183 1491 1239 ducit
1536 1183 1603 1240 ad
1654 1184 1737 1240 vi-

211 1298 287 1344 tam
306 1302 319 1341 :
338 1300 421 1341 nec
444 1293 523 1339 est
543 1283 739 1339 semita
765 1282 945 1352 plana,
972 1296 1077 1351 qua
1102 1281 1209 1336 itur
1226 1281 1293 1336 ad
1318 1280 1512 1351 gaudia
1542 1281 1696 1349 plena
1720 1299 1731 1334 :

210 1380 332 1434 immo
353 1377 495 1431 etiam
546 1374 615 1429 ad
665 1374 939 1430 mediocra
990 1388 1088 1442 per
1133 1372 1381 1431 salebras
1425 1374 1732 1429 evadimus.

212 1470 380 1526 Audit-it
402 1468 582 1534 lason,
615 1466 757 1537 quod
793 1482 893 1535 per
925 1481 1078 1521 mare
1107 1464 1290 1523 adhuc
1320 1465 1602 1532 intactum,
1636 1481 1738 1522 nec

212 1562 302 1616 aliis
319 1561 693 1631 devirginatum
727 1559 931 1614 ratibus
958 1568 1052 1614 aut
1097 1559 1285 1620 remis,
1328 1569 1385 1613 et
1424 1574 1521 1629 per
1552 1569 1737 1613 tauros

208 1654 548 1722 etsuiphureos
581 1652 758 1722 ignes.
781 1660 835 1707 et
860 1666 955 1717 per
988 1650 1202 1705 toxicati
1235 1652 1504 1716 serpentis
1529 1649 1737 1720 vigilias

1836 531 2101 584 rationem
2131 529 2383 589 humana:
2407 537 2603 594 animae
2627 545 2889 611 requirat,
2914 558 3037 601 cum
3063 544 3133 601 de
3162 558 3224 601 ea
3254 560 3432 618 neque

1833 621 1979 690 quod
2009 639 2074 677 ex
2103 625 2330 681 seminis
2381 630 2606 687 traduce
2633 633 2864 691 ducatur
2886 680 2900 703 ,
2936 648 3115 707 neque
3162 637 3305 710 quod
3334 638 3437 695 bo-

1836 717 2138 773 norabilior
2163 732 2218 774 et
2271 723 2548 792 antiquior
2571 739 2858 796 corporum
2884 743 3147 803 compage
3190 732 3281 797 sit,
3316 740 3431 788 tra-

1833 808 2035 863 diderit
2062 810 2430 869 ecclesiastica
2463 817 2681 887 regula:
2725 832 2944 891 propter
2968 824 3113 893 quod
3145 825 3298 879 multi
3330 838 3435 881 nec

1836 904 2302 970 comprehendere
2330 916 2621 975 potuerunt
2650 912 2811 968 aliter
2836 917 3025 971 sentiri
3057 928 3313 987 oportere
3351 916 3424 974 de

1835 993 2030 1049 anima:
2061 997 2291 1053 ratione.
2320 998 2428 1055 Sed
2452 1002 2611 1072 etqui
2638 1004 2797 1059 aliter
2826 1008 3030 1063 sentire
3049 1008 3132 1062 vel
3156 1007 3434 1067 disserere

1835 1087 1938 1142 visi
1967 1099 2132 1155 sunt;
2174 1106 2201 1143 a
2246 1093 2525 1149 nonnullis
2563 1096 2616 1150 in
2655 1098 2967 1165 suspicione
2991 1098 3265 1157 habentur
3292 1104 3441 1159 velut

1837 1181 1963 1235 novi
2016 1181 2222 1251 aliquid
2257 1186 2684 1243 introdueentes.
2728 1188 2951 1247 Fatetur
2992 1192 3133 1247 idem
3174 1192 3293 1265 ipse
3321 1194 3444 1251 Ori-

1834 1286 2001 1342 genes
2027 1273 2077 1327 in
2111 1274 2351 1343 praefatis
2398 1281 2705 1343 (musculis:
2738 1283 2833 1337 sed
2868 1293 2924 1339 et
2965 1284 3231 1340 Eusebius
3253 1285 3438 1344 Cresa-

1836 1363 2070 1431 riensis,
2102 1372 2158 1421 et
2186 1366 2521 1435 Pamphilius
2569 1383 2812 1444 martyr:
2860 1375 3093 1433 Basilius
3119 1393 3338 1449 quoque
3378 1392 3435 1438 et

1837 1454 2153 1527 Gregorius,
2187 1458 2579 1532 Didymaeque,
2597 1472 2655 1521 et
2674 1464 2905 1521 Ruﬁnus
2933 1469 3184 1527 similiter
3206 1473 3262 1527 in
3293 1472 3430 1541 suis,

1840 1551 2002 1607 unius
2023 1551 2348 1609 substantiae
2376 1570 2573 1613 omnes
2616 1566 2738 1615 esse
2768 1561 3003 1627 animas,
3025 1572 3082 1618 et
3109 1566 3444 1623 immortales

1839 1652 1892 1697 et
1920 1642 2274 1701 rationabiles
2305 1646 2460 1702 liberi
2491 1649 2703 1707 arbitrii
2734 1668 2799 1708 ac
2826 1655 3164 1712 voluntatis:
3190 1658 3442 1728 judican-

206 1745 281 1801 sibi
303 1745 521 1800 viandum
554 1752 708 1800 esset
736 1742 803 1798 ad
838 1743 1011 1798 vellus
1040 1757 1319 1799 aureum;
1358 1751 1411 1796 et
1439 1756 1574 1797 sano
1605 1757 1739 1798 eon-
1836 1737 1939 1793 das
1978 1753 2196 1809 quoque
2219 1756 2341 1797 esse
2371 1758 2469 1813 pro
2504 1742 2586 1801 bis
2613 1761 2736 1815 qum
2756 1747 2808 1802 in
2842 1747 2943 1803 hac
2974 1750 3084 1805 vita
3112 1763 3434 1823 gesserunt:

203 1838 310 1907 sitio,
335 1837 449 1895 licet
477 1852 584 1893 non
617 1837 770 1892 suavi
814 1851 965 1902 usus,
1008 1836 1145 1891 abiit
1179 1846 1235 1893 et
1264 1835 1447 1903 rediit,
1496 1846 1553 1892 et
1580 1845 1735 1906 opta.
1769 1826 1817 1887 B
1844 1846 1965 1887 esse
1995 1840 2173 1887 tamen
2219 1848 2311 1889 eas
2343 1835 2513 1891 factas
2533 1852 2560 1890 a
2593 1838 2704 1895 Deo
2732 1840 2825 1910 qui
2857 1841 3107 1899 universa
3148 1848 3357 1901 creavit
3385 1854 3444 1903 et

204 1929 327 1986 bilem
369 1932 669 1986 thesaurum
717 1928 907 1984 retulit
942 1932 1067 1985 :sic
1117 1929 1452 1985 absinthium
1499 1931 1741 1986 veritatis
1842 1921 2107 1978 condidit.
2137 1924 2369 1993 Quando
2396 1939 2576 1983 autem
2612 1928 2771 1986 factae
2802 1933 2935 2000 sint,
2963 1934 3094 1990 olim
3124 1936 3310 2005 simul,
3346 1949 3440 1995 aut

204 2031 395 2091 receptat
434 2036 667 2077 moros-.e
698 2021 903 2076 mentis
952 2020 1234 2076 humilitas
1276 2037 1290 2076 :
1339 2021 1590 2077 fecundat
1622 2020 1741 2075 offi-
1843 2029 1986 2070 nunc
2038 2031 2137 2086 per
2181 2018 2430 2086 singulos
2461 2024 2821 2092 nascentium,
2876 2026 3005 2096 quid
3039 2027 3263 2095 periculi
3314 2044 3440 2086 esse

205 2111 316 2166 ciosa
336 2112 579 2169 sedulitas
620 2128 639 2169 :
677 2112 733 2168 in
764 2111 999 2168 fructum
1042 2114 1289 2184 perducit
1320 2115 1742 2181 perseverantiae
1839 2109 2013 2176 aiunt,
2064 2110 2294 2167 alterum
2321 2111 2581 2168 eduobtts
2622 2116 2870 2185 apinari?
2907 2117 3257 2183 Athanasius,
3294 2120 3443 2177 Hila-

201 2204 382 2261 utilitas.
423 2207 508 2261 Sic
556 2213 871 2262 sementem
921 2207 1093 2274 serit,
1139 2206 1395 2275 pinccrna
1438 2206 1741 2277 pluviarum
1842 2204 1976 2269 rius,
2004 2211 2061 2260 et
2086 2203 2433 2271 Ambrosius,
2462 2210 2783 2278 praeparatis
2808 2209 2920 2280 jam
2947 2209 3215 2269 iuventte
3244 2214 3441 2269 mulie-

204 2299 373 2353 Auster.
401 2297 721 2357 Consolidat
750 2313 914 2366 scopa
950 2299 1159 2352 viarum
1184 2298 1402 2368 Aquilo.
1435 2296 1497 2353 In
1525 2297 1745 2353 nberta-
1844 2310 1960 2350 rum
1983 2334 1999 2362 ,
2046 2295 2471 2369 deformatisque
2518 2302 2877 2370 corporibus,
2928 2311 3059 2359 tuae
3096 2305 3165 2359 ad
3198 2320 3441 2375 praesens

202 2397 282 2444 tem
306 2404 562 2460 promovet
594 2390 794 2445 ﬂorum
821 2399 1139 2460 procreatur
1164 2388 1467 2462 Zephyrus.
1494 2390 1590 2447 Sic
1609 2390 1741 2445 dura
1842 2389 2015 2445 creari
2048 2392 2285 2459 animas,
2321 2400 2377 2449 et
2398 2393 2563 2449 inseri
2593 2394 2897 2453 deformato
2931 2396 3045 2467 jam
3063 2400 3284 2470 corpori
3328 2401 3439 2457 cri-

200 2482 413 2553 principia
440 2484 586 2539 dulci
614 2484 724 2537 fine
756 2491 1135 2539 munerantur.
1170 2483 1261 2539 Sic
1285 2491 1469 2539 arctos
1498 2484 1648 2539 callis
1674 2484 1742 2540 ad
1846 2481 2144 2538 minantur.

196 2576 332 2647 ampla
360 2577 543 2646 palatia
580 2576 872 2647 perducit;
902 2577 981 2632 sic
1010 2586 1269 2647 angustus
1303 2587 1506 2633 trames
1537 2576 1606 2632 ad
1632 2585 1739 2633 ter-
1917 2572 2002 2627 Ill.
2041 2572 2164 2629 Jam
2213 2590 2349 2632 vero
2380 2575 2460 2633 illi
2487 2578 2577 2647 qui
2629 2593 2697 2634 es
2745 2577 2970 2636 traduce
3018 2581 3229 2637 animas
3258 2580 3445 2638 venire

199 2682 285 2722 ram
310 2669 438 2724 ducit
466 2669 791 2727 viventium.
1845 2667 2218 2733 conﬁrmant,
2260 2679 2314 2724 et
2362 2670 2522 2724 simul
2572 2671 2844 2740 corporali
2893 2687 2986 2728 eas
3016 2674 3227 2730 semine
3274 2676 3443 2730 semi-

247 2757 387 2816 XXX.
424 2763 529 2820 Sed
561 2778 635 2819 ne
666 2763 829 2833 longo
887 2772 939 2817 te
964 2760 1251 2833 dispendio
1303 2761 1656 2832 suspendam,
1689 2768 1748 2815 ut
1845 2760 1997 2816 nari:
2025 2760 2318 2832 siquidem,
2349 2772 2403 2817 ut
2426 2763 2648 2833 quidam
2677 2766 2915 2834 ipsorum
2942 2766 3220 2822 affirmare
3238 2768 3442 2836 solent,

196 2855 350 2922 majori
380 2856 690 2912 testimonio
716 2855 849 2911 mihi
869 2855 1003 2910 ﬁdes
1023 2854 1376 2910 adhibeatur:
1409 2853 1529 2925 lege
1553 2868 1746 2909 aureo-
1824 2868 1957 2908 non
1990 2852 2133 2909 aliud
2165 2853 2359 2910 dicunt
2385 2869 2508 2910 esse
2546 2855 2783 2910 animam
2809 2871 2968 2927 quam
3012 2855 3439 2913 insufﬂationem

192 2942 279 3000 itan
301 2944 680 3016 TheOpbrasti,
710 2958 766 3001 et
788 2945 1039 3001 Medeam
1063 2943 1419 3019 Jasopis[Al.
1454 2942 1744 3014 Nasonis],
1849 2948 2082 3016 Spiritus
2129 2948 2273 3004 Dei:
2321 2948 2468 3004 illam
2524 2949 2732 3004 scilicet
2787 2965 2948 3020 quam
2999 2950 3158 3007 initio
3211 2951 3440 3008 factura:

192 3048 234 3092 et
252 3039 491 3106 vispauca
520 3038 1139 3106 inveniesimpossibilia
1162 3038 1396 3093 mulieri.
1424 3038 1631 3107 Amice,
1656 3033 1749 3092 det
1850 3040 2065 3105 mundi,
2098 3040 2245 3096 Deus
2296 3041 2602 3098 iusnfllasse
2642 3043 2839 3099 dicitur
2878 3046 2930 3099 in
2974 3044 3169 3111 Adam,
3201 3045 3270 3101 de
3322 3047 3440 3116 ipsa

192 3130 263 3185 tibi
288 3132 409 3187 Deus
440 3133 791 3202 omnipotens
840 3131 1059 3185 femina:
1113 3130 1326 3186 fallacia
1365 3146 1469 3185 non
1502 3130 1609 3187 falli
1646 3146 1660 3185 :
1695 3138 1750 3185 et
1851 3131 1945 3187 Dei
1990 3146 2111 3187 esse
2138 3147 2257 3187 eam
2308 3134 2607 3192 substantia
2639 3135 2985 3205 profitentes:
3020 3139 3300 3207 quomodo
3332 3153 3437 3194 non

190 3221 417 3279 illuminct
454 3241 552 3282 cor
605 3236 756 3279 tuum
778 3264 792 3287 ,
844 3238 912 3277 ne
945 3221 1297 3292 prmstigiatis
1345 3222 1517 3277 oculis
1555 3220 1743 3276 tendas
1770 3213 1814 3279 (ἶ
1850 3222 1934 3281 isti
1980 3224 2304 3283 videbuntur
2338 3227 2740 3297 quodammodo
2769 3229 2886 3283 lucc
2925 3240 3127 3299 pratter
3154 3228 3450 3296 Scriptura:

188 3328 273 3384 quo
292 3330 379 3389 ego
405 3323 594 3381 timeo.
648 3318 757 3376 Sed
786 3334 855 3376 ne
886 3327 911 3357 ⁸
942 3318 1173 3376 Oresten
1223 3318 1507 3389 scripsisse
1536 3317 1738 3375 videar.
1849 3318 2088 3387 regulam
2118 3328 2173 3373 et
2198 3319 2463 3374 rationem
2495 3320 2712 3389 pietatis
2733 3335 3002 3390 asserem,
3026 3321 3176 3394 quod
3204 3321 3452 3379 substan-

190 3404 306 3465 V'ale.
1854 3412 1926 3468 tia
1951 3413 2046 3469 Dei
2073 3422 2155 3469 est
2176 3428 2297 3484 qua:
2328 3422 2534 3482 peccat,
2565 3414 2611 3469 si
2666 3415 2843 3470 anima
2889 3431 3012 3487 qum
3039 3416 3108 3471 de
3136 3418 3448 3473 substantia

1851 3502 1944 3560 Dei
1971 3516 2051 3561 est
2078 3515 2305 3574 peccat:
2351 3506 2765 3574 insuperetiam
2804 3507 2953 3576 quod
2979 3516 3037 3565 et
3080 3508 3257 3578 pinnis
3313 3509 3451 3565 sub-

1851 3595 2027 3651 dcnda
2057 3597 2133 3652 sit
2162 3610 2260 3666 pro
2291 3605 2537 3666 peccato.
2564 3595 2672 3653 Sed
2701 3604 2759 3653 et
2792 3596 2923 3653 illud
2972 3613 3036 3655 se
3064 3598 3209 3669 quod
3255 3599 3456 3655 absur-

1854 3689 1982 3746 dum
2006 3697 2110 3755 est,
2140 3690 2423 3745 incurrere
2452 3706 2559 3745 non
2588 3688 2802 3745 vident:
2830 3690 2956 3761 quia
2975 3706 3205 3749 necesse
3226 3702 3312 3747 est
3331 3706 3455 3748 eam

1854 3779 2015 3836 simul
2057 3795 2180 3836 cum
2225 3796 2457 3851 corpore
2506 3781 2674 3847 mori,
2732 3792 2932 3838 etesse
2960 3783 3268 3851 nwrtalem,
3302 3784 3351 3837 si
3380 3783 3456 3838 si-

1855 3874 1965 3930 mul
2012 3890 2135 3929 cum
2164 3888 2395 3945 corpore
2419 3912 2435 3943 ,
2467 3875 2554 3931 vel
2602 3874 2898 3943 seminata,
2932 3876 3014 3931 vel
3042 3875 3308 3943 formata,
3365 3874 3452 3932 vel

1855 3979 1979 4024 nata
2008 3979 2113 4027 ρει.

1930 4061 2019 4118 lV.
2061 4062 2197 4117 Tum
2222 4061 2418 4117 deinde
2441 4060 2544 4129 illi,
2572 4061 2622 4117 id
2645 4069 2750 4125 est,
2777 4060 3121 4132 Apollonius,
3155 4062 3458 4120 Tertullia-

1859 4170 1984 4220 nus,
2019 4152 2331 4222 Pompeius,
2354 4152 2653 4219 Arnobius,
2684 4154 3025 4221 Lactantius,
3048 4167 3219 4226 atque
3252 4156 3457 4226 Apolli-

1861 4247 2073 4311 narins,
2103 4246 2197 4315 qui
2226 4261 2387 4300 unam
2407 4245 2626 4316 quidem
2653 4260 2719 4301 es
2747 4245 2911 4301 nullis
2933 4247 3252 4301 substantiis
3282 4264 3313 4301 a
3348 4250 3461 4302 Dco

1861 4339 2059 4397 factam
2083 4354 2209 4395 esse
2231 4339 2420 4393 dicunt
2444 4337 2720 4404 animam,
2748 4337 2802 4394 id
2831 4348 2935 4403 est,
2965 4338 3109 4399 illum
3136 4355 3257 4407 qua:
3283 4344 3456 4409 prima

1866 4434 2003 4492 facta
2036 4447 2117 4489 est
2142 4435 2193 4488 in
2226 4433 2393 4490 Adam
2426 4451 2440 4487 :
2470 4445 2525 4489 et
2567 4449 2633 4490 ex
2678 4432 2847 4489 Adam
2894 4434 3134 4490 omnium
3174 4433 3456 4492 hominum

1869 4529 2083 4583 animas
2108 4528 2346 4583 existere
2369 4568 2383 4591 ,
2417 4535 2474 4581 et
2497 4525 2791 4582 secundum
2821 4528 3161 4597 corporalem
3207 4529 3327 4583 sine
3355 4530 3463 4583 du-

1788 4617 1839 4679 D
1866 4620 1956 4676 bio
1978 4619 2399 4681 successionem.
2441 4618 2721 4675 traducem
2744 4635 2963 4691 quoque
2986 4621 3102 4676 ﬁeri
3125 4622 3461 4677 animarum:

1865 4719 2030 4771 etiam
2062 4714 2163 4783 ipsi
2218 4712 2343 4783 quid
2390 4712 2539 4769 aliud
2562 4713 2891 4783 ostendunt,
2940 4714 3043 4771 nisi
3080 4715 3293 4770 animas
3339 4730 3462 4771 esse

1868 4806 2166 4862 mortales?
2234 4807 2290 4863 Si
2327 4806 2469 4861 enim
2528 4806 2672 4862 sicut
2710 4807 2967 4871 animalia
3016 4817 3219 4864 caetera
3254 4822 3319 4863 ex
3345 4808 3467 4863 solo

1867 4901 2081 4958 semine
2098 4902 2352 4956 oriuntur
2377 4918 2389 4954 :
2432 4903 2501 4957 ita
2532 4901 2694 4956 etiam
2722 4901 2792 4959 de
2822 4901 3137 4958 hominibus
3164 4906 3465 4967 sentimus;

1863 5006 1920 5050 ut
1968 5010 2089 5048 cum
2143 5008 2374 5063 corpore
2426 4993 2588 5049 simul
2637 4994 2688 5048 in
2739 4995 2930 5051 eodem
2981 4996 3220 5062 semine,
3303 4998 3466 5052 etiam

1871 5088 2053 5143 anima
2085 5085 2428 5141 defundatur.
2459 5084 2597 5153 Quid
2629 5086 2860 5143 dicimus
2888 5087 2958 5143 de
2990 5088 3074 5141 his
3122 5088 3215 5156 qui
3267 5086 3471 5159 imper-

1830 5238 1835 5245 ,
1868 5178 2000 5235 fecti
2031 5178 2228 5243 adhuc,
2262 5188 2316 5233 et
2338 5179 2404 5234 de
2440 5185 2629 5237 ventre
2656 5180 2840 5235 aborsi
2877 5189 3009 5235 sunt
3056 5198 3066 5233 :
3099 5189 3156 5235 et
3197 5181 3288 5250 qui
3340 5196 3474 5238 non-

1871 5287 2166 5343 numquam
2220 5272 2383 5327 etiam
2433 5282 2725 5342 antequam
2759 5272 3108 5327 vasculorum
3138 5273 3472 5329 naturalium

1874 5365 2238 5434 receptaculis
2269 5364 2478 5421 semina
2503 5364 2615 5421 sint
2667 5372 2958 5434 suscepta,
3020 5364 3362 5436 depereunt?
3415 5364 3473 5420 In

1871 5460 2074 5531 quibus
2102 5460 2223 5515 sine
2251 5458 2420 5514 dubio
2452 5459 2727 5516 invenitur
2752 5499 2767 5526 ,
2797 5458 2945 5531 quod
2974 5460 3133 5517 simul
3161 5459 3330 5518 etiam
3361 5459 3470 5514 illa:

652 3502 981 3561 EPISTOLA
1018 3500 1287 3559 XXXVII.

228 3607 306 3650 ιιο
331 3612 583 3658 ωιιοςυε
614 3614 713 3655 SUB
737 3613 940 3654 NOIINE
961 3610 1254 3653 HlEBONYIi
1279 3610 1346 3653 8T
1376 3608 1684 3653 AUGUSTIM.

629 3691 705 3746 De
736 3693 933 3762 origine
959 3692 1271 3745 animarum.

238 3777 278 3836 ι.
305 3783 424 3839 Cum
466 3786 619 3858 apud
653 3800 749 3840 vos
803 3786 1045 3842 caelestis
1092 3783 1424 3855 eloquentiae
1472 3780 1748 3853 purissimi

183 3860 339 3942 “Nil.
367 3887 419 3933 ει
457 3878 768 3939 litterarum
801 3880 1041 3934 omnium
1077 3877 1279 3933 fluenta
1306 3875 1655 3933 redundent:
1688 3889 1751 3930 ac

184 3952 318 4022 solida
356 3971 664 4028 secundum
714 3972 972 4031 verticem
1028 3972 1268 4037 sanitas,
1334 3978 1515 4026 vestra
1557 3977 1749 4026 etiam

184 4052 315 4113 Inoo
340 4074 481 4120 statu
499 4066 752 4122 membra
785 4065 1094 4123 contineat:
1135 4066 1304 4122 miror
1343 4072 1568 4134 stupore
1595 4079 1749 4118 men-

182 4156 238 4208 tis
262 4163 553 4227 altonitus,
607 4175 708 4217 cur
737 4158 1069 4215 stillicidium
1102 4158 1337 4215 insulani
1370 4157 1526 4212 rivuli
1556 4155 1752 4226 digne-

179 4251 286 4305 mini
324 4255 579 4324 baurire,
645 4257 854 4313 nitores
900 4256 1148 4325 corporis
1191 4252 1401 4308 infirma
1451 4252 1750 4308 medentes.

176 4340 317 4417 lixis
363 4366 498 4421 ergo
551 4365 681 4422 qua:
725 4351 795 4407 de
844 4349 1167 4409 Grmcorttm
1201 4348 1441 4404 tnutuavi
1488 4345 1754 4411 fontibus,

178 4437 450 4499 ﬂuentibus
485 4445 771 4516 proferam
805 4444 938 4517 [AL
968 4442 1307 4514 praeferam],
1350 4452 1511 4512 atque
1540 4440 1759 4496 Latino-

174 4542 269 4585 rum
307 4533 496 4593 latices
546 4535 970 4609 limpidissimos
1009 4534 1077 4590 ad
1110 4535 1277 4591 vestri
1314 4533 1498 4590 cordis
1544 4542 1753 4589 secreta

174 4625 459 4689 perducam.

228 4712 283 4773 ll.
312 4719 595 4792 Origenes
626 4720 791 4793 igitur
841 4719 933 4792 qni
971 4719 1178 4774 milium
1209 4718 1432 4788 proprie
1462 4716 1531 4773 de
1573 4717 1752 4772 anima

176 4804 317 4864 edidit
342 4812 580 4885 librum,
628 4816 677 4867 in
708 4812 957 4884 ratalogo
991 4810 1378 4868 ecclesiasticae
1409 4809 1754 4879 pradicatio-

176 4898 245 4954 nis
268 4905 465 4960 anima:
499 4904 716 4962 faciens
744 4906 1103 4970 mentionem,
1138 4901 1255 4957 htcc
1282 4900 1412 4957 dicit
1437 4919 1448 4954 :
1485 4899 1511 4938 ι)
1540 4901 1614 4956 De
1642 4901 1758 4955 ani-

178 5000 245 5040 In
275 5009 398 5048 vero
427 5009 624 5051 utrum
658 5013 723 5051 ex
764 4994 991 5051 seminis
1039 4994 1260 5049 traduce
1288 4992 1547 5056 ducatur,
1603 4993 1673 5046 ita
1704 5000 1759 5045 ut

175 5084 290 5139 ratio
318 5088 497 5158 ipsius
532 5088 623 5145 vel
649 5088 951 5144 substantia
986 5070 1185 5140 inserta
1216 5084 1351 5156 ipsis
1379 5084 1623 5151 corporis
1669 5099 1755 5140 se-

176 5172 386 5236 minibus
416 5183 717 5255 habeatur,
749 5200 817 5239 an
848 5200 982 5239 vero
1010 5183 1159 5247 aliud
1199 5183 1394 5239 haheat
1428 5182 1668 5248 initium,
1710 5192 1763 5235 ct

173 5266 257 5325 hoc
276 5276 452 5343 ipsum
489 5276 543 5331 si
572 5282 809 5347 genitum
848 5290 934 5333 est
955 5286 1050 5331 aut
1075 5294 1180 5333 non
1208 5278 1471 5348 genitum,
1499 5278 1584 5332 vel
1610 5287 1765 5333 certe

174 5364 588 5427 tiestrinsecus
616 5370 834 5443 corpori
864 5370 1091 5441 inditur,
1125 5384 1318 5436 nosne,
1344 5386 1451 5425 non
1482 5371 1617 5425 satis
1647 5384 1759 5424 ma-

167 5456 343 5519 nifesta
372 5464 781 5537 prmdicationc
807 5465 1179 5537 distinguitur.
1208 5465 1337 5521 Item
1368 5465 1420 5520 in
1450 5463 1761 5535 libroquem

226 5612 473 5677 'Palarn
502 5616 598 5677 est
624 5620 789 5677 aliudi
814 5620 877 5677 ad
904 5637 1120 5679 versum
1154 5620 1698 5679 illumJttvcnal.Sat.
1726 5624 1776 5678 l.
1892 5624 1985 5691 tit,
2034 5639 2155 5696 quae
2196 5622 2282 5677 hic
2311 5624 2525 5696 iisdem
2574 5624 2914 5696 ipsispllul‘mi
2968 5626 3147 5683 verbis
3198 5628 3483 5696 proferun-

1888 5702 2012 5760 tur,
2053 5692 2122 5749 'ct
2170 5696 2222 5748 in
2274 5694 2382 5749 alio
2416 5692 2675 5764 0pctc'de
2708 5694 2951 5765 Deitate,
3014 5710 3066 5752 et
3098 5692 3473 5756 incarnatione

1891 5766 2050 5843 Verbi
2072 5766 2147 5843 ad
2179 5767 2495 5843 Ianuarium
2527 5770 2627 5843 l.t.
2661 5786 2710 5821 (τ.
2740 5770 2795 5822 ‘2.
2825 5770 2966 5825 inter
2990 5770 3331 5843 Sttpposititéa
3373 5777 3484 5831 Att-

1884 5838 2081 5910 gustini
2116 5848 2247 5897 tom.
2281 5837 2416 5910 Vlll,
2442 5841 2794 5914 replicantur.

336 5730 592 5797 Scriptus
614 5740 664 5783 et
688 5734 735 5783 in
761 5740 905 5799 tergo
930 5734 1140 5784 necdum
1161 5734 1323 5785 finitus
1346 5733 1571 5786 Orestes.

221 5832 247 5874 δ
278 5835 407 5894 "ac
434 5838 717 5909 Origenes
762 5837 816 5896 in
841 5839 1078 5900 Promis).
1111 5839 1207 5897 lib.
1240 5842 1361 5921 περὶ
1388 5837 1614 5918 ’Δρχῶη
1652 5855 1778 5897 εθιιο
