3926 6290
514 353 623 412 2'35

1567 342 1628 398 S.
1674 334 2056 398 HIERONYMI
2091 334 2374 395 OPERUM
2418 332 2788 393 MANTISSA.

3677 336 3765 398 264

514 491 639 547 qua:
666 469 902 529 naturali
934 469 1146 525 ratione
1174 463 1480 521 seminibus
1498 463 1718 518 insertae
1733 460 2125 526 erantanimae,
2156 462 2203 521 A
2233 468 2471 523 nestum,
2527 458 2722 527 inquit,
2770 463 2898 525 puto
2922 452 3136 508 animas
3164 465 3288 507 cum
3316 453 3613 521 corporibus
3633 472 3767 524 gene.

523 568 819 626 exstincta:
848 563 960 618 sint
991 560 1194 630 pariter
1225 567 1281 612 et
1306 563 1602 624 corruptae.

608 660 671 715 V.
705 658 832 714 Sive
882 668 1016 722 ergo
1063 666 1129 706 ex
1170 646 1544 703 insufflatione
1578 643 1788 700 Domini
1820 653 1967 711 sunt,
2011 642 2125 696 sire

530 753 601 808 ab
628 766 732 806 una
769 762 887 818 qua:
912 746 1087 814 prima
1120 740 1266 796 facta
1298 751 1403 805 est,
1432 736 1803 793 necessarium
1830 742 1935 800 est,
1966 732 2127 787 simul

531 856 592 902 ut
613 859 733 899 cum
764 838 1090 910 corporibus
1118 847 1579 905 corrumpantur,
1637 832 1683 886 si
1725 829 1972 886 eamdem
2004 841 2125 881 cum

526 937 849 1008 corporibus
892 934 1056 989 etiam
1095 932 1359 1001 originem
1392 936 1617 983 sumunt
1646 923 1943 981 secundum
1981 921 2131 991 ipso-

531 1047 655 1088 rum
673 1030 962 1085 rationem.
1007 1026 1115 1082 Ant
1139 1026 1282 1080 enim
1316 1023 1447 1077 nihil
1477 1022 1699 1076 omnino
1720 1034 1788 1073 ex
1820 1015 2131 1072 rationabili

530 1122 696 1195 atque
728 1101 1025 1178 immortali
1049 1119 1228 1173 anima
1258 1115 1606 1187 participavit
1632 1111 1763 1166 illud
1789 1108 1930 1181 quod
1956 1106 2134 1162 adhuc

532 1220 589 1276 itt
623 1227 813 1274 ventre
839 1223 1157 1285 corruptum
1210 1221 1324 1266 est:
1374 1219 1432 1264 ct
1461 1207 1675 1278 repulsa
1715 1216 1800 1259 est
1829 1204 1919 1256 illa
1969 1202 2131 1264 ratio,

535 1328 658 1385 qua:
706 1310 943 1364 afﬁrmat
969 1322 1085 1361 eam
1120 1306 1172 1359 in
1204 1304 1430 1359 seminis
1479 1299 1770 1356 traducere
1796 1294 1957 1352 simul
2006 1308 2133 1348 cum

537 1405 863 1477 corporibus
892 1402 1217 1457 seminatam
1257 1416 1271 1451 :
1304 1407 1396 1452 aut
1422 1396 1466 1450 si
1496 1394 1805 1465 participat,
1840 1388 2137 1444 necessitas

543 1500 795 1555 imminet
814 1492 1060 1551 conﬁteri
1087 1490 1372 1545 mortalem
1398 1501 1521 1543 esse
1548 1486 1806 1548 animam,
1830 1479 1973 1552 quod
2006 1478 2139 1533 ﬁdes

545 1603 736 1649 nostra
758 1590 945 1659 utique
991 1602 1099 1641 non
1140 1582 1338 1653 recipit
1367 1623 1381 1649 ,
1410 1580 1647 1635 Domino
1676 1576 2008 1640 declarante,
2045 1570 2141 1625 de-

547 1687 856 1741 functorum
885 1683 1096 1736 animas
1125 1689 1179 1734 et
1209 1677 1544 1747 colloquium
1599 1672 1741 1744 apud
1791 1668 1995 1726 inferos
2046 1667 2143 1721 ha-

550 1777 763 1843 buisse,
796 1786 851 1830 et
878 1773 1070 1830 Lazari
1104 1771 1309 1827 scilicet
1340 1770 1392 1824 in
1424 1771 1705 1825 beatorum
1733 1764 1956 1821 sedibus
1978 1777 2143 1819 ovan-

549 1880 683 1936 tem,
717 1879 771 1925 ct
799 1868 993 1924 divitis
1018 1868 1339 1937 ﬂagrantem
1375 1866 1426 1918 in
1456 1861 1749 1918 incendiis.

626 1962 714 2018 Vl.
746 1961 883 2017 Esse
910 1975 1141 2029 namque
1169 1960 1378 2013 animas
1411 1956 1770 2020 immortales,
1802 1966 1909 2007 non
1939 1960 2146 2006 tantum

548 2058 743 2123 divini,
772 2055 866 2112 sed
898 2066 953 2111 et
995 2051 1447 2126 philosOpborum
1477 2048 1620 2120 pleni
1664 2057 1793 2103 sunt
1821 2045 1963 2101 libri.
1996 2043 2146 2112 Quod

550 2152 730 2207 taliter
758 2164 882 2205 esse
913 2145 1318 2229 Cleouibroaius
1346 2141 1704 2199 Ambraciota
1737 2140 1789 2194 in
1819 2138 2059 2195 Platonis
2084 2136 2151 2190 li-

553 2246 695 2310 bro,
749 2243 974 2299 Socrate
1020 2239 1369 2308 disputante,
1403 2237 1713 2292 didicerat:
1749 2232 1839 2303 qui
1880 2229 2148 2286 homicida

550 2336 656 2394 sibi
677 2350 798 2391 esse
827 2349 937 2390 non
967 2333 1169 2397 timuit,
1200 2346 1264 2385 ac
1306 2345 1365 2385 se
1392 2329 1462 2383 de
1491 2327 1763 2381 altissimo
1797 2322 2153 2394 praecipitavit

555 2447 734 2496 muro,
767 2429 899 2484 dum
922 2437 977 2480 et
1002 2424 1208 2479 nullum
1243 2433 1365 2490 post
1400 2428 1634 2475 mortem
1668 2424 1913 2471 autumat
1942 2424 2151 2469 restare

552 2523 863 2595 judicium,
920 2528 975 2574 et
1041 2518 1162 2572 sine
1203 2514 1521 2571 discrimine
1572 2511 1752 2581 aliquo
1804 2508 2147 2573 meritorum,

557 2629 752 2671 omnes
778 2613 989 2667 animas
1019 2618 1384 2680 postcorpora
1412 2601 1832 2675 :equaliterferri
1859 2598 2153 2655 arbitratur

558 2708 627 2762 ad
654 2705 873 2763 caelum.
898 2701 1052 2770 Quod
1076 2698 1214 2756 adeo
1247 2715 1342 2770 pro
1366 2713 1495 2753 vero
1520 2702 1831 2757 tenuerunt,
1851 2699 1907 2747 et
1927 2692 2002 2745 sic
2030 2689 2153 2744 illos

560 2814 751 2856 omnes
795 2796 983 2852 saeculi
1038 2794 1317 2863 sapientes
1376 2806 1481 2845 una
1528 2787 1725 2844 nebula
1771 2785 1928 2854 hujus
1949 2782 2154 2837 erroris

558 2890 819 2947 involvit:
849 2897 983 2943 utet
1014 2886 1135 2957 ipse
1167 2893 1277 2939 tam
1304 2882 1693 2945 Iaudabilis,ut
1720 2885 1930 2949 putant,
1965 2876 2155 2930 doctor

558 2984 865 3049 homicidae,
892 2984 1068 3052 ipsum
1097 2996 1157 3034 se
1181 2980 1433 3051 privatim
1456 2993 1523 3031 ne
1549 2974 1759 3045 publice
1788 2971 2151 3033 occideretur,

557 3077 840 3135 occiderit.
900 3073 991 3130 Sic
1030 3088 1246 3143 quoque
1275 3070 1431 3135 Cato,
1478 3067 1620 3123 iccto
1676 3067 1727 3119 in
1774 3074 1933 3119 nocte
1983 3061 2047 3115 ad
2080 3060 2157 3114 lu-

556 3184 753 3228 cernas
788 3166 1031 3222 Platonis
1078 3165 1244 3230 libro,
1290 3163 1383 3233 qui
1438 3158 1905 3216 immortalitatem
1958 3154 2153 3207 anima:

2232 552 2361 618 rari,
2394 561 2450 606 ut
2495 552 2672 605 anima
2698 557 2957 603 nascatur
2982 563 3053 603 ex
3086 549 3287 612 anima,
3332 546 3465 616 quod
3494 563 3585 603 nec
3609 550 3767 608 anima:

2228 644 2331 715 ipsi
2355 642 2611 712 competit
2637 659 2649 694 :
2683 650 2777 695 aut
2804 641 2847 694 si
2878 648 3028 696 certe
3072 637 3299 707 singqu
3327 637 3519 692 cmlesti
3548 650 3769 707 potestate

2232 738 2386 791 facta:
2414 742 2543 789 sunt
2567 776 2581 801 ,
2619 744 2676 790 et
2704 749 2773 788 ex
2807 732 2940 803 ipsis
2965 740 3179 787 czrtera:
3206 742 3347 784 natae
3374 738 3511 795 sunt,
3540 744 3691 800 potest
3713 750 3765 790 ex

2233 844 2341 883 una
2369 827 2498 881 Adae
2528 826 2712 880 anima
2742 824 3009 880 credibile
3039 822 3209 877 videri
3240 825 3647 878 eceterasnasci:
3694 826 3770 881 sed

2236 935 2342 975 non
2374 918 2647 981 convenit,
2679 917 2807 988 quia
2863 916 2967 971 soli
3001 915 3114 970 Deo
3146 915 3249 968 hoc
3286 912 3529 981 possibile
3568 912 3686 984 fuit,
3726 929 3773 972 ut

2236 1014 2470 1082 simplex
2510 1017 2837 1081 generaret,
2871 1024 2970 1063 uec
2992 1006 3209 1062 caeteris
3236 1008 3632 1073 concederetur,
3660 1012 3773 1077 quod

2238 1117 2346 1161 tam
2372 1103 2656 1176 mysticum
2687 1113 2772 1159 est
2803 1102 2856 1157 in
2879 1116 3042 1157 causa
3071 1100 3392 1167 Salvatoris,
3427 1109 3482 1154 ut
3509 1115 3605 1155 non
3629 1102 3773 1157 solum

2240 1213 2270 1253 a
2301 1198 2431 1253 solis
2456 1196 2755 1267 gentilibus
2783 1197 2866 1250 vel
2892 1193 3095 1249 Judaeis
3134 1210 3148 1249 :
3189 1208 3381 1248 verum
3421 1193 3571 1247 etiam
3591 1194 3652 1247 ab
3672 1194 3777 1264 ipsis

2240 1294 2334 1365 qui
2361 1292 2701 1347 Christianos
2738 1304 2797 1345 se
2826 1290 3035 1354 dicunt,
3067 1288 3391 1342 incredibile
3419 1296 3636 1357 putetur.
3664 1286 3774 1341 Pho-

2246 1386 2434 1442 tiuiani
2482 1389 2625 1441 enim
2672 1386 2812 1439 hanc
2862 1384 3023 1438 ﬁdem
3080 1390 3382 1452 spernunt,
3446 1396 3546 1436 nou
3594 1382 3780 1437 credunt

2245 1481 2415 1536 Deum
2446 1492 2757 1551 generasse.
2801 1477 2935 1533 Nam
2963 1478 3008 1532 si
3036 1489 3102 1531 eo
3122 1484 3373 1545 tempore
3403 1489 3504 1544 quo
3532 1474 3779 1530 seminatur

2244 1588 2475 1643 corpus,
2534 1579 2589 1627 et
2617 1573 2796 1626 anima
2833 1579 2857 1607 ι
2885 1578 3179 1641 generatur
3207 1583 3275 1623 ex
3309 1567 3515 1634 anima,
3557 1566 3618 1622 de
3643 1566 3781 1621 Adam

2248 1676 2453 1723 costam
2482 1666 2750 1721 sublatam
2777 1664 3038 1735 legimus:
3069 1677 3171 1718 non
3196 1672 3381 1718 tamen
3395 1662 3609 1716 animam
3638 1671 3781 1715 natam

2250 1774 2317 1815 ex
2343 1762 2541 1815 anima.
2578 1758 2685 1813 Sed
2711 1759 2756 1812 si
2782 1768 2932 1813 costa
2962 1772 3144 1813 secum
3191 1756 3383 1811 habuit
3412 1756 3670 1810 animam:
3694 1754 3783 1825 jam

2144 1884 2147 1887 -
2176 1834 2224 1892 Β
2252 1867 2358 1907 non
2392 1862 2517 1906 nata
2563 1859 2665 1918 est,
2703 1850 2799 1905 sed
2825 1848 2943 1922 [ΑΙ.
2976 1848 3055 1921 si]
3086 1849 3329 1903 detracta
3364 1847 3418 1902 in
3449 1855 3660 1917 partem.
3699 1844 3785 1900 Sed

2251 1959 2353 2000 nec
2376 1943 2480 1999 hoc
2528 1943 2787 2012 scriptum
2830 1951 2947 1997 est:
2982 1941 3242 2012 prOpheta
3272 1939 3420 1995 enim
3443 1938 3701 1994 Zacharias
3722 1938 3787 1991 itt-

2253 2047 2335 2091 lcr
2364 2042 2625 2091 caeterea:
2665 2035 2767 2102 Qui
2806 2033 3052 2103 plasmas,
3105 2032 3309 2101 inquit,
3364 2032 3580 2085 animam
3605 2029 3788 2082 hominis

2251 2130 2306 2184 in
2335 2145 2472 2185 eum.
2501 2129 2613 2185 Nec
2640 2129 2805 2184 Isaias
2837 2128 2905 2183 ab
2935 2128 3018 2182 his
3048 2127 3415 2193 dissentiens,
3442 2127 3540 2181 ait:
3586 2123 3670 2179 Sic
3692 2122 3788 2175 dicit

2253 2222 2505 2277 Dominus
2531 2221 2668 2277 Deus
2687 2223 2776 2293 qui
2803 2222 2920 2293 fecit
2949 2232 3015 2287 te,
3047 2230 3094 2275 et
3114 2220 3267 2291 ﬁnxit
3299 2229 3348 2274 te
3370 2222 3424 2273 in
3451 2217 3663 2272 utero.Si
3687 2230 3791 2285 ergo

2255 2316 2308 2372 in
2356 2326 2512 2372 utero
2554 2316 2778 2387 ﬁngitur
2818 2358 2833 2383 ,
2885 2315 2997 2385 jam
3042 2314 3275 2369 formato
3319 2311 3531 2382 corpori
3560 2310 3789 2365 tribuitur.

2251 2411 2388 2467 Cum
2420 2412 2563 2467 enim
2615 2411 2794 2464 omnia
2826 2408 3067 2465 membra
3101 2408 3285 2476 implet
3316 2406 3579 2475 corporis,
3610 2403 3791 2470 ﬁgurata

2253 2505 2455 2561 dicitur
2488 2504 2541 2558 in
2570 2518 2799 2573 corpore
2839 2520 2852 2555 :
2886 2511 2945 2557 ut
2995 2502 3133 2557 sicut
3163 2515 3301 2567 aqua
3339 2515 3460 2555 cum
3487 2498 3552 2552 sit
3578 2496 3679 2551 sine
3702 2492 3795 2548 efﬁ-

2253 2599 2384 2669 gie,
2438 2598 2601 2653 missa
2660 2609 2836 2652 tamen
2885 2597 2936 2650 in
2982 2610 3098 2665 vas,
3145 2592 3375 2664 figurata
3408 2591 3629 2656 videtur,
3675 2586 3796 2642 itaet

2255 2692 2434 2747 anima
2480 2707 2604 2747 cum
2640 2691 2711 2746 sit
2748 2700 2937 2745 natura
2986 2690 3302 2756 incorporea
3338 2695 3393 2743 et
3421 2683 3634 2755 simplex
3664 2698 3675 2734 :
3707 2678 3795 2732 for-

2257 2793 2436 2840 matur
2461 2786 2512 2839 in
2545 2798 2794 2853 corpore,
2829 2781 3036 2852 singula
3065 2780 3307 2835 membra
3334 2778 3604 2833 viviﬁcans
3631 2792 3641 2825 :
3682 2768 3795 2841 quod

2255 2878 2473 2951 quidem
2531 2878 2745 2949 Moyses
2804 2875 3138 2931 manifestius
3186 2874 3453 2940 tradidit,
3502 2871 3715 2927 dicens:
3751 2866 3798 2920 Si

2255 2975 2372 3047 quis
2402 2974 2712 3044 percusserit
2742 2960 3010 3025 mulierem
3052 2971 3104 3024 in
3134 2980 3275 3025 utero
3302 2968 3588 3031 habentem,
3610 2974 3651 3019 et
3674 2962 3795 3015 abor-

2257 3068 2425 3121 tiverit
2452 3083 2469 3120 :
2519 3068 2563 3121 si
2600 3071 2878 3134 formatum
2904 3064 3057 3135 fuerit
3076 3106 3089 3128 ,
3150 3063 3231 3117 det
3264 3064 3494 3116 animam
3521 3073 3604 3129 pro
3627 3056 3799 3109 anima:

2263 3162 2324 3219 Si
2371 3173 2545 3214 autem
2585 3159 2924 3229 informatum
2957 3157 3149 3227 fuerit,
3183 3156 3461 3209 mulctelur
3489 3149 3723 3224 pecunia:
3759 3155 3803 3198 ut

557 3213 752 3228 ac..."
790 3213 1030 3222 -.ν-η.-
1079 3213 1244 3230 ----ν,
1296 3213 1382 3233 Ἰν

556 3265 739 3330 docet,
772 3260 968 3317 stricto
992 3257 1174 3330 gladio
1202 3256 1496 3311 revelatum
1545 3267 1709 3308 manu
1763 3257 1951 3319 pectus
1981 3243 2149 3301 semel

2264 3255 2512 3327 probaret
2542 3267 2646 3307 non
2694 3255 2873 3305 inesse
2894 3249 3130 3303 animam
3159 3260 3451 3317 antequam
3473 3244 3697 3300 formam.
3724 3239 3804 3294 lla-

556 3355 866 3423 itcrutnque
898 3350 1191 3421 percussit.

636 3449 745 3504 Vll.
783 3447 1089 3504 Redeamus
1116 3444 1183 3501 ad
1212 3444 1332 3498 illas
1357 3448 1622 3512 praeterea
1654 3446 1967 3493 sanctorum
1995 3432 2153 3488 nobi-

561 3543 800 3601 lissitnas
829 3540 1243 3611 disputationes,
1281 3550 1386 3590 non
1420 3535 1472 3589 in
1498 3531 1806 3587 Academiae
1854 3539 2155 3583 nemorosa:

561 3636 810 3692 obscuris
838 3642 1021 3688 textas
1051 3631 1160 3704 [AL
1196 3627 1390 3700 tectas]
1421 3623 1754 3681 umbraculis
1776 3665 1789 3689 ,
1819 3621 1915 3677 sed
1945 3617 2154 3675 cmleSti

563 3731 861 3787 illustratus
913 3742 980 3782 ex
1029 3726 1253 3780 lumine.
1309 3724 1505 3777 Beatus
1559 3721 1741 3789 itaque
1797 3717 2157 3785 Hieronymus

564 3834 674 3879 tam
703 3829 951 3876 sanctum
974 3817 1318 3874 Victorinum
1351 3823 1665 3884 martyrem,
1690 3824 1848 3878 quam
1868 3808 2157 3877 plerosque

561 3918 862 3975 eatltolicos
888 3923 1110 3970 secutus
1136 3954 1150 3979 ,
1176 3927 1237 3967 se
1270 3911 1449 3980 potius
1474 3906 1589 3961 ﬁeri
1607 3946 1622 3973 ,
1665 3919 1827 3974 quam
1876 3898 2158 3971 pronagari

563 4011 807 4067 animas:
841 4008 1140 4064 secundum
1176 4002 1302 4056 illud
1335 4000 1476 4071 quod
1506 3994 1870 4064 inlivangelio
1898 3990 2156 4061 scriptum

563 4115 682 4158 est:
718 4103 879 4156 Pater
900 4115 1042 4153 meus
1068 4096 1298 4168 quotidie
1316 4100 1582 4165 operatur,
1608 4098 1656 4143 et
1683 4103 1776 4159 ego
1804 4101 2007 4158 operor,
2042 4098 2159 4138 cre-

569 4194 702 4251 dere
752 4190 1095 4262 signiﬁcavit.
1154 4188 1391 4243 Sanctus
1424 4199 1638 4254 quoque
1668 4182 2001 4251 Augustinus
2023 4178 2161 4231 hanc

571 4285 885 4355 Opinionem
925 4283 980 4336 in
1032 4288 1157 4335 octo
1203 4277 1491 4332 admodum
1529 4273 1921 4337 voluminibus,
1983 4269 2161 4324 verbis

571 4379 710 4434 tueri
741 4377 1002 4432 cernitur.
1049 4372 1157 4429 Sed
1185 4385 1308 4426 cum
1341 4367 1605 4438 originale
1631 4374 1908 4437 peccatum
1943 4378 2159 4432 ptenas-

569 4486 678 4543 que
706 4469 1083 4541 parvulorum,
1109 4464 1200 4535 qui
1230 4464 1349 4519 sine
1381 4459 1703 4531 baptismate
1732 4452 2162 4519 tnoriuntur,de-

576 4566 789 4620 clarare
817 4563 1049 4629 nititur,
1104 4575 1130 4613 a
1169 4560 1277 4613 Deo
1300 4555 1493 4612 factam
1523 4555 1573 4609 in
1604 4551 1798 4619 Adam,
1851 4561 1905 4605 et
1950 4564 2016 4604 ex
2045 4550 2154 4619 ipsa

2259 3342 2364 3421 que
2396 3349 2439 3402 si
2462 3348 2572 3416 jam
2607 3345 2840 3399 formato
2862 3343 3075 3411 corpori
3106 3340 3267 3396 datur
3293 3382 3309 3406 ,
3344 3355 3450 3394 non
3491 3338 3541 3392 in
3582 3337 3804 3400 conceptu

2258 3439 2504 3510 corporis
2530 3439 2769 3493 nascitur
2792 3451 2912 3490 cum
2944 3432 3154 3488 semine
3186 3432 3462 3487 derivata:
3492 3444 3604 3483 nam
3641 3424 3680 3478 si
3706 3436 3803 3475 cum

2259 3532 2470 3590 semine
2523 3540 2578 3585 et
2623 3529 2801 3585 anima
2834 3528 3017 3583 existit
3055 3542 3120 3581 ex
3162 3525 3378 3597 anima,
3432 3523 3608 3581 multa:
3647 3519 3805 3574 anima:

2259 3624 2502 3698 quotidie
2525 3632 2784 3695 pereunt:
2816 3636 2934 3676 ουιιι
2964 3634 3149 3676 semen
3166 3619 3313 3674 lluxu
3347 3616 3574 3690 quodam
3598 3626 3690 3669 non
3710 3623 3807 3679 pro-

2260 3720 2369 3775 licit
2394 3716 2681 3773 nativitati.

2335 3809 2425 3867 ιχ.
2459 3809 2567 3866 Sed
2599 3809 2642 3865 si
2676 3808 2823 3878 prius
2862 3806 3248 3877 respiciamus,
3282 3805 3584 3863 videbimus
3610 3797 3719 3873 quid
3743 3811 3812 3851 sc-

2261 3906 2353 3977 qui
2401 3903 2715 3960 debeamus.
2765 3899 3212 3971 Contemplemur
3262 3898 3527 3956 facturam
3571 3893 3687 3952 Adae
3722 3908 3735 3946 :
3768 3890 3809 3944 in

2262 3997 2433 4055 Adam
2467 3997 2610 4051 enim
2658 3995 2968 4064 exemplum
2997 3995 3179 4049 datum
3226 4005 3312 4049 est
3338 3984 3441 4062 ,'ut
3470 4007 3532 4049 ex
3560 4005 3621 4045 eo
3650 3984 3811 4041 intelli-

2261 4102 2436 4161 gatur,
2466 4091 2586 4160 quia
2616 4088 2726 4158 jam
2777 4088 3065 4143 formatu’m
3112 4102 3311 4158 corpus
3350 4083 3558 4157 accepit
3594 4080 3811 4136 animum.

2262 4181 2308 4236 N
2326 4197 2395 4235 im
2427 4190 2640 4251 poterat
2672 4180 2812 4235 Deus
2838 4180 3073 4235 animam
3106 4180 3236 4234 limo
3264 4188 3427 4235 teme
3454 4177 3749 4236 admiscere,
3772 4176 3814 4222 et

2264 4274 2341 4330 sic
2373 4272 2610 4328 formare
2640 4287 2856 4343 corpus.
2904 4272 3012 4327 Sed
3062 4272 3201 4326 ratio
3233 4272 3557 4332 infirmatur,
3584 4267 3695 4338 quia
3732 4260 3817 4332 pri-

2265 4381 2412 4421 mum
2445 4365 2728 4434 oportebat
2751 4364 2969 4418 domum
3000 4363 3373 4435 compaginari
3404 4406 3418 4431 ,
3452 4371 3506 4417 et
3543 4359 3618 4415 sic
3645 4354 3817 4411 habita—

2265 4466 2441 4512 torem
2467 4456 2672 4511 induci.
2698 4456 2890 4510 Anima
2911 4463 3079 4521 certe,
3103 4454 3229 4525 quia
3254 4456 3481 4526 Spiritus
3507 4460 3606 4520 est,
3633 4450 3681 4505 in
3699 4446 3817 4501 sicco

2266 4550 2511 4606 habitare
2542 4566 2647 4605 non
2679 4557 2875 4621 potest,
2927 4548 3049 4604 ideo
3092 4549 3147 4603 in
3196 4549 3464 4620 sanguine
3496 4548 3677 4603 fertur.
3709 4540 3815 4595 Cum

566 4658 809 4712 omnium
861 4655 1146 4709 hominum
1178 4650 1387 4704 animas
1421 4648 1686 4711 existere,
1732 4655 1838 4699 tam
1863 4644 1975 4697 suis
1998 4658 2157 4713 argu-
2183 4612 2239 4672 D
2270 4659 2401 4715 ergo
2429 4645 2671 4714 corporis
2703 4642 3013 4697 liniamenta
3041 4652 3324 4713 compacta
3361 4658 3473 4697 non
3507 4637 3721 4701 fuerint,
3746 4629 3816 4687 ubi

566 4744 787 4814 mentis,
820 4761 979 4818 quam
1005 4745 1405 4814 Scripturarum
1430 4738 1772 4805 testimoniis,
1798 4745 1854 4791 ut
1879 4747 1959 4791 est
1991 4734 2120 4789 illud
2144 4753 2156 4791 :

563 4843 767 4897 Anima:
809 4854 925 4911 qua:
952 4839 1198 4910 ingressa:
1226 4843 1347 4889 sunt
1386 4850 1503 4888 cum
1529 4830 1694 4886 Iacob
1735 4822 2056 4903 /Egyptum,
2113 4838 2161 4881 et

562 4950 780 5010 egressae
808 4934 871 4988 de
900 4936 1097 5003 femore
1128 4930 1295 4998 illius,
1327 4926 1579 5000 amplecd
1614 4938 1913 4997 propensus
1942 4936 2157 4992 compe-

563 5032 721 5085 ritur.

640 5120 771 5175 Vill.
795 5120 963 5191 llnjus
988 5115 1382 5174 assertionibus
1411 5113 1599 5171 beatus
1614 5111 1917 5168 Gaudiosus
1943 5111 2153 5180 episco-

565 5230 667 5288 pus
688 5256 701 5281 ,
760 5216 1067 5267 animarum
1100 5220 1160 5266 et
1191 5222 1480 5279 corporum
1517 5206 1948 5276 promptissimus
1993 5201 2161 5258 medi-

566 5322 684 5373 cus,
715 5305 1021 5376 nostrisque
1054 5302 1392 5373 temporibus
1420 5314 1559 5355 unus
1601 5308 1838 5370 martyr:
1888 5312 2011 5352 cum
2064 5312 2160 5350 no—

574 5402 781 5456 hiscum
810 5400 1141 5471 colloquium
1175 5395 1516 5452 familiariter
1545 5392 1844 5459 habuisset,
1876 5406 1972 5462 per
1994 5400 2159 5446 totam

570 5494 833 5550 orationis
865 5507 979 5549 sua:
1008 5493 1205 5548 seriem
1229 5486 1656 5545 evidentissimis
1685 5483 2163 5556 approbationibus

570 5602 699 5642 usus
723 5597 827 5641 est.
870 5585 939 5640 At
967 5599 1096 5639 vero
1120 5592 1342 5637 sanctus
1373 5579 1715 5641 Ambrosius,
1749 5590 1907 5644 quem
1929 5575 2038 5645 jam
2071 5591 2161 5629 su-

568 5679 753 5753 perius
784 5680 926 5736 inter
976 5677 1124 5734 viros
1153 5674 1481 5747 apostolicos
1527 5671 1969 5729 memoravimus.
2004 5669 2163 5725 Iulio-

2267 4738 2377 4793 erit
2417 4735 2640 4791 anima?
2670 4736 2750 4789 An
2782 4734 2924 4790 foras
2955 4741 3199 4805 vagatur,
3234 4734 3491 4805 quamdiu
3519 4730 3814 4787 immittatur,

2267 4843 2389 4884 cum
2440 4831 2578 4883 ratio
2611 4827 2785 4882 tradat
2814 4828 2893 4883 sic
2921 4828 3036 4882 dari
3066 4843 3184 4883 eam
3211 4868 3227 4894 ,
3260 4836 3325 4882 ut
3363 4828 3541 4883 anima
3578 4826 3628 4879 in
3655 4829 3819 4887 corpus

2270 4937 2376 4977 non
2406 4922 2577 4977 otiosa
2609 4929 2854 4991 vagetur.
2907 4919 3015 4976 Sed
3055 4937 3118 4977 ex
3163 4936 3273 4991 quo
3306 4919 3486 4984 detur,
3520 4919 3723 4979 dicant,
3748 4906 3821 4979 qui

2265 5015 2407 5071 aliud
2443 5024 2661 5085 putant,
2708 5030 2774 5068 ex
2815 5028 2996 5083 mare,
3050 5030 3117 5069 an
3161 5028 3229 5069 ex
3268 5014 3469 5071 femina
3520 5008 3716 5085 [Suppl.
3760 5002 3819 5057 Ex

2264 5103 2524 5175 femina]?
2550 5104 2664 5161 Non
2694 5105 2941 5161 convenit
2970 5148 2984 5171 ,
3018 5106 3139 5177 quia
3185 5105 3329 5161 aliud
3364 5106 3417 5161 in
3450 5103 3689 5173 exemplo
3714 5104 3784 5153 est
3810 5113 3818 5148 :

2269 5211 2578 5272 proponunt
2624 5200 2767 5254 enim
2811 5214 2881 5255 ex
2914 5198 3029 5255 viro
3068 5215 3191 5255 cum
3233 5210 3385 5255 costa
3422 5199 3597 5254 datam
3641 5202 3689 5249 et
3728 5189 3822 5244 ani-

2268 5309 2413 5348 mam
2440 5334 2457 5360 ,
2498 5291 2640 5362 quod
2688 5292 2873 5347 multis
2918 5291 3214 5349 rationibus
3260 5292 3525 5347 infirmari
3556 5288 3819 5345 docuimus.

2272 5387 2427 5445 Unde
2456 5386 2592 5441 forte
2622 5385 2868 5442 videatur
2894 5385 3011 5441 dari
3059 5400 3123 5441 ex
3165 5386 3361 5442 femina
3396 5429 3410 5453 ,
3457 5383 3681 5439 maxime
3723 5389 3824 5448 pro-

2268 5492 2388 5553 pter
2420 5480 2756 5536 Salvatorem
2787 5497 2800 5533 :
2831 5494 2986 5548 quem
3029 5479 3228 5535 scimus
3276 5478 3397 5533 sine
3429 5476 3707 5547 complexu
3729 5482 3824 5525 car-

2271 5577 2388 5643 nis,
2438 5575 2505 5631 de
2550 5574 2755 5646 Spiritu
2802 5584 2993 5629 sancto
3039 5584 3222 5629 natum
3258 5589 3324 5629 ex
3358 5574 3560 5628 femina
3594 5585 3609 5628 :
3638 5564 3763 5639 quod
3788 5559 3825 5615 si

2275 5670 2633 5736 arbitrantur,
2666 5668 2784 5738 plus
2815 5665 3188 5731 dantfeminis
3235 5685 3249 5722 :
3292 5664 3665 5723 aucwritalcnt
3708 5656 3824 5716 enim

640 5872 666 5908 ι
698 5864 822 5921 lltcc
861 5862 1023 5943 verba
1049 5903 1063 5929 ,
1098 5868 1372 5933 generatur
1401 5874 1466 5915 ea:
1492 5857 1667 5911 animo
1686 5895 1701 5925 ,
1744 5855 1806 5909 de
1831 5852 2026 5925 Adam,
2080 5853 2132 5913 in
2164 5867 2362 5929 nupera
2392 5852 2629 5914 editione
2658 5853 3048 5915 desiderantur,
