3926 6290
171 302 251 363 265
980 293 1317 355 EPISTOLA
1359 292 1627 355 XXXVII.
1673 292 1760 353 DE
1810 293 2091 354 ORIGINE
2144 291 2528 354 ANIMARUM.

3292 297 3401 357 266

168 422 242 476 viri
276 424 460 473 mutant
501 413 556 472 in
607 414 887 471 feminam.
937 412 1075 471 Cum
1119 417 1266 472 enim
1302 427 1411 473 tam
1461 416 1704 486 corporis
1732 419 1787 479 Α
1884 415 2254 487 Hieronymus.
2289 417 2441 473 Sient
2473 416 2651 472 nescis
2680 415 2824 471 viam
2851 415 3079 488 spiritus
3120 424 3174 473 et
3209 418 3406 473 animm

92 522 97 527 '
167 532 294 588 quam
327 514 502 567 animm
547 512 815 582 originem
851 528 921 566 ex
964 513 1082 567 viro
1124 513 1338 581 dicant,
1382 520 1705 568 convertunt

166 628 229 678 se,
254 620 294 663 ut
319 608 363 662 id
393 605 525 677 quod
562 609 745 675 potius
771 618 875 671 est,
905 624 971 661 ex
1004 608 1233 663 muliere
1262 608 1473 668 dicant,
1509 608 1559 663 id
1590 619 1699 677 est,

167 703 348 757 animam
372 718 383 753 :
407 699 547 769 quod
580 716 710 754 vero
743 700 945 768 minus,
976 716 1043 756 ex
1078 701 1340 765 masculo,
1368 701 1418 755 id
1450 711 1551 764 est,
1582 716 1706 756 cor-

166 812 269 867 pus;
305 810 412 849 cum
460 793 569 864 [Αι.
605 804 710 849 tac.
744 793 889 865 cum]
938 794 1289 850 manifestum
1338 800 1408 850 sit
1454 795 1703 851 ordinem

167 886 399 956 exemplia
427 886 540 940 Deo
590 886 851 941 traditum
902 888 1177 943 immutari
1220 903 1326 943 non
1370 903 1552 959 posse.
1601 888 1702 955 Qui

166 996 262 1053 ergo
283 982 466 1035 animas
500 996 566 1034 ex
612 972 717 1035 una
750 983 1039 1052 prepagari
1086 990 1378 1048 asserunt,
1413 993 1467 1037 et
1510 997 1616 1036 non
1647 981 1701 1036 in

165 1091 338 1147 corpora
362 1076 508 1146 juxta
538 1076 849 1146 exemplum
884 1075 1046 1147 primi
1080 1075 1324 1132 hominis
1363 1092 1392 1131 a
1427 1077 1538 1132 Deo
1562 1092 1702 1149 quo-

166 1171 261 1225 tidie
286 1171 382 1224 lieri
400 1212 414 1235 ,
441 1170 736 1224 anathema
766 1175 894 1225 sint.

216 1259 537 1333 Augustinus.‘
561 1264 762 1321 Sztncte
803 1264 969 1319 frater
1000 1265 1333 1337 llieronyme
1360 1308 1373 1332 ,
1409 1265 1703 1320 consulens

165 1370 203 1416 te
222 1360 274 1415 de
293 1359 361 1413 bis
384 1375 501 1427 qua-
530 1358 737 1422 nescio,
770 1374 870 1415 oro
906 1360 1096 1423 Deum,
1128 1368 1185 1413 ut
1216 1358 1551 1415 fructuosum
1582 1372 1703 1414 esse

164 1455 284 1509 nobis
317 1454 430 1509 velit
479 1453 593 1526 [AL
639 1452 821 1526 velis].
868 1453 1208 1525 Quamquam
1254 1462 1280 1491 ει
1330 1456 1473 1510 enim
1525 1453 1600 1507 sis
1646 1460 1703 1507 tu

166 1548 307 1607 multo,
328 1563 472 1617 quam
508 1532 617 1617 ego
642 1548 766 1612 sim,
786 1555 947 1602 mtate
973 1547 1166 1618 major,
1189 1558 1368 1602 tamen
1394 1548 1554 1602 etiam
1587 1548 1703 1618 ipse

160 1641 241 1709 jam
275 1656 418 1694 senex
465 1638 740 1696 consulo:
784 1639 878 1695 sed
921 1640 987 1693 ad
1017 1639 1338 1695 discendum
1379 1640 1523 1709 quod
1568 1654 1703 1710 OpllS

162 1744 249 1796 est,
276 1733 395 1786 nulla
434 1732 573 1787 mihi
620 1742 756 1788 mtas
794 1748 915 1788 sera
950 1733 1119 1787 videri
1174 1742 1394 1807 potest:
1428 1733 1552 1803 quia
1600 1734 1701 1787 etsi

1808 511 2162 581 ingredientis
2190 512 2243 565 in
2273 513 2583 583 parvulum,
2607 520 2660 566 et
2688 512 2906 583 ignoras
2926 512 3131 567 ossium
3162 521 3215 567 et
3240 527 3407 567 vena-

1806 621 1925 660 rum
1970 605 2262 661 varietates
2299 607 2349 660 in
2379 615 2568 661 ventre
2600 606 2931 676 praegnantis
2955 650 2969 674 ,
3021 607 3295 677 quomodo
3340 622 3409 663 ex

1806 699 1899 755 vili
1926 699 2198 755 elemento
2222 714 2423 770 corpus
2455 700 2689 756 hominis
2722 699 2775 755 in
2806 699 3055 756 diversas
3081 701 3295 770 efﬁgies
3321 715 3412 757 ar-

1808 802 2000 864 tusque
2023 794 2293 857 varietur.
2320 807 2375 849 et
2396 794 2465 850 de
2493 794 2685 850 eodem
2710 796 2917 851 semine
2944 794 3089 852 aliud
3118 796 3405 853 mollescat

1807 885 1860 941 in
1899 886 2152 941 carnibus
2176 928 2189 953 ,
2226 886 2368 940 aliud
2413 886 2639 941 duretur
2680 887 2734 941 in
2775 888 3020 953 ossibus,
3056 888 3201 943 aliud
3232 887 3287 943 in
3319 904 3411 945 ve-

1805 980 1887 1033 nis
1922 978 2149 1048 palpitet
2174 1020 2187 1044 ,
2223 978 2371 1033 aliud
2401 980 2629 1034 duretur
2659 979 2713 1033 in
2742 980 2922 1036 nervis
2957 999 2971 1036 :
3005 980 3080 1035 ita
3108 979 3207 1036 Del
3236 996 3403 1053 opera

1805 1074 1950 1126 scire
1982 1088 2087 1126 non
2124 1073 2353 1141 poteris,
2386 1073 2477 1142 qui
2505 1072 2679 1127 factor
2705 1080 2791 1127 est
2821 1076 3082 1129 omnium.

1877 1163 2220 1233 Augustinus.
2257 1164 2332 1218 De
2361 1163 2559 1219 animae
2604 1164 2979 1221 incarnatione
3017 1174 3197 1220 utrum
3224 1181 3289 1222 ex
3320 1165 3414 1220 illa

1806 1271 1910 1309 una
1936 1272 2055 1325 qua:
2084 1256 2265 1326 primo
2297 1256 2500 1311 homini
2530 1257 2652 1310 data
2692 1266 2776 1311 est
2797 1299 2811 1325 ,
2852 1259 2929 1312 sic
2971 1268 3183 1314 craterae
3214 1273 3413 1329 prepa—

1805 1347 2044 1417 gcnlur?
2089 1362 2156 1401 an
2203 1347 2433 1418 singulis
2481 1348 2783 1419 quibusque
2833 1364 2988 1405 novae
3038 1352 3198 1405 etiam
3250 1352 3415 1407 modo

1807 1441 1934 1495 fiant
1964 1460 1975 1496 :
2008 1458 2075 1496 an
2109 1442 2304 1496 alicubi
2344 1446 2457 1512 jam
2501 1444 2797 1500 existentes
2835 1446 2925 1501 vel
2966 1447 3252 1503 mittantur
3278 1447 3418 1503 divi-

1809 1535 1953 1590 nitus
1978 1578 1991 1600 ,
2025 1536 2105 1590 vel
2139 1546 2333 1607 sponte
2365 1536 2613 1593 labantur
2644 1539 2696 1595 in
2726 1543 3005 1613 corpora?
3036 1540 3301 1609 Quaenam
3346 1541 3417 1597 sit

1807 1629 2059 1698 eligenda
2098 1631 2279 1699 opinio
2320 1631 2461 1687 scire
2488 1631 2761 1689 desidero.

1880 1720 2250 1793 Hieronymus.
2286 1722 2465 1793 Super
2509 1725 2707 1779 animm
2760 1734 2903 1781 statu
2952 1726 3177 1781 memini
3218 1736 3415 1783 vestra:

160 1840 278 1882 senes
310 1828 463 1897 magis
491 1826 657 1882 decet
683 1826 885 1881 docere
920 1841 1079 1894 quam
1113 1825 1325 1881 discere
1360 1845 1370 1878 ;
1405 1825 1577 1897 magis
1617 1834 1698 1879 ta.-
1728 1811 1775 1871 B
1803 1817 2231 1887 quccsﬁunculm,
2266 1818 2430 1873 immo
2460 1820 2712 1874 maxime:
2740 1821 3128 1876 ecclesiasticae
3154 1822 3413 1891 quaestio-

162 1936 253 1974 meu
278 1920 494 1986 discere,
529 1935 691 1989 quam
724 1919 852 1990 quid
888 1906 1120 1974 doceant
1149 1920 1427 1990 ignorare.

212 2014 551 2087 Hieronymus.
587 2014 755 2071 Beate
782 2028 917 2086 papa
950 2012 1275 2082 Augustine,
1307 2014 1356 2067 in
1390 2012 1701 2082 Scriptura-

160 2123 275 2173 rum,
297 2108 334 2162 si
358 2109 569 2178 placet,
604 2122 819 2177 campo,
864 2107 983 2161 sine
1024 2116 1213 2160 nostro
1244 2106 1477 2160 invicem
1511 2103 1702 2158 dolore

159 2198 372 2254 ludamus.
414 2198 541 2254 Noli
576 2198 744 2268 igitur
773 2214 1043 2253 annorum
1091 2199 1413 2253 existimare
1456 2212 1556 2251 nos
1605 2212 1703 2251 nu-

160 2306 309 2346 mero:
339 2308 431 2347 nec
458 2292 789 2362 sapientiam
821 2308 988 2347 canos
1018 2302 1262 2361 reputes,
1291 2292 1387 2345 sed
1420 2306 1586 2345 canos
1617 2305 1703 2343 sa-

158 2382 382 2451 pientiam,
410 2382 697 2453 Scriptura
726 2392 963 2439 testante
995 2400 1011 2437 ι
1043 2382 1173 2437 Cani
1202 2382 1447 2447 hominis,
1475 2381 1704 2454 pruden-

160 2476 211 2530 tia
231 2481 340 2548 ejus.
383 2477 527 2544 Noli,
566 2478 816 2547 inquam,
852 2478 1011 2533 [idem
1054 2493 1284 2549 pensare
1322 2478 1659 2548 temporibus
1691 2496 1702 2531 :

157 2586 232 2628 nec
270 2588 343 2629 me
384 2573 596 2629 idcirco
644 2573 928 2628 meliorem
999 2586 1155 2643 putes
1187 2615 1203 2643 ,
1249 2572 1393 2643 quod
1444 2573 1595 2644 prior
1652 2572 1706 2627 in

157 2661 311 2719 Christi
338 2665 583 2721 exercitu
615 2666 873 2735 coeperim
907 2665 1166 2721 militare.

209 2760 519 2831 Augustinus.
552 2760 755 2829 Accipe
798 2758 962 2828 igitur
1001 2774 1122 2827 qua:
1152 2756 1284 2813 mihi
1324 2766 1448 2828 peto
1476 2755 1705 2825 aperiri,

158 2854 461 2911 acdisscrerc
504 2871 617 2911 non
644 2854 912 2927 graveris.
943 2853 1184 2921 Quaestio
1205 2854 1274 2909 de
1305 2854 1481 2908 anima
1512 2851 1708 2906 multos

152 2957 317 3017 movet,
343 2949 389 3003 in
418 2950 619 3019 quibus
649 2959 705 3004 et
734 2965 820 3003 me
853 2964 973 3005 esse
1002 2948 1265 3004 conﬁteor
1292 2964 1305 3002 :
1332 2962 1453 3001 nam
1482 2944 1609 3016 quid
1641 2943 1710 2999 de

153 3042 297 3095 anima
324 3042 638 3099 ﬁrmissime
670 3054 883 3099 teneam
907 3086 922 3111 ,
955 3060 1063 3098 non
1099 3043 1311 3099 tacebo.

206 3133 561 3208 Hieronymus.
604 3136 818 3192 Metiris
852 3154 950 3191 nos
981 3137 1279 3192 virtutibus
1308 3137 1418 3191 tuis
1446 3155 1459 3189 :
1498 3144 1553 3192 et
1584 3151 1708 3206 par-

1806 1910 1907 1964 nis.
1956 1909 2149 1965 Utrum
2196 1910 2344 1980 lapsa
2374 1910 2442 1965 de
2473 1912 2615 1966 ccelo
2645 1912 2749 1979 sit,
2781 1922 2839 1968 ut
2866 1912 3202 1985 Pythagoras
3233 1913 3409 1983 philo-

1804 2004 2028 2074 sophus,
2061 2020 2358 2073 omnesque
2388 2006 2676 2075 Platonici,
2706 2017 2759 2062 et
2785 2008 3052 2079 Origenes
3077 2019 3267 2078 putant
3296 2026 3310 2063 :
3338 2023 3410 2063 an

1804 2114 1835 2154 a
1864 2098 2082 2168 propria
2120 2096 2211 2152 Dei
2244 2099 2583 2166 substantia,
2619 2110 2676 2155 ut
2718 2100 2917 2167 Stoici,
2951 2101 3280 2158 Manichacus
3303 2147 3318 2171 ,
3351 2112 3409 2158 et

1807 2192 1997 2247 insana
2029 2192 2351 2247 Priscilliani
2393 2193 2617 2248 lireresis
2648 2195 3009 2264 suspicantur
3041 2215 3051 2250 :
3085 2212 3151 2250 an
3200 2198 3251 2250 in
3296 2196 3413 2252 the-

1807 2301 1969 2342 sauro
2003 2286 2095 2342 Dei
2124 2287 2424 2342 habeantur
2451 2289 2579 2341 olim
2608 2288 2867 2351 conditm,
2897 2297 2954 2343 ut
2977 2288 3196 2359 quidam
3228 2289 3415 2344 Eccle-

1808 2382 2017 2437 siastici
2050 2381 2216 2435 stulta
2266 2382 2621 2449 persuasione
2658 2380 2938 2437 confidunt
2971 2400 2984 2437 :
3015 2397 3081 2436 an
3110 2382 3355 2453 quotidie
3386 2397 3419 2434 ιι

1810 2474 1921 2529 Deo
1952 2474 2081 2527 fiant
2107 2516 2120 2539 ,
2151 2483 2206 2529 et
2235 2475 2519 2528 mittantur
2547 2475 2599 2527 in
2633 2488 2863 2544 corpora
2892 2515 2905 2539 ,
2940 2474 3241 2529 secundum
3277 2473 3414 2529 illud

1810 2567 1955 2638 quod
1990 2567 2042 2619 in
2079 2566 2380 2635 livangelio
2426 2567 2689 2637 scriptum
2722 2574 2846 2621 est:
2879 2565 3038 2620 Pater
3074 2584 3216 2622 meus
3255 2584 3419 2639 usque

1812 2662 1965 2716 modo
1999 2668 2266 2729 cperatur,
2299 2668 2346 2714 et
2379 2677 2470 2732 ego
2516 2676 2707 2730 aperor
2735 2676 2753 2713 :
2780 2674 2847 2715 an
2878 2668 3029 2716 certe
3060 2675 3128 2715 ex
3160 2660 3417 2728 traduce,

1810 2763 1871 2809 ut
1902 2753 2293 2818 Tertullianus,
2328 2756 2361 2805 Α
2376 2752 2723 2822 pollinarius,
2758 2761 2811 2807 ct
2838 2752 3069 2807 maxima
3101 2769 3229 2823 pars
3258 2752 3422 2809 Occi-

1812 2848 2111 2904 dentalium
2138 2855 2445 2912 autumant,
2471 2857 2526 2901 ut
2549 2850 2824 2918 quomodo
2847 2862 3048 2917 corpus
3070 2864 3135 2902 ex
3161 2863 3418 2919 corpore,

1813 2942 1894 2996 sic
1936 2941 2115 2994 anima
2160 2951 2412 2995 nascatur
2439 2955 2505 2994 ex
2540 2940 2719 2995 anima
2757 2958 2767 2992 :
2800 2950 2856 2996 et
2881 2940 3046 2995 simili
3083 2956 3204 2996 cum
3239 2940 3420 2997 brutis

1814 3033 2181 3087 animantibus
2213 3032 2528 3087 conditione
2557 3033 2844 3089 subsistat.

1889 3128 2228 3200 Augustinus.
2266 3126 2381 3182 lloc
2413 3135 2565 3182 certe
2596 3127 2766 3182 sentis
2794 3169 2809 3193 ,
2837 3127 2982 3198 quod
3016 3128 3256 3198 singulas
3299 3128 3420 3183 ani-

152 3242 226 3281 vos
249 3207 459 3300 magnus
510 3230 733 3285 extollis
764 3274 778 3297 ,
816 3230 1173 3300 ultimamque
1224 3240 1431 3300 partem
1475 3207 1781 3285 conviviiC
1816 3234 1934 3275 mas
1979 3219 2211 3290 singulis
2260 3220 2613 3274 nascentibus
2645 3220 2809 3275 etiam
2854 3220 3016 3276 modo
3064 3221 3206 3277 Dcus
3237 3221 3422 3278 faciat.

153 3334 381 3392 occupas,
413 3332 473 3377 ut
518 3322 926 3393 patrisfamilias
964 3322 1174 3393 judicio
1220 3324 1561 3394 provebaris.
1601 3323 1711 3378 Sed

150 3415 260 3471 velle
282 3421 463 3487 fateor,
503 3419 601 3474 sed
629 3420 761 3475 eniti
795 3418 1053 3491 prml‘ero,
1086 3422 1404 3491 magistrum
1433 3436 1709 3481 renuens.

152 3510 366 3565 comitem
397 3511 654 3582 spondeo
682 3511 792 3584 [ΑΙ.
822 3512 1231 3585 respondendo]
1254 3555 1266 3577 .
1298 3514 1502 3584 petenti
1528 3513 1709 3581 datur,

150 3600 345 3669 pulsanti
393 3604 666 3675 aperitur,
720 3620 971 3674 quaerens
1025 3606 1233 3660 invenit
1276 3624 1288 3659 :
1333 3605 1607 3661 discamus
1657 3607 1713 3661 in

155 3701 284 3761 terra,
311 3711 545 3767 quorum
596 3696 756 3751 nobis
806 3697 1030 3753 scientia
1082 3709 1399 3768 perseveret
1447 3700 1499 3752 in
1544 3698 1710 3753 cmlo.

202 3790 523 3862 Augustinus.
555 3790 753 3846 Certus
788 3793 951 3847 etiam
986 3808 1105 3847 sum
1136 3794 1402 3862 animam,
1433 3792 1581 3847 nulla
1620 3792 1712 3847 Dei

150 3884 302 3955 culpa,
330 3888 474 3941 nulla
512 3886 613 3941 Dei
650 3888 1018 3954 necessitate,
1051 3888 1136 3942 vel
1179 3903 1277 3942 sua
1301 3928 1317 3952 ,
1358 3886 1454 3941 sed
1493 3886 1713 3956 propria

144 3979 378 4034 voluntate
405 3980 461 4034 in
498 3986 785 4049 peccatum
813 3995 937 4035 esse
965 3980 1264 4050 collapsam
1299 3996 1313 4032 :
1350 3994 1451 4034 nec
1478 3978 1701 4033 liberari

146 4082 275 4137 posse
304 4070 367 4125 de
403 4084 645 4139 corpore
676 4071 866 4125 mortis
912 4071 1071 4141 hujus
1094 4116 1107 4140 ,
1139 4071 1224 4126 vel
1262 4084 1373 4125 suae
1414 4068 1715 4125 voluntatis

145 4160 331 4227 virtute,
364 4172 649 4232 tamquam
681 4162 785 4217 sibi
811 4162 877 4217 ad
911 4162 1012 4218 hoc
1060 4162 1391 4229 sufficiente,
1424 4163 1509 4217 vel
1539 4163 1708 4233 ipsius

146 4258 356 4324 Corporis
384 4265 567 4313 morte
600 4274 611 4308 :
638 4256 734 4311 sed
762 4258 933 4327 gratia
968 4258 1060 4313 Dei
1085 4272 1184 4328 per
1206 4257 1395 4314 Jesum
1428 4257 1713 4313 Dominum

144 4360 352 4407 nostrum
361 4392 376 4404 .

198 4442 571 4521 Hieronymus.
607 4448 803 4504 Anima
834 4444 1194 4512 immortalis,
1234 4443 1517 4500 invisibilis
1545 4452 1598 4499 et
1628 4447 1717 4498 In-

143 4542 412 4605 corporalis
443 4551 533 4597 est
565 4560 577 4596 :
610 4540 908 4597 secundum
958 4538 1285 4594 crassiorem
1314 4538 1436 4593 dico
1466 4537 1715 4608 corporis

145 4632 284 4685 nostri
315 4634 683 4689 substantiam
723 4651 736 4688 :
766 4633 886 4688 dico
917 4632 1003 4688 vel
1042 4647 1107 4688 eo
1148 4641 1298 4687 certe
1340 4640 1585 4701 tempore
1614 4646 1716 4701 pu-
1742 4602 1798 4666 Ῑ)

143 4720 309 4793 nietur,
337 4735 395 4781 et
421 4725 758 4797 supplicium
802 4725 1024 4790 sentiet,
1054 4723 1271 4795 quando
1304 4723 1571 4794 pristinus
1596 4739 1719 4780 cor-

145 4819 517 4889 Pttsreceperit
548 4835 562 4871 :
599 4827 655 4873 ut
699 4832 818 4874 cum
848 4832 955 4889 quo
982 4814 1249 4888 peccavit,
1287 4829 1411 4871 cum
1456 4816 1572 4885 ipso
1614 4831 1717 4886 pu-

142 4906 304 4965 nistur.

195 5004 536 5077 Augustinus.
568 5006 777 5063 Dicitur
802 5008 1095 5078 conceptio
1122 5008 1358 5061 humana
1403 5004 1484 5060 sic
1528 5017 1721 5075 procc-

139 5090 270 5161 ϐενε,
301 5109 361 5154 ut
387 5099 596 5169 primis
630 5116 725 5154 sex
757 5099 951 5154 diebus
978 5100 1129 5170 quasi
1160 5099 1314 5153 lactis
1340 5096 1539 5152 habeat
1568 5096 1718 5151 simi-

142 5184 421 5259 litudinem,
456 5193 819 5263 sequentibus
850 5207 1042 5247 novem
1068 5191 1260 5246 diebus
1287 5196 1637 5245 convertatur
1662 5187 1717 5241 in

140 5288 468 5354 sanguinem.
527 5287 733 5344 Deinde
759 5287 1044 5343 duodecim
1074 5286 1266 5342 diebus
1301 5284 1563 5340 solidetur
1592 5301 1604 5336 :
1636 5297 1721 5338 re-

142 5373 275 5445 liquis
300 5380 624 5452 quindecim
660 5382 925 5435 formetur
953 5395 1122 5451 usque
1164 5377 1233 5433 ad
1278 5376 1518 5447 perfecta
1550 5375 1721 5430 linea-

138 5486 289 5530 menta
321 5476 583 5532 omnium
614 5476 983 5531 membrorum
1028 5493 1039 5526 :
1080 5482 1134 5529 et
1179 5473 1306 5527 hinc
1345 5473 1455 5542 jam
1504 5470 1717 5541 reliquo

141 5575 363 5640 tempore
398 5586 582 5642 usque
623 5569 691 5625 ad
726 5580 938 5641 tempus
968 5574 1185 5639 partus,
1220 5563 1590 5635 magnitudine
1619 5578 1718 5619 au-

135 5675 320 5733 scatur.

1818 3311 1921 3368 Cui
1955 3312 2241 3366 sententiae
2271 3326 2338 3365 ne
2368 3310 2678 3381 objiciatur,
2729 3310 2873 3382 quod
2915 3326 3108 3369 omnes
3148 3324 3427 3369 creaturas

1818 3413 1982 3460 sexto
2012 3403 2099 3458 die
2126 3406 2590 3458 consummaverit
2619 3404 2763 3460 Deus
2785 3446 2799 3470 ,
2835 3414 2891 3459 et
2932 3406 3168 3475 septimo
3208 3408 3425 3479 requie-

1819 3499 2001 3564 verit,
2049 3497 2277 3553 adhibes
2324 3496 2699 3553 testimonium
2751 3513 2818 3554 ex
2870 3498 3170 3571 Evangelio
3210 3519 3222 3554 :
3263 3498 3423 3557 Pater

1819 3607 1963 3645 meus
1994 3606 2153 3659 usque
2182 3606 2318 3644 nunc
2347 3600 2615 3661 operatur.

1895 3680 2271 3753 Hieronymus.
2297 3681 2437 3749 Quid
2467 3683 2612 3738 enim
2643 3683 3015 3755 ambiguitatis
3043 3686 3095 3741 in
3125 3686 3274 3742 dicto
3298 3697 3381 3743 est
3409 3707 3421 3743 :

1819 3783 1881 3831 ut
1906 3775 2142 3831 diversae
2174 3775 2551 3845 intelligentiae
2581 3776 2852 3835 tribuatur
2883 3779 3137 3836 occasio?
3167 3780 3415 3850 Constat,

1821 3878 1879 3925 et
1907 3885 2070 3939 super
2102 3873 2206 3925 hoc
2238 3871 2387 3925 nulla
2421 3873 2701 3927 contentio
2731 3882 2834 3929 est.

1892 3965 2398 4035 Augustinus.Doce
2426 3981 2576 4037 ergo,
2605 3982 2813 4037 qumso,
2839 3983 2957 4039 qua:
2991 3970 3217 4025 doceam
3246 3988 3259 4024 :
3287 3970 3423 4026 doce

1820 4058 1961 4129 quod
1997 4066 2234 4113 teneam.
2270 4058 2337 4112 Et
2363 4059 2450 4114 dic
2493 4059 2625 4114 mihi
2650 4104 2664 4127 ,
2699 4060 2746 4115 si
2777 4061 2975 4116 animm
3020 4063 3335 4133 singillatim
3366 4065 3423 4119 in

1820 4152 2047 4223 singulis
2077 4151 2346 4224 hodieque
2371 4153 2726 4209 nascentibus
2758 4154 2932 4224 ﬁunt,
2976 4157 3067 4212 ubi
3096 4158 3151 4213 in
3178 4158 3420 4230 parvulis

1821 4254 2087 4315 peccent,
2136 4252 2198 4299 ut
2247 4245 2526 4315 indigeant
2570 4257 2918 4303 sacramento
2947 4247 3184 4317 Christi,
3216 4251 3416 4306 remis-

1798 4340 1975 4396 sione
2006 4340 2247 4408 peccati,
2284 4348 2575 4410 peccantes
2602 4340 2654 4395 in
2694 4339 2866 4395 Adam
2894 4383 2908 4407 ,
2936 4356 3001 4397 ex
3030 4357 3139 4413 quo
3167 4357 3299 4397 caro
3334 4354 3421 4399 est

1820 4443 2115 4504 propagata
2158 4433 2364 4502 peccati
2401 4452 2412 4486 :
2449 4442 2542 4488 aut
2569 4434 2614 4488 si
2652 4448 2761 4488 non
2792 4446 3045 4504 peccant,
3072 4435 3414 4506 quajustitia

1821 4526 2098 4584 Creatoris
2123 4527 2195 4582 ita
2224 4536 2450 4599 peccato
2478 4527 2787 4598 obligentur
2816 4528 3037 4584 alieno?
3059 4529 3191 4585 Cum
3219 4530 3418 4587 exinde

1824 4621 2139 4693 propagatis
2172 4621 2429 4677 membris
2468 4621 2795 4678 mortalibus
2824 4622 3145 4695 inseruntur
3174 4643 3186 4681 :
3220 4634 3280 4681 ut
3305 4641 3420 4697 eas,

1825 4715 1926 4769 nisi
1961 4730 2056 4784 per
2083 4714 2382 4769 Ecclesium
2415 4714 2741 4770 subventum
2772 4714 2955 4787 fuerit,
2987 4716 3264 4774 damnatio
3290 4733 3422 4774 con-

1824 4816 2083 4879 sequatur
2117 4824 2133 4860 :
2163 4823 2284 4863 cum
2315 4808 2370 4862 in
2402 4822 2587 4862 earum
2633 4816 2908 4878 potestate
2951 4825 3058 4866 non
3101 4812 3212 4879 sit,
3250 4820 3309 4867 ut
3339 4812 3420 4867 eis

1823 4902 2001 4971 possit
2028 4900 2199 4972 gratia
2230 4901 2576 4971 baptismatis
2606 4901 2915 4959 subvenire.

1897 4993 2272 5065 Hieronymus.
2299 4992 2522 5048 Alienati
2547 5003 2669 5049 sunt
2693 5005 2986 5066 peccatores
3010 5013 3042 5051 a
3062 4998 3209 5051 vulra
3235 5014 3251 5052 :
3279 5016 3427 5054 srra.

1824 5096 2005 5142 verunt
2027 5086 2087 5140 ab
2111 5096 2257 5141 utero
2276 5102 2296 5141 :
2314 5087 2474 5141 locuti
2496 5096 2618 5141 sunt
2640 5088 2778 5159 falsa
2802 5105 2820 5143 :
2843 5088 3024 5145 statim
3052 5098 3111 5145 ut
3132 5091 3246 5147 nati
3274 5103 3424 5161 sunt,

1824 5181 2150 5249 subjacuere
2176 5189 2398 5249 peccato
2427 5221 2441 5245 ,
2475 5180 2527 5232 in
2558 5181 2954 5235 similitudinem
2981 5185 3426 5254 prtvvaricationis

1825 5277 1974 5342 Adin,
2004 5278 2093 5348 qui
2119 5285 2193 5330 est
2220 5280 2390 5348 forma
2417 5276 2599 5346 futuri.
2644 5275 2779 5330 Illud
2812 5290 3030 5347 quoque
3061 5279 3206 5350 quod
3242 5280 3295 5334 in
3330 5295 3428 5335 vo-

1827 5373 2033 5429 lumine
2058 5372 2160 5428 Job
2187 5372 2448 5442 scriptum
2479 5379 2564 5427 est
2594 5388 2606 5425 :
2638 5370 2909 5441 Numquid
2938 5375 3160 5429 mundus
3199 5376 3297 5429 erit
3321 5374 3423 5428 lto-

1830 5482 1914 5520 nto
1947 5482 2121 5519 coram
2162 5463 2269 5518 Deo
2291 5508 2304 5530 ,
2337 5474 2427 5518 aut
2468 5464 2523 5518 in
2557 5463 2798 5535 operibus
2828 5465 2935 5519 suis
2966 5466 3426 5538 irreprcltensibilis

1829 5560 1948 5615 uir?
1989 5558 2049 5615 Si
2092 5557 2335 5613 adversus
2369 5555 2593 5628 famulos
2622 5574 2742 5613 suos
2784 5574 2887 5613 non
2920 5559 3080 5614 credit
3110 5576 3126 5611 :
3153 5568 3201 5610 et
3242 5568 3422 5611 contra

1831 5656 2042 5727 angelos
2087 5668 2206 5707 suos
2247 5668 2463 5724 pravum
2496 5651 2619 5723 quid
2663 5654 2853 5723 reperit
2896 5668 2910 5704 :
2951 5661 3141 5725 quanto
3172 5653 3333 5725 magis
3367 5656 3419 5708 in

198 5843 221 5878 ⁸
248 5844 464 5907 Eadem
489 5846 619 5903 edit.
653 5847 974 5918 Quamquam
1004 5850 1138 5906 enim
1167 5858 1213 5905 te
1235 5847 1417 5919 multo,
1442 5860 1599 5920 quam
1626 5859 1718 5921 ego
1748 5842 1872 5916 sim,
1904 5851 2055 5902 a’tate
2082 5843 2365 5915 majorem,
2408 5850 2574 5900 tamen
2596 5884 2609 5911 ,
2642 5851 2744 5900 etc.

404 5945 691 6007 ΡΑτιιοι..
740 5942 949 6007 XXX.
