3926 6290
467 293 576 352 261

471 412 556 465 his
581 407 670 481 qui
699 405 934 461 habitant
961 401 1143 456 domos
1175 398 1345 452 luteas
1388 409 1406 449 :

473 502 666 559 eodem
697 500 814 554 luto
842 510 1027 552 sumus
1057 494 1069 547 !
1101 490 1297 546 Nullus
1337 488 1474 544 enim
1520 486 1709 554 absque
1737 491 1968 553 peccato,
2001 496 2065 536 ne

474 598 518 651 si
541 595 694 650 unius
715 591 920 663 quidem
943 587 1048 642 diei
1069 585 1223 655 fuerit
1246 582 1350 636 vita
1371 583 1504 654 ejus.
1534 579 1597 634 Si
1620 578 1752 633 enim
1773 573 1938 630 stellae
1961 589 2065 630 non

471 699 597 744 sunt
624 687 831 741 munda:
855 684 908 736 iu
933 686 1211 748 conspectu
1237 675 1365 741 Dei,
1397 682 1589 744 quanto
1616 670 1779 743 inagis
1809 667 1990 722 vermis
2015 672 2064 720 et

472 779 718 851 putredo,
747 785 801 831 et
827 774 880 829 hi
903 774 993 846 qui
1017 779 1241 844 peccato
1263 763 1590 824 offendentis
1612 761 1781 820 Adam
1808 770 2064 817 tenentur

470 869 732 927 obnoxﬁl

539 962 888 1034 Augustinus.
920 959 1160 1016 Obsecro
1190 963 1265 1023 te,
1299 951 1574 1026 quomodo
1606 951 1722 1006 haec
1753 947 1939 1021 opinio
1966 945 2060 1003 de-

467 1057 730 1117 fenditur,
764 1069 867 1123 qua
901 1051 1206 1108 creduntur
1232 1049 1426 1104 anima:
1453 1062 1563 1102 non
1592 1061 1659 1101 ex
1689 1043 1782 1099 illa
1815 1058 1918 1097 una
1949 1040 2060 1112 pri—

466 1149 538 1204 mi
575 1147 815 1203 hominis
839 1145 954 1200 fieri
981 1157 1172 1200 omnes
1203 1159 1218 1197 :
1249 1139 1345 1196 sed
1377 1139 1519 1196 sicut
1551 1137 1645 1193 illa
1689 1153 1798 1192 una
1825 1134 1915 1190 uni
1940 1177 1954 1202 ,
1986 1133 2058 1186 ita

463 1244 696 1313 singulis
729 1240 981 1311 singulae.
1035 1239 1108 1292 Ea
1139 1252 1267 1292 vero
1291 1250 1412 1306 quae
1437 1234 1690 1289 dicuntur
1719 1230 1822 1286 alia
1869 1239 2060 1286 contra

466 1339 606 1392 hanc
658 1335 976 1406 opinionem
1007 1375 1020 1397 ,
1068 1331 1228 1386 facile
1260 1345 1346 1385 me
1375 1325 1508 1400 pulo
1554 1342 1716 1399 posse
1760 1324 2013 1382 refellere
2044 1340 2057 1376 :

463 1430 605 1485 sicut
633 1437 717 1483 est
757 1425 891 1480 iliud
913 1466 926 1489 ,
961 1422 1105 1494 qucd
1134 1421 1354 1492 quidam
1395 1419 1496 1476 sibi
1538 1433 1661 1474 eam
1691 1417 1943 1474 videntur
1973 1432 2065 1470 ur-

460 1536 624 1592 gere,
658 1518 930 1587 queuiodo
971 1507 1441 1571 consummaverit
1485 1513 1629 1568 Deus
1668 1510 1850 1567 omnia
1892 1523 2057 1579 opera

462 1632 559 1671 sua
586 1628 740 1669 sexto
773 1613 858 1667 die
887 1653 900 1678 ,
933 1620 987 1664 et
1017 1609 1251 1678 septimo
1281 1606 1370 1661 die
1412 1603 1743 1675 requieverit
1768 1641 1784 1668 ,
1812 1600 1860 1660 si
1890 1614 2058 1654 novas

459 1711 638 1766 adhuc
664 1709 874 1763 animas
906 1704 1098 1760 creat?
1132 1703 1339 1771 Quibus
1369 1700 1415 1754 si
1444 1697 1744 1754 dixerimus
1767 1739 1781 1762 ,
1813 1695 1958 1764 quod
1987 1710 2052 1748 ex

1509 277 1570 335 S.
1614 269 1998 332 ΗΙΕΒΟΝῩΜΙ
2035 269 2326 334 OPEBUM
2367 264 2737 327 MANTISSA.

1449 408 1480 450 e
1516 391 1713 462 quibus
1761 399 1816 446 et
1860 403 1958 444 nos
1995 387 2062 441 de
2090 389 2144 449 Α
2170 403 2235 442 eo
2265 385 2357 457 qui
2407 384 2678 440 frumenta
2727 381 2937 453 furatus
2963 388 3078 447 est;
3127 396 3228 439 nec
3271 377 3476 436 idcirco
3523 386 3759 450 terram,

3653 257 3763 316 268

2168 495 2274 534 non
2306 477 2560 532 debuisse
2606 476 2815 546 gremio
2860 489 2962 529 suo
3014 474 3220 530 semina
3267 473 3602 540 confovere,
3635 474 3762 543 quia

2165 581 2316 628 sator
2347 570 2625 626 immunda
2660 585 2724 626 ea
2769 568 3061 640 projecerit
3103 584 3263 624 manu
3287 609 3304 636 ,
3349 565 3762 638 elegantissima

2164 663 2462 720 similitudo
2489 671 2605 731 est,
2637 677 2798 733 quam
2825 671 2878 716 et
2927 673 3219 733 antequam
3274 662 3506 734 legerem
3529 703 3543 725 ,
3587 659 3764 715 nullas

2164 758 2296 813 mihi
2329 756 2563 828 objectio
2593 756 2693 811 ista
2717 754 2784 812 de
2811 754 3130 812 adulterinis
3155 755 3352 810 fetibus
3380 755 3431 808 in
3459 753 3558 808 hac
3587 767 3766 824 quzes-

2164 853 2312 908 tione
2357 849 2590 907 faciebat
2615 849 2892 921 angustias
2916 891 2930 912 ,
2981 849 3305 920 generaliter
3336 846 3565 904 intuenti
3596 846 3763 902 multa

2163 945 2304 1000 bona
2333 944 2503 999 Deum
2538 944 2741 1012 facere,
2774 942 2935 998 etiam
2962 941 3030 997 de
3057 942 3257 997 nostris
3283 941 3438 996 malis
3467 941 3765 1011 pravisque

2163 1038 2399 1108 pet-catis
2431 1054 2442 1088 :
2475 1034 2743 1090 Animalis
2767 1045 2944 1090 autem
2968 1034 3229 1108 cujusque
3257 1034 3463 1090 creatio
3486 1035 3530 1089 si
3562 1032 3765 1089 habeat

2165 1131 2485 1200 prudentem
2547 1133 2801 1198 piumque
2859 1127 3366 1194 considet-storem,
3433 1125 3762 1182 ineffabilem

2161 1224 2406 1279 Creatori
2455 1222 2668 1277 laudent
2710 1221 2954 1287 excitat;
2989 1230 3189 1290 quanto
3221 1222 3392 1287 mag-is
3418 1220 3626 1275 crcatio
3656 1235 3763 1274 non

2160 1314 2457 1386 cujuslibet
2507 1312 2792 1379 animalis,
2837 1312 2934 1368 sed
2991 1311 3256 1366 hominis!
3293 1311 3348 1366 Si
3381 1320 3562 1365 autent
3597 1325 3766 1366 causa

2160 1413 2385 1471 creandi
2416 1413 2702 1484 qua-ritur,
2737 1411 2882 1466 nulla
2918 1411 3078 1465 citius
3109 1421 3165 1465 et
3215 1411 3412 1464 melius
3459 1407 3768 1478 l‘t‘SpOIlde-

2160 1517 2271 1576 tur,
2306 1508 2409 1562 nisi
2441 1508 2569 1578 quia
2596 1507 2774 1562 omnis
2801 1512 3051 1560 creatura
3101 1503 3198 1558 Dei
3230 1503 3366 1557 bona
3400 1508 3502 1557 est.
3534 1501 3599 1556 Et
3630 1499 3768 1572 quid

2159 1603 2376 1672 dignius
2401 1642 2417 1670 ,
2450 1615 2616 1671 quam
2653 1607 2711 1654 ut
2742 1597 2880 1652 bona
2911 1595 3074 1651 faciat
3105 1595 3244 1650 Deus
3279 1596 3472 1661 bonus,
3501 1609 3623 1664 qua:
3661 1609 3767 1647 ne-

2163 1711 2251 1750 mo
2294 1703 2475 1766 potest
2504 1692 2685 1749 facere
2725 1691 2832 1747 nisi
2877 1691 3065 1746 Deus?
3095 1689 3220 1745 lltcc
3251 1698 3303 1745 et
3351 1689 3452 1742 alia
3482 1705 3605 1760 quae
3636 1702 3770 1758 pos-

458 1802 758 1872 Evangelio
789 1813 951 1869 supra
1005 1796 1229 1866 posuisti
1263 1811 1277 1847 :
1314 1792 1475 1847 Pater
1520 1805 1664 1844 meus
1711 1804 1870 1858 usque
1918 1803 2052 1839 nunc
2083 1777 2128 1837 Β
2157 1803 2312 1856 sum,
2353 1798 2403 1842 et
2453 1785 2596 1842 sicut
2625 1800 2876 1856 possum,
2899 1782 3022 1839 dico
3050 1783 3337 1838 adversum
3366 1797 3484 1849 eos,
3519 1784 3607 1858 qui
3642 1783 3774 1851 opi-

458 1904 703 1962 operatur
746 1909 764 1946 :
809 1887 1187 1960 respondent:
1227 1885 1486 1957 Operutur
1513 1883 1716 1937 dictum
1759 1889 1862 1945 est,
1897 1877 2050 1936 insti-

460 2000 604 2042 tutas
632 1981 1068 2038 administrando
1093 1998 1106 2033 :
1134 1994 1242 2044 non
1272 1991 1442 2034 novas
1473 1973 1833 2032 instituendo.

527 2078 896 2146 Hieronymus.
934 2075 1030 2128 llic
1073 2073 1224 2130 locus
1253 2069 1400 2141 apud
1437 2067 1722 2137 imperitos
1763 2076 1818 2120 et
1860 2064 2048 2134 Scrip-

455 2184 702 2225 ttn-arum
735 2177 1040 2224 Sanctarum
1069 2163 1475 2220 meditationem
1504 2175 1768 2230 usumque
1793 2168 1848 2214 et
1867 2159 2044 2214 scien-

454 2264 582 2319 tiam
630 2277 737 2317 non
791 2261 1097 2322 habentes,
1148 2255 1366 2312 videtur
1411 2253 1655 2324 opinioni
1708 2266 1812 2308 tua:
1871 2253 2045 2321 prima

445 2358 626 2412 fronte
656 2353 913 2411 blandiri.
946 2351 1220 2408 Caeterum
1254 2349 1533 2404 discussus
1561 2345 1722 2401 facile
1761 2345 1992 2399 solvitur
2027 2362 2039 2398 :

446 2462 500 2506 et
530 2465 652 2507 cum
688 2445 1002 2504 testimonia
1034 2444 1440 2514 Scriptor-arum
1469 2441 1594 2496 aliis
1633 2441 2043 2511 comparaveris

450 2541 775 2598 testimoniis
802 2581 817 2605 ,
847 2554 916 2594 ne
960 2538 1062 2592 sibi
1111 2536 1350 2608 Spiritus
1381 2545 1604 2591 sanctus
1646 2549 1745 2604 pro
1775 2533 2039 2604 qualitate

448 2638 690 2691 locorum
721 2643 776 2689 et
807 2644 1114 2701 temporum
1140 2629 1385 2685 videatur
1411 2643 1533 2685 esse
1578 2625 1884 2684 contrarius
1911 2643 1924 2680 :
1953 2640 2041 2682 se-

443 2729 681 2782 cundum
725 2723 856 2780 illud
885 2723 1030 2794 quod
1063 2723 1323 2792 scriptum
1367 2728 1452 2776 est
1485 2719 1756 2791 :Alzyssus
1794 2718 2040 2789 abyssum

442 2821 646 2876 invocat
675 2819 732 2873 in
763 2834 882 2873 voce
911 2825 1296 2872 cataractarum
1335 2830 1570 2869 suarum.
1602 2812 1784 2869 Cerno
1812 2828 1919 2883 quo
1947 2823 2036 2868 tua

451 2911 627 2968 tendit
656 2912 888 2966 assertio
924 2927 937 2963 :
970 2909 1065 2965 sed
1097 2908 1166 2964 de
1201 2909 1306 2964 hoc
1346 2908 1398 2963 in
1438 2905 1833 2977 posterioribus
1860 2907 2035 2962 disse-

447 3003 678 3058 rendutn
710 3013 814 3066 est,
848 3017 917 3056 ne
946 3000 1072 3055 dum
1104 3001 1403 3056 miscemus
1433 2999 1828 3069 qumstionibus
1861 3014 2038 3070 qutes-

443 3101 621 3155 tiones
649 3139 664 3164 ,
694 3097 984 3154 obscuram
1032 3093 1384 3152 audientibus
1419 3092 1830 3164 intelligentiam
1863 3093 2034 3150 relin-

437 3205 688 3264 quamus.

513 3286 858 3358 Augustinus.
914 3283 1110 3339 Verum
1172 3292 1293 3344 est,
1341 3281 1538 3353 quoda
1570 3280 1731 3338 rebus
1759 3297 1879 3350 qua:
1925 3295 2032 3338 non

2156 1884 2375 1939 nionem
2410 1881 2550 1937 hanc
2576 1921 2591 1946 ,
2639 1895 2742 1950 qua
2772 1878 3067 1936 creduntur
3103 1878 3302 1932 anima}
3345 1876 3486 1931 sicut
3516 1876 3609 1931 illa
3653 1890 3772 1930 una

2160 1978 2387 2048 singulis
2420 1975 2535 2031 fieri
2560 2019 2574 2042 ,
2609 1973 2937 2030 labefactare
2963 1981 3254 2027 conantur.

2227 2069 2601 2141 Hieronymus.
2649 2068 2939 2132 Antonius,
2970 2073 3156 2121 orator
3193 2063 3471 2136 egregius,
3518 2063 3572 2118 in
3601 2062 3776 2133 cujus

2153 2164 2403 2220 laudibus
2422 2163 2632 2218 Tullius
2650 2170 2926 2232 personat,
2954 2160 3189 2216 disertos
3211 2172 3271 2216 se
3291 2160 3368 2213 ait
3396 2157 3598 2213 vidisse
3620 2158 3779 2212 mul-

2150 2265 2266 2324 tos,
2303 2257 2647 2325 eloquentem
2692 2254 2870 2310 adhuc
2915 2254 3207 2310 neminem.
3239 2250 3362 2309 Noli
3416 2251 3579 2322 igitur
3622 2249 3776 2306 mihi

2149 2361 2450 2420 oratorum,
2471 2358 2651 2406 etnon
2676 2351 2778 2404 luis
2801 2349 3025 2404 floribus
3053 2347 3260 2414 ludere,
3288 2362 3384 2419 per
3411 2361 3546 2416 quos
3576 2347 3776 2401 solent

2148 2445 2527 2515 imperitorum
2553 2453 2714 2512 atque
2744 2456 3035 2511 puerorum
3069 2454 3229 2498 aures
3249 2438 3420 2510 decipi
3453 2454 3468 2492 :
3496 2437 3592 2494 sed
3625 2436 3777 2492 sim-

2146 2535 2360 2608 pliciter
2385 2535 2473 2591 dic
2499 2535 2626 2607 quid
2650 2537 2874 2590 sentias.

2217 2628 2556 2700 Augustinus.
2579 2627 2713 2682 Cum
2734 2627 2797 2681 ad
2819 2640 3004 2696 ptenas
3030 2633 3248 2682 ventum
3271 2632 3351 2680 est
3372 2623 3770 2695 parvulorum,

2143 2722 2376 2792 magnis,
2402 2721 2533 2777 mihi
2561 2721 2745 2789 crede,
2774 2736 3024 2777 coaretor
3043 2721 3305 2792 angustiis
3332 2737 3344 2772 :
3379 2733 3479 2774 nec
3512 2718 3646 2790 quid
3675 2733 3772 2774 re-

2141 2818 2478 2888 spondeam,
2513 2832 2735 2889 prorsus
2780 2816 3014 2871 invenio.
3051 2814 3165 2870 Non
3199 2815 3372 2870 solum
3418 2827 3512 2868 eas
3562 2827 3772 2882 pennas

2140 2911 2286 2977 dico,
2318 2925 2452 2982 quas
2483 2909 2648 2966 habet
2678 2921 2799 2981 post
2838 2908 2978 2964 hanc
3003 2907 3164 2964 vitam
3196 2908 3283 2962 illa
3311 2906 3609 2974 damnatio,
3646 2922 3772 2978 quo

2141 3021 2364 3063 necesse
2395 3014 2480 3061 est
2522 3006 2826 3070 trahantur,
2877 3008 2922 3059 si
2971 3006 3039 3060 de
3088 3019 3317 3074 corpore
3345 3003 3582 3060 exierint
3631 3004 3774 3060 sine

2141 3099 2464 3156 Christiana:
2491 3100 2683 3169 gratia:
2711 3108 3056 3154 sacramento
3081 3115 3095 3157 :
3125 3097 3220 3154 sed
3250 3112 3342 3153 eas
3368 3098 3512 3167 ipsas
3540 3112 3669 3166 qua;
3710 3099 3769 3152 in

2063 3166 2111 3232 δ
2144 3194 2246 3248 hac
2268 3191 2379 3250 vita
2404 3192 2715 3249 dolentibus
2743 3191 2898 3246 nobis
2921 3200 3205 3246 versantur
3234 3199 3358 3244 ante
3382 3166 3589 3255 oculos,
3613 3204 3771 3259 quas

2137 3302 2459 3344 enumerare
2489 3287 2534 3342 si
2566 3286 2748 3352 velim,
2780 3288 2926 3357 prius
2951 3293 3165 3354 tempus
3195 3299 3354 3356 quam
3383 3282 3634 3352 exctnpla
3661 3283 3772 3339 de-

439 3389 600 3434 erant
624 3375 978 3432 iustituendis
1008 3373 1312 3444 requievit:
1337 3387 1390 3430 et
1414 3373 1518 3430 hoc
1547 3388 1733 3430 verum
1764 3382 1866 3437 est,
1890 3371 2034 3443 quod

439 3484 550 3532 non
579 3470 758 3523 solum
789 3466 1143 3537 gubernando
1175 3480 1300 3534 quae
1330 3463 1480 3531 fecit,
1511 3479 1701 3520 verum
1733 3464 1896 3519 etiam
1937 3463 2032 3517 ali-

439 3561 567 3630 quid
598 3577 703 3615 non
734 3559 876 3630 quod
905 3558 1144 3614 nondum
1178 3568 1285 3623 est,
1316 3558 1414 3614 sed
1447 3555 1588 3628 quod
1613 3556 1726 3626 jam
1749 3565 2034 3615 creaverat

438 3651 786 3712 numerosius
812 3651 1087 3717 creando,
1119 3665 1288 3721 usque
1329 3666 1475 3706 nunc
1502 3659 1778 3722 operatur.
1811 3648 1908 3704 Vel
1949 3649 2032 3705 sic

435 3763 568 3818 ergo
593 3790 608 3814 ,
642 3746 728 3802 vel
769 3745 878 3800 alio
907 3744 1151 3815 quolibet
1193 3743 1358 3802 modo
1404 3744 1616 3800 eximus
1661 3745 1729 3798 ab
1759 3758 1857 3807 eo,
1886 3741 2031 3812 quod

435 3841 593 3895 nobis
638 3837 896 3908 olijicitur
927 3837 996 3892 de
1028 3836 1216 3906 requie
1245 3835 1342 3894 Dei
1375 3835 1448 3891 ab
1474 3834 1732 3905 operibus
1763 3853 1779 3891 :
1810 3851 1879 3890 ne
1907 3849 2034 3904 pro-

437 3941 622 4003 pterea
652 3946 759 3986 non
785 3929 1074 3986 credamus
1119 3943 1262 3986 nunc
1307 3943 1478 4000 usque
1509 3928 1626 3986 fieri
1671 3929 1882 3986 animus
1931 3945 2031 3983 no-

435 4041 566 4093 vas,
595 4040 705 4082 non
734 4039 803 4079 ex
849 4023 943 4077 illa
989 4038 1125 4087 una,
1159 4022 1255 4077 sed
1287 4022 1430 4077 sicut
1478 4022 1624 4076 illam
1660 4036 1847 4076 unam.
1892 4019 2028 4076 Nam

433 4118 580 4189 quod
629 4117 852 4182 dicitur,
881 4130 1051 4184 quare
1074 4114 1197 4168 facit
1228 4114 1438 4169 animas
1468 4113 1550 4168 eis
1577 4129 1713 4185 quos
1746 4112 1892 4167 novit
1921 4114 2030 4167 cito

440 4211 736 4265 morituros
760 4207 782 4257 ἰ
831 4207 1128 4262 Possumus
1189 4205 1520 4274 respondere
1571 4215 1856 4275 parentum
1905 4205 2031 4260 hinc

432 4311 654 4374 peccata
679 4341 696 4368 ,
728 4301 812 4356 vel
840 4299 1115 4366 convinci,
1150 4299 1232 4353 vel
1268 4299 1552 4368 ﬂagellari.

2138 3383 2344 3439 licient.
2381 3380 2766 3454 Lauguescunt
2808 3380 3257 3454 :egritudiuibus,
3297 3389 3619 3452 torquentur
3653 3379 3769 3434 do-

2135 3476 2344 3533 loribus
2365 3516 2381 3543 ,
2413 3474 2557 3530 fame
2585 3487 2638 3530 et
2667 3474 2757 3530 siti
2807 3474 3142 3540 cruciantur,
3176 3473 3524 3528 debilitantur
3574 3489 3772 3531 mem-

2135 3565 2272 3634 bris,
2297 3566 2584 3637 privantur
2612 3563 2887 3631 sensibus,
2916 3574 3186 3619 vexantur
3214 3563 3282 3619 ab
3307 3563 3600 3634 immundis
3638 3579 3770 3638 Spl-

2135 3660 2352 3717 ritibns.
2405 3658 2899 3716 Demenstrandum
2947 3668 3031 3715 est
3076 3658 3256 3728 itaque
3303 3656 3581 3728 quomodo
3641 3657 3765 3714 ista

2133 3754 2252 3812 sine
2283 3753 2375 3809 illa
2405 3753 2489 3808 sui
2523 3753 2663 3808 mala
2711 3765 2870 3805 causa
2912 3749 3057 3821 juste
3093 3751 3390 3819 patiantur.
3433 3749 3548 3805 Non
3591 3751 3766 3808 enim

2133 3849 2242 3906 dici
2273 3849 2353 3905 fas
2373 3857 2480 3914 est,
2504 3857 2596 3903 aut
2623 3847 2724 3903 ista
2748 3849 3028 3921 ignorante
3050 3846 3161 3902 Deo
3186 3845 3326 3910 fieri,
3353 3852 3446 3900 aut
3472 3860 3597 3900 eum
3629 3862 3757 3902 non

2136 3963 2296 4018 posse
2325 3947 2582 4002 resistere
2612 3944 2966 4012 facientibus,
3010 3951 3104 3998 aut
3144 3941 3343 4014 injuste
3383 3940 3481 3996 ista
3524 3940 3621 3998 vel
3667 3941 3766 3999 fa-

2132 4056 2280 4109 cere,
2315 4040 2404 4096 vel
2429 4038 2771 4110 permittere.

2204 4134 2578 4204 Hieronymus.
2606 4131 2847 4186 Diversis
2872 4127 3198 4185 testimoniis
3219 4126 3630 4197 scripturarum
3659 4142 3768 4184 ea-

2132 4229 2258 4286 dem
2289 4229 2340 4282 in
2392 4226 2692 4297 quaestione
2735 4224 2904 4280 uteris
2957 4223 3010 4277 in
3044 4221 3336 4277 theatrales
3382 4220 3706 4292 pra-stigias
3745 4242 3761 4278 :

2132 4320 2224 4392 qui
2255 4338 2419 4376 unum
2453 4319 2814 4388 eamdemque
2846 4316 3145 4380 hominem,
3175 4327 3527 4384 personarum
3557 4315 3766 4371 varie-

511 4395 884 4465 Ηίθνοηὲίηηλδ·
924 4393 1099 4462 super
1139 4405 1250 4462 quo
1284 4391 1410 4461 ΨΜ
1457 4390 1585 4445 mihi
1630 4391 1931 4458 "marem"
1975 4393 2026 4447 ί¹¹
2132 4390 2243 4470 tate
2289 4423 2517 4478 mutata,
2550 4411 2602 4466 in
2631 4410 2855 4465 Martem
2881 4407 3260 4476 Veneremque
3286 4404 3600 4476 producunt
3639 4424 3659 4464 :
3696 4418 3767 4464 ut

433 4487 712 4560 opusculis
744 4484 1222 4579 contraRulinum
1267 4485 1396 4538 olim
1434 4484 1722 4555 scripsisse
1747 4501 1836 4542 me
1867 4487 1991 4542 novi
2012 4529 2026 4554 ,
2058 4565 2103 4579 κ
2135 4508 2222 4579 qui
2256 4508 2404 4578 prius
2436 4503 2641 4577 rigidus
2683 4512 2740 4558 ει
2787 4500 3125 4557 truculentus
3171 4498 3500 4564 incessum,
3547 4509 3765 4569 postea

433 4584 722 4640 adversum
744 4595 867 4635 eum
893 4577 1139 4636 libellum
1173 4594 1333 4648 quem
1361 4588 1565 4635 sanctae
1589 4582 1870 4638 memoria:
1889 4583 2026 4636 Ana-
2052 4565 2111 4630 D
2135 4565 2380 4657 ὀόιυξηυτ
2411 4597 2464 4654 in
2484 4565 2774 4654 ’ίηηηίιίθιη
2800 4594 3147 4652 feminarum.

434 4672 602 4734 stasio
631 4672 887 4744 episcopo
914 4671 1174 4726 Romana:
1225 4673 1481 4728 Ecclesia:
1512 4673 1679 4730 dedit.
1713 4673 1772 4730 ln
1799 4691 1906 4747 quo
1939 4677 2023 4732 lus

2205 4693 2541 4764 Augustinus.
2599 4691 2730 4746 Cum
2779 4698 2831 4744 te
2875 4688 3072 4744 iratum
3123 4699 3386 4752 sensero,
3421 4684 3557 4741 nihil
3588 4686 3761 4746 aliud

435 4772 582 4822 tit-ica
613 4775 668 4822 et
697 4765 859 4821 stulta
893 4779 956 4819 ac
981 4763 1210 4818 subdola
1240 4764 1606 4831 confessione,
1640 4766 1768 4824 dum
1808 4768 2024 4825 audito-
2132 4805 2292 4861 quam
2324 4786 2537 4844 veniam
2565 4782 2920 4855 deprecabor.

433 4876 551 4916 rum
583 4857 922 4952 simplicitati
954 4857 1185 4914 illuderc
1232 4857 1446 4928 nititur,
1497 4877 1609 4916 sua:
1657 4860 1804 4928 fidei,
1853 4864 2021 4920 inuno
2134 4857 2164 4944 ς
2205 4877 2804 4952 Ηξενο,,⁹,ηηε,ρυωεο
2831 4871 3562 4946 υιρθιῖεηιθγθῃάίῃεεηοη
3586 4875 3759 4934 enim

433 4953 672 5026 “and”:
706 4951 896 5007 illum“
2130 4977 2200 5032 de
2221 4951 2536 5032 adversario
2559 4971 2866 5038 victoriam,
2889 4967 2985 5026 sed
3008 4977 3196 5024 contra
3213 4964 3558 5024 mendacium
3577 4981 3757 5040 qua-.—

503 5047 841 5120 Augustiuus.
874 5045 1030 5116 Quod
1074 5047 1128 5104 in
1173 5047 1312 5104 libro
1355 5048 1618 5107 adversus
1646 5051 1895 5112 Rufinum
1924 5070 2020 5125 po-
2129 5070 2302 5125 rimus
2330 5067 2636 5124 νει-ίωιειη,

430 5142 589 5196 suisti
635 5141 898 5209 quosdam
951 5139 1076 5195 huic
1126 5142 1413 5198 sententia:
1460 5144 1824 5213 calumniari,
1871 5151 2017 5220 quod

2202 5162 2542 5235 Augustinus.
2567 5156 2964 5229 Numquidnam
2994 5152 3408 5210 sicutanimalia
3437 5152 3759 5216 irratiqna-

431 5234 600 5294 Deum
632 5234 766 5288 dare
795 5233 1005 5290 animas
1038 5234 1360 5292 adulterinis
1386 5239 1744 5311 conceptibus
1769 5242 2018 5300 videatur

2169 5257 2258 5312 ilia
2288 5233 2439 5312 recte
2469 5251 2701 5309 dicimus
2729 5253 2780 5307 in
2811 5265 2939 5306 usus
2982 5247 3100 5303 dari
3130 5247 3340 5302 naturis
3364 5246 3752 5306 excellentio-

428 5325 704 5396 indiglmm
740 5342 753 5378 ε
783 5325 928 5432 υ¹¹ξ¹θ
985 5337 1253 5432 εοιιξδηιυν
1297 5339 1548 5388 θειτυθΐθ
1594 5334 1804 5390 ηιθτῖιίε
1847 5349 2017 5407 895KB
2128 5351 2300 5416 ribus,
2346 5346 2452 5404 etsi
2502 5346 2734 5410 vitiosis,
2781 5344 2921 5400 sicut
2950 5341 3292 5413 apertissime
3335 5340 3387 5395 in
3417 5339 3755 5410 Evangelio

424 5433 553 5480 ³ηῑο
576 5436 797 5525 gap-"‘3‘"
826 5423 988 5488 νίιεθο
1021 5423 1415 5525 δηίιιξθεβιυίιεί
1445 5427 1513 5483 ad
1542 5430 1812 5500 cr801"“la
1853 5432 2013 5502 huius
2126 5446 2402 5510 videmus,
2446 5456 2641 5514 porcos
2693 5439 2759 5496 ad
2809 5453 2963 5494 usum
3012 5435 3376 5494 desideratum
3424 5450 3753 5498 concessas

427 5515 618 5572 inutidi
661 5515 1000 5585 jusleposse
1029 5516 1248 5586 perduci
1287 5535 1297 5570 :
1330 5532 1438 5574 non
1485 5536 1572 5576 me
1621 5531 1803 5579 movet
1848 5526 2014 5584 multa
2122 5554 2246 5596 esse
2275 5534 2611 5593 dientonibus
2645 5552 2658 5588 :
2687 5533 2792 5588 hoc
2824 5539 2879 5586 et
2907 5531 2974 5586 de
2997 5529 3214 5588 homine
3246 5538 3393 5586 recte
3424 5543 3748 5600 possumus

424 5611 786 5681 cogitantem.
822 5607 1019 5680 quibus
1052 5608 1169 5664 ³³³Ἐο
1215 5620 1397 5680 PDN?“
1445 5613 1714 5671 calumnia
1761 5617 2009 5673 τετυιανίο
2120 5629 2337 5686 dicere?
2366 5627 2565 5684 animal
2589 5635 2673 5682 est
2695 5627 2858 5685 enim.
2883 5624 2980 5679 sed
3011 5621 3298 5689 rationale,
3325 5621 3425 5676 etsi
3458 5627 3740 5686 mortale.

423 5705 491 5759 Et
520 5704 660 5775 quod
696 5706 812 5775 ipse
837 5701 1166 5774 respondisti
1195 5745 1211 5770 ,
1252 5721 1357 5761 non
1385 5721 1507 5763 esse
1535 5710 1721 5765 vitium
1752 5716 2010 5770 sementis
2121 5725 2309 5778 Anima
2340 5732 2422 5777 est
2449 5720 2733 5776 rationalis
2763 5718 2815 5774 in
2849 5717 2956 5773 illis
2979 5715 3259 5782 membris,
3290 5731 3413 5786 qua:
3440 5717 3619 5772 lamis
3651 5721 3744 5774 ar.

413 5797 472 5853 ίη
503 5799 679 5871 "ille"
700 5837 714 5865 ν
742 5798 885 5867 (μιοά
927 5801 1070 5857 Tum
1101 5799 1302 5856 diCiUH'
1330 5815 1450 5858 esse
1478 5803 1752 5864 sublatum
1787 5827 1800 5866 :
1833 5811 1926 5866 sed
1956 5813 2006 5868 in
2118 5815 2451 5874 flietionibus
2484 5827 2672 5887 pinnas
2695 5810 2813 5868 luit.
2852 5808 3000 5867 Deus
3025 5808 3204 5868 bonus
3232 5815 3338 5878 est,
3368 5805 3518 5864 Deus
3535 5807 3746 5882 justus
