3926 6290
221 330 300 395 369
1072 332 1406 393 EPISTGLA
1448 331 1713 391 XXXV“.
1754 328 1847 389 DE
1882 331 2171 393 DRIGINE
2212 334 2598 395 ANIMARUM.

3386 344 3497 402 270

216 463 299 521 est,
330 453 471 508 Deus
501 452 848 523 omnipotens
874 458 960 508 est
993 466 1009 511 :
1035 451 1142 508 hoc
1171 452 1419 507 dubitare
1442 453 1664 507 omnino
1694 451 1788 507 de-
1820 450 1868 512 Δ
1900 453 2310 510 confirmatione
2337 454 2621 511 doctrinae.
2650 454 2762 512 Nec
2792 455 2923 512 illud
2952 457 3097 527 quod
3140 456 3195 513 in
3224 458 3496 517 Ecclesia-

220 546 388 603 mentis
432 555 542 600 est.
575 544 876 600 Tantmum
907 560 1040 616 ergo
1090 547 1381 612 malorum,
1429 560 1548 616 qum
1578 547 1708 599 fiunt
1734 558 1792 598 tn

221 638 434 712 parvulis
455 652 621 694 causa
662 636 896 695 dicatur.
948 639 1084 694 Nam
1114 654 1241 693 eum
1284 641 1523 708 majores
1566 640 1666 695 ista
1697 654 1793 709 pa-

220 737 412 796 tiantur,
449 732 692 787 solemus
718 732 923 799 direre,
954 741 1047 786 aut
1076 732 1224 787 sicut
1245 732 1297 787 in
1325 731 1428 788 Job
1453 732 1642 787 merita
1666 746 1795 787 exa-

214 826 402 887 minari,
435 835 531 879 aut
565 826 710 879 sicut
738 822 795 878 in
826 822 1043 880 Herode
1088 831 1313 895 peccata
1363 822 1545 894 puniri
1578 838 1594 881 :
1626 833 1681 879 et
1726 823 1795 880 de

212 917 506 989 quihusdam
560 918 853 988 exemplis,
886 932 1010 990 quae
1043 917 1184 973 Deus
1224 916 1514 973 manifesta
1548 931 1670 973 esse
1700 931 1795 972 vo-

211 1012 309 1076 luit,
337 1011 449 1066 alia
479 1025 602 1082 qua:
646 1010 880 1066 obscura
928 1021 1079 1077 sunt,
1135 1011 1416 1066 hominum
1462 1010 1794 1080 conjectura:

211 1104 582 1171 conceduntur,
613 1102 710 1159 sed
742 1104 845 1159 hoc
875 1105 931 1157 in
969 1104 1290 1174 majoribus.
1324 1104 1399 1158 De
1426 1104 1665 1173 parvulis
1694 1118 1791 1157 au-

211 1206 294 1251 tem
320 1194 451 1266 quid
504 1194 961 1266 reSpondcamus,
1017 1197 1294 1261 edissere,
1348 1196 1393 1250 si
1427 1196 1588 1251 tantis
1620 1196 1793 1267 ptenis

210 1290 329 1344 nulla
350 1290 405 1342 in
435 1289 517 1344 eis
545 1298 670 1344 sunt
696 1288 973 1359 punienda
1004 1301 1245 1360 peccata.
1278 1287 1411 1343 Nam
1438 1289 1622 1359 utique
1644 1288 1789 1343 nulla

208 1394 273 1436 εει
301 1384 345 1436 in
369 1382 485 1435 illis
518 1382 778 1436 tetatihus
807 1381 1167 1437 exnmiuanda
1197 1381 1428 1452 justitia.

270 1474 631 1546 Hieronymus.
650 1475 801 1530 Dedit
822 1476 1178 1532 Ecclesiastes
1195 1474 1369 1545 primo
1382 1474 1620 1530 omnium
1643 1490 1791 1528 men-

213 1579 296 1625 tem
321 1585 474 1625 suam
510 1570 577 1625 ad
604 1571 934 1641 sapientiam
965 1568 1373 1641 requirendam,
1406 1578 1461 1624 et
1499 1568 1639 1623 ultra
1666 1568 1789 1623 lici—

208 1674 297 1717 tum
320 1680 380 1719 se
410 1663 745 1730 extendens,
780 1664 951 1718 voluit
981 1679 1172 1719 causas
1204 1663 1553 1733 rationesque
1592 1676 1793 1732 cogno-

204 1772 329 1813 scere
354 1775 369 1810 :
401 1758 586 1824 Quare
611 1757 817 1827 parvuli
863 1757 1280 1829 corriperentur
1309 1773 1339 1813 a
1364 1757 1613 1812 daemone
1640 1775 1653 1811 :
1683 1755 1792 1811 Cur

1896 556 1979 603 ste
2010 549 2269 617 scriptum
2311 558 2397 603 est
2440 566 2452 601 :
2484 547 2631 603 Tum:
2665 558 2988 604 convertetur
3029 551 3082 604 in
3113 560 3301 605 terram
3330 553 3500 625 pulsis

1895 641 2027 694 sicut
2056 641 2175 711 fuit,
2199 649 2247 694 et
2277 648 2556 695 revertetur
2582 642 2794 711 spiritus
2820 642 2890 696 ad
2920 639 3201 697 Dominum
3226 646 3314 715 qui
3356 645 3499 702 dedit

1896 733 2067 800 illum,
2103 735 2262 789 istam
2293 736 2586 790 c0nfirmat
2628 735 2994 801 sententiam,
3039 753 3198 806 quam
3246 739 3496 795 volumus

1895 842 2017 883 esse
2052 838 2316 882 noetram.
2341 828 2467 882 Plus
2494 828 2637 883 enim
2670 828 2775 884 hoc
2804 828 3132 900 suffragatur
3161 831 3259 898 eis,
3291 832 3381 901 qui
3429 849 3494 888 es

1895 940 1999 980 una
2029 935 2222 996 putant
2261 941 2456 982 omnes
2482 940 2606 983 esse
2632 926 2863 982 animas.
2896 927 3029 983 Nam
3059 928 3197 983 sicut
3228 929 3501 984 converti-

1896 1024 2007 1084 tur,
2051 1018 2323 1089 inquiunt,
2358 1019 2534 1090 pulvis
2563 1019 2616 1073 in
2652 1028 2849 1074 terram
2898 1020 3034 1074 sicut
3061 1019 3181 1087 fuit,
3226 1029 3282 1076 et
3314 1028 3498 1076 tamen

1894 1126 2042 1178 caro,
2078 1111 2147 1167 de
2190 1129 2293 1181 qua
2336 1112 2438 1167 hoc
2468 1111 2674 1167 dictum
2724 1124 2828 1175 est,
2859 1112 2925 1167 ad
2959 1112 3233 1169 hominem
3266 1128 3373 1169 non
3408 1129 3498 1171 re-

1892 1207 2143 1275 vertitur,
2178 1223 2241 1261 ex
2275 1222 2381 1278 quo
2419 1215 2715 1280 propagata
2746 1217 2850 1273 est,
2877 1206 2971 1263 sed
3003 1207 3067 1260 ad
3099 1216 3301 1263 terram
3349 1208 3496 1263 unde

1894 1304 2103 1373 primus
2153 1302 2315 1358 homo
2359 1303 2533 1357 factus
2587 1312 2670 1357 est
2709 1302 2831 1361 :sic
2879 1309 2935 1357 et
2973 1301 3195 1371 spiritus
3226 1316 3289 1357 es
3324 1300 3498 1371 ipsius

1895 1398 2059 1453 unius
2091 1398 2286 1467 spiritu
2318 1408 2673 1468 propagatus,
2708 1413 2813 1452 non
2846 1407 3026 1452 utincn
3058 1397 3123 1452 ad
3152 1414 3273 1453 cum
3313 1414 3501 1454 rever-

1897 1496 2050 1555 titur,
2081 1493 2176 1548 sed
2208 1492 2274 1547 ad
2307 1492 2624 1559 Dominum,
2655 1509 2686 1547 a
2717 1507 2824 1563 quo
2858 1493 2935 1547 illi
2970 1494 3127 1548 datus
3154 1503 3257 1549 est.
3295 1493 3498 1550 Verum

1894 1588 2022 1659 quia
2056 1587 2157 1642 hoc
2186 1588 2555 1643 testiinonium
2588 1588 2660 1642 ita
2689 1602 2785 1657 pro
2810 1586 2927 1642 istis
2956 1596 3138 1653 sonat,
3171 1597 3357 1642 utnon
3379 1602 3499 1642 om-

1897 1684 2029 1736 nino
2062 1681 2473 1751 huicopinioni,
2500 1695 2663 1750 quam
2689 1680 2904 1735 defendi
2933 1681 3081 1744 volo,
3112 1680 3357 1753 videatur
3378 1695 3500 1738 esse

1897 1775 2236 1829 contrarium
2266 1792 2279 1828 :
2311 1773 2711 1829 admonendam
2763 1783 2972 1829 tantum
3023 1773 3234 1829 credidi
3268 1773 3505 1843 pruden-

206 1851 456 1923 uaufragia
485 1852 734 1923 etjustos
755 1852 951 1923 impios
970 1852 1176 1922 pariter
1193 1852 1550 1907 absorberent
1569 1850 1785 1907 :Utrum

1898 1866 2023 1921 tiam
2060 1878 2241 1933 Illam,
2289 1882 2357 1922 ne
2402 1865 2601 1922 talibus
2646 1865 2972 1921 testimoniis
3013 1881 3081 1921 es
3114 1866 3196 1921 his
3237 1866 3500 1936 angustiis

203 1954 246 1998 et
268 1945 370 2000 hac
404 1958 459 1998 et
490 1946 573 2000 his
610 1944 810 2000 similia
833 1960 962 2000 casu
993 1946 1295 2011 evenirent,
1331 1950 1398 1999 an
1427 1944 1632 2014 judicio
1655 1944 1788 2000 Dei?

203 2035 316 2091 Etsi
340 2051 510 2101 casn,
542 2037 641 2093 ubi
670 2037 1049 2108 providentia?
1079 2038 1136 2094 Si
1173 2037 1417 2109 judicio,
1453 2038 1544 2093 ubi
1578 2035 1787 2108 justitia

201 2127 279 2183 Dei
290 2129 312 2183 3

256 2219 597 2291 Augustinus.
631 2221 774 2278 Doce
803 2222 993 2294 igitur,
1026 2221 1153 2293 quid
1178 2222 1386 2293 dicere,
1426 2221 1556 2294 quid
1583 2221 1789 2277 sentire

198 2313 488 2382 debeamus,
516 2325 573 2370 ut
596 2325 813 2371 constet
836 2318 994 2372 nobis
1013 2317 1155 2372 ratio
1178 2332 1439 2373 novarum
1456 2319 1785 2383 animarum,

194 2406 399 2477 singulis
429 2410 759 2478 corporibus
787 2410 1217 2480 singulatimque
1242 2412 1529 2466 factarum.

257 2501 621 2575 Hieronymus.
649 2503 869 2560 Videris
897 2504 1031 2559 mihi
1061 2504 1361 2561 obliviosus
1382 2519 1528 2571 esse,
1559 2514 1612 2561 et
1633 2504 1788 2575 quasi

195 2596 309 2651 nihil
335 2613 503 2668 supra
534 2598 744 2654 dictum
774 2602 867 2665 sit,
915 2604 1013 2669 per
1045 2597 1267 2654 easdem
1292 2598 1674 2669 disputationis
1702 2613 1792 2653 re-

192 2693 309 2746 verti
341 2693 521 2750 lineas
552 2711 566 2748 :
603 2693 707 2749 hoc
737 2695 882 2750 enim
912 2694 1073 2766 longa
1114 2694 1444 2751 dissertione
1474 2692 1787 2750 discussum

189 2794 276 2839 est.

250 2876 587 2949 Augustinus.
628 2879 1009 2937 Damnationis
1048 2881 1105 2937 in
1147 2875 1417 2951 parvulos.
1441 2895 1659 2935 causam
1702 2895 1793 2936 res

185 2968 366 3037 quire:
400 2973 522 3042 quia
558 2989 736 3044 neque
776 2976 1108 3044 animarum,
1141 2978 1188 3030 si
1220 2991 1373 3031 novae
1400 2976 1536 3031 fiunt
1565 2974 1794 3046 singulis

188 3064 428 3135 singulas,
461 3066 626 3122 video
671 3078 795 3123 esse
823 3068 993 3125 ullum
1028 3073 1081 3124 in
1130 3071 1231 3126 hac
1275 3080 1437 3126 aetate
1478 3080 1790 3141 peccatum,

187 3171 277 3211 nec
300 3174 330 3211 a
362 3159 479 3214 Dea
507 3159 758 3215 damnari
789 3162 1025 3233 aliquam
1069 3162 1262 3229 credo,
1296 3177 1459 3234 quam
1490 3162 1637 3218 videt
1669 3163 1788 3217 nul-

190 3247 285 3304 lum
310 3249 517 3307 habere
543 3262 849 3324 peceatum.
876 3254 959 3309 An
993 3254 1133 3311 forte
1156 3253 1446 3310 dicendum
1464 3262 1566 3321 est,
1594 3254 1647 3309 in
1670 3269 1786 3323 par-

191 3344 307 3396 vulo
350 3356 580 3399 carnem
628 3346 802 3400 solam
852 3360 976 3402 esse
1022 3345 1277 3417 peccati:
1309 3360 1506 3401 novam
1554 3361 1684 3401 vero
1716 3345 1791 3400 illi

183 3438 403 3493 animam
438 3438 589 3507 ﬂeri,
618 3454 726 3509 qua
750 3439 1049 3497 secundum
1076 3440 1169 3496 Dei
1194 3449 1463 3512 pracepta
1490 3440 1706 3495 vivente
1737 3438 1789 3493 in

181 3528 441 3600 sdjutorio
486 3534 679 3602 gratiae
722 3530 948 3601 Christi,
1001 3544 1055 3589 et
1101 3532 1207 3603 ipsi
1255 3534 1404 3588 carni
1443 3531 1699 3588 edomita!
1726 3545 1789 3587 ac

181 3616 467 3697 subjugatre
506 3628 677 3696 posslt
706 3626 1139 3699 incorruptionis
1166 3629 1421 3684 meritum
1443 3643 1787 3700 comparare.

242 3718 627 3792 Hieronymus.
687 3722 885 3779 Demus
934 3732 1158 3795 operam
1222 3734 1280 3779 ut
1328 3724 1785 3793 perniciosissima

182 3810 397 3873 hrresis
428 3818 500 3872 de
544 3817 790 3873 EccleSia
822 3817 1124 3882 auferatur,
1156 3832 1279 3888 qua:
1323 3833 1540 3889 semper
1568 3817 1788 3873 simulat

179 3911 573 3980 penitentiam,
599 3920 661 3967 ιιι
687 3911 924 3967 docendi
956 3912 1010 3966 in
1044 3910 1305 3967 Eeclesiis
1336 3911 1531 3968 habeat
1560 3910 1785 3965 faculta-

180 4008 296 4065 tem.
345 4018 418 4059 ne
447 4004 494 4059 si
525 4013 715 4073 aperta
768 4018 828 4060 se
871 4004 993 4061 luce
1024 4003 1350 4076 prodiderit,
1384 4006 1530 4061 foras
1559 4002 1785 4075 expulsa

178 4096 454 4151 morietur.

240 4189 591 4260 Augustinus.
629 4188 935 4258 Quaerenda
967 4202 1131 4245 causa
1170 4198 1331 4260 atque
1376 4187 1653 4243 reddenda
1679 4195 1783 4254 est,

176 4290 335 4353 quare
363 4284 705 4340 damnentur
730 4286 947 4348 animm,
978 4300 1099 4356 qua:
1125 4298 1278 4341 novre
1299 4293 1558 4340 creantur
1597 4284 1785 4353 singu-

175 4376 234 4431 lis
261 4380 576 4451 quibusQue
624 4378 1003 4445 nascentibus,
1054 4380 1097 4434 si
1130 4390 1326 4450 praeter
1370 4376 1569 4434 Christi
1599 4392 1785 4433 sacra-

173 4482 411 4528 mentum
444 4474 654 4545 parvuli
681 4474 1006 4529 moriantur.
1041 4473 1293 4529 Damnari
1315 4473 1459 4529 enim
1492 4488 1604 4539 eas,
1641 4470 1686 4525 si
1708 4470 1785 4524 sic

170 4566 233 4621 de
258 4582 505 4639 corpore
533 4566 811 4633 exierunt,
845 4579 900 4622 et
926 4577 1112 4623 sancta
1159 4567 1471 4637 Scriptura,
1514 4574 1573 4621 et
1598 4576 1781 4618 sancta

171 4668 247 4714 cst
276 4664 439 4717 testis
470 4662 745 4718 Ecclesia.
778 4661 931 4718 Unde
959 4661 1047 4716 illa
1080 4660 1149 4716 de
1177 4662 1482 4717 animarum
1516 4673 1776 4713 novarum

170 4758 449 4813 creatione
471 4758 767 4824 sententia,
792 4757 837 4812 si
867 4756 1007 4812 hanc
1033 4756 1190 4812 fidem
1213 4753 1645 4811 fundatissimam
1672 4768 1777 4809 non

171 4860 479 4919 oppugnat,
514 4851 585 4905 sit
612 4858 667 4906 et
697 4865 817 4906 mea
850 4866 864 4903 :
898 4851 942 4905 si
975 4858 1281 4922 oppugnat,
1317 4866 1425 4905 non
1472 4850 1537 4904 sit
1583 4856 1639 4905 et
1665 4858 1777 4905 tua.

168 4936 293 4995 Nolo
341 4940 485 4997 mihi
534 4932 747 4999 dicatur
779 4958 880 5015 pro
931 4941 1031 4997 hac
1062 4940 1331 4997 sententia
1382 4940 1581 4997 debere
1607 4940 1780 5011 accipi

167 5035 303 5101 quod
356 5038 627 5106 scriptum
676 5048 760 5093 est
809 5055 823 5093 :
862 5040 961 5108 Qui
1010 5041 1161 5110 finxit
1205 5040 1446 5113 spiritum
1478 5038 1695 5095 hominis
1727 5039 1781 5095 in

166 5127 293 5194 ipso,
314 5137 369 5183 et
393 5130 487 5195 qui
510 5131 659 5203 fingit
686 5131 991 5204 singillatim
1016 5133 1176 5188 cordd
1204 5150 1401 5189 eorum.
1434 5133 1648 5203 Aliquid
1669 5134 1779 5191 for-

168 5221 443 5277 ti-sirnnm
466 5230 627 5295 atque
651 5224 1069 5282 invictissimum
1092 5228 1477 5298 requirendum
1500 5239 1603 5295 est,
1631 5228 1777 5300 quod

166 5324 260 5369 nos
289 5328 409 5370 non
445 5325 602 5386 eugat
625 5316 792 5372 Deum
814 5319 1043 5375 credere
1069 5319 1301 5376 ullarum
1326 5320 1629 5378 animarum
1659 5323 1779 5378 sine

166 5406 325 5477 culpa
370 5409 553 5478 aliqua
587 5409 981 5467 danimtorem.
1014 5410 1147 5469 Nam
1177 5414 1265 5468 vel
1298 5414 1632 5470 tantumdem
1683 5433 1777 5471 va-

166 5500 254 5560 let.
280 5502 369 5555 vel
418 5503 539 5570 plus
568 5513 650 5557 est
685 5504 911 5560 forsitan
939 5520 1128 5563 creare
1154 5523 1313 5577 quam
1346 5508 1546 5580 ﬁngere
1571 5526 1585 5563 :
1611 5519 1663 5564 et
1695 5518 1775 5564 ta-

166 5608 282 5651 men
312 5599 431 5653 seri
446 5606 587 5667 ptum
612 5610 695 5656 est
713 5618 724 5654 :
741 5598 843 5657 Cor
863 5600 1115 5657 mundum
1134 5616 1251 5659 creo
1278 5604 1331 5658 in
1359 5621 1457 5671 me,
1478 5600 1635 5659 Deus.
1666 5602 1782 5661 Nec

164 5687 284 5742 ideo
314 5692 507 5761 putari
541 5698 722 5762 potest
751 5696 931 5751 anima
989 5695 1090 5751 hoc
1146 5695 1267 5751 loco
1315 5706 1505 5768 optare
1554 5714 1613 5754 se
1662 5698 1781 5753 fieri

165 5779 497 5853 priusquam
525 5782 728 5855 aliquid
778 5796 944 5843 esset.
993 5787 1147 5845 Sicut
1195 5804 1325 5859 ergo
1372 5788 1484 5860 jam
1539 5790 1783 5847 existens

163 5878 395 5932 creator
426 5874 775 5935 innovatione
792 5874 1040 5950 iustitiae,
1072 5881 1148 5938 sic
1163 5880 1277 5953 jam
1298 5882 1537 5940 existens
1561 5882 1781 5958 fingitur

1892 1974 1979 2014 me
2008 1962 2226 2013 coneris
2257 1974 2474 2013 eruere.
2508 1959 2640 2013 Nam
2673 1959 2798 2013 licet
2842 1972 3001 2014 nemo
3047 1957 3211 2012 faciat
3237 1956 3499 2027 optando,

1890 2060 1949 2105 ut
1978 2066 2165 2106 verum
2188 2050 2257 2104 sit
2277 2049 2421 2119 quod
2452 2065 2637 2104 verum
2664 2066 2769 2104 non
2800 2059 2903 2115 est,
2935 2057 3116 2105 tamen
3148 2051 3192 2104 si
3225 2050 3343 2103 fteri
3374 2064 3502 2118 pos-

1890 2151 1991 2210 set,
2027 2152 2273 2211 optarem
2308 2149 2368 2196 ut
2397 2140 2513 2197 haec
2534 2142 2802 2197 sententia
2832 2157 2962 2196 vera
2982 2152 3157 2208 esset,
3183 2142 3325 2196 sicut
3346 2150 3499 2212 opto,

1891 2248 1949 2291 nt
1978 2237 2026 2292 si
2055 2251 2182 2291 vera
2217 2244 2324 2301 est,
2354 2236 2450 2290 abs
2478 2244 2531 2291 te
2562 2234 2923 2306 liquidissitne
2946 2245 3109 2305 atque
3139 2234 3501 2291 invictissime

1892 2331 2238 2387 defendatur.

1964 2424 2339 2496 Hieronymus.
2373 2424 2711 2496 Proposuisti
2757 2424 3065 2480 testimonia
3087 2466 3101 2491 ,
3143 2442 3264 2497 qua:
3292 2443 3402 2481 non
3432 2426 3503 2483 de

1892 2519 2119 2574 alterius
2151 2519 2453 2586 Scriptura:
2496 2518 2641 2586 loco,
2678 2519 2771 2572 sed
2803 2518 2870 2573 de
2900 2518 3136 2588 propriis
3166 2519 3320 2573 libris
3342 2519 3503 2575 abso-

1892 2611 2004 2668 luta
2055 2620 2227 2669 sunt:
2261 2612 2569 2667 Revertatur
2599 2612 2766 2685 pulvis
2813 2614 2866 2666 in
2899 2625 3088 2667 terram
3134 2616 3316 2679 suam,
3365 2615 3503 2670 unde

1891 2714 2127 2774 sumptus
2172 2714 2246 2759 est
2280 2722 2298 2759 :
2325 2715 2371 2760 et
2400 2706 2615 2773 spiritus
2638 2713 2925 2760 reuertatur
2964 2705 3034 2759 ad
3072 2704 3379 2775 Dominum,
3412 2708 3503 2779 qui

1894 2795 2035 2849 dedit
2064 2794 2237 2848 illum.
2276 2797 2352 2849 Ex
2384 2811 2494 2866 quo
2520 2796 2655 2850 satis
2702 2801 2832 2851 sunt
2862 2795 3117 2863 ridendi,
3166 2800 3258 2868 qui
3311 2807 3504 2869 putant

1895 2891 2105 2944 animas
2150 2906 2272 2945 cunt
2306 2891 2628 2960 corporibus
2653 2890 2807 2957 fieri,
2839 2902 2895 2947 et
2938 2908 3046 2947 non
3075 2907 3106 2947 a
3137 2893 3273 2963 Deo,
3317 2895 3413 2950 sed
3464 2911 3495 2950 ιι

1895 2996 2183 3052 corporum
2216 2993 2462 3052 parente.
2492 2982 2625 3038 Cum
2653 2985 2797 3039 enim
2826 3000 2955 3040 caro
2981 2995 3289 3041 revertatur
3311 2987 3363 3041 in
3388 2994 3501 3043 tur-

1896 3088 2013 3129 ram
2038 3114 2052 3139 ,
2084 3083 2141 3129 et
2167 3075 2394 3145 spiritus
2431 3074 2620 3131 redeat
2648 3075 2718 3131 ad
2754 3077 2921 3133 Deum
2969 3078 3063 3149 qui
3106 3078 3256 3135 dedit
3304 3078 3458 3135 illum
3482 3122 3499 3149 ,

1898 3169 2246 3225 manifestum
2273 3178 2359 3226 est
2381 3170 2549 3228 Deum
2582 3183 2866 3242 parentem
2890 3187 3014 3229 esse
3037 3174 3364 3243 animarum,
3394 3180 3501 3232 non

1898 3262 2167 3319 homines.

1968 3355 2310 3427 Augustinus.
2341 3353 2495 3413 Illam
2526 3372 2660 3413 vero
2687 3356 3002 3427 opinionem
3027 3396 3042 3423 ,
3092 3357 3238 3427 quod
3281 3374 3350 3413 ex
3402 3373 3507 3415 una

1896 3446 2027 3504 ﬁant
2055 3464 2248 3506 omnes
2279 3450 2500 3515 animus,
2532 3467 2632 3506 nec
2658 3450 2935 3507 discutere
2976 3450 3102 3507 volo
3141 3452 3245 3509 nisi
3277 3468 3504 3511 necesse

1892 3545 1985 3596 sit.
2015 3540 2194 3612 Atque
2232 3543 2435 3598 utinam
2478 3544 2577 3599 ista
2624 3544 2692 3601 de
2722 3560 2828 3615 qua
2858 3561 3005 3603 nunc
3032 3548 3263 3618 agimus,
3300 3548 3345 3603 si
3376 3563 3502 3603 vers

1891 3642 1997 3700 est,
2035 3632 2113 3688 sic
2141 3633 2241 3689 abs
2272 3643 2323 3689 te
2366 3632 2711 3702 defendatur,
2746 3645 2801 3691 ut
2834 3637 2937 3692 hoe
2968 3653 3194 3693 necesse
3233 3638 3345 3709 jam
3394 3654 3501 3695 non

1891 3724 1983 3778 sit.
2014 3724 2275 3792 Quamvis
2296 3734 2476 3781 autem
2508 3726 2849 3798 desiderem,
2882 3743 3093 3799 rogem,
3123 3731 3263 3785 votis
3306 3730 3507 3788 arden-

1891 3815 2122 3874 tioribus
2148 3826 2399 3886 exuptetn
2427 3828 2482 3874 et
2510 3830 2848 3889 exspectem,
2880 3830 2938 3875 ut
2962 3838 3059 3890 per
3082 3830 3135 3877 te
3156 3820 3285 3877 mihi
3319 3822 3510 3878 Darni-

1894 3924 1997 3965 nus
2029 3909 2188 3980 hujus
2216 3908 2299 3966 rei
2323 3909 2539 3966 auferat
2573 3910 2933 3981 ignorantiam
2969 3930 2982 3965 :
3018 3919 3219 3978 tamen,
3252 3913 3322 3978 si,
3356 3913 3503 3982 quod

1890 4000 2053 4070 absit,
2075 4002 2300 4059 minime
2326 4017 2600 4073 meruero,
2632 4003 2948 4075 patientiam
2973 4003 3110 4061 mihi
3136 4011 3316 4076 petam
3340 4020 3371 4059 a
3392 4006 3501 4064 Do-

1892 4094 2040 4149 tnitto
2064 4105 2270 4150 nostro.
2526 4082 2529 4085 δ

1962 4187 2337 4259 Hieronymus.
2370 4189 2529 4246 Juxta
2561 4188 2780 4246 beatum
2811 4192 3171 4263 Apostolum:
3202 4192 3494 4267 Unusquis-

1891 4300 1989 4354 que
2027 4283 2080 4337 iu
2108 4300 2203 4337 suo
2229 4300 2377 4338 sensu
2408 4284 2673 4353 abundat,-
2700 4286 2837 4341 alius
2862 4288 3068 4359 quidem
3098 4290 3193 4354 sic,
3225 4289 3359 4343 alius
3403 4306 3500 4345 uu-

1894 4386 1991 4431 tem
2015 4377 2108 4431 sic.
2134 4374 2293 4432 Certe
2321 4376 2581 4448 quidquid
2604 4377 2707 4433 dici
2735 4380 2928 4449 potuit,
2954 4391 3011 4435 et
3034 4379 3256 4436 sublimi
3283 4381 3501 4453 ingenio

1892 4470 1961 4524 de
1993 4468 2392 4540 Scripturarum
2426 4480 2735 4527 sanctarum
2780 4469 2984 4527 hauriri
3035 4471 3311 4543 fontibus,
3362 4488 3392 4528 a
3450 4482 3503 4529 to

1895 4566 2130 4636 positum
2158 4566 2627 4636 atquedisserium
2654 4572 2758 4621 est.
2793 4565 2900 4621 Sed
2929 4580 3116 4637 quaeso
3136 4568 3497 4624 reverentiam

1890 4658 2016 4732 [ΑΙ.
2074 4656 2495 4729 verecundiam]
2562 4670 2729 4724 litant,
2796 4673 3087 4729 parumper
3135 4658 3353 4730 patiaris
3407 4676 3495 4716 me

1892 4762 2041 4806 tuum
2073 4752 2292 4806 laudare
2337 4752 2633 4819 ingenium.
2665 4751 2774 4806 Nos
2805 4753 2949 4808 enim
2996 4754 3137 4810 inter
3181 4770 3279 4809 nos
3308 4753 3494 4809 erudi-

1891 4844 2055 4900 tionis
2084 4859 2251 4898 causa
2278 4842 2612 4900 disserimus.
2647 4846 2915 4902 Caeterum
2944 4848 3149 4915 tumuli,
3182 4859 3235 4905 et
3259 4848 3495 4903 maxime

1893 4936 2158 5004 haeretici,
2192 4942 2315 4992 eum
2357 4937 2603 4993 diversas
2626 4926 2767 4993 inter
2790 4954 2890 4994 nos
2914 4940 3212 4995 sententias
3235 4938 3491 5010 viderint,

1891 5033 1957 5088 de
1989 5032 2154 5086 animi
2206 5030 2679 5086 ealnmtiiabuntur
2726 5048 2952 5087 rancore
2978 5032 3333 5089 deswndere.
3366 5028 3495 5090 Mihi

1890 5135 2070 5182 autem
2099 5126 2375 5181 decretum
2421 5134 2505 5180 est
2533 5135 2587 5182 te
2628 5142 2832 5196 amare,
2864 5128 3142 5196 suspicere
3180 5123 3287 5199 [Αι.
3324 5131 3498 5185 susci-

1894 5219 2067 5292 pere],
2090 5217 2291 5286 colere,
2324 5218 2530 5285 mirari,
2564 5225 2763 5289 tuaque
2803 5217 2943 5273 dicta
2972 5220 3126 5291 quasi
3158 5236 3278 5278 mea
3307 5220 3492 5279 defen—

1890 5316 2039 5375 dere.
2978 5364 2987 5373 ,

1963 5410 2299 5481 Augustinus.
2331 5398 2433 5478 Qui
2456 5409 2664 5464 animas
2685 5424 2748 5465 ex
2775 5424 2876 5464 una
2903 5411 3187 5483 propagari
3218 5421 3486 5479 asserunt,

1889 5514 2048 5578 quam
2084 5506 2223 5561 Deus
2246 5505 2449 5560 homini
2486 5505 2655 5575 primo
2686 5505 2854 5573 dedit,
2891 5519 3053 5579 atque
3082 5492 3153 5563 ita
3184 5524 3277 5563 eas
3300 5522 3365 5561 ex
3390 5522 3485 5577 pa-

1888 5602 2138 5658 retttibt'ts
2168 5599 2306 5656 trahi
2354 5600 2560 5666 dicunt,
2601 5599 2646 5656 si
2686 5597 3007 5657 Tertulliani
3040 5602 3348 5679 opinionem
3395 5614 3484 5655 se-

1888 5700 2149 5765 quuntur,
2180 5693 2421 5763 profecto
2446 5707 2540 5747 eas
2570 5707 2677 5747 non
2710 5696 2954 5764 spiritus,
2987 5692 3081 5746 St'ti
3110 5708 3337 5765 coipura
3365 5707 3488 5749 esse

1888 5776 2255 5853 centcndnnt,
2304 5795 2357 5844 et
2387 5787 2718 5859 corpulentis
2760 5788 3061 5844 seminibus
3086 5785 3289 5846 exoriri
3334 5800 3347 5843 :
3381 5796 3491 5863 quo

1890 5880 2209 5956 perversius
2231 5880 2359 5954 quid
2394 5890 2573 5953 potest
2601 5874 2743 5938 dicit
