3926 6290
412 342 518 403 27‘1

1453 331 1512 391 S.
1553 322 1929 387 IIIERONYMI
1973 319 2259 380 OPERUM
2299 321 2662 381 MANTISSA.

3600 316 3710 375 θη

436 490 439 491 ν
483 460 857 531 Hieronymus.
882 456 985 525 Qui
1016 453 1207 511 dicunt
1244 452 1396 524 prius
1421 451 1629 505 animas
1658 447 1823 503 fuisse
1851 456 2012 515 quam
2040 440 2096 503 Α
2121 439 2453 497 habebamus
2467 440 2611 496 unde
2631 438 2961 506 viveremus,
2985 436 3206 495 neciste
3220 437 3362 496 unde
3378 445 3703 505 moreretur.

410 563 556 611 natae
587 563 736 622 sunt,
753 563 934 609 etnon
958 550 1172 620 corpori
1199 548 1496 605 secundum
1517 542 1824 612 exemplum
1848 536 2007 611 primi

412 648 653 704 hominis
683 662 711 701 a
744 647 856 702 Deo
887 642 1129 714 quotidie
1150 642 1288 711 fieri,
1313 639 1597 695 anathema
1629 637 1759 691 sint.

487 742 828 816 Augustinus.
854 738 986 805 Quis
1014 746 1172 809 negat
1197 749 1306 790 non
1330 735 1487 790 unius
1520 741 1747 795 tantum,
1771 726 1864 783 sed
1894 740 2010 780 om.

415 838 499 893 nis
544 837 736 891 anima:
777 842 1077 890 creatorem
1126 831 1493 898 factoremque
1525 828 1724 893 Deum,
1768 822 1873 877 nisi
1919 819 2010 890 qui

414 931 533 1000 ejus
554 927 782 999 eloquiis
805 925 1149 997 apertissime
1166 921 1500 994 refragatur?
1522 919 1655 975 Sine
1681 917 1788 972 ulla
1812 916 2010 984 quippe

416 1020 768 1092 ambiguitate
789 1035 886 1089 per
909 1017 1225 1090 prophetam
1254 1016 1389 1071 dixit
1414 1034 1425 1068 :
1457 1016 1671 1067 Omnem
1706 1012 1889 1081 [latum
1915 1024 2009 1078 ego

415 1115 535 1185 feci,
562 1114 770 1169 animas
794 1113 1004 1169 scilicet
1031 1111 1256 1179 intelligi
1280 1110 1490 1165 volens.
1661 1166 1664 1169 ,

489 1205 860 1278 Hieronymus.
910 1206 1171 1260 Dominus
1212 1202 1264 1257 in
1298 1200 1592 1271 Evmgelio
1628 1221 1640 1255 :
1681 1197 1883 1263 Videte,
1929 1196 2011 1251 in-

410 1303 546 1373 quit,
576 1317 638 1356 ne
666 1300 1001 1356 contemnatis
1030 1314 1192 1354 unum
1230 1314 1292 1351 ea;
1320 1296 1401 1349 Itis
1442 1293 1670 1365 pusillis.
1714 1291 1846 1345 Dico
1874 1291 2009 1344 enim

412 1395 577 1464 vobis,
616 1395 739 1466 quia
767 1394 938 1462 angeli
964 1409 1139 1447 eorum
1168 1408 1368 1460 semper
1396 1389 1569 1444 vident
1607 1387 1789 1457 [aciem
1834 1385 2011 1440 Patris

411 1491 515 1542 mei
560 1490 645 1558 qui
688 1489 743 1543 in
784 1488 922 1542 caelis
965 1496 1059 1541 est.
1090 1487 1278 1556 Magna
1308 1483 1539 1552 dignitas
1578 1482 1901 1547 animarum,
1956 1487 2013 1532 ut

412 1598 754 1653 unaquzequc
796 1582 992 1636 habeat
1020 1580 1088 1635 ab
1123 1589 1249 1634 ortu
1282 1576 1575 1633 nativitatis
1608 1576 1662 1630 in
1709 1574 2009 1631 custodiam

412 1676 497 1731 sui
537 1674 788 1745 angelum
821 1674 1184 1744 designatum.
1214 1670 1464 1727 Sufficiat
1506 1669 1665 1724 nobis
1712 1678 2008 1723 memorata

411 1769 709 1824 credulitas
747 1787 759 1822 :
790 1778 845 1824 et
877 1778 1057 1823 nostra
1090 1768 1305 1823 tandem
1349 1766 1567 1821 ﬁniatur
1609 1762 1804 1818 oratio.
1841 1760 2007 1827 Ecce,

2112 532 2390 588 Materiam
2419 549 2548 604 ergo
2579 533 2646 588 de
2668 542 2856 588 uestra
2887 533 3219 588 mortalitate
3247 532 3487 603 suscepit
3509 574 3526 601 ,
3550 541 3611 587 ut
3640 533 3710 589 de

2110 638 2203 678 sua
2236 625 2647 679 immortalitate
2676 624 2899 691 collata,
2927 625 3063 680 mori
3097 624 3267 695 possit
3294 627 3401 680 vita
3434 639 3533 695 pro
3563 640 3711 680 mor-

2111 718 2237 771 tuis.
2270 719 2336 772 Et
2361 719 2485 788 quia
2518 733 2719 788 corpus
2763 726 3106 787 assumptum
3152 716 3434 773 ablaturus
3469 725 3593 772 erat
3635 716 3707 772 ab

2111 810 2284 865 oculis
2326 812 2527 868 nostris
2552 853 2568 878 ,
2615 819 2671 867 et
2695 810 2970 867 sideribus
2998 810 3254 865 illaturus
3280 850 3297 877 ,
3332 812 3707 867 necessarium

2108 912 2258 971 erat,
2304 914 2361 959 ut
2391 905 2551 960 nobis
2581 906 2636 959 in
2668 904 2773 960 hac
2812 904 2899 959 die
2926 914 3333 960 sacramentum
3371 905 3624 974 corporis
3652 914 3710 960 et

2110 999 2392 1069 sanguinis
2421 998 2505 1055 sui
2534 1008 2887 1056 consecraret
2908 1041 2924 1066 ,
2964 1008 3022 1054 ut
3056 999 3337 1055 coleretur
3362 998 3448 1054 vel
3468 998 3670 1070 jugiter
3689 1039 3708 1067 ,

2105 1088 2228 1159 jure
2256 1107 2352 1162 per
2380 1092 2703 1163 mySIerium
2734 1092 2877 1162 quod
2907 1092 3079 1148 semel
3106 1092 3449 1148 offerebatur
3487 1092 3539 1146 in
3580 1107 3712 1163 pre-

2110 1185 2242 1240 tium
2270 1204 2284 1251 ;
2320 1195 2376 1242 ut
2408 1188 2532 1259 quia
2563 1186 2876 1257 quotidiana
2908 1196 2965 1244 et
3002 1186 3277 1243 indefessa
3319 1186 3579 1243 currebat
3610 1202 3712 1258 pro

2112 1278 2392 1336 hominum
2417 1280 2587 1335 salute
2614 1278 2937 1349 redemptio,
2974 1291 3230 1350 perpetua
3263 1289 3410 1335 esset
3431 1280 3595 1334 etiam
3622 1293 3713 1335 re-

2110 1375 2438 1445 demptionis
2470 1376 2710 1441 oblatio,
2736 1384 2793 1431 et
2824 1376 3081 1446 perennis
3108 1375 3197 1430 illa
3228 1374 3463 1439 victima,
3497 1374 3715 1429 viveret

2111 1470 2164 1525 in
2194 1472 2477 1537 memoria,
2510 1480 2566 1525 et
2593 1485 2832 1540 przesens
2861 1485 3081 1541 semper
3101 1480 3248 1525 esset
3268 1469 3322 1524 in
3345 1469 3539 1540 gratia.
3565 1466 3713 1524 Vera

2110 1569 2268 1623 unica
2298 1577 2352 1623 et
2377 1566 2617 1638 perfecta
2650 1567 2855 1634 hostia,
2888 1566 2995 1622 fide
3022 1565 3408 1635 existimanda,
3444 1580 3554 1619 non
3579 1578 3711 1635 spe-

2113 1661 2196 1716 cie
2230 1678 2243 1714 :
2278 1676 2379 1716 nec
2407 1661 2696 1717 exterioris
2721 1661 2992 1717 censenda
3017 1660 3135 1715 visu
3166 1657 3417 1723 hominis,
3443 1657 3535 1713 sed
3564 1657 3711 1713 inte-

2110 1754 2275 1809 rioris
2303 1754 2521 1810 aﬂ‘ectu.
2565 1753 2721 1810 Unde
2753 1756 2954 1809 merito
2989 1753 3234 1809 ctelestis
3260 1751 3547 1807 conﬁrmat
3579 1765 3714 1805 aue-

411 1862 527 1917 D:o
555 1860 796 1929 favente,
824 1862 922 1916 feci
952 1862 1096 1929 quod
1128 1859 1411 1931 ﬂagitasti,
1442 1861 1608 1914 immo
1636 1856 1779 1925 quod
1811 1855 1958 1925 potui
1993 1872 2005 1908 :
2038 1831 2088 1891 Β
2115 1847 2327 1912 toritas,
2360 1847 2485 1918 quia
2510 1845 2642 1902 Caro
2672 1864 2785 1902 mea
2813 1863 2930 1902 vere
2955 1856 3029 1902 est
3059 1846 3225 1913 Cibus,
3257 1856 3307 1901 et
3334 1845 3544 1917 sanguis
3565 1861 3713 1900 naeus

410 1956 678 2011 rationem
706 1954 900 2010 anima:
925 1954 1079 2025 juxta
1120 1953 1423 2023 exetnplum
1468 1951 1625 2022 primi
1667 1949 1924 2015 hominis,
1956 1956 2010 2003 et

408 2048 635 2104 verbum
661 2047 959 2104 Salvatoris
989 2063 1020 2103 a
1050 2048 1277 2103 Domino
1308 2047 1421 2102 Deo
1443 2044 1684 2117 quotidie
1707 2043 1825 2099 fieri
1863 2042 2006 2113 jam-

412 2157 521 2210 que
543 2142 776 2199 l‘ormato
803 2142 1179 2213 corporidari,
1205 2152 1484 2210 totumque
1498 2154 1718 2195 cursum
1744 2138 1861 2207 ejus
1881 2136 2009 2191 bre-

409 2235 553 2290 viter
582 2235 730 2302 licet,
763 2234 993 2290 saltibus
1017 2236 1219 2305 potius,
1248 2235 1291 2288 si
1323 2232 1427 2287 diei
1458 2233 1539 2287 fas
1563 2241 1669 2296 est,
1697 2245 1857 2301 quam
1886 2242 2007 2297 pas-

408 2328 564 2383 sibus
593 2343 693 2398 pro
735 2328 1081 2384 festinatione
1125 2327 1190 2382 ad
1226 2328 1389 2383 linem
1418 2340 1587 2396 usque
1616 2323 1843 2394 perduxi
1873 2341 1885 2376 :
1921 2331 2005 2377 at-

411 2435 519 2491 que
549 2436 650 2491 pro
674 2422 937 2476 tenuitate
966 2420 1226 2491 ingenioli
1250 2421 1352 2474 tnei
1380 2435 1475 2490 per
1499 2427 1725 2473 cunctos
1749 2415 2006 2471 Ecclesiae

411 2513 724 2583 magistros,
773 2514 1078 2584 prmsertim
1125 2527 1221 2582 per
1249 2512 1383 2566 duos
1416 2509 1759 2580 pinguedinis
1815 2508 2002 2576 libros,

419 2602 781 2674 Augustinum
828 2603 1077 2659 videlicet
1122 2614 1177 2659 et
1207 2603 1593 2675 Hieronymum
1645 2603 2001 2669 assisteutes,

411 2708 578 2751 aureo
608 2695 835 2752 dextera
879 2697 1126 2767 laevaque
1175 2695 1502 2751 candelabro
1524 2739 1539 2763 ,
1572 2698 1744 2752 instar
1774 2697 2002 2757 duorum

411 2787 538 2844 cteli
561 2788 908 2845 luminarium
949 2790 1242 2859 cognitioni
1271 2790 1338 2844 ad
1366 2790 1629 2860 liquidum
1662 2789 1857 2845 tradidi
1895 2808 1907 2843 :
1938 2790 2006 2845 de

408 2884 824 2953 quamplurimis
849 2900 1041 2940 eorum
1069 2884 1368 2954 opusculis,
1412 2900 1509 2939 sua
1540 2884 1619 2940 eis
1646 2885 1833 2939 solerti
1868 2884 2004 2955 vigi-

413 2975 605 3043 lantia,
633 2986 690 3032 et
717 2978 899 3048 sagaci
935 2978 1324 3047 perquisitione
1365 2978 1683 3048 investigata
1715 2978 2003 3033 restituens

405 3067 575 3136 dicta,
621 3069 765 3139 loqui
805 3070 974 3125 veluti
1017 3078 1314 3139 praesentes
1357 3069 1581 3124 alternis
1621 3069 1830 3125 vicibus
1874 3068 1999 3125 feci.

405 3161 546 3228 Quid
577 3170 685 3217 tam
716 3172 949 3231 rectum,
980 3163 1107 3233 quid
1132 3172 1239 3217 tam
1272 3179 1482 3233 verum,
1512 3164 1639 3233 quid
1675 3173 1782 3218 tam
1813 3165 2002 3219 catho-

2110 1956 2224 1994 rere
2251 1950 2324 1995 est
2352 1950 2502 2010 potus
2530 1938 2708 2012 (Joan.
2738 1956 2811 2009 vt,
2844 1939 2959 2010 56).

2181 2033 2246 2087 ll.
2302 2032 2542 2088 Reeedat
2575 2049 2705 2103 ergo
2748 2048 2912 2089 omne
2960 2031 3299 2088 infidelitatis
3347 2030 3661 2103 ambiguum
3691 2072 3709 2099 ,

2110 2125 2550 2196 quanquuidem
2573 2126 2664 2197 qui
2684 2136 2876 2181 auctor
2899 2135 2983 2182 est
3004 2124 3266 2189 muneris,
3298 2123 3417 2191 ipse
3436 2132 3521 2178 est
3538 2122 3710 2178 etiam

2112 2220 2265 2274 testis
2279 2220 2550 2273 veritatis.
2576 2218 2709 2274 Nam
2731 2219 2967 2275 visibilis
2991 2218 3268 2287 sacerdos,
3291 2216 3534 2273 visibiles
3554 2232 3713 2272 erea-

2109 2318 2258 2366 turas
2284 2312 2335 2367 in
2365 2312 2724 2368 substantiam
2754 2314 3003 2384 corporis
3023 2326 3078 2369 et
3097 2313 3374 2384 sanguinis
3398 2313 3508 2375 sui,
3539 2311 3711 2366 verbo

2108 2417 2209 2459 suo
2236 2415 2445 2460 Secreta
2477 2415 2743 2475 potestate
2768 2406 3072 2470 convertit,
3106 2410 3175 2460 lta
3208 2405 3397 2461 dicens
3428 2422 3441 2458 :
3476 2404 3709 2476 Accipite

2108 2508 2157 2549 et
2182 2497 2430 2551 comedite
2454 2539 2468 2565 ,
2513 2497 2609 2551 hoc
2632 2506 2708 2551 est
2730 2514 2915 2571 corpus
2936 2515 3105 2553 meum
3142 2498 3162 2569 (
3194 2496 3344 2550 Matt.
3368 2512 3496 2551 xxvi
3520 2539 3533 2558 ,
3566 2495 3639 2551 26
3662 2493 3706 2567 ).

2107 2589 2175 2644 Et
2204 2590 2632 2646 sanctificatione
2657 2593 2887 2662 repetita
2918 2609 2931 2645 :
2966 2591 3220 2662 Accipite,
3256 2588 3433 2660 inquit
3457 2629 3475 2656 ,
3500 2598 3546 2643 et
3572 2589 3706 2643 bibi-

2109 2692 2190 2749 te,
2225 2682 2309 2738 hic
2344 2693 2418 2739 est
2458 2685 2670 2756 sanguis
2710 2702 2875 2741 meus.
2910 2687 3052 2756 Ergo
3082 2693 3142 2739 ut
3182 2685 3249 2739 ad
3279 2693 3470 2740 nutum
3500 2683 3702 2754 praeci-

2109 2778 2309 2848 pientis
2333 2779 2575 2847 Domini,
2601 2788 2826 2851 repente
2845 2796 2913 2836 ex
2939 2779 3112 2835 nihilo
3141 2779 3502 2835 substiterunt
3523 2777 3709 2834 excel-

2108 2884 2169 2924 sa
2194 2869 2482 2935 caelorum,
2508 2870 2777 2941 profunda
2802 2870 3090 2941 ﬂuctuum,
3116 2880 3268 2926 vasta
3296 2882 3563 2926 terrarum
3588 2886 3604 2924 :
3632 2869 3707 2925 ita

2106 2976 2291 3031 parem
2323 2964 2625 3031 potentiam
2657 2963 2712 3017 in
2741 2946 3116 3033 spiritualibus
3143 2963 3501 3018 sacramentis
3519 2960 3705 3018 verbis

2107 3055 2312 3125 prmbet
2335 3055 2509 3110 virtus
2534 3100 2548 3121 ,
2582 3064 2637 3110 et
2677 3055 2760 3111 rei
2791 3057 2961 3112 servit
2986 3055 3241 3113 effectus.
3272 3055 3486 3123 Quanta
3512 3055 3698 3126 itaque

2106 3156 2163 3203 et
2188 3164 2351 3217 quam
2384 3148 2710 3203 celebranda
2738 3148 2823 3203 vis
2849 3148 3045 3205 divinae
3068 3147 3472 3204 benediCtionis
3496 3161 3702 3217 opere-

402 3254 590 3322 licum,
625 3255 755 3326 quid
797 3256 913 3311 sole
944 3256 1173 3324 clarius,
1205 3257 1271 3311 ad
1315 3257 1723 3313 instructionem
1756 3259 1997 3313 omnium

2112 3246 2234 3295 tur:
2267 3251 2321 3295 et
2349 3241 2627 3311 quomodo
2662 3241 2759 3295 tibi
2806 3256 3004 3297 novum
3046 3250 3101 3297 et
3147 3240 3486 3309 impossibile
3526 3239 3705 3295 videri

404 3349 582 3419 magis
613 3348 778 3419 utile,
809 3349 892 3405 vel
920 3358 1111 3406 contra
1145 3350 1430 3408 hmreticos
1459 3360 1629 3419 certe,
1664 3353 1753 3423 qui
1787 3353 2001 3409 inimica

405 3442 692 3499 adversum
723 3460 823 3501 nos
852 3455 1035 3502 mente
1076 3446 1407 3514 desreviunt,
1454 3448 1581 3518 quid
1615 3458 1722 3502 tam
1770 3449 2003 3518 irrepre-

404 3537 707 3595 hensibile?
734 3539 846 3595 Vos
883 3555 1015 3608 ergo
1043 3541 1434 3596 catholicorum
1465 3543 1704 3597 virorum
1731 3549 2002 3612 praecepta

402 3633 669 3688 tenaciter
693 3632 1057 3703 assequendo,
1086 3632 1222 3703 justi
1250 3633 1519 3701 barredes,
1552 3633 1647 3689 sed
1678 3641 1733 3688 et
1760 3647 2006 3689 necessa-

404 3724 476 3780 rii
498 3724 846 3780 inveniemini
873 3727 992 3797 :qui
1018 3725 1209 3781 Latiali
1234 3727 1452 3797 eloquio
1474 3728 1760 3797 pollentes,
1790 3727 2004 3796 sapien—

405 3816 635 3873 tioribus
664 3817 1032 3888 praeferamini
1059 3837 1070 3873 :
1104 3828 1160 3874 et
1187 3835 1295 3874 non
1324 3819 1494 3890 magis
1526 3820 1783 3875 stillantis
1826 3820 2004 3891 liquo-

401 3910 512 3979 ris,
545 3912 687 3967 sicut
717 3912 1039 3983 prtefatione
1069 3914 1490 3985 comprehendi,
1527 3931 1685 3986 quam
1733 3916 2006 3971 inundan-

403 4004 539 4060 tium
579 4004 867 4063 ﬂuviorum
902 4008 1150 4065 ubertate
1195 4009 1393 4080 rigati,
1424 4010 1742 4068 redundetis
1785 4011 2005 4069 ﬂuentis

406 4096 756 4155 Sanctorum.

532 4210 846 4267 MONITUM
886 4211 953 4267 IN
990 4213 1412 4281 SEQUENTEM
1451 4215 1867 4274 EPISTOLAM.

478 4322 684 4392 Swpius
714 4323 809 4379 hoc
839 4325 990 4379 titulo
1019 4328 1161 4394 apud
1188 4327 1345 4382 medii
1375 4331 1469 4383 (cvi
1498 4342 1802 4387 tractatores
1832 4332 2001 4387 homi-

408 4395 495 4475 lite
520 4407 818 4475 occurrunt.
846 4396 999 4475 Hanc
1010 4415 1041 4475 ρ
1058 4400 1237 4475 primis
1259 4401 1434 4475 statim
1452 4403 1617 4457 verbis
1640 4405 1875 4475 agnoscit
1901 4405 2003 4458 Ou-

405 4466 565 4542 ciinus
587 4483 704 4542 esse
719 4465 915 4542 Fausti
948 4465 1253 4542 Iihégiensis
1277 4474 1503 4541 episcOpi
1518 4513 1535 4538 ,
1562 4478 1647 4539 qui
1670 4465 1763 4528 sub
1800 4477 2003 4531 nomine

404 4535 617 4591 Eusebii
659 4537 918 4594 Emisseni
947 4535 1192 4595 hactenus
1214 4535 1389 4597 latuit.
1423 4535 1658 4600 {labetur
1690 4547 1845 4602 etiam
1869 4552 2000 4602 inter

404 4606 566 4680 hujus
597 4610 838 4665 homilias
866 4612 1141 4683 impressa.
1768 4635 1773 4639 '

872 4748 1212 4806 EPISTOLA
1254 4753 1543 4812 XXXVIII.

493 4875 591 4918 SEU
632 4876 851 4918 ιιοωιῐλ
891 4878 958 4919 DE
996 4878 1233 4922 CORPORE
1274 4884 1343 4924 ET
1384 4885 1642 4928 SANGUINE
1680 4888 1915 4932 CHRISTI.

479 4976 518 5030 l.
571 4974 885 5047 Magnitudo
926 4979 1231 5036 cmlcstium
1287 4982 1675 5042 beneficiorum
1722 4991 2003 5063 angustias

403 5066 655 5124 humanae
683 5070 877 5126 mentis
906 5072 1165 5129 excedit:
1199 5085 1253 5130 et
1286 5088 1572 5148 pr0pterea
1616 5083 1891 5142 ordinavit
1930 5088 2001 5143 ita

406 5164 592 5221 divina
625 5168 961 5236 providentia
987 5214 1002 5239 ,
1052 5178 1112 5225 ut
1150 5172 1291 5242 quod
1331 5188 1526 5245 capere
1574 5179 1626 5233 in
1668 5181 1824 5236 nobis
1864 5185 2005 5240 ratio

407 5273 592 5314 rerum
624 5260 767 5315 mole
793 5261 934 5317 victa
963 5278 1070 5319 non
1095 5274 1326 5334 poterat,
1359 5267 1493 5324 fides
1525 5270 1720 5328 devota
1750 5275 2003 5347 concipe-

406 5358 526 5421 ret,
561 5360 616 5407 et
638 5351 972 5409 intellectum
1009 5357 1304 5414 credulitas
1332 5360 1555 5418 robusta
1579 5365 1834 5422 nutriret.
1866 5368 2003 5425 Cum

405 5459 542 5516 ergo
574 5456 796 5515 propter
820 5453 1310 5519 transgressionem
1338 5452 1495 5521 Adae,
1526 5458 1726 5528 origini
1755 5470 1811 5515 et
1838 5464 2004 5518 morti

406 5544 722 5593 teneremur
762 5537 989 5594 obnoxii
1024 5558 1037 5595 :
1070 5544 1407 5622 prOSpiciens
1441 5562 1504 5603 ex
1554 5549 1662 5604 alto
1709 5551 1850 5607 Deus
1876 5595 1890 5618 ,
1934 5569 2002 5610 ex

408 5646 516 5702 quo
542 5648 788 5689 essemus
814 5635 960 5707 gravi
984 5635 1279 5705 debitores,
1307 5642 1460 5711 juxta
1494 5645 1805 5715 qualitatem
1828 5651 2005 5719 capti-

408 5722 619 5792 vitatis,
664 5730 943 5798 reparavit
974 5745 1171 5786 mnuus
1208 5733 1632 5805 redemptionis,
1683 5739 1737 5793 id
1768 5750 1893 5810 est,
1949 5751 2007 5798 ut

407 5832 510 5892 pro
537 5818 715 5877 debita
750 5832 931 5883 morte
970 5822 1197 5887 olferret
1237 5827 1534 5888 indebitam
1556 5875 1570 5903 ,
1612 5833 1735 5906 quia
1767 5850 1868 5892 nec
1904 5851 2004 5896 nos

2108 3347 2216 3387 non
2243 3331 2477 3399 debeat,
2508 3332 2650 3403 quod
2681 3333 2733 3387 in
2766 3331 2966 3389 Christi
2996 3333 3361 3389 substantiam
3394 3340 3611 3388 terrena
3643 3339 3704 3388 et

2105 3426 2350 3481 mortalia
2375 3435 2785 3481 commutantur
2817 3445 2830 3482 :
2866 3427 3121 3498 teipsum,
3144 3427 3236 3498 qui
3261 3428 3375 3498 jam
3398 3426 3453 3482 in
3481 3424 3708 3482 Christo

2104 3533 2164 3574 es
2188 3527 2567 3589 regeneratus,
2586 3519 2885 3590 interroga.

2177 3610 2267 3664 lll.
2300 3609 2512 3665 Dudum
2544 3610 2755 3666 alienus
2799 3627 2829 3665 a
2866 3611 2976 3666 vita
2999 3652 3014 3676 ,
3046 3611 3364 3683 peregrinus
3403 3625 3434 3665 a
3484 3608 3711 3665 miseri-

2109 3704 2317 3771 cordia,
2344 3722 2373 3760 a
2401 3705 2591 3760 salutis
2614 3704 2723 3773 via,
2748 3706 3083 3762 intrinsecus
3119 3716 3360 3762 mortuus
3380 3706 3672 3763 exsulabas
3696 3724 3711 3759 :

2112 3797 2295 3852 subito
2326 3798 2570 3853 initiatus
2610 3796 2815 3854 Citriin
2851 3798 3094 3870 legibus,
3135 3808 3192 3855 et
3227 3798 3563 3856 salutaribus
3588 3815 3719 3871 my-

2108 3888 2292 3942 steriis
2323 3886 2635 3955 innovatus,
2672 3889 2729 3944 in
2754 3904 2954 3960 corpus
2988 3890 3249 3946 Ecclesiae
3278 3906 3387 3945 non
3419 3890 3666 3946 videndo
3695 3932 3712 3958 ,

2108 3980 2206 4036 sed
2260 3980 2534 4036 credendo
2586 3982 2831 4037 transisti
2879 4000 2891 4035 :
2942 3992 2997 4037 et
3048 3983 3118 4037 de
3163 3983 3276 4038 ﬁlio
3325 3983 3658 4053 perditionis
3696 4028 3712 4053 ,

2106 4072 2396 4143 adoptivus
2452 4074 2548 4129 Dei
2598 4074 2716 4129 fieri
2771 4075 2981 4130 occulta
3027 4076 3259 4145 puritate
3311 4075 3603 4143 meruisti,
3654 4076 3719 4131 in

2105 4181 2361 4222 mensura
2394 4167 2594 4223 visibili
2626 4183 2975 4238 permanens,
3008 4167 3184 4237 major
3209 4167 3383 4223 factus
3436 4182 3495 4224 es
3524 4168 3711 4238 teipso

2104 4259 2396 4314 visibiliter
2450 4260 2570 4316 sine
2623 4259 2941 4331 quantitatis
2993 4269 3325 4331 augmento,
3380 4275 3503 4316 cum
3582 4261 3710 4330 ipse

2106 4363 2269 4424 atque
2308 4352 2452 4409 idem
2497 4368 2683 4420 esses,
2743 4354 2915 4409 multo
2970 4354 3131 4409 aliter
3172 4354 3297 4409 fidei
3346 4354 3708 4425 processibus

2105 4449 2391 4505 exstitisti.
2435 4449 2490 4504 In
2520 4449 2797 4506 exteriore
2827 4448 2964 4505 nihil
3000 4447 3246 4503 additum
3287 4458 3371 4503 est
3402 4466 3415 4503 :
3448 4457 3500 4504 et
3530 4455 3718 4504 totum

2106 4542 2160 4597 in
2192 4541 2456 4598 interiore
2486 4549 2753 4597 mutatum
2797 4550 2881 4598 est
2907 4584 2921 4608 ,
2964 4556 3026 4596 ac
3054 4542 3137 4596 sic
3176 4542 3345 4597 homo
3373 4538 3576 4596 Christi
3611 4539 3716 4597 Fi-

2026 4616 2083 4676 D
2106 4637 2211 4693 lius
2246 4636 2498 4705 eﬂ‘ectus,
2523 4647 2579 4693 et
2601 4638 2853 4692 Christus
2876 4637 2929 4692 in
2964 4636 3200 4691 hominis
3229 4644 3412 4692 mente
3442 4635 3721 4693 formatus

2107 4739 2215 4785 est.
2243 4728 2395 4783 Sicut
2425 4743 2557 4799 ergo
2584 4729 2704 4784 sine
2730 4727 2998 4799 corporali
3041 4741 3227 4793 sensu,
3270 4726 3551 4799 praeterita
3579 4726 3719 4781 vili-

2105 4829 2218 4877 tate
2258 4822 2504 4891 deposita
2528 4863 2542 4888 ,
2576 4823 2761 4877 subito
2789 4836 2924 4877 nova
2957 4822 3182 4877 indutus
3211 4836 3271 4879 es
3301 4821 3566 4893 dignitate
3590 4834 3615 4880 :
3651 4831 3716 4877 et

2106 4914 2249 4971 sicut
2269 4914 2389 4971 hcce
2408 4930 2527 4986 quae
2559 4916 2613 4970 in
2637 4924 2689 4971 te
2718 4916 2859 4971 Deus
2881 4916 3011 4971 laesa
3036 4918 3270 4986 curavit,
3303 4914 3498 4971 infecta
3521 4914 3717 4982 diluit,

2108 5010 2374 5064 maculata
2421 5008 2691 5077 detersit,
2739 5024 2849 5064 non
2888 5018 3017 5064 sunt
3055 5011 3232 5065 oculis
3260 5054 3275 5080 ,
3321 5026 3421 5067 nec
3448 5008 3721 5069 sensibus

2110 5103 2214 5157 tuis
2236 5102 2439 5158 credita
2474 5120 2488 5157 :
2521 5103 2591 5156 ita
2619 5118 2747 5158 cum
2776 5104 3081 5159 reverendo
3106 5104 3265 5159 altari
3294 5104 3610 5159 celestibus
3635 5105 3723 5160 ci-

2111 5193 2196 5248 bis
2227 5193 2507 5248 satiandus
2534 5194 2775 5261 accedis,
2799 5210 3015 5250 sacrum
3048 5194 3145 5251 Dei
3170 5194 3245 5249 tui
3280 5208 3479 5266 corpus
3497 5204 3555 5251 et
3578 5209 3722 5253 san-

2110 5289 2326 5360 guinem
2352 5289 2566 5360 respice
2586 5332 2601 5356 ,
2637 5289 2847 5345 honora
2874 5331 2887 5356 ,
2922 5291 3124 5346 mirare
3149 5333 3169 5360 ,
3201 5298 3382 5345 mente
3406 5291 3670 5362 continge
3698 5333 3718 5359 ,

2111 5382 2293 5438 cordis
2333 5398 2497 5439 manu
2543 5384 2763 5456 suscipe
2797 5402 2810 5438 :
2843 5393 2897 5441 et
2936 5386 3171 5441 maxime
3215 5384 3412 5441 haustu
3453 5384 3719 5443 interiori

2111 5489 2350 5531 assume.

2182 5567 2270 5624 IV.
2296 5567 2448 5636 Quod
2480 5570 2523 5625 si
2548 5570 2693 5627 illius
2726 5570 2934 5627 veteris
2966 5567 3101 5641 legis
3132 5571 3370 5637 manna,
3396 5570 3465 5626 de
3494 5585 3606 5641 quo
3637 5572 3723 5628 le-

2107 5663 2287 5734 gitur:
2320 5661 2468 5717 Pluit
2515 5665 2585 5717 eis
2628 5681 2821 5719 manna
2862 5672 2916 5717 ut
2954 5663 3205 5732 ederent,
3250 5663 3355 5720 hoc
3409 5664 3722 5735 unicuique

2106 5756 2359 5825 sapiebat
2386 5756 2528 5827 quod
2560 5757 2843 5813 desideriis
2871 5758 3226 5828 concupierat
3253 5773 3269 5815 :
3304 5758 3559 5830 aliudque
3592 5772 3724 5818 erat

2107 5852 2249 5923 quod
2292 5852 2649 5926 sumebatur,
2685 5852 2830 5911 aliud
2865 5852 3009 5927 quod
3042 5852 3372 5913 videbatur:
3408 5853 3721 5915 invisibili-
