3926 6290
249 370 333 427 ςῖδ

837 364 1173 422 EPiSTOLA
1213 363 1503 421 XXXVI“.
1550 362 1639 420 DE
1676 356 1999 417 CORPORE
2040 359 2127 416 ET
2167 360 2523 420 SANGUINE
2563 362 2861 422 CHRISTI.

3389 370 3500 428 274

245 495 403 556 terque
422 496 575 555 sapor
593 481 682 538 ille
708 481 759 539 in
788 481 1129 555 singulorum
1152 486 1406 541 sensibus
1438 484 1793 540 formabatur:
1824 479 1880 541 A
1904 489 2057 536 catur
2092 499 2104 536 :
2132 493 2186 538 et
2211 498 2497 556 synagogm
2528 485 2739 541 inﬁdeli
2773 486 3007 557 populus
3030 502 3097 544 ex
3126 490 3381 560 gentibus
3411 507 3501 547 ac-

244 580 280 634 si
299 592 410 648 ergo
436 575 558 631 illud
586 577 794 632 veteris
838 576 974 647 legis
1005 592 1204 632 manna
1232 620 1247 645 ,
1293 577 1512 634 coalitus
1552 578 1800 647 elapsum

247 688 323 742 per
341 667 673 724 multimodas
697 668 997 724 suavitates
1026 710 1042 735 ,
1072 680 1283 725 naturae
1315 684 1427 724 suae
1461 669 1716 724 meritum
1746 674 1803 722 et

244 762 425 835 generis
470 761 548 815 sui
600 761 901 817 excedebat
948 762 1204 817 intuitum
1236 781 1249 815 :
1281 772 1340 817 et
1395 761 1441 817 si
1487 768 1797 817 creaturam

243 870 367 911 suam
414 854 738 923 dispensatio
792 854 1068 925 largitoris
1124 854 1409 925 multiplici
1475 854 1799 909 diversitate

244 946 548 1015 condiderat,
610 955 671 1000 ut
723 945 993 1016 prteberet
1035 956 1264 1017 gustus,
1312 946 1453 1017 quod
1515 944 1799 1014 ignorabat

240 1050 455 1113 aspectus
495 1059 506 1094 :
548 1039 672 1110 quia
724 1041 875 1109 juxta
930 1041 1247 1112 recipientis
1294 1039 1799 1105 desiderium,cscae

240 1133 355 1188 illius
396 1132 602 1187 novitas
644 1141 702 1187 et
742 1132 979 1201 dignitas
1019 1134 1388 1190 nascebatur:
1424 1147 1787 1203 unumquem-

239 1243 321 1298 que
343 1227 469 1281 enim
499 1228 666 1282 variis
696 1237 750 1282 et
787 1229 987 1284 alienis
1029 1228 1320 1299 saporibus
1350 1228 1631 1284 reﬁciebat
1655 1227 1789 1281 mel-

238 1319 404 1376 lilluum
434 1320 630 1390 pluvize
654 1320 801 1376 illius
834 1320 1037 1377 donum
1061 1362 1077 1390 ,
1128 1331 1184 1379 et
1213 1323 1497 1392 multiplex
1525 1322 1657 1377 sicci
1691 1320 1791 1375 im-

240 1414 327 1469 bris
348 1414 651 1484 obsequium
678 1421 699 1469 ε’
719 1431 838 1485 qua:
866 1431 987 1470 cum
1016 1417 1091 1471 ita
1117 1416 1228 1472 sint
1254 1457 1267 1482 ,
1308 1416 1454 1488 quod
1481 1416 1594 1470 illic
1618 1414 1793 1469 avidi-

240 1516 303 1561 tas
326 1505 533 1562 faciebat
557 1551 573 1575 ,
616 1508 702 1563 hic
726 1508 857 1563 ﬁdes
886 1509 1050 1563 faciat
1077 1528 1088 1563 :
1122 1518 1178 1565 et
1201 1510 1346 1564 sicut
1377 1510 1428 1563 in
1452 1524 1687 1578 corpore
1719 1510 1793 1563 ci-

244 1598 321 1653 bus
345 1597 607 1666 sapiebat,
638 1599 690 1652 in
724 1609 945 1669 pectore
976 1600 1115 1655 Deus
1147 1600 1473 1656 credulitate
1506 1598 1745 1670 proﬁciat
1776 1617 1789 1658 ;

240 1692 351 1744 sicut
378 1691 599 1761 legimus
630 1710 643 1746 :
678 1694 897 1747 Accedet
927 1693 1083 1748 homo
1114 1695 1182 1748 ad
1214 1712 1303 1749 eor
1329 1698 1491 1748 altam
1520 1736 1533 1759 ,
1566 1704 1614 1748 et
1637 1694 1787 1749 exal-

236 1782 388 1837 tabitur
408 1782 539 1838 Deus
570 1783 798 1855 (Psalm.
821 1801 975 1852 unt,
1018 1787 1093 1857 7).
1120 1786 1244 1842 Ideo
1274 1786 1415 1855 quod
1444 1786 1515 1841 ibi
1549 1786 1787 1842 delecta~

1905 575 2138 646 quisitus
2172 578 2523 647 praeponitur.
2557 578 2728 648 llujus
2757 594 2888 649 ergo
2918 581 3282 639 Melchisedcc
3304 600 3503 655 genea-

1904 669 2042 740 logia
2098 671 2183 726 vel
2225 672 2378 743 origo
2424 672 2672 727 notitiam
2718 672 2865 726 illius
2905 674 3169 743 temporis
3219 676 3501 733 latuitzct

1901 762 2175 819 oblatione
2206 764 2361 833 panis
2387 773 2442 819 et
2472 764 2603 830 vini,
2639 763 2741 819 hoc
2766 763 2971 820 Christi
3001 766 3335 823 sacriﬁcium
3362 783 3501 837 prm-

1900 856 2172 928 ﬁguravit,
2198 858 2266 914 de
2288 874 2395 929 quo
2424 857 2692 927 Propheta
2717 859 3031 927 pronuntiat
3063 875 3078 913 :
3113 858 3193 913 Tu
3223 877 3277 915 es
3307 862 3498 917 Sacer-

1902 951 1997 1003 dos
2052 953 2107 1006 in
2178 962 2430 1007 retentum
2491 950 2774 1007 secundum
2849 953 3084 1009 ordinent
3153 952 3500 1012 Melchisedec

1900 1038 2128 1110 (Psalnt.
2158 1057 2268 1106 crx,
2303 1040 2381 1113 4).

1970 1131 2080 1187 νη.
2141 1131 2274 1185 Nam
2307 1144 2357 1187 et
2389 1132 2602 1205 Moyses
2633 1133 2703 1189 de
2728 1148 2797 1190 eo
2838 1134 3103 1206 mysterio
3133 1135 3384 1208 loquens,
3417 1140 3496 1194 vi-

1898 1238 2025 1277 num
2063 1233 2120 1279 et
2156 1224 2477 1295 sanguinem
2512 1226 2615 1281 sub
2648 1241 2752 1280 una
2784 1226 3149 1296 appellatione
3178 1229 3489 1299 signiﬁcat:

1897 1327 1951 1373 et
1996 1320 2052 1372 in
2100 1319 2481 1375 benedictione
2522 1320 2857 1390 patriarcha:
2896 1320 3234 1376 Dnmiuicam
3287 1324 3498 1391 passio—

1896 1426 2017 1465 nem
2060 1412 2230 1465 multo
2257 1410 2491 1481 amplius
2528 1411 2908 1467 demonstrat:
2945 1412 3017 1466 ita
3051 1411 3299 1481 inquiens
3336 1431 3349 1467 :
3382 1413 3492 1469 La-

1893 1503 2029 1557 uabit
2058 1503 2113 1556 in
2133 1504 2252 1556 vino
2279 1505 2465 1558 stolam
2496 1521 2673 1570 suam,
2706 1515 2751 1557 et
2776 1504 2832 1557 in
2860 1504 3117 1575 sanguine
3144 1521 3254 1560 uva:
3274 1507 3496 1577 pallium

1894 1610 2047 1648 suum
2079 1591 2237 1664 (Gen.
2265 1610 2421 1661 xux,
2454 1596 2565 1660 Η).
2597 1594 2835 1650 Adverte
2857 1610 3018 1665 quam
3043 1595 3332 1652 evidenter
3358 1613 3494 1653 con-

1892 1697 2039 1751 stat,
2073 1687 2183 1741 vini
2216 1697 2523 1742 creaturant
2552 1729 2565 1752 ,
2596 1687 2800 1742 Christi
2846 1687 3165 1758 sanguinem
3215 1705 3494 1761 nuncupa-

1896 1791 2026 1836 tam.
2058 1782 2124 1837 Et
2154 1782 2283 1853 quid
2315 1783 2493 1837 adhuc
2534 1781 2603 1837 de
2631 1781 2733 1837 hac
2760 1782 2963 1851 duplici
2998 1782 3183 1852 specie
3214 1783 3498 1854 inquirere

236 1876 293 1929 tio
326 1876 592 1933 obtinebat
642 1878 695 1932 in
724 1878 973 1934 faucibus
999 1922 1012 1941 ,
1064 1880 1152 1934 hic
1189 1880 1497 1936 benedictio
1527 1890 1786 1948 operetur
1818 1870 1866 1930 B
1892 1874 2115 1940 debeas,
2148 1876 2265 1945 ipso
2295 1875 2524 1929 Domino
2552 1883 2870 1937 attestante,
2903 1889 3201 1943 cognosce:
3222 1875 3382 1941 Nisi,
3412 1878 3497 1931 in-

236 1968 278 2022 lu
301 1968 544 2025 sensibus.
577 1968 662 2026 Ad
688 1971 1131 2043 cognoscendum
1170 1982 1226 2028 et
1255 1973 1661 2042 percipiendum
1705 1990 1793 2027 sa-

233 2060 451 2116 criﬁcium
472 2062 588 2118 veri
619 2062 885 2118 Dominici
907 2065 1175 2133 corporis,
1206 2064 1321 2134 ipsa
1357 2074 1411 2120 te
1433 2066 1658 2120 roboret
1692 2078 1782 2134 po-

234 2154 365 2208 tentia
393 2157 789 2212 consecratoris
814 2198 829 2221 ,
858 2168 911 2212 et
941 2158 1031 2227 qui
1063 2166 1191 2212 tunc
1216 2156 1373 2212 latuit
1406 2159 1793 2227 prreﬁguratus

232 2246 459 2303 inmanua
484 2290 499 2315 ,
528 2248 609 2304 sit
636 2248 731 2303 tibi
758 2266 901 2305 nunc
930 2249 1311 2307 manifestatus
1340 2251 1396 2305 in
1425 2251 1615 2320 gratia.

286 2337 337 2390 ν.
371 2339 537 2406 Ipsum
596 2348 781 2397 autem
832 2340 1002 2397 fuisse
1052 2344 1104 2396 itt
1156 2358 1371 2397 manna:
1418 2343 1566 2398 illius
1608 2344 1793 2413 specie

232 2433 598 2503 pratﬁguratum
626 2477 640 2501 ,
677 2435 841 2491 etiam
888 2435 1161 2505 Propheta
1188 2436 1471 2493 evidenter
1502 2437 1743 2491 ostendit
1775 2478 1790 2503 ,

230 2524 381 2581 dicens
419 2546 432 2585 :
471 2528 677 2585 Panem
720 2530 836 2585 είκιὶ
893 2532 1034 2585 dedit
1091 2532 1165 2586 eis
1196 2546 1216 2585 .'
1246 2548 1450 2601 partem.
1488 2532 1795 2602 angelorum

230 2624 514 2679 manducauit
559 2626 717 2680 homo
738 2624 973 2696 (Psalm.
1005 2642 1213 2696 Lxxvu,
1239 2627 1360 2697 25).
1391 2627 1461 2682 Et
1487 2627 1611 2698 quis
1643 2628 1794 2696 panis

228 2725 295 2769 est
314 2719 617 2789 angelorum
644 2721 752 2775 nisi
781 2720 1031 2776 Christus
1056 2762 1071 2788 ,
1102 2722 1191 2792 qui
1222 2722 1347 2776 cibo
1370 2737 1483 2777 sua:
1503 2723 1790 2777 ebaritatis

227 2817 269 2861 et
285 2809 463 2868 lumine
482 2813 755 2868 claritatis
785 2829 884 2869 nos
908 2814 1122 2870 satiat?
1170 2814 1241 2869 Et
1266 2815 1410 2883 hunc
1441 2815 1532 2869 dat
1563 2831 1783 2885 panem,

226 2896 406 2958 dicente
435 2903 705 2975 Propheta
736 2922 750 2959 :
779 2906 942 2961 Sexta
988 2907 1073 2962 die
1117 2907 1336 2978 duplunt
1376 2906 1607 2979 colliges.
1654 2908 1790 2963 Duut

226 2992 347 3046 enim
372 2996 539 3063 primo
569 3012 601 3051 a
630 2996 915 3054 Dominica
953 2997 1043 3053 die
1079 2999 1131 3053 in
1160 2999 1278 3070 lege
1311 3000 1571 3055 tribuitur
1591 3042 1606 3063 ,
1651 3008 1706 3054 et
1738 3004 1791 3054 in

224 3089 321 3142 solo
352 3091 579 3147 sabbato
608 3092 916 3162 denegatur
950 3092 1096 3161 :jam
1142 3104 1268 3148 tunc
1304 3091 1558 3150 Christus
1586 3094 1654 3150 ab
1686 3094 1791 3149 Ec-

223 3182 357 3239 clesia
382 3225 397 3250 ,
445 3188 529 3240 cui
580 3186 931 3241 Dominicum
973 3188 1401 3243 resurrectionis
1421 3187 1563 3242 diem
1592 3203 1786 3243 conse-

223 3276 367 3331 cravit
391 3318 406 3342 ,
447 3279 797 3347 recipiendus
838 3280 1145 3335 ostenditur
1176 3297 1189 3333 :
1230 3288 1287 3335 et
1324 3295 1615 3351 synagoga:
1645 3322 1659 3344 ,

222 3381 352 3431 uuam
373 3369 547 3425 cultus
573 3370 785 3424 sabbati
817 3370 1147 3441 pertinebat,
1186 3371 1467 3440 negandus
1500 3387 1622 3427 eSse
1651 3388 1787 3442 prte-

222 3457 388 3527 cipitur
415 3480 427 3513 :
459 3462 593 3517 dum
626 3462 743 3518 dies
763 3461 856 3531 qui
877 3472 961 3517 est
990 3463 1255 3532 septimus
1281 3506 1295 3528 ,
1344 3463 1589 3519 emlestis
1625 3466 1781 3534 panis

223 3547 379 3609 fraude
399 3554 716 3615 tuulctatur,
737 3554 805 3609 de
831 3569 938 3623 quo
961 3570 1099 3623 pane
1125 3566 1282 3610 vetus
1306 3567 1495 3609 narrat
1522 3555 1747 3609 historia
1773 3572 1785 3607 :

224 3639 315 3697 Nec
352 3650 432 3714 qui
475 3647 599 3718 plus
629 3645 907 3717 collegerat
939 3647 1118 3701 habuit
1147 3647 1373 3718 amplius
1401 3663 1418 3699 :
1452 3663 1543 3701 ncc
1568 3648 1656 3715 qui
1687 3649 1788 3700 nti-

223 3751 299 3789 tm
336 3748 643 3805 paraverat,
684 3742 872 3809 reperit
911 3739 1079 3793 minus
1111 3755 1128 3791 :
1163 3754 1228 3793 eo
1253 3740 1397 3809 quod
1435 3738 1790 3793 Eucharistiue

222 3831 470 3899 perceptio
495 3846 607 3887 nou
633 3830 687 3886 in
712 3830 1035 3900 quantitate,
1059 3831 1154 3885 sed
1184 3832 1235 3885 in
1263 3832 1461 3886 virtute
1489 3832 1787 3886 Consistat:

219 3924 336 3990 quod
359 3940 555 3995 corpus
581 3924 817 3991 Domini,
850 3923 1139 3979 sacerdote
1168 3922 1545 3993 dispensante,
1585 3936 1788 3978 tantum

220 4023 289 4067 est
311 4018 523 4086 exiguo,
552 4030 821 4087 quantum
851 4031 973 4073 esse
996 4025 1208 4072 constat
1238 4016 1291 4071 in
1323 4025 1456 4071 toto.
1487 4017 1639 4084 Quod
1667 4034 1789 4073 cum

220 4104 431 4164 Ecclesia
465 4111 711 4166 ﬁdelium
740 4111 906 4165 sumit
936 4128 949 4164 :
979 4110 1120 4166 sicut
1151 4111 1368 4179 plenum
1399 4110 1452 4165 in
1485 4111 1787 4177 universis,

216 4196 274 4253 ita
294 4202 549 4273 integrum
583 4218 707 4259 esse
743 4204 1003 4273 probatur
1032 4202 1083 4257 in
1111 4202 1362 4267 singulis.
1394 4202 1471 4257 De
1499 4218 1605 4273 quo
1627 4217 1792 4259 sensu

216 4295 482 4358 apostolica
521 4295 795 4351 sententia
842 4294 1083 4357 derivata
1112 4306 1195 4350 est
1223 4295 1413 4350 dicens
1444 4313 1457 4350 :
1495 4295 1598 4363 Qui
1630 4297 1792 4350 multa

216 4387 344 4443 habet
370 4408 469 4446 non
491 4391 779 4445 abundabit
802 4432 819 4457 ,
853 4400 901 4445 et
925 4392 1014 4460 qui
1043 4390 1307 4445 modicum
1335 4390 1521 4455 habet,
1556 4407 1658 4444 non
1688 4392 1788 4444 uti.

215 4484 391 4538 curabit
414 4484 485 4552 (Il
517 4484 639 4539 Cor.
671 4499 787 4550 vttt,
818 4484 929 4555 15).
952 4483 1068 4539 Non
1092 4484 1235 4539 enim
1258 4483 1328 4539 de
1350 4485 1625 4539 communi
1656 4500 1793 4555 pane

216 4578 366 4647 accipi
394 4577 602 4634 dictum
637 4587 847 4649 potest,
876 4594 1034 4646 quem
1064 4579 1108 4631 si
1140 4577 1279 4632 forte
1302 4578 1668 4635 esurientibus
1696 4594 1790 4646 ap-

1712 3250 1864 3335 adc

1896 1970 2013 2039 qttit
2031 2010 2044 2033 ,
2078 1968 2514 2022 manducavcritis
2538 1982 2747 2021 carnem
2771 1966 2871 2035 ﬁlii
2891 1965 3120 2021 hominis
3141 2011 3155 2034 ,
3189 1977 3235 2022 et
3263 1968 3494 2023 biberitis

1897 2066 2009 2135 ejus
2038 2063 2343 2133 sanguinem
2366 2106 2380 2130 ,
2414 2077 2518 2115 non
2549 2060 2797 2114 habebitis
2824 2060 2983 2113 vitam
3023 2060 3080 2113 in
3116 2060 3258 2115 uobis
3286 2061 3305 2131 (
3332 2059 3492 2115 Joan.

1898 2171 1947 2209 γι
1972 2199 1984 2221 ,
2017 2154 2087 2209 5b
2111 2156 2154 2222 ).
2183 2154 2335 2222 Quod
2371 2153 2743 2210 testimonium
2774 2161 2962 2205 contra
2994 2149 3201 2222 Pelagii
3233 2152 3493 2223 blasphe-

1896 2248 2034 2303 mias
2078 2246 2548 2302 evidentissimum
2587 2255 2749 2316 atque
2794 2242 3190 2299 validissimum
3230 2253 3351 2307 est,
3398 2246 3493 2314 qui

1896 2355 2143 2395 asserere
2168 2350 2382 2409 arrepta
2402 2338 2678 2408 impietate
2701 2335 3003 2406 praesumit,
3028 2350 3133 2390 non
3162 2346 3385 2406 prepter
3417 2340 3497 2389 vi-

1897 2444 2026 2501 tam,
2055 2433 2150 2488 sed
2185 2443 2410 2502 prepter
2439 2444 2667 2500 regnum
2693 2428 2989 2493 caelorum,
3019 2426 3342 2496 baptismum
3370 2442 3495 2497 par-

1897 2524 2037 2580 vulis
2062 2522 2477 2580 conferendum.
2509 2522 2621 2579 Sub
2647 2522 2734 2576 his
2763 2520 2908 2575 enim
2936 2519 3029 2573 Dei
3060 2519 3266 2586 verbis,
3295 2520 3494 2589 quibus

1895 2617 2251 2687 Evangelista
2278 2616 2598 2687 pronuntiat
2624 2630 2642 2669 ε
2672 2611 2798 2666 Non
2821 2610 3079 2665 habebitis
3120 2610 3279 2663 uitam
3316 2610 3371 2663 in
3402 2626 3491 2665 uo-

1897 2708 2014 2763 bis:
2045 2717 2233 2777 aperte
2283 2704 2697 2775 intelligendum
2742 2710 2829 2758 est
2855 2744 2870 2769 ,
2917 2700 3063 2771 quod
3101 2700 3280 2756 omnis
3317 2704 3496 2757 anima

1897 2813 2127 2855 munere
2156 2798 2419 2869 baptismi
2448 2810 2619 2851 vacua
2650 2836 2665 2863 ,
2722 2808 2831 2850 non
2862 2794 3047 2849 solum
3077 2792 3251 2864 gloria
3279 2806 3457 2850 rat-cat
3476 2838 3491 2862 ,

1895 2894 1991 2950 sed
2021 2900 2077 2948 et
2103 2893 2233 2948 vita.

1969 2987 2104 3044 VIII.
2155 2987 2267 3042 Hoc
2312 2987 2497 3057 itaque
2527 2982 2796 3040 Dominici
2836 2979 3114 3053 sanguinis
3140 2980 3325 3035 vinum
3354 2995 3491 3051 aqua

1893 3096 2015 3138 esse
2036 3079 2395 3146 miscendum,
2429 3093 2536 3133 non
2567 3077 2744 3132 solum
2787 3072 3096 3139 traditione,
3128 3070 3224 3128 sed
3255 3072 3373 3141 ipso
3400 3087 3495 3141 ge-

1894 3190 2028 3230 nere
2049 3172 2318 3244 passionis
2342 3171 2587 3226 ostendit
2620 3187 2633 3223 :
2666 3183 2737 3224 ex
2768 3168 2922 3236 cujus
2962 3180 3118 3221 sacro
3166 3165 3336 3219 latere
3364 3179 3494 3219 san-

1892 3271 2011 3341 guis
2040 3278 2097 3324 et
2120 3284 2257 3338 aqua
2286 3268 2491 3323 lancem
2523 3266 2759 3321 illisione
2787 3261 3044 3332 proﬂuxit
3072 3277 3086 3317 :
3112 3261 3255 3316 sicut
3283 3268 3339 3316 et
3360 3260 3497 3315 l’ro-

1894 3366 2055 3439 pheta
2095 3366 2266 3420 multo
2297 3373 2426 3418 ante
2459 3361 2708 3433 prmcinit
2730 3361 2919 3413 dicens
2952 3355 3259 3411 :Percussit
3288 3366 3492 3425 peti-aut

1894 3470 1942 3515 et
1962 3461 2277 3531 efﬂuxerunt
2306 3473 2472 3523 aqum.
2507 3455 2576 3510 Et
2609 3451 2900 3521 Apostolus
2933 3466 2948 3505 :
2978 3447 3229 3504 Bibebant
3250 3490 3265 3515 ,
3296 3449 3488 3519 inquit,

1894 3551 1957 3605 de
2003 3560 2338 3618 consequente
2387 3564 2469 3601 eos
2522 3555 2668 3618 petra
2712 3543 2769 3615 (l
2798 3542 2921 3598 Cor.
2947 3558 3000 3608 κ,
3032 3539 3129 3611 4).
3166 3540 3329 3596 Vides
3348 3542 3489 3608 quod

1894 3646 1987 3713 qui
2033 3643 2232 3699 biberit
2273 3642 2339 3697 de
2368 3639 2567 3695 Christi
2604 3640 2779 3709 gratia
2802 3678 2818 3703 ,
2870 3636 3115 3706 sequitur
3144 3652 3269 3690 eum
3291 3634 3493 3691 Christi

1896 3735 2301 3792 misericordia.
2354 3734 2460 3791 Sed
2501 3735 2556 3788 in
2596 3733 2891 3790 Salomone
2919 3731 2987 3785 de
3011 3730 3129 3798 ipso
3155 3730 3269 3785 Deo
3298 3731 3493 3799 prtudi-

1895 3842 2041 3884 ctum
2072 3828 2300 3899 legimus
2334 3845 2348 3881 :
2380 3826 2654 3896 Sapientia
2674 3866 2689 3891 ,
2720 3823 2934 3893 inquit,
2978 3821 3251 3889 wdiﬁcavit
3272 3822 3370 3877 sibi
3398 3821 3495 3876 do-

1895 3937 2036 3973 mum
2064 3918 2247 3989 (Prov.
2282 3933 2363 3983 ιχ,
2399 3917 2453 3987 1)
2475 3959 2489 3983 ,
2516 3916 2571 3971 id
2598 3923 2681 3971 est
2710 3958 2723 3980 ,
2777 3928 2974 3982 corpus
3016 3913 3251 3967 hominis
3282 3928 3495 3967 assum-

1899 4014 2008 4083 psit
2037 4028 2051 4067 :
2079 4013 2132 4065 in
2176 4028 2287 4081 quo
2329 4009 2537 4064 habitat
2578 4005 2858 4078 plenitudo
2901 4004 3204 4059 divinitatis
3236 4022 3250 4059 ε
3280 4002 3491 4058 Excidit

1896 4107 2165 4161 columnas
2192 4114 2382 4174 septent
2407 4118 2426 4157 :
2446 4102 2571 4173 quia
2597 4102 2751 4156 illum
2777 4098 3085 4155 benedictio
3110 4096 3298 4167 gratia:
3325 4100 3493 4169 septi-

1894 4198 2083 4254 formis
2127 4198 2409 4268 implevit,
2455 4195 2697 4249 mactauit
2758 4192 2959 4247 hostias
2999 4209 3119 4247 suas
3145 4208 3163 4245 :
3190 4193 3395 4247 miscuit
3435 4196 3492 4248 in

1894 4300 2089 4346 cratere
2143 4291 2319 4345 vinum
2362 4304 2515 4343 suum
2542 4306 2560 4342 .'
2590 4297 2636 4342 et
2684 4286 2888 4359 parauit
2929 4300 3161 4338 mensam
3207 4301 3379 4338 suam.
3421 4284 3491 4341 Ει
3572 4319 3583 4323 -

1896 4386 1952 4441 in
1979 4384 2228 4455 sequenti
2254 4401 2269 4438 :
2309 4381 2495 4437 Vertite
2519 4423 2533 4447 ,
2564 4391 2610 4435 et
2641 4382 2776 4434 edite
2801 4380 2864 4434 de
2890 4380 3015 4433 meis
3046 4378 3267 4448 panibus
3292 4418 3309 4445 ,
3340 4387 3389 4431 et
3409 4378 3492 4431 bi-

1897 4481 1996 4535 bite
2022 4480 2199 4533 vinum
2238 4476 2378 4547 quod
2421 4475 2604 4529 miscui
2632 4473 2791 4528 vobis.
2836 4471 3157 4526 Admixtum
3191 4486 3323 4542 ergo
3352 4486 3490 4542 aqua

1897 4575 2082 4629 vinum
2113 4570 2361 4641 legimus.

216 4688 541 4744 poneremus,
571 4693 679 4733 non
710 4690 781 4730 ex
810 4681 925 4730 toto
950 4673 1257 4743 perveniret
1278 4673 1344 4727 ad
1367 4674 1606 4745 singulos
1631 4695 1646 4739 ;
1669 4677 1792 4745 quia
1817 4645 1875 4708 Β
1972 4665 2062 4721 ῘΧ-
2094 4663 2249 4718 Nunc
2272 4673 2490 4716 causam
2513 4700 2526 4722 ν
2558 4671 2728 4728 quam
2762 4664 3057 4726 ιιιτειιηίιυθ
3088 4654 3351 4711 Dominus
3390 4656 3493 4711 ηδί·

217 4770 560 4835 particulatim
608 4778 665 4825 et
700 4766 1007 4825 minutatim
1050 4782 1147 4836 pro
1189 4767 1441 4837 portione
1480 4781 1576 4821 sua
1622 4784 1793 4821 unus-

215 4860 421 4932 quisque
454 4868 831 4933 praesumerct.
884 4859 959 4914 De
1002 4860 1104 4914 hoc
1146 4874 1277 4913 vero
1325 4872 1459 4929 pane
1485 4874 1607 4913 cum
1641 4874 1795 4913 assu-

218 4955 359 5011 mitur
386 5002 401 5026 ,
454 4957 590 5013 nihil
634 4956 816 5012 minus
855 4955 1053 5009 habent
1088 4954 1283 5025 singuli
1315 4968 1474 5023 quam
1506 4951 1743 5007 universi
1778 4969 1791 5011 :

219 5052 368 5102 totum
406 5065 584 5115 unus,
628 5058 798 5103 totum
826 5046 965 5114 duo,
1003 5056 1171 5101 tomm
1197 5048 1378 5117 plures
1407 5048 1528 5100 sine
1560 5044 1795 5098 diminu-

217 5138 345 5196 tione
391 5142 667 5212 accipiunt
697 5159 711 5199 :
740 5142 868 5213 quia
906 5139 1216 5197 benedictio
1259 5138 1420 5208 hujus
1463 5138 1794 5193 sacramenti

218 5232 305 5287 scit
330 5235 600 5303 distribui,
636 5248 739 5290 nec
767 5234 871 5289 scit
898 5231 1282 5288 distributione
1311 5230 1581 5285 consumi.

282 5328 361 5382 Vl.
407 5328 750 5385 Sacramenti
798 5330 982 5397 itaque
1028 5325 1189 5395 hujus
1236 5324 1506 5390 formam,
1545 5322 1790 5379 etiamin

219 5416 516 5477 Iudaeorum
556 5423 770 5494 paginis
818 5421 1065 5476 videmus
1118 5436 1429 5489 expressam
1478 5436 1494 5477 :
1546 5418 1680 5474 Nam
1732 5420 1799 5475 de

222 5513 569 5574 Melchisedec
598 5518 652 5571 in
685 5515 887 5573 Genesi
919 5516 1147 5586 legimus
1177 5530 1191 5570 :
1224 5513 1289 5567 Et
1328 5513 1671 5567 Melchisedrc
1708 5530 1802 5568 rea:

222 5604 388 5663 Solem
415 5610 605 5664 obtulit
644 5626 830 5682 panem
872 5618 919 5663 et
961 5609 1135 5662 vinum
1168 5618 1217 5661 et
1252 5606 1512 5677 benedixit
1551 5605 1797 5660 Abrahaz.

224 5696 339 5755 Fuit
386 5712 557 5757 autem
611 5703 867 5759 Sacerdos
918 5703 1011 5758 Dei
1066 5703 1303 5757 altissimi
1355 5703 1372 5773 (
1398 5700 1529 5757 Gen.
1559 5718 1645 5755 stv
1683 5743 1697 5765 ,
1739 5701 1805 5756 18

225 5809 350 5865 seqq.
385 5799 407 5868 )
441 5816 457 5857 :
489 5798 726 5870 dumque
764 5814 793 5853 a
816 5799 1083 5870 praeputio
1112 5840 1124 5862 ,
1170 5798 1223 5853 id
1255 5806 1358 5863 est,
1394 5813 1423 5852 a
1456 5798 1667 5870 gentili,
1702 5797 1809 5853 cir-

224 5892 480 5952 cumcisio
516 5894 695 5952 lutura
723 5894 1092 5965 benedicitur,
1124 5892 1384 5951 Ecclesia:
1412 5893 1583 5965 gloria
1613 5892 1811 5966 pracdi-

1896 4760 2036 4817 sceri
2083 4754 2353 4817 voluerit,
2401 4750 2764 4821 inquiramus.
2810 4748 3044 4815 Quando
3088 4747 3141 4803 in
3179 4746 3492 4804 Judazorum

1900 4850 2158 4911 convivio
2198 4844 2428 4916 nuptiali
2481 4844 2663 4898 viuum
2691 4882 2707 4909 ,
2742 4841 2795 4897 id
2834 4852 2952 4908 est,
2985 4840 3119 4897 ﬁdes
3154 4840 3211 4896 in
3246 4841 3326 4895 eis
3355 4840 3493 4896 deﬁ-

1899 4946 2079 5003 ciebat
2104 4960 2117 4998 :
2148 4942 2358 5004 Vinum,
2383 4938 2575 5009 inquit,
2600 4937 2869 5006 deﬁciebat
2889 4936 3045 5007 :quia
3073 4938 3226 4989 vinea
3257 4934 3491 4990 fructum

1900 5040 2132 5111 negabat
2159 5054 2173 5091 :
2204 5036 2272 5091 de
2292 5048 2398 5105 qua
2427 5034 2623 5088 dicitur
2650 5029 2784 5104 (Isa.
2811 5047 2864 5098 v,
2891 5029 2947 5101 lt)
2985 5047 2999 5082 :
3032 5027 3411 5098 Exspectabam
3440 5042 3494 5084 ut

1905 5125 2094 5205 faceret
2117 5146 2240 5183 uvas
2270 5168 2283 5194 ,
2310 5127 2427 5199 fecit
2456 5135 2626 5179 autem
2651 5124 2831 5194 spinas
2855 5120 2873 5192 (
2902 5122 3043 5177 unde
3063 5131 3118 5175 et
3148 5132 3355 5177 sertum
3387 5123 3496 5193 Spi—

1904 5240 2065 5282 neum
2106 5222 2268 5293 capiti
2298 5217 2682 5288 Redemptoris
2711 5214 3034 5285 imposuit),
3068 5215 3285 5285 quando
3313 5216 3493 5272 Domi-

1904 5333 2006 5374 nus
2033 5314 2261 5386 nuptiali
2288 5323 2554 5381 tempore,
2589 5310 2641 5365 id
2671 5317 2775 5373 est,
2807 5307 3024 5377 quando
3051 5322 3286 5379 sponsus
3313 5324 3371 5364 se
3404 5309 3498 5363 Ec-

1905 5410 2088 5468 clesia:
2115 5423 2228 5463 sua:
2270 5404 2510 5477 paschali
2537 5400 2898 5457 exsultatione
2921 5400 3223 5472 jungendo,
3251 5416 3417 5472 aquas
3444 5400 3500 5455 in

1911 5506 2096 5561 vinum
2135 5499 2399 5557 convertit
2433 5514 2447 5553 :
2481 5495 2765 5552 manifeste
2810 5494 3170 5566 praeﬁgutans
3196 5492 3501 5549 multitudi-

1918 5624 2016 5664 nes
2043 5608 2283 5678 gentium
2314 5603 2382 5660 de
2428 5602 2707 5675 sanguinis
2737 5602 2824 5659 sui
2853 5606 3023 5675 gratia
3061 5620 3182 5660 esse
3221 5614 3498 5664 venturas.

1921 5703 2025 5759 Per
2053 5716 2220 5773 aquas
2250 5700 2397 5755 enim
2436 5695 2666 5768 populos
2705 5696 2995 5767 signiﬁcari
3022 5742 3035 5764 ,
3067 5698 3237 5753 sacris
3264 5700 3506 5769 aperitur

1922 5794 2153 5866 eloquiis
2186 5809 2199 5848 :
2232 5792 2371 5847 sicut
2399 5790 2593 5861 legitur
2624 5805 2637 5845 :
2670 5786 2830 5857 Aqua:
2858 5789 2969 5842 ista:
3009 5805 3137 5857 quas
3166 5790 3338 5847 uidisti
3358 5836 3372 5859 ,
3417 5813 3509 5865 ρο,

1930 5890 2039 5963 puli
2070 5895 2187 5944 sunt
2223 5894 2269 5941 et
2295 5893 2468 5959 gentes
2508 5894 2553 5940 et
2583 5882 2778 5952 lingua:
2804 5881 2989 5953 (Apoc.
3020 5898 3161 5954 XVII,
3201 5885 3316 5949 15).
3360 5889 3514 5953 Unde
