3926 6290
393 365 503 421 I75

1435 351 1494 408 S.
1540 345 1929 406 illERONYMl
1966 345 2248 404 OPERUM
2290 343 2659 404 MANTISSA.

3599 348 3707 405 276

393 492 453 541 et
494 476 827 535 advertimus
888 474 941 530 in
993 468 1151 542 aquis
1202 468 1429 541 ﬁguram
1477 467 1715 538 gentium
1767 464 1993 521 demon-
2023 465 2075 529 Α
2103 463 2398 520 humanum
2429 462 2712 520 conforme
2741 461 2960 534 corpori
2991 475 3105 519 sure
3142 461 3411 521 claritatis
3454 461 3707 529 reddere,

397 572 582 639 strari,
626 571 679 625 itt
707 568 834 625 riuo
854 572 1033 622 autem
1057 561 1376 633 sanguinem
1408 557 1704 617 Dominicae
1732 555 2000 627 passionis

397 664 639 724 ostendi.
684 662 762 717 Ac
791 661 871 716 sic
910 672 1033 713 cum
1068 657 1122 713 in
1165 653 1527 710 sacramentis
1552 653 1679 707 vino
1712 665 1850 721 aqua
1872 650 2004 707 mis-

397 769 575 824 cetur,
604 754 820 810 Christo
848 750 1026 807 ﬁdelis
1057 747 1291 820 populus
1325 747 1711 815 iucorporatur
1738 751 1794 801 et
1815 741 1997 812 jungi-

401 862 514 919 tur,
548 860 603 906 et
634 846 868 917 quadam
896 844 947 900 ei
975 842 1167 914 capula
1196 838 1451 911 perfecta:
1481 836 1764 893 charitatis
1792 834 1995 901 unitur,

395 956 459 1002 ut
481 943 649 1015 possit
674 942 861 997 dicere
886 953 1009 995 cum
1049 934 1356 1006 Apostolo:
1390 932 1521 998 Quis
1560 946 1651 986 nos
1680 930 1939 1001 separabit
1966 945 1999 983 a

398 1039 651 1096 charitate
680 1034 874 1089 Christi
899 1032 923 1087 7
953 1029 1241 1096 tribulatio,
1270 1044 1337 1081 an
1363 1024 1643 1096 angustia,
1675 1039 1743 1079 an
1765 1037 2001 1093 persecu-

399 1132 470 1186 tio
501 1130 679 1202 (Rom.
711 1142 833 1191 vni,
868 1122 1007 1193 δεμ
1034 1131 1091 1176 et
1132 1121 1362 1190 reliqua.
1396 1117 1541 1173 Deus
1582 1123 1763 1170 autem
1793 1111 1999 1168 homini

400 1229 653 1291 suscepta
676 1215 1111 1272 sanctiﬁcatione
1138 1210 1424 1275 miscetur,
1452 1222 1613 1280 quam
1637 1204 1773 1261 fides
1794 1204 1847 1261 in
1878 1204 1999 1275 ipso

408 1323 693 1386 peccatore
740 1310 970 1366 euectus
1014 1305 1241 1378 iustitia:
1274 1345 1291 1373 ,
1350 1300 1731 1360 misericordia
1781 1299 2002 1370 pietatis

400 1406 657 1463 infundit.

470 1500 542 1557 Χ.
585 1500 759 1557 Etiam
802 1497 857 1552 in
900 1496 1002 1551 hoc
1048 1494 1186 1566 ipso,
1217 1490 1360 1563 quod
1402 1489 1459 1556 in
1501 1486 1805 1544 numerosis
1836 1484 2001 1542 tritici

400 1594 587 1664 granis
614 1605 810 1663 panem
840 1586 1032 1644 confici
1066 1586 1340 1651 novimus,
1375 1582 1636 1638 unitatem
1673 1583 1886 1635 constat
1910 1592 2001 1632 as-

400 1688 622 1758 signare
649 1683 997 1754 populorum.
1021 1679 1174 1735 Sicut
1197 1676 1342 1733 enim
1367 1676 1699 1730 frumentum
1721 1670 1865 1743 quod
1887 1670 2004 1725 sola

401 1780 680 1852 purgantis
716 1773 1087 1833 sollicitudine
1127 1772 1194 1827 ad
1224 1769 1508 1827 candidam
1548 1766 1789 1837 speciem
1832 1763 2004 1820 mola-

399 1891 522 1933 rnm
566 1874 755 1930 labore
798 1868 1111 1942 perﬁcitur,
1153 1878 1218 1921 ac
1257 1878 1356 1936 per
1397 1875 1591 1934 aquam
1630 1868 1689 1915 et
1724 1858 1907 1929 ignem
1951 1856 2006 1911 iu
2038 1863 2083 1924 Β

404 1971 563 2025 unius
594 1970 747 2040 panis
791 1962 1092 2022 substantia
1121 1969 1485 2032 congregatur
1519 1974 1533 2013 :
1572 1958 1651 2012 sic
1676 1954 1843 2011 varia:
1870 1967 2005 2023 gen-

404 2076 509 2128 tes,
540 2063 886 2131 όίνρτμωαιιθ
916 2057 1195 2120 nationes,
1228 2055 1282 2109 itt
1307 2067 1466 2106 unam
1492 2050 1653 2107 ﬁdem
1676 2046 2006 2103 convenien~

405 2168 505 2225 tes,
537 2172 701 2211 unum
724 2155 791 2209 de
817 2168 878 2209 se
900 2150 1103 2207 tlhritsti
1130 2162 1330 2218 corpus
1351 2145 1598 2202 efficiunt
1626 2160 1640 2198 :
1669 2151 1723 2197 et
1745 2139 2007 2197 Christia-

400 2266 502 2305 nus
555 2248 815 2320 populus,
860 2243 1016 2316 quasi
1064 2240 1231 2297 tritici
1274 2254 1440 2310 grana
1491 2231 1911 2292 innumerabilia
1952 2230 2005 2286 in

402 2345 681 2414 sacrilegis
710 2342 1021 2398 natiOnibus
1045 2339 1150 2393 title
1176 2343 1401 2407 purgata
1423 2344 1587 2405 atque
1609 2332 1865 2395 cribrata,
1895 2326 2007 2383 dis-

404 2437 666 2492 cernitur.
687 2435 753 2489 Et
786 2435 840 2487 in
870 2446 1058 2495 unum,
1084 2431 1234 2501 quasi
1261 2426 1557 2482 inlideliunt
1582 2423 1709 2478 lolio
1730 2429 2006 2491 pertranso

404 2537 571 2582 eunte
591 2569 604 2591 ,
636 2525 946 2595 colligitur:
967 2529 1023 2577 et
1044 2520 1272 2575 duorum
1299 2518 1776 2574 Testamentoruut
1803 2513 2004 2567 instru-

402 2622 605 2687 ctione,
631 2620 777 2673 velut
805 2616 1132 2671 frumentum
1164 2614 1383 2685 gemino
1413 2612 1677 2666 molarum
1709 2621 1878 2678 opere
1905 2620 2002 2660 cu-

400 2723 577 2769 ratum
611 2714 850 2778 nitescit,
881 2712 1017 2767 etin
1044 2711 1189 2765 illam
1223 2708 1411 2781 primm
1431 2706 1660 2777 originis
1683 2706 2001 2775 dignitatem

402 2806 587 2862 nativo
611 2807 849 2861 candore
875 2813 1131 2871 mutatur,
1154 2818 1222 2858 ac
1252 2817 1352 2873 per
1380 2815 1576 2872 aquam
1606 2797 1882 2869 baptismi,
1917 2795 2005 2851 vel

402 2916 501 2970 per
531 2901 709 2970 ignem
741 2898 977 2963 Spiritus
1004 2896 1201 2960 saneti,
1234 2895 1425 2950 interni
1459 2894 1602 2948 illius
1626 2892 1778 2963 panis
1803 2904 2003 2960 corpus

399 2992 656 3046 efficitur.

476 3081 570 3137 Xl.
598 3082 753 3138 Sicut
780 3095 910 3151 ergo
936 3082 1179 3151 separari
1203 3094 1371 3151 grana
1398 3079 1469 3133 ab
1494 3079 1637 3134 illius
1659 3077 2003 3135 confectione

405 3174 560 3244 panis
588 3172 918 3227 adunatione
942 3188 1048 3226 non
1074 3179 1301 3241 possunt
1326 3188 1337 3223 :
1364 3179 1418 3225 et
1445 3170 1589 3225 sicut
1608 3185 1765 3241 aqua:
1786 3172 1852 3225 ad
1880 3186 2000 3240 pro-

2104 560 2417 628 tigmentum
2449 573 2608 617 suum
2638 560 2691 614 in
2722 557 2876 631 regni
2908 559 2991 615 sui
3037 559 3318 617 consortio
3358 559 3664 617 sublimare
3692 576 3706 614 :

2102 660 2158 707 ut
2180 650 2274 722 qui
2298 665 2498 721 corpus
2527 660 2729 708 nOstrac
2759 651 3069 722 fragilitatis
3094 659 3487 722 assumpserat,
3520 668 3624 709 nos
3653 654 3707 709 in

2100 759 2303 815 corpus
2332 760 2445 800 sua:
2477 744 2897 803 innnortalitatis
2923 754 3170 801 assumat
3197 763 3212 801 :
3236 747 3302 801 ad
3325 760 3487 816 quam
3505 747 3712 817 glorio-

2102 852 2217 893 sam
2273 838 2735 895 resurrectioucm
2785 838 2887 907 piis
2943 852 3044 895 nos
3088 838 3350 908 operibus
3401 853 3716 910 praeparare

2102 929 2384 999 dignetur,
2417 930 2511 1001 qui
2544 927 2679 985 vivit
2708 938 2763 989 et
2793 937 2984 1001 regnat
3027 930 3081 989 in
3127 930 3327 987 saecula
3357 929 3709 987 saeculorum.

2102 1021 2301 1080 Amen.

2238 1139 2554 1197 MONITUM
2585 1140 2652 1197 ΙΝ
2693 1138 3086 1197 ERISTOLAM
3117 1138 3570 1207 SEQUENTEM.

2174 1256 2341 1326 Atque
2372 1255 2504 1308 hanc
2529 1253 2771 1307 Oudinus
2796 1254 3056 1308 contendit
3085 1269 3195 1307 esse
3224 1251 3411 1305 Fausti
3447 1250 3702 1326 Rhegien-

2103 1328 2196 1388 sis,
2244 1324 2462 1396 hominis
2494 1326 2777 1380 laborantis
2805 1326 3311 1396 semipelagianismo
3336 1365 3349 1385 ,
3380 1339 3531 1395 quem
3565 1324 3716 1396 risus

2104 1409 2177 1454 est
2202 1396 2305 1461 illi,
2336 1395 2545 1464 callide,
2577 1405 2632 1452 ut
2659 1396 2816 1462 alias,
2847 1394 3136 1458 insinuare.
3171 1394 3426 1452 Craterum
3455 1404 3503 1453 et
3538 1394 3719 1447 debita

2105 1468 2437 1525 conclusione
2474 1477 2727 1524 tractatus
2762 1468 2845 1522 hic
2891 1476 3068 1534 caret,
3110 1479 3155 1522 et
3195 1466 3495 1541 prolixioris
3536 1465 3716 1537 operis

2105 1545 2455 1613 fragmentum
2484 1541 2711 1595 videtur.

2595 1649 2935 1708 EPISTOLA
2966 1648 3213 1707 XXXIX.

2296 1779 2393 1821 SEU
2421 1779 2641 1822 BOIILIA
2669 1777 2835 1819 SUPER
2866 1778 3206 1821 EVANGBLIUI
3236 1776 3518 1819 ΙΑΤΙἮΞΙ.

2181 1879 2222 1935 Ι.
2251 1880 2482 1936 Sanctus
2513 1878 2850 1949 evangelista
2880 1876 3039 1933 docet
3061 1891 3160 1933 nos
3192 1875 3575 1931 necessitatem
3605 1872 3725 1929 ino-

2108 1976 2211 2047 piae
2240 1974 2558 2040 tolerantes,
2607 1964 2837 2029 subsidii
2883 1985 3043 2027 causa
3084 1971 3318 2027 amicum
3348 1967 3554 2025 debere
3592 1981 3724 2038 per-

2109 2069 2362 2138 quirere,
2396 2076 2450 2122 et
2479 2065 2531 2120 id
2571 2063 2713 2136 quod
2756 2063 2909 2121 deest
2950 2062 3019 2117 ad
3060 2061 3420 2119 refectionem
3463 2058 3719 2126 alterius,

2107 2169 2361 2231 oportere
2405 2159 2580 2215 altero
2611 2158 2868 2211 mutuari.
2906 2154 3180 2211 lntantutn
3214 2164 3397 2210 autem
3430 2153 3496 2207 ad
3531 2161 3725 2223 pastu.

2107 2251 2326 2306 landum
2362 2250 2701 2321 pervicacem
2729 2262 2854 2304 esse
2878 2249 3052 2303 voluit
3075 2246 3385 2317 petitorem,
3410 2254 3471 2300 ut
3494 2258 3567 2300 ne
3587 2258 3729 2299 noc-

2112 2345 2287 2400 turnis
2319 2344 2469 2400 horis
2492 2344 2716 2414 pulsare
2742 2342 2901 2397 amici
2929 2341 3147 2410 ianuam
3179 2340 3415 2407 desinat,
3445 2354 3546 2394 nec
3572 2339 3733 2394 exci-

2110 2447 2227 2492 tare
2247 2451 2371 2493 eum
2394 2436 2606 2491 dubitet
2632 2435 3006 2505 quiescentem
3036 2451 3050 2488 :
3086 2434 3155 2487 ita
3188 2431 3376 2495 etiam,
3409 2442 3467 2486 ut
3495 2430 3727 2491 trcdium

2108 2528 2369 2595 infer-ens,
2417 2526 2756 2598 impudentia
2797 2535 3097 2587 mereatur,
3142 2524 3285 2595 quod
3327 2523 3565 2578 amicitia
3613 2537 3726 2577 non

2106 2631 2369 2692 meretur,
2399 2629 2454 2677 et
2483 2622 3036 2676 communicationem
3069 2619 3224 2689 panis
3256 2625 3582 2688 extorqueat
3620 2618 3731 2671 im-

2108 2720 2432 2787 portunitas,
2457 2729 2743 2786 quamnon
2768 2715 3021 2784 impetret
3046 2712 3377 2767 humanitas.
3406 2712 3493 2766 Ait
3518 2712 3682 2766 enim
3713 2729 3726 2764 :

2111 2810 2238 2878 Quis
2267 2819 2494 2863 vestrum
2517 2807 2723 2863 habebit
2762 2809 2988 2863 amicum
3009 2850 3023 2874 ,
3063 2817 3107 2861 et
3136 2806 3229 2861 ibit
3258 2806 3325 2860 ad
3361 2804 3512 2859 illum
3546 2806 3731 2860 media

2105 2912 2250 2955 nocte
2280 2900 2436 2970 (Luc.
2470 2917 2548 2967 XI,
2584 2899 2682 2971 5-)?
2708 2912 2817 2957 etc.

2177 2994 2241 3049 Il.
2274 2993 2502 3061 Videtur
2547 3009 2675 3064 ergo
2706 2993 3005 3048 secundum
3057 2993 3292 3048 litteram
3338 2991 3551 3060 aliquid
3590 3004 3728 3063 per-

2106 3088 2358 3152 suadere,
2406 3098 2465 3142 ttt
2498 3088 2674 3143 media
2709 3096 2867 3144 nocte
2898 3088 3196 3158 quiescenti
3226 3087 3402 3141 amico
3432 3096 3487 3142 et
3525 3088 3731 3142 clauso

2106 3180 2378 3247 cubiculo,
2413 3178 2707 3235 dormienti
2732 3178 2949 3233 molesti
2972 3194 3095 3234 esse
3121 3178 3347 3233 minime
3375 3177 3726 3235 desinamus.

402 3264 575 3334 priam
611 3263 789 3317 redire
826 3263 1187 3318 substantiam
1232 3263 1287 3317 in
1316 3262 1501 3317 vinum
1532 3262 1848 3329 permixtae,
1891 3263 2002 3333 jam

2112 3274 2214 3329 Sed
2246 3274 2291 3327 si
2321 3273 2386 3326 ad
2422 3274 2758 3343 spiritnalem
2792 3288 2893 3328 nos
2924 3273 3338 3343 intelligentiam
3365 3287 3726 3341 rcvocensus,

403 3371 511 3410 non
543 3365 768 3426 possunt
799 3372 812 3409 :
843 3353 924 3411 sic
950 3363 1005 3410 et
1036 3354 1223 3411 ﬁdeles
1254 3354 1455 3426 qttique
1491 3365 1656 3425 atque
1691 3357 1964 3426 sapientes
1985 3397 2000 3422 ,

401 3449 492 3517 qui
524 3448 834 3517 redemptos
854 3462 913 3501 se
935 3448 1137 3502 Christi
1163 3449 1427 3518 sanguine
1450 3456 1505 3504 et
1530 3448 1782 3518 passione
1802 3463 2004 3521 cogno—

404 3550 588 3608 scunt,
634 3542 703 3594 ita
734 3540 937 3596 debent
969 3542 1119 3607 quasi
1153 3541 1535 3612 inseparabilia
1568 3542 1810 3597 membra
1839 3542 2003 3611 capiti

405 3649 527 3703 suo,
559 3634 683 3688 tidei
722 3636 1101 3689 observatione
1127 3642 1182 3690 et
1211 3636 1592 3691 ardentissima
1622 3636 1885 3705 religione
1914 3652 2003 3693 so-

403 3729 562 3796 ciari,
590 3739 646 3784 ut
666 3730 733 3783 ab
753 3745 819 3784 eo
842 3744 949 3785 non
969 3730 1270 3796 voluntate,
1296 3745 1402 3785 non
1424 3732 1749 3786 necessitate
1770 3730 1998 3802 seiungi,

404 3838 511 3877 non
544 3822 649 3875 ulla
703 3834 933 3877 terrente
968 3823 1082 3891 spei
1116 3823 1432 3888 ambitione,
1467 3838 1573 3877 non
1606 3822 1840 3893 denique
1889 3825 2001 3893 ipsa

404 3914 611 3983 possint
642 3925 816 3970 morte
843 3914 1045 3969 divelli.
1084 3913 1191 3969 Nec
1219 3914 1433 3969 dubitet
1461 3914 1769 3985 quisquam,
1804 3916 2003 3983 prima—

404 4006 511 4061 rias
533 4016 831 4073 creaturas,
863 4016 995 4061 nutu
1022 4008 1218 4061 divina:
1243 4007 1529 4076 potentias,
1548 4009 1831 4076 prtl‘selllizt
1857 4024 2002 4065 sunt-

406 4118 508 4155 tua:
552 4102 850 4171 maiestatis
886 4105 939 4157 in
975 4104 1239 4158 Dontinici
1271 4106 1521 4174 corporis
1570 4108 1803 4160 transire
1840 4122 2001 4175 posse

404 4200 679 4256 naturam,
713 4211 836 4249 cum
862 4197 1034 4263 ipsum
1066 4196 1336 4250 hominem
1365 4197 1545 4254 videat
1572 4200 1803 4253 artificio
1829 4199 1999 4255 cmic-

403 4287 503 4339 stis
533 4288 921 4342 misericordia:
949 4289 1151 4343 Christi
1183 4305 1382 4359 corpus
1410 4292 1684 4347 etfectum.

2107 3365 2449 3421 inveniemus
2492 3380 2596 3419 non
2634 3364 2772 3420 dure
2801 3364 3110 3429 Dominum,
3141 3363 3237 3420 sed
3268 3364 3475 3419 utiliter
3502 3379 3730 3435 praece-

2104 3458 2271 3529 pisse.
2321 3458 2455 3513 Nam
2505 3459 2692 3526 utique
2738 3469 3020 3528 postquam
3067 3457 3365 3527 discipulos
3405 3456 3728 3513 orationem

2109 3551 2443 3607 Dotninicam
2475 3552 2682 3616 docuit,
2713 3553 2852 3606 hanc
2883 3550 3113 3621 subjecit
3152 3549 3485 3621 parabolam,
3521 3561 3582 3604 ut
3626 3552 3729 3604 in-

2106 3646 2478 3717 tclligeremus
2525 3647 2865 3716 importunos
2909 3660 3008 3700 nos
3056 3646 3264 3701 amictis
3301 3659 3423 3700 esse
3470 3644 3726 3709 debere,

2108 3755 2214 3794 non
2245 3740 2673 3810 exspostnlandn
2703 3740 2932 3811 aliquid,
2970 3740 3067 3795 sed
3101 3739 3279 3810 petitis
3310 3739 3585 3809 precando
3621 3759 3637 3793 :
3674 3742 3729 3795 id

2106 3842 2207 3893 est,
2254 3831 2529 3886 Christum
2565 3848 2672 3886 non
2727 3833 2931 3888 carnali
2981 3848 3143 3887 mantt
3180 3832 3556 3904 percutienda,
3621 3835 3727 3887 sed

2104 3922 2374 3992 spiritnali
2405 3925 2652 3979 oratione
2683 3924 2969 3993 pubando.
3018 3924 3137 3991 Ipse
3164 3924 3305 3979 enim
3331 3967 3346 3991 ,
3380 3926 3423 3977 si
3451 3934 3613 3981 recte
3643 3928 3728 3981 vi-

2106 4016 2303 4083 vimus,
2347 4017 2553 4071 amicus
2594 4027 2782 4072 noster
2822 4026 2925 4071 cst.
2971 4018 3102 4072 Nam
3130 4018 3250 4088 quis
3285 4019 3515 4072 amicior
3548 4022 3732 4075 nobis

2104 4119 2206 4173 est,
2239 4125 2399 4178 quam
2439 4110 2529 4163 ille
2554 4110 2642 4180 qui
2672 4112 2846 4180 pretio
2877 4114 2956 4166 sui
3001 4114 3281 4181 sanguinis
3312 4129 3408 4166 nos
3440 4113 3733 4171 redemit?

2104 4202 2245 4271 Ipse,
2277 4206 2513 4274 inquam,
2551 4206 2779 4258 amicior
2807 4207 3059 4260 erunibus
3090 4217 3175 4262 est
3203 4224 3215 4259 :
3241 4208 3473 4277 quicum
3507 4210 3582 4264 sit
3614 4211 3734 4264 Do-

2104 4296 2306 4359 minus,
2338 4298 2543 4352 amicus
2571 4313 2696 4352 esse
2721 4300 2971 4369 dignatur
2995 4344 3008 4367 ,
3054 4299 3243 4355 dicens
3271 4299 3337 4355 ad
3366 4304 3680 4371 Apostolos
3715 4324 3729 4357 :

476 4382 591 4437 ΧΗ.
625 4384 773 4437 Sicut
810 4396 988 4439 autent
1025 4386 1357 4455 quicumque
1387 4386 1451 4438 ad
1481 4385 1641 4439 fidem
1674 4386 1876 4440 Christi
1907 4401 1998 4441 ve-
2101 4390 2221 4444 Ja-n
2252 4407 2353 4444 non
2385 4392 2555 4445 diram
2583 4408 2669 4446 vos
2694 4409 2885 4461 servos,
2911 4393 3002 4447 sed
3024 4396 3221 4450 amicos
3252 4394 3429 4463 (Joan.
3462 4412 3556 4459 xv,
3598 4399 3730 4470 95).

402 4477 559 4532 niens
589 4486 715 4530 ante
743 4478 907 4532 verba
940 4479 1189 4543 baptismi
1216 4480 1393 4532 adhuc
1416 4479 1468 4531 in
1497 4480 1713 4533 vinculo
1736 4490 1818 4535 est
1846 4488 1996 4535 tete-
2174 4483 2261 4539 ΙΙΙ.
2296 4484 2466 4555 Hujus
2493 4500 2622 4555 ergo
2648 4487 2805 4541 amici
2827 4487 3021 4541 ostium
3054 4488 3455 4543 incessabiliter
3489 4491 3734 4558 pulsare

403 4569 481 4623 ris
501 4569 686 4636 debiti,
709 4570 790 4622 his
808 4585 937 4625 vero
956 4571 1293 4636 memoratis,
1315 4586 1434 4625 mox
1463 4572 1677 4625 exuitur
1696 4572 1841 4626 omni
1864 4571 1998 4628 ficoe
2026 4637 2068 4650 _
2105 4575 2400 4643 debemus,
2431 4586 2485 4631 et
2522 4578 2671 4633 horis
2693 4594 2814 4633 eum
2845 4581 3143 4650 inquietare
3188 4582 3494 4645 nocturnis,
3525 4594 3579 4638 et
3624 4600 3733 4640 ns-

402 4660 647 4729 peccati:
682 4659 752 4713 ita
798 4660 1012 4729 quando
1043 4661 1425 4716 benedit-endm
1466 4663 1646 4716 verbis
1685 4663 1997 4719 coelestibus
2026 4637 2073 4699 θ
2101 4681 2206 4735 que
2235 4667 2370 4721 adeo
2415 4669 2630 4723 molesti
2673 4683 2816 4734 esse,
2845 4637 2931 4723 ιιι¹
2953 4668 3245 4736 importuni
3297 4672 3459 4726 etiam
3488 4672 3733 4741 judice-

402 4762 672 4805 Cteaturat
704 4753 870 4805 :acris
901 4750 1162 4807 altaribus
1194 4754 1566 4823 imponuntur,
1598 4767 1884 4825 antequam
1914 4756 1998 4810 in-
2102 4773 2241 4812 tnur.
2270 4758 2381 4814 Sed
2409 4772 2515 4814 non
2543 4759 2705 4829 hujus
2752 4761 3178 4831 importunitatis
3209 4778 3497 4819 vereamur
3526 4766 3733 4821 offen-

399 4845 686 4900 vocatione
718 4846 798 4899 sui
828 4844 1064 4899 nominis
1088 4859 1499 4913 consecrantur,
1536 4848 1836 4903 substantia
1883 4848 1994 4904 illic
2094 4866 2213 4905 sam
2248 4870 2259 4903 :
2292 4853 2417 4922 quia
2451 4853 2566 4908 hinc
2592 4853 2733 4922 apud
2764 4855 3052 4909 Dominum
3084 4856 3473 4925 importunitas
3501 4873 3735 4928 oppor-

397 4951 480 4993 est
524 4939 682 5008 panis
725 4948 779 4993 et
821 4937 950 5003 vini,
981 4949 1100 5008 post
1129 4940 1290 4996 verba
1330 4949 1509 4996 autem
1540 4956 1738 5011 corpus
1767 4949 1822 4997 et
1861 4957 1989 4997 san-
2097 4952 2222 4999 tuna
2246 4956 2349 4999 est.
2372 4945 2665 5015 Acceptior
2684 4948 2826 5002 enim
2850 4958 2931 5004 est
2954 4948 3029 5002 illi
3052 4948 3338 5018 impudens
3358 4948 3727 5020 deprecatio,

398 5033 519 5102 guis
550 5043 633 5089 est
660 5033 884 5088 Christi.
915 5033 1056 5101 Quid
1095 5045 1273 5091 autem
1307 5037 1501 5091 mirum
1533 5048 1616 5092 Gal
1640 5079 1654 5103 ,
1701 5040 1743 5094 si
1774 5054 1836 5093 ca
1873 5054 1992 5107 qua:
2095 5052 2256 5108 quam
2288 5053 2476 5093 secura
2501 5041 2854 5110 praesumptio
2882 5057 2895 5093 :
2927 5041 3033 5095 hoc
3054 5050 3157 5107 est,
3180 5042 3309 5112 plus
3336 5052 3585 5097 uteretur
3618 5048 3726 5116 qui

400 5130 567 5180 verbo
593 5130 765 5197 potuit
790 5142 1001 5191 creare,
1035 5130 1201 5184 verbo
1228 5131 1399 5200 possit
1426 5139 1606 5186 creata
1635 5134 1989 5188 convertere?
2092 5132 2360 5188 sollicitus
2401 5141 2525 5187 orat
2571 5132 2869 5198 instanter,
2900 5149 3061 5204 quam
3091 5136 3180 5201 qui
3228 5134 3511 5189 conlidens
3539 5136 3729 5195 dissi-

399 5217 569 5272 lmmo
595 5219 705 5287 jam
744 5222 969 5275 minoris
996 5221 1212 5277 videtur
1239 5236 1361 5277 esse
1393 5223 1661 5289 miraculi,
1692 5225 1736 5279 si
1768 5225 1987 5295 idquod
2096 5227 2265 5282 mulat
2295 5226 2646 5298 negligenter.
2677 5228 2769 5283 Ait
2795 5229 2937 5281 enim
2976 5237 3033 5281 et
3061 5225 3193 5282 ille:
3225 5228 3268 5282 si
3298 5234 3729 5299 perseveraverit

398 5311 466 5364 de
512 5309 682 5364 nihilo
725 5314 1038 5381 agnoscitur
1074 5314 1404 5385 condidisse,
1455 5316 1562 5385 jam
1612 5317 1890 5371 conditum
1934 5319 1986 5373 itt
2091 5323 2323 5392 pulsans.
2369 5316 2730 5376 Perseverans
2767 5322 2931 5391 igitur
2976 5330 3218 5377 meretur
3246 5324 3516 5392 accipere,
3551 5327 3726 5394 quod

396 5403 590 5457 melius
612 5402 789 5456 valeat
809 5415 1165 5461 commutare.
1202 5407 1434 5478 liequire
1455 5408 1584 5478 quid
1607 5409 1654 5463 ei
1682 5409 1989 5479 possitesse
2092 5414 2223 5468 alibi
2262 5414 2567 5469 evidentius
2609 5414 2733 5467 dicit
2779 5432 2792 5466 :
2838 5415 2940 5481 Qui
2987 5417 3385 5485 persevcravcrit
3427 5433 3605 5487 usque
3664 5423 3727 5475 in

396 5495 640 5559 diflicile,
673 5494 758 5548 cui
789 5494 945 5550 facile
974 5496 1074 5550 fuit
1104 5499 1375 5555 hominem
1408 5500 1475 5555 de
1514 5501 1628 5555 litui
1661 5503 1885 5557 materia
1927 5502 1987 5557 ιι.
2092 5507 2265 5576 ﬂuctu,
2296 5506 2380 5559 hic
2403 5506 2576 5560 salsus
2598 5508 2694 5560 erit
2720 5505 2937 5576 (Matth.
2979 5524 3125 5572 xm,
3165 5509 3269 5580 l5).
3308 5508 3425 5563 Non
3460 5508 3725 5567 multum

394 5602 589 5656 gurare
617 5605 630 5641 :
657 5586 946 5658 imaginem
974 5590 1137 5645 etiam
1168 5606 1279 5647 sum
1302 5592 1603 5648 divinitatis
1629 5593 1872 5659 induere,
1900 5594 1985 5649 cui
2089 5612 2220 5669 ergo
2236 5598 2386 5669 juvat
2416 5597 2728 5670 frequenter
2749 5614 2933 5666 orare,
2964 5602 3057 5655 cui
3076 5603 3369 5673 contigerit
3394 5602 3724 5672 aliquando

396 5689 705 5747 promptum
734 5688 819 5736 est
847 5697 968 5737 eum
1011 5698 1225 5738 rursum
1260 5700 1523 5742 revocare
1544 5687 1611 5741 de
1637 5686 1822 5742 inferis
1850 5729 1863 5751 ,
1894 5703 1984 5743 ιη-
2089 5707 2327 5749 cessare.

395 5782 623 5830 stituch
649 5777 717 5831 de
746 5778 1073 5846 perditione,
1107 5792 1359 5847 reparare
1373 5780 1441 5836 de
1465 5783 1709 5851 pinsere.
1746 5782 1814 5837 de
1839 5792 1981 5837 terra
2127 5804 2131 5808 ~
2161 5784 2248 5838 ιν.
2288 5785 2511 5854 Semper
2540 5781 2699 5854 igitur
2730 5793 2783 5839 et
2811 5786 2929 5841 sine
2959 5784 3365 5851 intermissione
3394 5786 3719 5855 petendum

390 5865 448 5930 iu
477 5866 673 5925 coeltutt
696 5868 899 5936 leuare,
926 5871 997 5943 de
1027 5872 1244 5935 hortatus
1269 5874 1527 5943 augentia
1547 5875 1745 5941 tutare,
1780 5890 1978 5948 emptis
2088 5888 2168 5933 est
2199 5890 2253 5935 et
2280 5880 2627 5959 pulsandum,
2656 5896 2723 5940 ne
2751 5882 2999 5953 precatio,
3024 5888 3151 5938 ante
3179 5889 3298 5939 acta
3329 5881 3468 5939 ntlsii.
3490 5883 3719 5953 prosit,
