4030 6294
239 384 332 441 271

238 515 280 556 δι
305 515 410 554 non
437 515 504 550 au
531 515 694 549 llllcm
721 515 911 547 uuuctu
947 515 1054 555 ιιιιυ
1079 515 1309 550 cmpos".
1342 515 1528 532 um"...
1562 515 1647 542 γ...
1670 515 1797 526 ...μ-ν

242 592 323 647 rit.
356 589 505 654 Dico,
538 585 733 656 inquit,
765 580 927 643 vobis,
955 587 1005 632 et
1030 577 1073 630 si
1102 590 1203 630 non
1225 571 1365 626 dabit
1390 566 1471 623 illi
1497 578 1733 636 surgens,
1763 573 1821 614 eo

238 684 368 759 quod
395 683 594 736 amicus
615 683 728 752 ejus
758 677 845 738 sit,
870 680 1081 746 propter
1102 663 1544 740 importunitatem
1572 662 1685 730 ejus
1708 668 1821 708 sur-

240 749 335 852 in,
372 787 417 833 et
446 776 607 831 dabit.
636 749 831 842 Magna
858 762 1267 837 perseverantia
1294 768 1399 823 est,
1429 768 1553 826 qua:
1578 749 1823 822 quamvis

240 850 532 943 importuna
574 874 679 933 est,
711 875 1035 933 quamquam
1082 856 1311 913 uiolesta
1349 850 1417 908 sit
1449 850 1562 904 Deo
1592 864 1606 900 :
1642 855 1821 899 tamen

240 934 351 1035 plus
369 961 544 1016 amica
572 968 675 1025 εει,
706 971 868 1027 quam
892 951 1120 1007 amicus.
1150 949 1290 1003 Ecce
1308 942 1454 999 enim
1486 937 1629 1009 quod
1650 934 1825 991 amico

241 1067 481 1129 negatur,
522 1050 929 1125 perseverantia
973 1051 1335 1116 promeretur.
1383 1036 1465 1091 llli
1512 1039 1727 1088 recusat
1756 1027 1825 1083 de

239 1121 444 1216 ﬁducia,
467 1121 602 1203 buic
629 1144 699 1201 de
720 1140 1073 1199 contentione
1100 1132 1448 1203 compatitur.
1479 1126 1561 1180 Illi
1594 1138 1703 1179 non
1727 1121 1828 1176 lar-

238 1243 370 1315 gitur
392 1238 743 1295 familiariter
767 1232 1001 1306 pulsanti
1025 1271 1047 1295 ,
1077 1228 1204 1283 huic
1230 1222 1578 1297 pertinaciter
1605 1217 1827 1271 misere-

240 1349 319 1391 tur
339 1333 542 1389 oranti.

305 1428 365 1482 Ἴ.
392 1426 681 1481 Pulsemus
707 1420 869 1491 igitur
898 1416 1097 1473 ostium
1123 1407 1360 1474 Domini,
1394 1418 1499 1460 non
1527 1400 1702 1457 Solum
1730 1411 1827 1467 per

242 1520 410 1584 ﬁdem,
445 1517 547 1574 sed
580 1516 743 1572 etiam
773 1509 1203 1584 perseverantia,
1236 1513 1291 1557 ut
1319 1500 1593 1570 aperiatur
1624 1492 1782 1549 nobis
1809 1507 1823 1545 :

241 1622 292 1669 et
316 1583 490 1668 media
523 1616 683 1664 nocte
709 1583 1009 1677 pulsemus,
1049 1613 1116 1653 ne
1140 1594 1321 1668 gravis
1359 1605 1457 1659 nos
1485 1587 1551 1643 ad
1594 1583 1823 1654 vigilan-

239 1708 352 1763 dum
373 1711 727 1776 peccatorum
753 1710 978 1754 somnus
1000 1691 1251 1755 invadat;
1282 1685 1535 1757 quoniam
1563 1678 1822 1748 scriptum

237 1810 312 1857 εει
336 1816 352 1858 ;
375 1773 544 1853 ⁷Βιριιὶ
586 1794 719 1850 servi
745 1806 877 1863 quos
912 1804 1029 1844 cum
1058 1784 1247 1841 venerit
1286 1778 1540 1835 Dominus
1576 1773 1823 1829 invenerit

860 364 1195 425 EPISTOLA
1230 361 1347 419 XL.
1387 358 1479 416 AD
1509 347 1899 416 TYRASIUU,
1945 342 2173 403 SUPER
2210 341 2448 401 MOR‘I‘E
2486 338 2686 397 FlLl/E
2725 335 2903 395 SUIE.

268 501 280 555 ί
305 510 410 554 non
437 495 504 550 ad
531 492 694 549 ﬁnem
721 486 911 547 eodem
947 498 1054 555 quo
1079 478 1309 550 coeperit
1340 486 1529 532 tenore
1561 478 1822 542 perveneo
1847 465 1898 529 Δ
1928 461 2136 533 pulsate
2156 461 2433 531 operibus.
2462 459 2611 526 Sive,
2642 457 2808 529 petite
2836 455 2963 522 fide,
2992 453 3223 525 quaerite
3249 465 3431 523 opere,
3462 462 3521 507 ct

3420 334 3529 390 278

1928 555 2139 627 pulsate
2190 552 2415 609 scientia
2448 572 2460 606 :
2502 562 2557 609 et
2594 565 2721 608 ecce
2768 548 2949 607 omnia
2990 546 3305 618 aperientur
3345 543 3520 601 vobis.

1930 652 2059 719 Quis
2079 661 2250 704 autem
2271 664 2334 704 ea:
2354 648 2493 703 vobis
2512 659 2709 719 patrem
2731 646 2853 714 petit
2874 657 3081 712 panem,
3105 638 3359 708 numquid
3384 638 3520 709 lapi—

1928 741 2044 797 dem
2072 741 2214 794 dabit
2244 738 2323 793 illi
2350 736 2570 812 (Matth.
2604 752 2703 801 vn,
2729 734 2826 804 9)?
2856 736 2934 789 Ac
2963 732 3011 789 si
3039 731 3183 787 dicat
3217 749 3229 784 :
3263 728 3353 800 qui
3393 729 3525 798 petit

1925 848 1957 888 a
1990 831 2218 887 Domino
2236 832 2554 885 charitaletu
2584 837 2639 883 et
2662 827 3033 891 dilectionem,
3056 839 3161 880 neu
3192 823 3273 879 illi
3302 824 3395 878 dat
3422 821 3527 878 du-

1927 928 2105 985 ritiem
2134 927 2338 982 cordis.
2367 927 2468 979 Aut
2497 924 2686 994 piscem
2710 966 2723 991 ,
2761 921 3009 992 numquid
3036 936 3127 989 pro
3152 920 3291 989 pisce
3316 933 3528 987 serpen-

1927 1029 2029 1077 tem
2054 1020 2196 1075 dabit
2218 1017 2297 1074 illi
2318 1016 2504 1090 (Ibid.,
2532 1016 2662 1087 10)?
2687 1015 2791 1072 Per
2810 1014 3011 1085 piscem
3038 1012 3169 1069 ﬁdes
3192 1010 3527 1080 intelligitur,

1938 1126 2039 1182 per
2067 1098 2378 1181 serpentem
2406 1108 2695 1165 inlidclitas
2722 1125 2735 1162 :
2764 1122 2827 1163 ac
2848 1106 2892 1161 si
2914 1105 3059 1162 dicat
3087 1104 3178 1160 :Si
3200 1101 3339 1173 petis
3367 1116 3393 1154 a
3425 1101 3531 1156 Do-

1927 1207 2075 1263 mino
2103 1207 2289 1271 fidem,
2319 1222 2427 1262 non
2451 1203 2640 1261 tribuit
2662 1204 2755 1259 tibi
2779 1202 3173 1258 inﬁdelitatem.
3209 1200 3309 1253 Aut
3339 1199 3383 1253 si
3404 1198 3531 1268 petit

1928 1319 2098 1372 ovum,
2123 1300 2372 1370 numquid
2392 1301 2619 1372 porriget
2639 1299 2720 1353 illi
2744 1296 3105 1369 scorpionem?
3126 1308 3189 1348 ac
3207 1293 3251 1348 si
3275 1292 3451 1347 dicat:
3472 1290 3528 1346 Si
3549 1342 3559 1351 ,

1927 1393 2098 1451 babes
2125 1394 2177 1448 in
2205 1393 2375 1449 Deum
2404 1407 2554 1462 spem
2585 1406 2766 1448 veram
2787 1433 2801 1457 ,
2833 1390 2948 1447 sive
2983 1387 3371 1459 cogitationem
3404 1400 3535 1440 san-

1926 1499 2067 1545 etam
2092 1489 2149 1545 in
2166 1489 2333 1544 corde
2352 1497 2443 1543 tuo
2460 1485 2802 1556 cogitaveris,
2820 1498 2928 1539 non
2947 1491 3134 1539 contra
3144 1481 3409 1545 rietatcm,
3432 1493 3531 1535 nec

1925 1582 2251 1640 insidiarum
2271 1579 2598 1638 calumniam
2621 1595 2651 1635 a
2670 1579 2905 1635 Domino
2926 1578 3300 1649 pertimescas.
3329 1574 3389 1631 Si
3411 1589 3532 1644 ergo

1926 1691 2016 1733 vos
2044 1692 2163 1733 cum
2187 1676 2299 1733 sitis
2328 1676 2476 1746 mali,
2505 1676 2670 1732 nostis
2697 1676 2829 1731 bona
2850 1672 2977 1729 dare
2996 1672 3123 1743 filiis
3145 1670 3344 1733 vestris,
3370 1683 3535 1739 quan-

1920 1776 1979 1824 to
1998 1770 2162 1842 magis
2178 1768 2339 1825 Pater
2353 1778 2515 1825 vester
2536 1768 2601 1823 de
2617 1758 2742 1825 ctelo
2766 1766 2905 1823 dabit
2928 1764 3069 1822 vobis
3088 1764 3330 1834 spiritum
3345 1763 3534 1816 bonum

716 1849 811 1953 sit,
855 1882 971 1954 57).
1014 1880 1128 1935 Hoc
1166 1884 1346 1932 autem
1379 1872 1577 1928 ostium
1621 1865 1818 1938 aperiri
1851 1849 1900 1913 B
1926 1860 2217 1918 timentibus
2234 1879 2289 1918 se
2310 1860 2739 1935 (lbid.,li)!Ac
2759 1856 3131 1915 sidiceret:Si
3156 1854 3533 1913 hominescar-

238 1956 328 2040 sibi
353 1956 654 2056 Apostolus
679 1976 966 2049 exposcit,
1000 1987 1107 2028 non
1139 1969 1318 2026 solum
1352 1965 1459 2021 tuis
1483 2002 1498 2029 ,
1543 1958 1637 2017 sed
1664 1956 1829 2014 etiam

236 2049 460 2149 propriis
480 2071 821 2132 orationibus
850 2068 1151 2125 obsecrans
1172 2077 1233 2118 se
1253 2058 1451 2132 juvari,
1482 2055 1671 2113 dicens
1702 2070 1715 2107 :
1761 2049 1829 2109 Ut

236 2143 491 2239 ἀνθίαι-τ
518 2167 649 2223 mihi
670 2165 861 2220 ostium
880 2161 949 2215 ad
971 2156 1287 2229 loquendum
1309 2150 1611 2223 mysterium
1634 2143 1831 2202 Christi

238 2236 363 2333 (Col.
403 2277 483 2329 tv,
533 2261 595 2333 ὃ)
626 2279 638 2313 :
677 2258 888 2314 scilicet
920 2261 1110 2325 aperto
1147 2250 1289 2305 ostio
1339 2247 1460 2302 illos
1495 2236 1825 2298 sacramenti

237 2371 392 2426 panes
417 2355 674 2423 accipere
703 2351 1043 2417 desiderans,
1071 2345 1139 2401 de
1160 2345 1354 2415 quibus
1375 2338 1667 2398 esurientis
1697 2352 1830 2407 gen-

239 2447 335 2501 tilis
358 2446 545 2516 pepuli
576 2444 643 2499 ad
674 2438 1115 2513 cognoscendum
1151 2434 1436 2490 Dominum
1468 2432 1646 2486 inedia
1677 2440 1827 2484 satu.

238 2548 396 2594 retur.
428 2537 493 2591 Et
530 2551 629 2591 nos
655 2549 787 2605 ergo
810 2534 1087 2604 pulsemus
1114 2529 1217 2582 hoc
1247 2525 1446 2581 ostium
1478 2533 1533 2578 et
1563 2536 1823 2592 persevc-

239 2643 408 2688 ranter
454 2644 719 2695 oremus,
769 2638 825 2682 ut
855 2641 922 2682 ex
970 2626 1091 2693 ipso
1143 2620 1429 2690 sapientiae
1481 2627 1538 2672 et
1587 2616 1828 2671 seieutite

240 2742 419 2797 panem
458 2724 715 2793 accipere
760 2732 1089 2776 mereamur.
1140 2714 1274 2770 Nam
1316 2712 1417 2767 nisi
1467 2709 1828 2767 substantiam

240 2819 423 2874 exinde
451 2815 874 2886 sumpserimus,
907 2806 1266 2865 fraternitatis
1311 2805 1469 2860 istius
1493 2801 1829 2858 desiderium

243 2914 448 2983 proprio
477 2924 735 2965 sermone
764 2907 990 2962 reticere
1025 2918 1133 2957 non
1160 2901 1427 2956 valemus.

304 3006 391 3062 Vl.
422 3004 523 3060 Vel
551 3007 713 3058 homo
734 3002 841 3057 iste
859 2994 1452 3068 QuilibetChristianus
1484 2988 1825 3059 intelligitur,

239 3101 321 3170 qui
351 3100 515 3156 ﬁdem
544 3097 824 3153 Trinitatis
852 3091 1223 3151 tantummodo
1254 3086 1509 3157 intelligit
1538 3104 1551 3139 :
1595 3094 1649 3140 et
1682 3083 1829 3154 quod

242 3194 602 3248 necessarium
655 3198 758 3253 est,
809 3188 913 3244 nisi
960 3186 1100 3242 alter
1149 3199 1272 3239 cum
1316 3181 1550 3247 doceat,
1594 3178 1820 3249 ignorat.

241 3284 453 3339 Amicus
484 3298 618 3339 vero
657 3283 798 3351 ejus,
842 3289 902 3335 ut
931 3278 1170 3334 diximus
1193 3316 1208 3342 ,
1248 3275 1501 3330 Chriszus
1540 3280 1645 3326 est.
1673 3268 1828 3337 Quod

242 3379 379 3445 dicit,
404 3377 555 3432 vadit
583 3375 653 3429 ad
670 3376 821 3429 illum
848 3373 1017 3428 media
1045 3378 1209 3437 nocte,
1236 3368 1287 3422 id
1313 3376 1416 3432 est,
1442 3366 1496 3421 in
1528 3364 1833 3420 novissimo

245 3480 501 3538 tempore,
530 3478 583 3523 et
604 3467 738 3523 dicit
762 3464 1163 3529 illi,Commoda
1191 3463 1317 3516 mihi
1347 3471 1448 3514 tres
1469 3475 1626 3530 panes
1651 3473 1670 3511 :
1692 3471 1756 3511 ac
1786 3456 1833 3509 si

244 3565 376 3619 dicat
399 3566 586 3619 anima
624 3562 710 3616 illa
741 3560 809 3615 ad
838 3559 1139 3626 Christum,
1175 3556 1468 3612 Commoda
1497 3552 1626 3609 tnihi
1669 3553 1832 3609 ﬁdem

244 3656 540 3723 Trinitatis,
569 3665 626 3710 et
645 3656 727 3709 fac
747 3669 834 3709 me
861 3652 1185 3722 intelligere,
1213 3647 1672 3720 quemadmodum
1704 3660 1835 3717 ope-

244 3750 342 3804 rari
367 3764 457 3803 me
479 3757 718 3817 oportet.
750 3745 961 3800 Amicus
987 3761 1129 3798 meus
1159 3743 1297 3797 venit
1334 3742 1397 3795 dc
1426 3742 1505 3794 ria
1533 3756 1551 3793 :
1580 3756 1647 3794 ac
1680 3740 1725 3793 si
1753 3739 1835 3793 di-

244 3852 341 3909 cat,
368 3857 566 3899 sensus
590 3855 743 3896 meus
768 3839 1062 3895 ambulavit
1085 3852 1181 3907 per
1201 3836 1449 3891 diversas
1477 3834 1752 3905 regiones,
1782 3842 1835 3887 et

244 3936 451 3992 rediens
479 3934 549 3989 ad
581 3949 668 3989 me
689 3947 889 3987 vacuus
918 3939 1023 3993 est.
1052 3946 1159 3985 non
1190 3929 1363 3984 habeo
1392 3928 1646 3982 alimenta
1674 3927 1837 3997 spiri-

242 4029 381 4095 talia,
407 4042 536 4099 qua:
554 4034 681 4081 ante
705 4026 852 4081 illum
881 4039 1102 4097 ponam,
1129 4022 1235 4078 nisi
1260 4034 1314 4076 tu
1338 4034 1424 4077 me
1444 4021 1643 4075 doceas
1673 4019 1832 4074 iidem

243 4120 550 4187 Trinitatis,
592 4132 780 4189 spem,
812 4117 1151 4181 charitatcm,
1189 4124 1245 4171 et
1287 4128 1449 4168 omne
1478 4113 1619 4183 quod
1659 4111 1709 4165 ei
1744 4111 1837 4165 tri-

246 4214 398 4267 buam
429 4230 443 4266 :
481 4198 582 4268 nec
615 4210 759 4267 unde
784 4226 906 4266 eum
932 4210 1154 4265 doceam
1188 4208 1382 4263 habeo.
1415 4205 1545 4260 Noli
1572 4206 1698 4259 mihi
1727 4220 1838 4259 mo-

243 4308 395 4362 lestas
434 4324 573 4371 esse,
610 4306 666 4360 et
697 4316 914 4360 «cetera.
967 4302 1187 4358 Distulit
1226 4302 1443 4373 quidem
1485 4298 1834 4364 desiderium,

244 4404 333 4454 sed
366 4417 480 4456 non
505 4399 750 4462 abstulit,
788 4407 847 4453 ut
862 4398 989 4467 plus
1014 4410 1115 4450 nos
1140 4408 1471 4466 quaeramus,
1503 4401 1560 4447 et
1588 4392 1839 4447 iuventus

1857 3237 1903 3300 C

1939 1954 2093 2011 nales
2116 1953 2260 2011 inter
2288 1954 2489 2010 bonum
2520 1964 2575 2009 et
2600 1952 2802 2009 malum
2835 1947 3168 2018 discernitis,
3192 1955 3250 2005 et
3280 1960 3387 2002 non
3409 1945 3532 2001 vul-

1935 2047 2004 2103 tis
2036 2056 2099 2105 nt
2135 2048 2368 2119 quisque
2406 2056 2649 2104 vestrum
2681 2045 2751 2102 de
2786 2059 2951 2100 manu
2980 2053 3159 2101 vesua
3195 2039 3396 2097 malum
3430 2052 3529 2109 pro

1930 2141 2077 2199 bono
2106 2142 2333 2212 recipiat
2362 2158 2375 2196 :
2400 2151 2601 2212 quanto
2623 2140 2795 2209 magis
2816 2139 2960 2193 Deus
2981 2136 3071 2208 qui
3102 2143 3302 2192 cuncta
3332 2130 3530 2187 condi-

1932 2236 2012 2291 dit
2044 2237 2265 2302 homini,
2299 2250 2462 2306 quem
2494 2234 2558 2290 ad
2595 2234 2881 2304 imaginem
2916 2244 3068 2286 suam
3102 2229 3248 2295 fecit,
3293 2226 3519 2284 ﬁdeliter

1932 2329 2034 2385 sibi
2069 2329 2268 2399 petenti
2302 2328 2502 2384 tribuet
2529 2328 2701 2385 bona!
2741 2323 2924 2396 Ignem
2956 2323 3071 2377 veni
3101 2322 3302 2376 mittere
3337 2320 3389 2373 in
3424 2326 3525 2371 ter-

1930 2438 2064 2486 ram,
2108 2432 2157 2477 et
2193 2420 2317 2493 quid
2359 2420 2473 2475 volo
2512 2419 2611 2473 nisi
2653 2427 2710 2473 ut
2738 2416 3051 2471 accendatur
3073 2413 3228 2486 (Luc.
3269 2427 3365 2479 xu,
3398 2408 3531 2475 49)?

1932 2514 2069 2583 Quid
2093 2514 2196 2569 hoc
2218 2515 2336 2570 loco
2360 2515 2538 2584 ignem
2570 2512 2673 2567 nisi
2702 2509 2971 2582 Spiritum
2998 2516 3243 2562 sanctum
3276 2503 3533 2571 intelligi-

1933 2622 2054 2663 mus
2083 2624 2098 2663 :
2125 2622 2285 2678 quem
2310 2606 2573 2661 Dominus
2607 2605 2660 2660 in
2692 2614 2894 2660 terram
2926 2601 3114 2665 misit,
3164 2604 3225 2652 ut
3255 2607 3371 2651 urat
3404 2594 3533 2653 vitia

1930 2711 1986 2757 et
2014 2710 2256 2771 peccata,
2284 2707 2336 2756 et
2369 2698 2628 2755 accendat
2654 2697 2865 2753 animas
2891 2709 2989 2765 per
3010 2692 3333 2748 charitatem
3364 2694 3529 2758 atque

1929 2793 2245 2851 illuminet?

1966 2962 1969 2967 .
2054 2903 2370 2959 MONITlIlrI
2413 2901 2481 2958 IN
2519 2899 2943 2970 SEQUENTE“
2988 2892 3403 2951 EPISTULA“.

2007 2997 2333 3065 Quamquam
2360 3012 2511 3049 nemo
2541 2995 2633 3048 ibit
2670 2994 2897 3058 inﬁcias,
2936 2993 3096 3065 hujus
3122 2998 3383 3065 auctorem
3418 2988 3533 3065 epi-

1932 3056 2101 3137 stoliz,
2131 3070 2176 3122 si
2192 3056 2319 3123 cum
2341 3067 2662 3138 Hieronymo
2686 3056 3051 3134 campanam}.
3080 3063 3237 3131 longo
3257 3056 3532 3138 interuallo

1933 3129 2215 3212 infra'ejgus
2244 3142 2334 3212 ing
2354 3141 2511 3192 'uium
2538 3129 2599 3189 ἷιε
2629 3129 2927 3212 dignitatum
2970 3150 3078 3187 esse
3112 3149 3128 3185 :
3158 3129 3259 3212 rimi
3294 3129 3527 3211 probarit

1936 3200 2105 3266 tamen
2122 3200 2343 3264 Ἐνίιδηῖἰ
2370 3226 2660 3271 censuram,
2684 3200 2734 3261 ’ἐξ
2774 3209 2895 3276 qttitl
2932 3207 3082 3260 alias.
3114 3204 3265 3276 plane
3296 3200 3532 3276 injuria-

1937 3300 2070 3347 som,
2104 3282 2193 3335 ubi
2239 3299 2351 3336 eum
2392 3289 2538 3334 vocat
2580 3271 3364 3350 impudentisumuntrabulam,
3397 3271 3531 3337 εΙῙιι-

1938 3345 2162 3415 tientem,
2190 3371 2289 3407 non
2322 3345 2731 3423 proloquentém.
2765 3360 2810 3403 et
2840 3347 3094 3423 quidquid
3129 3347 3181 3398 in
3209 3345 3422 3397 buccam
3450 3357 3537 3396 ve-

1936 3427 2091 3493 nerit,
2113 3421 2495 3481 ebla’erantem.
2520 3421 2770 3493 I’ersatus
2801 3422 2853 3474 in
2880 3422 2974 3474 hoc
2997 3422 3108 3485 ipso
3132 3424 3433 3493 argumento
3455 3423 3529 3493 est

1950 3485 2119 3551 Victor
2150 3495 2444 3553 Cartettnat.
2478 3492 2815 3547 Mauritaniae
2842 3494 3060 3545 civitatis
3104 3485 3375 3557 episcopus
3396 3485 3531 3557 ,_qui

1935 3569 2163 3634 scripsit,
2198 3576 2319 3619 teste
2342 3564 2580 3619 Getmdio
2597 3581 2713 3631 cap.
2741 3565 2828 3624 77,
2855 3563 2917 3615 ad
2942 3555 3197 3614 Basiliqu
3232 3555 3523 3626 quemdam

1936 3654 2102 3702 super
2132 3636 2309 3692 m‘orle
2347 3636 2438 3690 filii
2482 3637 2904 3691 consolatoriam
2954 3635 3173 3695 librum,
3207 3643 3306 3697 spe
3336 3641 3523 3682 resur-

1938 3711 2216 3774 reCtiouis,
2244 3710 2476 3779 perlecta
2507 3708 2862 3762 instructiouc
2892 3704 3186 3759 munitum.

2490 3844 2817 3902 EPISTULA
2861 3843 2974 3898 XL.

1974 3986 2041 4024 Λῐ)
2064 3981 2326 4023 TYRAFIUH
2353 3980 2518 4021 SUPER
2546 3978 2724 4019 HORTE
2751 3975 2908 4015 FILIE
2931 3972 3044 4013 SUrE
3072 3966 3494 4011 CON'OLATOBIA.

2020 4079 2314 4137 Benedicto
2341 4086 2396 4133 et
2423 4075 2778 4131 dilectissimo
2804 4071 3035 4144 Tyrasio
3060 4068 3447 4139 Hieronymus.

2011 4215 2047 4271 Ι.
2069 4212 2362 4269 Charitatis
2386 4222 2490 4265 tua:
2509 4210 2705 4279 scripta
2732 4207 2969 4278 percepi,
2997 4207 3049 4260 in
3068 4203 3267 4274 quibus
3291 4200 3531 4255 animum

1938 4317 2088 4361 tuum
2122 4306 2312 4360 dolore
2341 4312 2673 4359 commotum
2727 4301 2793 4355 de
2828 4301 2952 4354 filia:
2976 4296 3307 4353 dormitione
3333 4309 3533 4361 coguo‘

1944 4403 2018 4457 vi.
2067 4400 2184 4455 Non
2231 4398 2374 4453 aliud
2431 4396 2800 4467 principaliter
2830 4393 3131 4447 admiratus
3185 4405 3330 4455 sum,
3364 4404 3529 4459 quam

242 4494 486 4551 δυίεῑίυε
515 4505 781 4549 lenem"-
807 4491 960 4561 Q‘md
985 4505 1117 4545 νθΐο
1141 4491 1272 4546 (“Cll
1298 4508 1309 4543 ε
1336 4488 1496 4543 Paeti
1517 4486 1615 4541 ηιθὶ
1643 4500 1842 4539 mecum
1943 4492 2240 4547 Christiani
2276 4493 2508 4560 pectoris
2543 4490 2600 4543 in
2632 4499 2682 4544 te
2703 4488 2937 4542 ablatam
2970 4486 3224 4540 virtutem
3262 4482 3451 4547 fuisse,
3478 4490 3535 4535 ut

244 4600 359 4644 sunt
390 4606 409 4643 τ
467 4605 531 4642 ac
578 4590 623 4643 si
665 4588 812 4643 dicat
853 4587 1110 4641 Dominus
1152 4583 1404 4639 Christus
1453 4581 1798 4650 omnipotens
1824 4623 1837 4648 ,

245 4683 415 4738 sancti
443 4683 554 4737 mei
578 4695 715 4751 quos
738 4679 880 4734 volui
899 4680 1010 4748 jam
1043 4692 1252 4733 meeum
1276 4686 1399 4731 sunt
1427 4693 1439 4727 :
1467 4674 1587 4729 Non
1620 4654 1838 4744 possunt

245 4790 491 4846 surgere,
523 4786 578 4829 et
602 4775 737 4829 dare
760 4774 874 4828 tibi.
906 4773 1031 4827 Ideo
1054 4783 1212 4841 negat
1242 4771 1557 4839 petitionem
1582 4808 1596 4833 ,
1629 4779 1685 4821 ut
1718 4780 1844 4836 pro-

247 4872 333 4924 bet
352 4868 651 4939 cujuslibet
676 4866 1155 4936 perseverantiam.
1179 4864 1243 4920 Et
1277 4864 1420 4935 quod
1446 4863 1573 4917 dicit
1604 4880 1618 4915 :
1652 4861 1713 4916 Si
1742 4877 1845 4914 non

248 4962 385 5015 dabit
410 4960 493 5015 illi
517 4975 733 5031 surgens
768 4976 828 5014 eo
851 4959 990 5029 quod
1015 4959 1213 5012 amicus
1242 4960 1355 5029 ejus
1383 4964 1490 5021 est,
1518 4963 1722 5025 propter
1750 4953 1848 5006 int-

249 5053 560 5120 probitatem
580 5064 750 5107 tamen
775 5054 889 5123 ejus
917 5062 1114 5124 surget,
1142 5059 1189 5105 et
1215 5050 1358 5104 dabit
1386 5047 1464 5104 illi
1484 5058 1727 5118 quotquot
1751 5047 1849 5101 ha-

250 5147 324 5199 bet
353 5146 678 5201 necessarios
698 5161 716 5198 :
736 5145 815 5200 sic
834 5157 889 5199 et
911 5143 1168 5198 Dominus
1191 5142 1347 5199 Jesus
1371 5142 1574 5198 annicus
1602 5150 1658 5197 et
1680 5139 1851 5195 frater

250 5246 439 5293 noster
466 5236 575 5311 [AL
603 5246 712 5291 tae.
742 5234 946 5308 noster]
976 5232 1429 5297 Christianorum,
1463 5233 1612 5288 omni
1644 5233 1848 5305 impor-

250 5338 377 5385 tune
404 5330 752 5399 fideliterque
782 5329 1004 5399 petenti,
1036 5328 1265 5401 projngi
1297 5328 1559 5397 petitione
1589 5322 1852 5398 quidquid

253 5426 304 5478 in
334 5425 565 5480 nomine
586 5425 704 5494 ejus
727 5423 960 5494 petierit,
984 5424 1101 5479 sine
1118 5422 1435 5477 difﬁcultate
1461 5421 1676 5475 tribuet.
1704 5419 1856 5474 Sicut

251 5527 305 5572 et
328 5516 602 5588 sequitur.

326 5612 445 5668 VII.
483 5610 596 5682 Ego
634 5611 772 5666 vobis
802 5612 916 5666 dico
944 5628 964 5667 :
996 5610 1164 5666 Petita
1189 5619 1238 5665 et
1267 5609 1479 5664 dabitur
1505 5608 1646 5663 vobis
1670 5624 1688 5661 :
1716 5622 1861 5679 qua:-

252 5707 372 5773 rite,
405 5714 459 5759 et
490 5706 760 5762 invenietis
789 5721 807 5758 :
837 5705 1061 5777 pulsate,
1094 5715 1142 5759 et
1169 5707 1428 5776 (ipfi'leltlt‘
1448 5703 1591 5758 vobis
1621 5720 1639 5758 :
1672 5703 1723 5757 id
1757 5711 1861 5766 cst,

254 5800 431 5869 petite
485 5798 720 5868 Patrem,
776 5802 1001 5869 quaerite
1047 5798 1280 5863 Filium,
1339 5796 1555 5867 pulsate
1600 5795 1862 5867 Spiritum

259 5903 542 5952 sanetum.
581 5894 670 5952 Vel
713 5893 879 5965 petite
917 5891 1360 5964 cogitationibus,
1394 5890 1619 5961 quarite
1662 5889 1866 5959 verbis,

1949 4584 2185 4639 animout
2220 4582 2466 4637 flecteres
2509 4582 2573 4635 ad
2622 4580 2887 4635 dolorem.
2928 4577 3134 4643 Stupco
3164 4591 3377 4631 murum
3410 4573 3533 4628 fidei

1952 4686 2288 4747 penetratum
2312 4673 2622 4729 vulneribus
2654 4671 2922 4731 orbitatis.
2949 4685 3104 4739 quem
3129 4670 3310 4737 sepire
3335 4666 3537 4721 debue-

1951 4781 2035 4827 rat
2062 4786 2190 4840 Spes
2223 4767 2646 4824 resurrectionis
2675 4776 2728 4822 et
2759 4766 2908 4836 regni
2939 4764 3181 4820 cmlestis
3231 4761 3536 4831 Numquam

1951 4879 2077 4932 Spes
2099 4878 2218 4917 cum
2247 4862 2432 4916 dolore
2462 4858 2775 4924 concordat,
2808 4873 2908 4913 nec
2938 4859 3068 4912 fides
3100 4853 3390 4924 aliquando
3418 4867 3546 4906 sen-

1952 4957 2017 5011 tit
2060 4962 2555 5025 quantamcumque
2582 4952 2874 5021 jacturam.
2918 4950 3226 5020 Rcsurgere
3266 4944 3543 5000 credimus

1960 5058 2222 5106 mortuos.
2255 5056 2303 5100 cl
2339 5044 2678 5115 plangimus?
2700 5042 2837 5109 Quid
2866 5042 3170 5095 faceremus
3199 5038 3241 5089 si
3270 5034 3403 5088 mori
3430 5041 3549 5086 tan-

1961 5140 2239 5197 tummodo
2268 5141 2385 5194 sine
2425 5136 2830 5193 resurrectione
2868 5133 3191 5204 praeciperet
3229 5127 3410 5181 Deus?
3447 5126 3549 5180 Vo-

1962 5238 2143 5292 luntas
2172 5236 2294 5307 ejus
2337 5236 2522 5304 utique
2568 5232 2680 5286 sola
2729 5229 3013 5285 sufﬁceret
3041 5224 3106 5279 ad
3138 5222 3419 5291 solatium,
3466 5220 3552 5274 cui

1964 5330 2167 5385 nullum
2196 5341 2515 5398 prmpOnerc
2538 5324 2793 5395 juhemnr
2819 5318 3087 5373 aﬁ‘cetum.
3117 5315 3273 5385 Quod
3303 5313 3529 5369 dederat

1966 5422 2189 5479 abstulit
2219 5422 2307 5491 qui
2335 5425 2642 5475 creaverat.
2668 5414 2800 5482 Quis
2828 5421 2909 5465 est
2942 5412 3031 5481 qui
3072 5410 3290 5480 plangat
3317 5404 3458 5469 quod
3492 5402 3557 5455 ad

1970 5530 2180 5586 tempus
2209 5512 2529 5582 acceperat?
2549 5507 3024 5571 Commodaverat,
3051 5513 3111 5559 ιιι
3134 5505 3365 5557 haberes
3389 5512 3562 5569 quan—

1968 5622 2256 5680 tocumque
2286 5615 2535 5676 tempore
2558 5603 2859 5659 voluisset:
2892 5609 2951 5655 ut
2974 5615 3095 5654 eum
3129 5597 3313 5651 vellet.
3346 5607 3559 5646 rursum

1971 5706 2229 5760 auferret.
2262 5698 2406 5755 Nihil
2438 5697 2662 5753 abstulit
2690 5706 2861 5758 tuum,
2897 5693 2986 5763 qui
3019 5691 3277 5761 dignatus
3308 5695 3389 5741 est
3422 5685 3564 5738 reci-

1974 5814 2101 5871 pere
2126 5811 2274 5867 prop:
2291 5795 2422 5849 ium.
2449 5791 2724 5846 Creditum
2756 5803 2911 5843 suum
2952 5785 3199 5852 recipere
3224 5779 3409 5835 decuit
3435 5791 3559 5833 cre-

1976 5892 2224 5955 ditorem,
2272 5897 2325 5943 et
2364 5884 2496 5940 nihil
2539 5881 2685 5939 aliud
2732 5881 2908 5945 decet,
2958 5891 3119 5950 quam
3164 5873 3421 5931 creditori
3466 5885 3567 5928 suo
