3926 6290
481 303 593 364 279

1527 297 1587 355 S.
1629 292 2015 354 HIERONYMI
2053 293 2337 354 OPERUM
2374 294 2737 354 MANTISSA.

3625 304 3711 367 280

476 420 692 493 gratias
741 431 901 491 agere
948 422 1314 472 mutuantem.
1365 414 1457 474 Sic
1481 414 1584 471 Job
1614 416 1871 485 legimus,
1920 430 2084 487 quam
2114 414 2169 478 Α
2194 413 2414 469 dentizn.
2448 413 2505 470 Si
2535 413 2681 468 enim
2702 411 3069 468 desolationes
3098 411 3339 471 homines
3368 415 3500 475 ferre
3522 433 3613 475 non
3634 437 3711 478 va-

485 528 781 583 sequamur
833 509 1243 573 devotissimam
1286 524 1479 564 vocem
1513 526 1525 562 :
1561 507 1841 573 Dominus,
1888 509 2084 579 inquit,

492 607 655 670 dedit,
683 605 939 658 Dominus
964 602 1176 656 abstulit
1199 620 1216 655 :
1238 603 1368 657 sicut
1404 600 1626 655 Domino
1656 602 1886 672 placuit,
1908 604 1978 655 ita
2010 606 2089 673 fa-

485 707 629 752 ctum
656 706 731 751 est
754 714 773 748 :
804 696 870 748 sit
899 712 1084 748 nomen
1116 693 1329 747 Domini
1365 694 1686 747 benedictum
1718 692 1859 763 (Job.
1894 711 1932 761 ι,
1966 694 2084 762 21).

558 792 624 847 ll.
658 791 829 845 Parva
855 804 985 858 ergo
1014 803 1123 841 non
1151 797 1271 842 erat
1302 786 1419 840 hzec
1449 785 1753 841 consolatio
1780 794 1972 840 contra
2004 786 2089 840 lu—

483 893 655 950 ctum,
684 880 828 951 quod
861 893 1025 935 nemo
1054 879 1242 949 lugere
1271 876 1470 931 debeat
1494 893 1617 931 cum
1649 877 1855 946 aliquid
1898 876 2087 931 reddi-

484 974 630 1029 derit
653 974 894 1028 alienum
917 989 930 1025 :
954 970 1083 1041 quia
1106 969 1185 1024 fas
1204 985 1313 1024 non
1337 979 1453 1023 erat
1481 970 1621 1039 apud
1645 970 1813 1023 alium
1838 969 2085 1036 retineri,

483 1069 630 1141 quod
662 1068 897 1122 Domino
920 1080 1020 1121 suo
1060 1064 1240 1120 fuerat
1267 1064 1663 1119 necessarium.
1698 1062 1928 1117 Additur
1959 1078 2091 1116 con-

482 1164 772 1219 solationis
802 1160 909 1216 alia
941 1158 1309 1229 providentia,
1343 1172 1464 1226 quae
1489 1156 1688 1225 jaculis
1718 1155 1972 1209 orbitatis
1998 1169 2090 1209 oc-

484 1269 691 1315 currat.
722 1257 987 1326 Plangere
1016 1252 1309 1308 debuimus
1338 1250 1407 1305 de
1429 1250 1630 1304 saeculo
1658 1248 2001 1314 recedentes,
2043 1248 2089 1302 si

488 1353 678 1410 saeculi
713 1350 1040 1406 inimicitias
1070 1356 1260 1402 contra
1301 1359 1401 1399 nos
1447 1344 1672 1399 minime
1714 1343 2088 1398 sentiremus:

485 1459 540 1505 et
570 1446 877 1518 plangimus
912 1442 1125 1497 Domini
1156 1440 1447 1505 beneﬁcia,
1478 1440 1568 1509 qui
1600 1439 1751 1492 novit
1784 1435 2090 1491 inﬁrmitati

486 1550 694 1596 nostra:
728 1537 855 1606 quid
890 1542 1129 1604 praestet.
1164 1528 1468 1587 Peiiclitari
1500 1530 1718 1585 volebat
1762 1528 1963 1596 adhuc,
1999 1528 2090 1597 qui

484 1636 633 1689 dolet
685 1631 924 1701 atquein
977 1627 1343 1683 dormientem
1383 1643 1399 1678 :
1441 1635 1495 1679 et
1540 1624 1682 1678 inter
1725 1612 1922 1676 fluctus
1963 1622 2090 1674 vita:

487 1730 774 1798 praesent's
807 1724 994 1778 videre
1031 1720 1289 1791 cupiebat
1340 1719 1594 1771 miserum
1637 1715 1910 1769 laborare.
1946 1713 2090 1766 Tali-

2193 509 2388 575 lerent,
2422 523 2716 578 numquam
2745 522 2972 577 prorsus
3000 516 3246 577 parentes
3274 524 3304 563 a
3334 526 3389 565 se
3413 527 3501 575 sua
3529 514 3712 583 pignora

2192 598 2549 653 dimisissent.
2581 598 2883 654 Destitutos
2914 614 2974 654 se
3000 614 3030 653 a
3060 600 3404 655 morientibus
3424 617 3714 671 conqueran-

2191 701 2314 747 tttr:
2346 703 2401 747 et
2426 695 2581 747 vivos
2610 693 2774 757 ﬁlios,
2799 702 2890 745 aut
2916 700 3134 761 propter
3158 692 3406 761 honores,
3428 705 3511 751 aut
3536 709 3715 767 promer

2191 790 2406 856 negotia
2451 786 2754 856 peregrinis
2798 786 3112 856 regionibus
3159 789 3379 842 credunt
3410 805 3422 845 ;
3454 799 3502 844 et
3525 794 3717 859 gaudent

2192 886 2306 931 tota
2351 880 2459 932 vita
2507 878 2625 932 sine
2671 877 2959 932 affectibus
2993 878 3333 942 commorari,
3361 878 3623 937 dummodo
3646 897 3716 937 ca-

2194 972 2361 1040 piant,
2393 971 2537 1041 quod
2581 972 2808 1041 cupiunt
2833 971 2901 1026 de
2926 973 3040 1025 suis
3067 972 3373 1041 pignoribus
3415 972 3615 1042 adipisci
3640 991 3652 1028 :
3676 986 3719 1031 et

2192 1073 2250 1117 ut
2289 1064 2357 1117 ad
2404 1064 2598 1127 palatia
2630 1074 2876 1134 pergant,
2911 1064 3340 1134 peregrinantur.
3372 1064 3447 1118 Ad
3478 1066 3629 1121 studia
3651 1068 3719 1122 di-

2190 1157 2412 1227 gnitatis
2444 1159 2702 1227 navigant
2740 1157 3095 1227 acquirenda,
3140 1157 3227 1212 vel
3268 1157 3330 1211 ad
3376 1172 3550 1212 causas
3588 1161 3722 1228 patri-

2194 1252 2358 1305 monii
2392 1252 2604 1320 aliquas
2626 1250 2981 1316 explicandas
3020 1265 3141 1304 cum
3189 1247 3371 1304 labore
3407 1258 3458 1304 et
3494 1250 3717 1320 periculo,

2194 1344 2604 1415 proﬁciscentes
2633 1359 2825 1398 omnes
2869 1343 3185 1410 impellunt,
3233 1356 3328 1396 nec
3374 1356 3545 1397 secum
3569 1357 3724 1397 vacare

2192 1454 2331 1509 quos
2373 1437 2623 1507 diligunt,
2662 1437 2961 1505 patiuntur.
2999 1437 3156 1489 ELut
3182 1435 3245 1488 ad
3281 1434 3464 1504 palatia
3507 1435 3633 1498 cmli,
3672 1434 3723 1490 ad

2192 1532 2368 1587 studia
2400 1530 2621 1594 Christi,
2651 1530 2718 1584 ad
2752 1529 3014 1584 honorem
3051 1531 3181 1584 vitae
3214 1538 3493 1599 perpetuas,
3519 1539 3566 1583 et
3593 1528 3727 1598 patri-

2193 1627 2431 1681 monium
2465 1624 2828 1695 possessionis
2856 1634 3077 1677 aeternae
3107 1640 3229 1678 cum
3254 1624 3529 1677 securitate
3551 1623 3727 1677 valeant

2194 1720 2503 1788 pervenire,
2545 1733 2704 1771 nemo
2738 1717 2874 1769 ﬁlios
2916 1732 3048 1770 suos
3073 1731 3104 1769 a
3134 1730 3191 1769 se
3235 1716 3457 1770 libenter
3479 1714 3728 1784 gratulatur

485 1823 589 1877 bus
617 1836 681 1875 ac
706 1818 869 1872 tantis
909 1812 1326 1883 tempestatibus
1354 1811 1499 1875 vitaz,
1534 1818 1611 1861 tot
1652 1806 2092 1877 impugnationes
2126 1807 2170 1866 Β
2196 1792 2511 1865 abscedere.
2540 1810 2617 1862 Ad
2650 1809 3016 1877 comparanda
3045 1820 3263 1877 peccata
3288 1808 3510 1877 gaudent
3536 1816 3625 1858 tam
3652 1820 3729 1874 pa-

480 1913 711 1971 diabolt.
739 1922 819 1965 tet
839 1906 1090 1977 carporis
1109 1904 1271 1966 bella,
1299 1911 1378 1956 tot
1396 1917 1457 1956 sa
1475 1900 1582 1955 culi
1606 1900 1790 1954 clades
1812 1900 2003 1953 evasit.
2028 1900 2092 1951 Iit

494 2006 765 2075 lacrymas
792 2001 997 2063 fundis,
1026 1996 1185 2069 quasi
1206 1996 1426 2051 nescias
1449 1993 1581 2064 quid
1610 1993 1665 2047 in
1698 2000 1753 2047 te
1776 1995 1893 2061 ipso
1917 1992 2094 2061 quoti-

488 2097 577 2151 die
608 2093 868 2165 patiaris?

563 2190 655 2244 Ill.
703 2188 931 2256 Propter
978 2182 1123 2254 quod
1174 2181 1434 2235 admonet
1488 2176 1749 2231 Dominus
1800 2175 2093 2245 Apostolos

486 2296 640 2345 suos,
665 2280 855 2335 dicens
891 2296 902 2331 :
941 2276 1001 2331 Si
1030 2274 1313 2344 diligeretis
1338 2288 1439 2337 me,
1469 2269 1789 2342 gauderetis,
1817 2270 1943 2338 quia
1964 2267 2093 2321 vado

486 2375 555 2428 ad
595 2372 807 2426 Patrem
853 2367 1035 2439 (Joan.
1083 2382 1197 2433 xrv,
1244 2363 1356 2434 ii).
1411 2363 1580 2415 l’lane
1629 2360 1892 2414 Lazarum
1946 2359 2095 2413 ﬂevit

486 2475 790 2526 mortuum,
822 2460 917 2515 sed
952 2473 1058 2513 non
1085 2467 1201 2511 tuas
1226 2456 1499 2524 lacrymas
1529 2452 1685 2505 fudit.
1717 2451 2095 2505 ltesnrrectio-

487 2560 573 2615 nis
604 2557 907 2625 promissor
932 2554 1180 2611 dolorem
1211 2551 1413 2606 docere
1432 2565 1540 2604 non
1570 2556 1809 2619 poterat,
1835 2562 1905 2600 ne
1932 2546 2092 2601 ﬁdem

489 2653 781 2725 perﬁdiam
832 2649 1061 2715 faceret,
1097 2663 1259 2718 quam
1309 2646 1561 2699 docebat.
1613 2642 1796 2695 Doluit
1825 2643 2092 2695 Lazarum

491 2762 602 2801 non
634 2744 1025 2808 dormientem,
1051 2741 1145 2795 sed
1179 2739 1356 2809 potius
1379 2745 1789 2805 resurgentem:
1820 2745 1876 2788 et
1906 2734 2090 2798 ﬂebat,

489 2854 650 2907 quem
680 2834 976 2906 cogebatur
1000 2842 1218 2905 propter
1244 2832 1381 2884 alios
1419 2829 1484 2883 ad
1518 2827 1779 2882 steculum
1810 2841 2089 2881 revocare.

488 2929 642 2985 lianc
672 2932 838 2982 vitam
880 2927 1018 2981 dans
1064 2924 1355 2986 Dominus,
1385 2920 1802 2989 ingetnisceLat,
1832 2933 1993 2988 quam
2037 2928 2093 2972 tu

490 3024 646 3078 doles
677 3035 799 3076 esse
826 3020 1122 3074 sublatam.
1155 3016 1361 3071 Contra
1393 3014 1666 3084 lacrytnas
1706 3012 1825 3080 ejus
1858 3020 2096 3081 pugnant

486 3115 746 3185 laetymaa
776 3123 903 3178 tum,
938 3122 990 3165 et
1018 3124 1170 3163 amor
1212 3118 1338 3162 tuus
1370 3105 1542 3159 amori
1583 3104 1703 3173 ejus
1739 3120 1845 3157 non
1887 3118 2091 3157 conve-

2199 1915 2383 1959 rentes
2423 1918 2454 1957 a
2504 1901 2648 1969 tiliis,
2694 1918 2854 1971 quam
2898 1901 2991 1954 ﬁlii
3022 1916 3052 1954 a
3086 1898 3415 1966 parentibus,
3456 1904 3732 1967 provocante

2196 1997 2435 2061 diabolo,
2469 1996 2737 2065 separari.
2790 1993 2869 2047 Ad
2924 1992 3319 2063 indulgentiam
3362 1990 3729 2061 percipiendam,

2197 2090 2389 2144 nolunt
2415 2091 2482 2141 ab
2514 2088 2769 2150 invicem,
2804 2087 2919 2141 Deo
2950 2095 3209 2150 vocante,
3232 2084 3464 2140 discerni
3493 2102 3505 2137 :
3534 2092 3585 2137 ut
3605 2097 3734 2151 appa-

2199 2191 2315 2236 reat
2346 2195 2451 2234 non
2476 2195 2578 2249 pro
2605 2190 2788 2232 noetra
2821 2180 3031 2232 ratione
3061 2194 3165 2233 nos
3191 2178 3375 2232 dolere
3398 2188 3736 2247 quemcumque

2197 2275 2445 2329 videmur
2474 2274 2728 2328 amittere
2773 2290 2783 2323 :
2835 2271 2933 2327 sed
2983 2271 3245 2327 indicium
3293 2271 3458 2340 magis
3498 2267 3735 2325 ostendere

2198 2365 2532 2420 difﬁdentiae.

2269 2457 2358 2512 Vl.
2390 2457 2517 2511 Mihi
2548 2458 2731 2525 crede,
2757 2458 2871 2511 sola
2910 2458 2963 2512 in
3001 2458 3261 2511 omnibus
3290 2454 3609 2511 incredulitas
3632 2468 3734 2508 mte

2196 2560 2302 2604 ret.
2330 2550 2392 2603 Et
2420 2551 2558 2603 sicut
2588 2567 2694 2605 non
2728 2562 2907 2620 p0test
2941 2551 3077 2605 ﬁdes
3110 2565 3273 2605 nosse
3294 2550 3431 2620 quod
3458 2549 3651 2611 doleat,
3677 2546 3737 2600 sic

2197 2640 2501 2696 diftideutia
2544 2644 2662 2697 sola
2693 2642 2978 2698 doloribus
3020 2644 3295 2697 invenitur
3325 2640 3530 2697 ancilla.
3567 2640 3678 2695 Nam
3701 2638 3736 2692 si

2198 2735 2531 2790 dormientes
2561 2736 2817 2801 dicimus,
2849 2738 3191 2792 dormientes
3219 2738 3401 2805 utique
3435 2735 3636 2789 credere
3661 2733 3737 2786 des

2197 2829 2427 2883 bemus:
2461 2839 2515 2883 et
2542 2844 2647 2883 non
2686 2842 2951 2897 mortuoa,
2992 2830 3085 2883 sed
3120 2830 3534 2900 requie~centes,
3572 2841 3735 2881 secttno

2197 2922 2324 2978 dum
2355 2938 2543 2977 Vocem
2595 2924 2807 2978 Domini
2837 2943 2850 2979 :
2888 2924 3069 2979 Omnis
3098 2927 3258 2991 enim,
3297 2925 3483 2995 inquit,
3507 2923 3584 2990 qui
3611 2920 3738 2975 credit

2197 3019 2251 3070 in
2280 3034 2382 3083 me,
2406 3016 2524 3070 licet
2552 3018 2823 3083 moriatur,
2848 3021 2966 3072 vivit
2994 3017 3180 3089 (Joan.
3212 3036 3287 3086 ιι,
3318 3020 3429 3088 2'5).
3457 3016 3508 3072 Si
3540 3016 3622 3069 tibi
3646 3028 3736 3067 tne-

2198 3110 2355 3164 dicus
2387 3108 2489 3163 boc
2516 3112 2860 3179 promitteret
2903 3113 3213 3180 quisquam,
3250 3111 3442 3163 nullam
3480 3111 3585 3162 sine
3607 3105 3740 3160 dubio

488 3206 591 3259 nit.
622 3204 721 3259 llic
748 3202 907 3258 ﬁctus
939 3219 1043 3256 non
1074 3200 1236 3255 habet
1270 3200 1549 3268 pietatem.
1586 3196 1680 3249 llle
1708 3194 1925 3249 nolebat
1957 3195 2084 3249 red—

2194 3204 2542 3272 promissioai
2589 3204 2708 3272 ejus
2758 3220 2957 3274 negare
3004 3216 3222 3273 poteras
3262 3204 3478 3259 omnino
3519 3200 3736 3255 laetitiam.

489 3297 621 3353 dere
644 3296 940 3361 laboribus,
961 3309 1122 3364 quem
1146 3292 1410 3346 dilexerat
1434 3305 1447 3341 :
1472 3298 1525 3342 et
1550 3300 1602 3340 tu
1623 3302 1810 3342 amare
1826 3286 2092 3341 credebas

488 3400 567 3454 te,
604 3389 691 3442 cui
724 3388 969 3441 laborum
999 3383 1223 3439 volebas
1270 3379 1449 3435 adhuc
1494 3387 1755 3449 przestare
1797 3385 2089 3430 tormenta.

492 3478 766 3535 Cancrum
806 3479 854 3532 si
883 3488 1039 3547 putas
1080 3491 1203 3535 eum
1232 3474 1497 3529 Lazarum
1528 3471 1793 3535 doluisse,
1825 3479 1949 3523 ante
1980 3484 2089 3522 non

492 3573 841 3645 permisisset
875 3572 1048 3637 exire,
1080 3572 1169 3640 qui
1197 3568 1465 3637 repellere
1493 3566 1672 3634 potuit
1701 3574 1930 3618 mortem
1958 3580 1971 3615 :
1998 3574 2090 3617 aut

488 3676 640 3723 certe
667 3680 773 3721 non
802 3666 979 3728 ﬂeret,
1012 3665 1105 3734 qui
1136 3671 1415 3716 mortuum
1444 3657 1709 3713 suscitare
1738 3656 2089 3727 postmodum

488 3759 757 3813 habuerat
787 3765 1136 3827 potestatem.
1166 3752 1320 3809 Unde
1349 3759 1598 3821 apparet,
1618 3748 1731 3803 sola
1767 3763 1891 3803 eum
1924 3763 2087 3802 causa

486 3851 659 3905 fuisse
685 3855 1042 3914 commotum,
1076 3844 1218 3916 quod
1249 3844 1317 3897 ad
1346 3842 1801 3896 hostilem-vitam
1831 3839 2083 3895 charissi-

487 3960 637 3998 ruum
674 3957 934 3997 revocare
964 3940 1165 4005 denuo,
1199 3947 1254 3991 et
1285 3946 1507 4005 propter
1537 3931 1849 3987 credituros
1878 3930 2088 4000 aliquos

487 4048 545 4092 et
571 4034 986 4091 confundendos
1018 4032 1352 4098 incredulos,
1390 4028 1705 4098 urgebatur.
1742 4026 1983 4095 Denique
2010 4027 2089 4081 sic

492 4132 815 4185 subsecutus
834 4138 937 4195 est,
962 4128 1147 4182 dicens
1176 4142 1191 4181 :
1215 4123 1382 4195 Ergo,
1408 4122 1591 4185 Pater,
1622 4130 1675 4174 ut
1698 4122 1933 4188 credant,
1964 4122 2088 4191 quia

492 4232 547 4277 tu
592 4240 669 4275 me
707 4223 916 4286 misisti,
955 4222 1033 4274 ait
1085 4220 1232 4273 clara
1264 4233 1439 4272 voce:
1486 4215 1706 4282 Lazare,
1761 4216 1914 4286 prodi
1958 4217 2085 4285 foris

494 4314 673 4385 (Joan.
702 4330 777 4378 ιι,
802 4313 920 4383 45).
948 4312 1017 4367 Ει
1042 4310 1245 4367 factum
1271 4319 1376 4364 est.

559 4407 649 4461 IV.
682 4406 869 4462 Gaude
897 4420 1027 4475 ergo
1056 4404 1204 4459 unde
1235 4403 1327 4457 ille
1378 4412 1601 4458 coactus
1629 4413 1712 4459 est
1739 4402 1893 4472 ﬁere,
1926 4419 1994 4460 ne
2028 4416 2083 4459 tu

493 4502 687 4556 saltem
717 4498 950 4553 videaris
976 4496 1297 4553 dormientis
1318 4494 1675 4551 felicitatibus
1708 4498 1972 4553 invidere.
2002 4499 2084 4553 Ab

2196 3297 2351 3352 Nunc
2374 3297 2501 3366 quia
2528 3296 2780 3351 Christus
2810 3297 3101 3350 fabricatur
3117 3304 3176 3351 et
3194 3297 3529 3350 resuscitator
3555 3290 3741 3361 promit-

2198 3390 2279 3451 tit,
2327 3405 2433 3443 non
2466 3391 2624 3444 times
2654 3405 2773 3444 eam
2806 3390 3082 3460 plangere,
3131 3400 3191 3443 ut
3233 3390 3520 3443 ﬁdeliorem
3561 3384 3739 3439 Christo

2196 3482 2401 3550 pariter
2431 3492 2485 3537 et
2518 3484 2875 3550 potentiorem
2907 3483 3179 3538 medicum
3210 3479 3441 3538 videaris
3469 3481 3518 3536 in
3550 3477 3736 3548 t-romis-

2194 3574 2348 3628 sione
2370 3574 2638 3641 judicare.

2265 3664 2377 3719 νη.
2426 3666 2532 3721 Sed
2587 3667 2931 3734 destitutam,
2994 3669 3165 3733 dicis,
3232 3669 3391 3725 doleo
3449 3672 3739 3724 senectutem

2194 3773 2409 3813 meam:
2442 3760 2531 3828 qui
2568 3758 2862 3815 debueram
2907 3760 3109 3817 liberos
3141 3778 3296 3817 meos
3343 3762 3516 3831 potius
3558 3765 3741 3812 antece-

2192 3851 2345 3916 dere,
2380 3868 2449 3907 ne
2480 3854 2532 3906 in
2565 3852 2842 3908 laboribus
2874 3872 3238 3911 remanerem.
3274 3855 3496 3924 Quando
3521 3854 3584 3908 de
3609 3848 3743 3920 Spiri-

2194 3943 2427 3998 tualibus
2462 3944 2618 3999 bonis
2644 3946 3023 4016 quodcumque
3067 3957 3355 4011 tractatur,
3396 3946 3525 4002 nihil
3549 3954 3622 3999 est
3648 3958 3743 3996 om-

2192 4039 2325 4092 nino
2368 4036 2435 4091 de
2474 4038 2787 4091 carnalibus
2831 4049 2957 4093 ante
2983 4043 3170 4094 oculos
3203 4040 3623 4111 proponendum.
3654 4037 3743 4099 Ego

2194 4131 2287 4186 tibi
2321 4132 2511 4185 melius
2545 4132 2802 4197 proﬁteor
2845 4133 3094 4187 evenisse
3134 4152 3147 4186 :
3192 4136 3288 4204 qui
3329 4152 3434 4189 non
3484 4130 3738 4191 carnalem,

2191 4221 2286 4277 sed
2340 4222 2675 4290 spiritualem
2705 4223 2849 4277 circa
2900 4233 2953 4277 te
3000 4224 3295 4280 considero
3336 4226 3646 4280 felicitatem.
3677 4219 3742 4272 Tu

2191 4314 2327 4369 dicis
2356 4314 2421 4367 de
2450 4315 2690 4383 pignoris
2724 4315 2798 4369 tui
2830 4316 2980 4370 obitu
3027 4318 3078 4370 in
3112 4328 3399 4372 senectute
3428 4315 3704 4371 confectmn
3730 4325 3741 4361 :

2188 4423 2289 4478 ego
2317 4419 2501 4463 contra
2534 4408 2705 4477 probo
2729 4410 3096 4463 sublevatum.
3130 4412 3410 4467 Settectuti
3448 4420 3547 4464 tua:
3583 4420 3739 4474 ampu-

2191 4500 2323 4554 tavit
2343 4500 2602 4553 Dominus
2632 4500 2802 4569 magis
2831 4501 3279 4567 sollicitudinem,
3327 4518 3448 4573 quze
3496 4496 3745 4568 torquebat

486 4593 667 4647 alieno
716 4591 920 4645 mundo
961 4592 1238 4659 preprium
1282 4589 1535 4643 transivit
1563 4589 1630 4643 ad
1662 4590 1949 4646 Dominum
1986 4611 1996 4644 :
2030 4604 2082 4650 et
2114 4593 2161 4651 D
2186 4592 2254 4648 de
2278 4593 2417 4657 viva,
2441 4594 2549 4647 tilia
2578 4609 2649 4647 ne
2671 4595 2891 4662 periret.
2920 4594 3114 4650 Melius
3136 4597 3321 4666 utique
3344 4610 3483 4651 nunc
3508 4602 3741 4648 mortuam

486 4684 555 4741 de
585 4683 766 4739 hostili
794 4683 966 4752 patria
990 4684 1247 4753 migravit
1270 4683 1338 4737 ad
1364 4684 1578 4738 caelum.
1617 4685 1817 4739 Contra
1842 4686 2082 4758 sicApo-

484 4781 657 4836 Stolus
700 4785 1116 4841 commemorat,
1163 4776 1389 4830 dicens:
1419 4776 1677 4841 Quamdiu
1704 4794 1884 4832 sumus
1906 4780 1959 4832 in
1986 4782 2080 4835 Itoc

483 4874 695 4939 sacculo,
726 4869 1118 4941 peregrinantur
1164 4885 1195 4920 a
1239 4868 1466 4923 Dontino
1489 4871 1557 4940 (ll
1587 4869 1710 4928 Cor.
1743 4888 1797 4939 ν,
1834 4872 1911 4942 6).
1960 4875 2077 4930 Non

486 4983 616 5036 ergo
646 4966 801 5021 nobis
834 4964 1040 5018 luctum
1076 4961 1241 5016 debet
1272 4960 1515 5017 incutere
1546 4962 1854 5034 quisquam,
1890 4983 2012 5023 cum
2043 4987 2074 5023 a

479 5061 917 5131 peregrinatione
949 5057 1129 5114 redire
1167 5058 1428 5113 meruerit
1472 5059 1540 5112 ad
1584 5063 1859 5130 prepriatn
1892 5065 2072 5132 regio-

478 5167 627 5216 nem,
662 5152 896 5205 maxitue
926 5166 1048 5206 cum
1078 5164 1183 5204 non
1228 5150 1404 5204 inanis
1430 5160 1484 5205 et
1514 5166 1715 5205 vacuus
1754 5154 1933 5208 redire
1978 5170 2073 5209 no-

477 5253 687 5309 scatur,
712 5245 801 5313 qui
823 5243 1244 5299 Christianitatis
1264 5252 1538 5299 mercatus
1563 5255 1646 5299 est
1665 5246 1910 5301 lucrutn:
1942 5263 2070 5317 pro-

469 5351 595 5410 pter
622 5336 767 5407 quod
793 5334 1080 5391 descendit
1107 5338 1174 5392 ad
1201 5337 1385 5392 mundi
1408 5340 1819 5395 commercium.
1851 5340 1921 5396 Et
1941 5357 2062 5413 ego,

472 5435 706 5508 inquies,
747 5434 892 5489 nulla
925 5436 1345 5503 promissionum
1389 5436 1698 5491 caelestium
1726 5438 2062 5495 dubitatione

469 5523 784 5595 conturbor,
812 5530 911 5584 sed
932 5528 1047 5583 sola
1080 5532 1424 5599 separatione
1447 5532 1770 5588 dormientis
1800 5543 2058 5599 aestuans,

467 5627 743 5683 desolatus
766 5624 963 5681 solatio
990 5624 1060 5693 pii
1084 5624 1329 5693 pignoris
1354 5628 1555 5693 jactor.

544 5721 605 5772 ν.
634 5720 925 5775 Excusatio
952 5727 1035 5775 est
1058 5719 1192 5783 haec,
1223 5720 1528 5787 benedicte,
1574 5722 1691 5777 sine
1738 5723 1905 5778 dubio
1953 5722 2060 5778 fra-

457 5815 682 5889 gilitatis
710 5816 982 5886 humanae,
1027 5832 1146 5887 quae
1193 5817 1519 5889 patrocinari
1562 5834 1670 5873 non
1707 5829 1885 5890 potest
1914 5818 2052 5875 diffi-

2184 4687 2385 4741 saaculo
2411 4687 2591 4742 credis
2613 4703 2735 4743 esse
2770 4690 2911 4758 apud
2946 4690 3117 4744 Deum
3154 4692 3355 4757 vivam,
3390 4705 3547 4762 quam
3577 4688 3655 4741 hic
3679 4682 3743 4737 vi-

2184 4801 2303 4841 vam
2337 4800 2629 4841 mortuam.
2667 4789 2854 4843 Gaude
2885 4789 2979 4844 tibi
3020 4790 3164 4859 quod
3206 4791 3375 4847 ﬁliam
3410 4789 3745 4847 Christianam

2182 4891 2479 4945 merebcris
2519 4893 2671 4961 sequi
2706 4910 2719 4949 :
2759 4908 2921 4962 quam
2961 4905 3203 4963 secutus,
3254 4898 3307 4951 in
3356 4898 3500 4953 cmlo
3540 4894 3744 4966 gaudeas

2180 5008 2369 5049 rursus
2394 4996 2664 5064 amplecti.
2700 4995 2817 5050 Non
2848 5009 2899 5052 te
2922 4998 3184 5065 deseruit,
3222 5000 3318 5055 sed
3346 4999 3637 5072 prrecessit.
3664 4996 3747 5051 Mi—

2177 5098 2293 5153 sisti
2326 5099 2656 5154 nutrimenta
2684 5109 2769 5153 tua
2794 5100 3033 5157 Christo.
3065 5104 3121 5159 Si
3151 5106 3355 5160 luctum
3390 5106 3672 5167 horrueris,
3702 5108 3745 5153 el

2177 5210 2229 5255 te
2258 5199 2520 5254 obtulisse
2553 5200 2745 5271 pignus
2775 5202 2887 5257 Deo
2914 5204 3166 5275 deputari
3196 5208 3426 5277 poteris.
3459 5202 3743 5262 Secundum

2172 5308 2359 5354 votum
2389 5310 2536 5353 tuum
2568 5300 2706 5356 habe
2747 5314 2867 5371 post
2912 5305 3206 5373 Abraham,
3235 5307 3283 5362 si
3318 5323 3426 5362 non
3474 5316 3619 5377 potes
3646 5301 3742 5373 pri-

2171 5420 2315 5459 mum
2345 5422 2357 5456 :
2391 5414 2449 5457 ut
2480 5404 2625 5474 quod
2652 5405 2739 5460 ille
2767 5421 2875 5460 non
2922 5406 3205 5463 dubitabat
3231 5408 3451 5477 oﬁ‘crre,
3485 5420 3541 5464 tu
3571 5406 3741 5462 saltem

2176 5504 2283 5577 [ΑΙ.
2320 5506 2479 5578 forte]
2504 5506 2729 5563 videatis
2755 5509 2821 5564 de
2848 5511 3061 5567 sublato
3103 5513 3368 5583 gaudere.
3411 5513 3492 5567 Ab
3534 5511 3625 5565 illo
3653 5509 3743 5563 Do-

2167 5610 2345 5664 minus
2378 5610 2685 5680 postulavit,
2717 5627 2745 5664 a
2780 5622 2830 5666 te
2861 5612 2981 5667 tulit
3009 5630 3020 5666 :
3054 5614 3146 5670 ille
3170 5615 3406 5685 jussioni
3453 5614 3650 5684 paruit,
3695 5619 3741 5661 tu

2163 5714 2421 5769 voluntati
2453 5713 2785 5769 consentias.
2820 5713 2975 5769 Illum
3029 5732 3123 5785 per
3170 5716 3415 5772 illicitum
3448 5704 3614 5787 legem
3646 5725 3732 5765 ιη-
3762 5734 3763 5741 η

2162 5826 2298 5875 turte
2346 5817 2591 5889 probavit
2638 5818 2737 5876 sibi
2789 5817 3042 5876 devotum
3076 5838 3090 5876 :
3119 5831 3170 5878 te
3203 5820 3398 5879 saltem
3433 5835 3529 5892 per
3554 5818 3738 5875 licitam
