3926 6290
188 318 267 377 281

1054 304 1392 365 EPISTOLA
1430 303 1568 361 XLI.
1609 302 1700 359 DE
1740 299 2087 359 FERENDIS
2126 298 2555 358 OPPROBRIIS.

3344 298 3458 357 282

183 432 512 492 conditionem
546 426 900 485 mortalitatis
924 432 1152 482 annotct
1174 422 1513 496 religiosum.
1544 419 1601 477 In
1638 434 1744 492 qua
1772 420 1828 481 Λ
1851 417 2072 472 adducet
2092 434 2207 471 cum
2229 416 2324 472 illo
2354 418 2411 492 (I
2438 416 2620 472 Thess.
2654 432 2727 485 tv,
2757 414 2845 483 12,
2881 415 3007 487 l3).
3040 416 3166 472 Ilaec
3197 414 3317 480 tibi,
3349 414 3451 470 be-

183 540 310 604 parte
334 526 704 583 Christianum
736 532 789 579 te
819 520 1027 593 poteris
1049 520 1376 591 approbare.

242 621 358 679 VIII.
388 620 683 675 Erubescat
711 616 1066 673 incredulitas
1093 623 1307 679 nostra,
1338 628 1460 685 quae
1487 628 1589 669 nec
1624 628 1746 668 cum

181 717 435 790 gentilibus
464 715 578 770 Deo
601 714 717 769 vult
747 726 870 767 esse
894 710 1161 781 subjecta.
1190 708 1509 764 Communis
1536 715 1621 764 est
1650 724 1748 763 no-

181 815 249 870 bis
269 827 377 868 cum
401 809 508 864 illis
529 809 709 864 exitus
734 806 927 861 mortis
952 823 963 859 :
996 813 1049 859 ct
1077 802 1298 859 dolores
1329 803 1549 858 illorum
1582 817 1748 870 supe-

180 920 335 963 ramus
353 902 632 959 doloribus
656 900 877 956 nostris.
902 898 1042 967 Quid
1063 911 1374 969 ageremus,
1398 895 1442 950 si
1466 895 1743 966 peculiare

178 1000 365 1072 aliquid
394 999 709 1067 exigeretur
747 1011 778 1050 a
819 992 1010 1049 nobis?
1037 990 1195 1059 Quod
1239 990 1308 1045 ad
1357 988 1597 1045 dedecus
1641 1002 1745 1043 no-

178 1106 322 1152 strum
359 1094 616 1163 pertinet,
652 1089 885 1162 gentiles
929 1087 1149 1143 dolores
1187 1099 1334 1155 saepe
1360 1091 1740 1151 contemnunt,

176 1204 273 1244 cum
302 1203 399 1241 non
428 1186 495 1241 ad
529 1184 800 1255 promissa
822 1181 1089 1249 ccelestia,
1119 1180 1213 1236 sed
1242 1178 1308 1233 ad
1339 1193 1527 1250 pmnas
1553 1178 1741 1231 tartari

176 1280 449 1350 rapiantur:
484 1284 543 1333 et
567 1290 666 1332 nos
687 1276 994 1348 plangimus
1021 1280 1217 1328 euntes
1248 1270 1314 1325 ad
1345 1270 1583 1326 caelum?
1603 1268 1743 1325 Con-

179 1374 345 1434 sidera.
373 1370 720 1426 Christianus
760 1368 885 1424 talis
928 1365 1061 1437 quid
1103 1364 1407 1420 merebitur
1438 1363 1737 1432 deinceps:

179 1468 249 1537 qui
276 1479 362 1521 nec
404 1462 605 1519 imitari
652 1460 937 1516 contendit
960 1456 1213 1528 exempla
1264 1465 1601 1518 sanctorum.
1642 1467 1743 1509 nec

177 1568 503 1625 contemptum
560 1554 769 1610 habere
817 1550 1140 1623 gentilium?
1189 1548 1272 1603 Illi
1322 1549 1503 1602 luctus
1546 1547 1742 1616 despe-

177 1652 316 1705 rando
355 1648 663 1718 despiciunt
697 1664 713 1701 :
743 1660 845 1701 nos
889 1652 945 1698 et
984 1641 1259 1713 sperando
1299 1641 1581 1711 despicere
1628 1655 1738 1694 non

174 1758 418 1798 conamur.
445 1740 527 1796 Illi
549 1737 766 1795 servire
793 1736 1190 1805 intrepidanter
1212 1732 1355 1787 Iilios
1381 1745 1509 1786 suos
1534 1740 1739 1787 morta-

1856 513 2095 580 nedicte,
2126 527 2223 583 pro
2250 511 2522 568 charitate
2546 513 2818 568 communi
2848 513 3149 567 transmisi.
3182 511 3459 567 Cmterum

1855 606 1972 660 scio
1998 615 2047 660 te
2080 606 2262 661 valere
2281 647 2296 672 ,
2328 604 2470 659 alios
2492 604 2791 659 consolari.
2821 604 2973 659 Tunc
2999 604 3211 658 orbitas
3240 619 3347 659 non
3372 602 3459 658 in-

1853 700 2033 756 veniet
2057 700 2477 770 penetrabilem,
2506 699 2551 755 si
2576 699 2716 756 alios
2745 707 2933 755 contra
2957 699 3106 755 illam
3140 715 3248 755 non
3271 713 3457 758 cesses

1851 807 2065 846 armare
2092 790 2198 862 [AL
2230 790 2466 862 amare].

2007 927 2320 983 MONITUM
2346 927 2413 983 IN
2441 927 2829 985 EPISTOLAM
2854 928 3297 998 SEQUENTEM.

1923 1043 2173 1117 Erasmus
2205 1045 2280 1117 ait
2307 1060 2326 1099 :
2363 1044 2487 1100 "(BC
2519 1046 2573 1100 in
2603 1046 2913 1117 quibusdam
2940 1047 3320 1116 exemplaribus
3362 1047 3448 1101 iu-

1848 1116 2087 1169 scribitur
2114 1116 2183 1169 ad
2234 1116 2494 1171 Oceanum
2521 1133 2539 1171 :
2572 1134 2745 1171 verum
2772 1116 3107 1171 Itomiliarum
3138 1135 3279 1172 more
3318 1119 3457 1171 desi-

1849 1188 1948 1262 uit.
1974 1187 2129 1262 Sapit
2160 1187 2396 1242 eumdem
2449 1199 2730 1262 auctorem,
2761 1193 2909 1262 cujus
2952 1200 3027 1243 est
3075 1191 3312 1260 superior
3338 1191 3453 1261 epi-

1848 1259 2005 1332 stola,
2038 1260 2229 1329 quippe
2249 1276 2342 1314 nec
2365 1261 2592 1327 erudita,
2618 1277 2711 1317 uec
2733 1259 2842 1316 ullo
2873 1264 3025 1317 modo
3051 1259 3254 1332 spirans
3274 1259 3454 1332 pectus

1853 1328 2345 1402 llierouymianum.

2388 1424 2722 1482 EPISTULA
2770 1425 2908 1481 XLI.

1915 1536 1983 1575 AD
2013 1533 2263 1576 OCEANUI
2290 1536 2357 1576 DE
2388 1536 2647 1578 FERENDIS
2674 1537 2980 1578 OPPROBRIIS
3006 1537 3371 1579 HORTATORIA.

1914 1657 1953 1711 l.
1999 1658 2346 1715 Diversorum
2376 1660 2671 1728 Opprobria
2692 1702 2705 1726 ,
2768 1659 3150 1715 tribulationes
3180 1660 3441 1727 multipli-

1844 1765 1960 1817 ces,
1995 1752 2317 1821 quibusdam
2370 1751 2776 1818 insidiantibus,
2808 1760 2860 1808 te
2891 1754 3167 1808 sustinere
3196 1754 3449 1823 cognati.

174 1838 290 1891 libus
312 1835 521 1891 tradunt
551 1854 565 1889 :
602 1844 662 1890 el
692 1847 793 1887 nos
826 1832 936 1886 De"
979 1838 1170 1884 "(MFO
1208 1826 1372 1882 Simul
1420 1834 1477 1882 εἴ
1520 1841 1651 1881 θυοδ
1679 1826 1736 1880 ίί·
1774 1822 1818 1882 Β
1847 1844 2012 1913 Cujus
2036 1846 2112 1899 rei
2138 1860 2357 1900 causam
2386 1862 2490 1900 non
2521 1854 2753 1911 tantum,
2780 1846 2823 1899 si
2857 1845 2976 1901 haec
2995 1822 3447 1913 refellas,vdo'eo,

177 1931 341 1997 heros,
389 1938 441 1983 et
494 1937 717 1981 nostros
766 1923 1083 1979 liberandos
1129 1920 1408 1975 dimittere
1474 1919 1737 1988 sacrilega

180 2031 333 2078 mente
358 2032 713 2077 cunctamur:
743 2016 899 2088 quasi
944 2017 1115 2070 tutius
1140 2012 1283 2085 apud
1311 2012 1561 2066 homines
1587 2010 1738 2082 judi-

183 2130 336 2171 cctnus
378 2116 547 2184 magis
586 2126 747 2175 quam
782 2123 951 2181 penes
1006 2109 1172 2163 Deum
1217 2105 1591 2161 condemnari.
1627 2103 1737 2158 Ali-

179 2223 310 2277 quem
335 2206 559 2261 tiliornm
590 2201 890 2258 Christiani
920 2200 1114 2255 uolunt
1137 2198 1220 2254 vel
1248 2198 1616 2269 gratulatione
1641 2210 1738 2251 sua

180 2300 411 2355 deducere
437 2297 505 2354 ad
530 2297 700 2353 bona.
725 2294 970 2352 Gentiles
993 2293 1214 2349 tradere
1257 2306 1369 2347 non
1412 2298 1738 2346 cunctantur

179 2393 235 2448 ad
253 2395 391 2448 mala.

236 2484 314 2541 IX.
341 2484 618 2541 Postremo
662 2483 750 2539 vel
797 2496 923 2537 cum
975 2480 1091 2551 ipsa
1135 2477 1392 2534 felicitate
1422 2485 1736 2532 nostrorum

177 2580 487 2635 morientium
515 2592 776 2647 cogamur
796 2576 1037 2630 animum
1067 2574 1289 2629 ﬂectere
1313 2589 1327 2626 :
1355 2585 1423 2625 ne
1451 2569 1739 2625 desideriis

178 2688 337 2728 eorum
363 2673 631 2728 desideria
665 2680 853 2725 nostra
886 2667 1150 2736 incipiant
1179 2664 1457 2721 relnctari.
1490 2664 1624 2719 Esto
1652 2678 1738 2719 re-

177 2769 386 2840 ligiosus,
412 2770 496 2825 vel
519 2778 649 2823 voto
679 2769 799 2837 ejus
822 2782 943 2836 quin
973 2766 1173 2832 evasit,
1202 2763 1250 2817 si
1291 2778 1401 2817 nou
1433 2771 1589 2836 potes
1621 2770 1732 2816 tuo.

179 2863 389 2930 Exsulta,
443 2865 573 2935 quia
619 2862 890 2933 placuisse
931 2858 1218 2930 cognoscis
1264 2858 1337 2910 tui
1384 2856 1736 2926 participium

176 2959 420 3026 sanguinis
452 2956 712 3011 Christo:
747 2955 982 3008 maxime
1031 2951 1178 3022 quod
1217 2951 1284 3006 de
1312 2950 1599 3007 occasione
1640 2948 1737 3003 de-

177 3048 283 3104 beas
328 3050 553 3105 tolerare
605 3047 824 3103 Domini
864 3047 1224 3113 voluntatem,
1279 3044 1366 3099 cui
1421 3058 1528 3098 non
1580 3052 1736 3112 potes

174 3146 533 3199 contradicere.
572 3144 789 3199 Etcum
819 3144 891 3197 sit
915 3141 1169 3197 omnibus
1197 3139 1506 3195 communis
1539 3138 1627 3193 hic
1646 3152 1737 3193 ca—

176 3249 459 3293 suszvanus
505 3237 666 3294 dolor
710 3245 813 3305 est,
859 3236 951 3306 qui
996 3249 1098 3291 nec
1138 3232 1344 3304 primus
1371 3230 1585 3287 videtur
1611 3245 1734 3288 esse
1760 3209 1809 3275 ε

176 3343 254 3382 nec
272 3331 431 3386 solus.

232 3420 286 3475 Χ.
312 3420 410 3477 Sed
437 3420 580 3478 dicis
615 3439 627 3474 :
658 3419 852 3476 Nullus
882 3435 968 3475 me
998 3419 1067 3475 de
1097 3433 1218 3475 mea
1245 3416 1589 3474 desolatiOne
1619 3415 1729 3488 ιΑι.

173 3515 529 3587 consolatione]
576 3516 776 3570 mentis
821 3528 992 3584 angor
1021 3512 1303 3569 exulcerat
1334 3527 1347 3565 :
1380 3511 1475 3566 scd
1510 3526 1609 3578 pro
1637 3511 1735 3565 de-

174 3606 344 3662 relictis
375 3608 618 3677 parvulis
647 3607 950 3669 morientis,
989 3604 1345 3660 humanitatis
1375 3603 1601 3659 affectus
1626 3604 1729 3658 im-

173 3700 334 3766 pulsat.
364 3701 471 3757 Nec
516 3701 644 3756 licet
684 3701 1017 3756 commoveri
1060 3698 1300 3754 animum
1332 3697 1727 3766 Christianum,

172 3806 226 3845 se
250 3807 419 3848 contra
447 3793 657 3849 Christi
690 3794 914 3861 imperia
964 3791 1283 3847 reluctetur.
1326 3790 1465 3859 Quid
1501 3791 1731 3846 interest

170 3888 589 3958 quandocumque
633 3896 690 3942 et
736 3886 1162 3957 qualescumque
1214 3885 1355 3937 lilios
1406 3883 1725 3940 dimisisse:

163 3990 279 4043 quos
300 3978 548 4048 jnbeuiur
596 3994 626 4033 a
685 3978 913 4033 Domino
942 3993 1105 4033 causa
1156 3976 1467 4032 devotionis
1504 3977 1724 4031 odisse:

168 4067 328 4124 Helius
355 4086 497 4125 nunc
524 4073 731 4125 salvam
764 4072 998 4124 animam
1040 4085 1194 4123 suam
1243 4070 1479 4122 moriens
1523 4068 1727 4123 dereli-

166 4163 259 4229 quit
286 4164 331 4218 in
364 4180 491 4235 pace
524 4182 537 4215 :
569 4180 638 4219 ne
669 4166 721 4217 in
756 4166 1140 4234 persecutione
1175 4161 1449 4217 dimittere
1478 4176 1600 4215 cum
1629 4176 1728 4215 suo

165 4254 351 4311 interitu
395 4274 502 4311 non
553 4257 778 4313 Valeret.
822 4256 959 4327 Ipsis
1004 4254 1357 4310 auxiliabitur
1397 4254 1450 4308 in
1500 4255 1725 4321 mundo,

162 4360 358 4413 quorum
391 4358 623 4406 matrem
670 4351 833 4404 habet
862 4351 915 4404 in
943 4350 1104 4405 caelo.
1132 4349 1198 4403 Et
1224 4349 1315 4419 qui
1346 4349 1505 4403 matri
1533 4348 1729 4405 subve-

162 4438 238 4503 nit,
266 4452 317 4496 et
347 4442 474 4498 ﬁliis
501 4453 653 4498 certe
681 4452 982 4498 succurret.

217 4534 292 4589 XI.
334 4538 616 4592 Posmmo
645 4538 792 4605 vide,
835 4538 878 4591 si
903 4536 1107 4607 aliquid
1134 4535 1327 4591 debeat
1353 4535 1531 4591 dolori
1584 4552 1722 4593 eon-

1842 1948 2103 2009 quantum
2129 1939 2398 2008 gratulor,
2431 1940 2475 1994 si
2513 1938 2747 1993 libenter
2772 1937 3015 2009 excipias
3049 1957 3061 1991 :
3093 1939 3146 1992 in
3180 1938 3281 1993 hoc
3301 1941 3445 1995 enim

1843 2032 1895 2086 in
1921 2032 2076 2086 nobis
2105 2031 2308 2086 Christi
2335 2030 2648 2087 ostenditur
2674 2030 2828 2096 lides,
2850 2030 3014 2085 timor
3043 2030 3311 2098 cernitur,
3336 2045 3451 2085 ma-

1842 2124 2129 2179 nifestatur
2157 2140 2330 2190 mors,
2367 2125 2413 2179 si
2466 2123 2779 2194 opprobriis
2817 2132 2873 2178 et
2906 2124 3298 2179 tentationibus
3348 2140 3449 2196 pro

1839 2235 1939 2275 suo
1969 2233 2068 2273 nos
2090 2227 2371 2288 gratanter
2392 2233 2581 2272 amore
2610 2216 2981 2288 subjugemus.
3013 2216 3124 2272 Nec
3154 2216 3257 2272 hoc
3286 2218 3443 2274 nobis

1839 2312 2178 2366 contrarium
2211 2311 2372 2365 debet
2399 2326 2545 2376 esse,
2574 2309 2672 2363 sed
2698 2318 2938 2380 gratum,
2972 2323 3069 2378 pro
3095 2322 3185 2376 eo,
3210 2308 3295 2364 vel
3323 2323 3449 2379 par-

1838 2422 1905 2461 va
1934 2407 2170 2477 perpeti,
2201 2405 2291 2475 qui
2340 2405 2542 2475 majora
2573 2418 2672 2476 pro
2715 2411 2899 2456 nostra
2948 2401 3121 2456 salute
3149 2415 3445 2472 perpessus

1839 2508 1925 2555 est
1953 2517 1966 2554 :
1997 2499 2301 2568 prmsertim
2333 2512 2454 2551 cum
2490 2497 2729 2552 sciamus
2766 2509 2994 2565 regnum
3026 2493 3294 2549 caelorum
3336 2509 3443 2550 non

1840 2592 1959 2647 sine
1990 2592 2155 2646 variis
2201 2589 2592 2646 tentationibus
2623 2588 2851 2658 adipisci
2881 2607 2893 2644 :
2937 2598 2994 2643 ut
3020 2589 3286 2660 scriptum
3307 2598 3391 2645 est
3425 2609 3438 2644 :

1842 2685 2055 2752 Oportet
2088 2702 2177 2741 nos
2206 2701 2296 2755 per
2318 2684 2512 2740 multus
2529 2683 2889 2737 tribulatioues
2916 2682 3130 2736 introire
3150 2683 3202 2737 in
3228 2699 3445 2756 regnum

1843 2779 1936 2833 Dei
1966 2778 2120 2849 (Act.
2155 2793 2268 2844 xw,
2296 2776 2357 2830 2|
2384 2775 2426 2846 ).
2452 2776 2508 2831 Si
2533 2790 2664 2845 ergo
2690 2790 2788 2845 per
2810 2773 3013 2829 multas
3039 2773 3441 2840 tribulationes,

1838 2872 2157 2943 quibusdam
2186 2870 2426 2926 οωιυμίίε
2478 2868 2630 2940 regni
2659 2868 2838 2923 aditus
2868 2867 3112 2938 aperitur
3142 2885 3153 2921 :
3203 2867 3311 2922 illis
3338 2867 3445 2921 uti-

1837 2982 1941 3036 que
1972 2964 2266 3031 clauditur,
2299 2962 2391 3034 qui
2418 2962 2604 3018 Volunt
2651 2960 2760 3032 [ΑΙ.
2794 2958 3009 3031 nolunt]
3042 2959 3316 3015 sustinere
3356 2958 3442 3013 vel

1837 3072 2029 3127 pauca.

1913 3151 1955 3206 Il
2020 3152 2250 3220 Oportet
2300 3165 2429 3221 ergo
2464 3163 2564 3203 nos
2591 3148 2809 3203 diversa
2841 3146 3205 3204 tentationum
3235 3161 3440 3218 genera

1838 3261 1993 3313 aequo
2024 3245 2206 3298 animo
2238 3243 2447 3313 perpeti
2474 3285 2487 3306 ,
2523 3258 2620 3312 per
2646 3257 2768 3313 qua:
2798 3241 2958 3297 nobis
2994 3239 3239 3296 caelestis
3274 3239 3441 3309 janna

1839 3335 2173 3408 promittitur
2225 3333 2451 3406 aperiri.
2494 3335 2697 3388 Beatus
2735 3334 3017 3403 apostolus
3061 3332 3298 3387 lacubus
3344 3348 3444 3389 nos

1840 3433 2088 3486 hortatur
2114 3442 2169 3484 et
2197 3429 2379 3490 docet,
2412 3429 2602 3498 quales
2625 3426 2679 3481 in
2714 3424 3162 3481 tribulationibus
3188 3439 3311 3481 esse
3341 3425 3440 3479 de-

1836 3525 2082 3585 beamus,
2115 3537 2239 3575 cum
2271 3520 2443 3575 dicit:
2483 3519 2649 3574 Omne
2675 3519 2929 3591 gaudium
2958 3518 3265 3585 existimate,
3324 3519 3440 3589 fru-

1835 3627 1935 3672 tres
1964 3617 2084 3677 mei.
2116 3631 2233 3668 cum
2278 3616 2329 3667 in
2354 3615 2664 3667 tentationes
2688 3614 2860 3667 varias
2882 3612 3178 3666 incideritis
3208 3610 3363 3685 (Jac.
3398 3628 3437 3680 ι,

1833 3711 1924 3779 ‘2).
1959 3708 2113 3765 Unde
2141 3707 2272 3762 satis
2304 3717 2698 3777 prtepOsterum
2726 3715 2781 3760 et
2818 3706 3162 3760 contrarium
3193 3714 3296 3768 est.
3332 3721 3430 3759 nos

1836 3801 1887 3855 in
1918 3799 2224 3869 huiusmodi
2258 3800 2420 3853 rebus
2453 3797 2712 3853 maestitia
2745 3797 2925 3866 aliqua
2960 3796 3172 3865 fatigari
3203 3811 3217 3849 :
3247 3795 3299 3848 in
3320 3796 3439 3864 qui-

1833 3894 1934 3949 bus
1965 3893 2217 3962 gaudium
2262 3892 2441 3962 potius
2478 3890 2740 3960 jubemur
2770 3887 2989 3952 habere,
3023 3903 3182 3956 quam
3205 3887 3431 3943 luctum.

1832 3988 1898 4042 Et
1930 3987 2055 4041 alibi
2092 3987 2231 4040 idem
2255 3986 2535 4053 apostolus
2559 3983 2693 4038 dicit
2729 4001 2742 4035 :
2776 3981 2968 4036 Beatus
3001 3982 3077 4035 vir
3105 3983 3195 4053 qui
3226 3998 3432 4051 perma-

1833 4089 1915 4134 net
1941 4080 1993 4132 in
2012 4077 2376 4132 tentationibus
2401 4092 2420 4130 :
2440 4076 2686 4147 quoniam
2715 4090 2832 4127 cum
2857 4073 3103 4142 probatus
3132 4074 3312 4140 fuerit,
3342 4092 3432 4127 ac-

1831 4173 1984 4237 cipiet
2010 4185 2254 4223 coronam
2278 4168 2411 4232 vita',
2436 4182 2590 4238 quam
2612 4166 2905 4234 repromisit
2940 4162 3079 4217 Deus
3102 4162 3438 4232 diligentibus

1830 4282 1901 4319 se.
1939 4263 2077 4319 Vide
2102 4278 2236 4332 ergo
2280 4269 2539 4331 quantum
2591 4258 2795 4312 homini
2839 4258 3068 4311 teutatio
3094 4256 3263 4325 prosit
3296 4275 3306 4308 :
3342 4273 3439 4325 per

1830 4372 1992 4427 quam
2029 4353 2418 4410 beatitudinem
2450 4363 2801 4421 consequitur
2829 4361 2885 4405 et
2912 4365 3197 4405 coronam.
3229 4349 3339 4406 Sed
3368 4350 3432 4404 il—

1830 4447 1922 4502 lud
1968 4446 2383 4516 intelligendum
2416 4455 2499 4497 est
2549 4459 2670 4497 enin
2714 4442 2785 4496 ita
2816 4442 2986 4496 dicit:
3024 4444 3269 4513 quoniam
3320 4460 3435 4497 cum

1831 4541 2073 4608 probatus
2100 4540 2279 4609 fuerit,
2312 4538 2525 4608 accipiet
2552 4551 2795 4589 coronam
2826 4535 2965 4599 vitaz,
2995 4551 3149 4605 quam
3183 4538 3439 4607 repromi-

159 4625 274 4691 tedi,
304 4628 396 4683 ubi
422 4630 541 4685 sine
570 4629 755 4699 aliquo
778 4628 1020 4683 remedio
1052 4630 1459 4697 putestaniuius
1485 4631 1715 4700 Iatigari.
1749 4604 1804 4665 D
1828 4604 1892 4686 sit
1919 4631 2059 4686 Deus
2084 4604 2514 4702 diligentibusvsc.
2554 4628 2698 4694 Illos,
2735 4626 2932 4697 inquit,
2968 4604 3248 4697 probatus,
3281 4639 3335 4682 ct
3363 4629 3432 4684 ab

159 4718 411 4789 Sapienter
458 4723 625 4777 debet
677 4721 866 4777 dolere
898 4722 989 4792 qui
1039 4721 1231 4776 dolet:
1265 4737 1332 4776 ne
1366 4723 1556 4791 perdat
1602 4724 1720 4779 sine

156 4827 288 4869 causa
335 4817 478 4888 quod
520 4818 690 4873 dolet.
722 4815 883 4871 Nunc
923 4826 1104 4870 autem
1135 4826 1325 4871 contra
1367 4817 1573 4872 luctum
1629 4831 1717 4872 su-

156 4909 318 4963 menda
344 4919 470 4965 sunt
492 4925 643 4965 arma
680 4928 691 4962 :
720 4920 779 4963 ut
818 4924 946 4978 spes
972 4917 1158 4964 nostra
1186 4910 1361 4978 possit
1392 4909 1593 4965 habere
1639 4910 1719 4964 vi-

155 5000 368 5056 ctoriam.
406 5003 787 5073 I’rincipaliter
827 5002 969 5071 quod
1014 5002 1188 5056 voluit
1245 5002 1384 5056 Deus
1431 5003 1712 5073 suscipere

156 5098 470 5159 gratulemur.
525 5098 730 5152 Deinde
770 5096 894 5167 quia
928 5095 1208 5151 hocuobis
1251 5096 1302 5149 in
1337 5096 1537 5151 mundo
1560 5085 1739 5151 com?

156 5198 288 5241 mune
306 5201 407 5256 est,
438 5190 654 5243 additur
678 5189 935 5259 privatim
969 5189 1240 5259 peculiare
1264 5198 1539 5254 nostrum,
1570 5188 1711 5259 quod

154 5280 203 5333 ad
228 5286 455 5354 requiem
484 5284 835 5339 deducantur.
866 5283 1128 5354 Sequitur
1154 5284 1552 5338 consummatio
1596 5300 1708 5336 om-

154 5375 270 5428 nium
297 5380 640 5447 gaudiorum,
664 5378 807 5448 quod
837 5379 888 5431 in
920 5378 1326 5432 resurrectione
1353 5377 1587 5432 invicem
1615 5392 1712 5430 uo—

155 5465 232 5534 bis,
259 5470 479 5527 Doinino
507 5470 860 5537 reformante,
884 5471 1178 5527 reddemur
1202 5490 1216 5526 :
1240 5471 1384 5543 quod
1410 5471 1709 5542 Apostolus

154 5561 401 5624 pollicetur
431 5583 448 5620 :
482 5564 624 5619 Nolo
654 5582 739 5620 vos
767 5567 1035 5638 ignorare,
1066 5569 1277 5632 fratres,
1310 5566 1375 5621 de
1402 5566 1705 5619 dormienti-

152 5654 262 5707 bus:
291 5668 462 5713 utnon
490 5660 883 5725 contristemini,
911 5661 1041 5715 sicut
1063 5672 1110 5715 et
1137 5661 1306 5715 ca'teri
1332 5662 1419 5730 qui
1442 5678 1581 5728 spem
1608 5678 1709 5715 non

153 5744 321 5802 tabem.
360 5749 418 5805 Si
442 5752 575 5805 enim
602 5752 855 5805 credimus
873 5752 999 5822 quia
1029 5750 1265 5809 Christus
1288 5762 1520 5807 mortuus
1539 5761 1634 5819 est,
1661 5762 1708 5807 et

152 5844 395 5897 resurrexit
423 5860 441 5897 :
468 5845 535 5898 ita
576 5854 623 5899 ct
648 5841 787 5899 Deus
812 5862 894 5899 eos
919 5846 1007 5917 qui
1040 5845 1361 5901 dormierunt
1392 5845 1445 5901 in
1474 5843 1700 5913 Christo,

1832 4726 1916 4781 his
1950 4727 2115 4780 Deum
2150 4724 2323 4793 diligi,
2357 4722 2451 4793 qui
2478 4723 2547 4775 ob
2576 4721 2816 4776 nominis
2844 4721 2966 4791 ejus
2988 4736 3210 4777 causam
3241 4722 3293 4776 in
3317 4732 3385 4776 tet
3407 4750 3436 4765 -

1831 4820 2030 4875 latione
2062 4818 2426 4889 perStiteriut,
2461 4817 2658 4886 quibus
2689 4816 2888 4871 merito
2915 4831 3120 4872 corona
3154 4816 3431 4886 promitti-

1830 4922 1916 4966 tur
1952 4931 1963 4966 :
1999 4912 2120 4964 illos
2176 4925 2306 4964 vero
2366 4908 2632 4978 reprobus
2673 4919 2726 4963 et
2760 4908 2963 4962 nullius
3020 4909 3147 4962 vit-.e
3201 4907 3427 4976 prwmio

1824 5004 2037 5074 dignos,
2072 5016 2205 5073 quos
2228 5002 2373 5056 nulla
2404 5000 2761 5055 tentationiqu
2795 5015 2959 5053 eausa
2988 5000 3221 5053 vexarit.

1893 5096 1979 5152 Ill.
2013 5096 2359 5167 Quapropter
2387 5104 2443 5150 et
2488 5110 2586 5149 nos
2635 5094 2874 5165 gaudere
2920 5093 2971 5147 in
3031 5092 3427 5150 tentationibus

1818 5198 2056 5262 oportet,
2105 5198 2161 5244 et
2216 5198 2433 5259 portare
2464 5187 2725 5243 debemus
2755 5232 2768 5254 ,
2806 5200 2902 5255 per
2932 5200 3055 5254 quae
3106 5194 3161 5241 et
3206 5187 3425 5255 probati

1818 5295 2037 5341 αξιοι-ηαξ
2069 5284 2197 5338 vitae
2227 5283 2451 5352 pranuio
2472 5296 2819 5336 coronemur.
2854 5279 2964 5331 lloc
2989 5279 3154 5333 etiam
3183 5280 3300 5351 ipse
3327 5281 3404 5333 llo

1818 5381 1995 5434 minus
2045 5380 2095 5431 in
2130 5375 2431 5447 Evangelio
2473 5388 2572 5428 suo
2617 5371 2977 5432 declaravit.
3011 5372 3239 5426 dicens:
3283 5370 3427 5425 Bentt

1814 5473 1935 5527 estis
1978 5488 2094 5527 cum
2124 5488 2213 5525 vos
2240 5470 2547 5524 malediceut
2571 5510 2583 5533 ,
2614 5476 2663 5545 et
2691 5476 3063 5539 persequentur
3105 5482 3123 5520 :
3174 5475 3221 5519 et
3257 5466 3428 5517 dicent

1816 5580 1964 5618 onme
1992 5562 2190 5617 malum
2212 5562 2489 5617 adversum
2519 5576 2611 5614 vos
2642 5568 2851 5631 prapler
2872 5558 3155 5629 justitiam.
3186 5554 3424 5610 Gaudete

1814 5667 1861 5711 et
1889 5655 2164 5722 exsultate,
2196 5656 2441 5724 quoniam
2470 5668 2661 5707 merces
2693 5660 2862 5704 uestra
2884 5649 3095 5718 cOpiosa
3126 5657 3199 5701 est
3230 5648 3282 5699 in
3314 5662 3419 5701 ra:-

1815 5751 1879 5806 tis
1907 5749 2289 5823 (Mantuani,
2318 5747 2579 5817 ll).Quis
2610 5760 2739 5816 ergo
2762 5755 2882 5815 post
2906 5742 3214 5814 huiusmodi
3236 5756 3423 5800 vocem

1814 5841 2015 5901 tentari
2048 5857 2107 5899 se
2131 5856 2237 5898 non
2270 5838 2447 5897 sinat?
2473 5838 2606 5907 Quis
2637 5835 2704 5892 ab
2734 5834 3045 5892 hominibus
3076 5834 3323 5908 persequi
3355 5850 3416 5895 se
