3926 6290
498 324 611 382 285

511 535 647 599 Quis
674 549 735 589 se
766 548 873 587 non
906 531 1154 585 maledici
1186 530 1463 584 desidv-ret
1495 547 1508 585 :
1540 540 1600 585 ιιι
1645 542 1920 585 mereatur
1951 528 2108 583 Chri-

509 627 577 681 sti
609 641 747 681 voce
769 623 1000 689 laudari,
1034 633 1087 678 et
1109 622 1322 678 (-mlesti
1349 622 1679 693 copiosaque
1707 621 1959 677 mercede
1990 637 2109 675 mu-

508 720 739 775 nerari?
772 718 987 775 Utinam
1014 717 1087 773 ob
1110 718 1327 772 Domini
1366 718 1473 773 mei
1510 733 1705 772 nomen
1737 726 1904 785 atque
1942 717 2104 786 justi-

509 813 639 867 tiam
671 820 869 867 cuncta
916 809 1213 864 inﬁdelium
1244 809 1401 864 turba
1429 824 1517 864 me
1548 819 1904 879 persequatur
1929 818 1984 864 et
2014 809 2111 861 ιιι-

509 905 657 959 bulct
680 905 693 960 !
719 903 932 959 Utinam
964 903 1017 958 in
1034 901 1385 973 opprobrium
1411 918 1587 956 meum
1618 903 1825 956 Sulidtts
1845 901 1931 957 ltic
1953 918 2111 953 ιιιιιιι-

513 997 614 1051 dus
636 1006 900 1067 exsurgat
935 1013 950 1051 :
981 1004 1190 1049 tantum
1220 1004 1276 1047 ut
1307 1009 1406 1065 ego
1438 1008 1650 1049 merear
1674 1010 1701 1045 a
1734 991 1957 1048 Christo
1988 996 2105 1047 latt-

508 1086 649 1146 dari:
675 1098 729 1142 et
748 1100 860 1141 sum
895 1085 1299 1157 pollicitationis
1330 1100 1552 1153 sperare
1579 1084 1917 1147 mercedem!
1944 1084 2106 1140 Grata

508 1184 694 1252 itaque
724 1190 780 1236 et
804 1178 1167 1239 desideranda
1211 1180 1437 1235 tentatio
1475 1188 1590 1243 est,
1618 1177 1774 1249 cujus
1824 1179 2107 1248 prasmium

510 1284 765 1345 speratur
783 1288 813 1329 a
835 1272 1055 1329 Christo
1080 1274 1132 1327 in
1154 1272 1324 1328 calo:
1349 1286 1452 1328 nec
1474 1271 1781 1326 maledictio
1802 1272 1982 1340 gravis
2002 1282 2109 1337 est,

510 1382 633 1438 quas
654 1368 833 1421 divina
858 1365 1015 1422 laude
1036 1373 1293 1420 mutatur.
1313 1365 1695 1420 Sustineamus
1716 1378 1846 1433 ergo
1866 1378 1963 1418 nos
1982 1379 2104 1433 pan.

512 1460 681 1516 lulum
726 1461 778 1514 iu
810 1460 910 1514 hac
942 1460 1053 1513 vita
1097 1459 1315 1523 tentari,
1346 1466 1409 1511 ut
1454 1466 1711 1511 aeternam
1766 1456 2109 1524 postmodum

514 1570 585 1626 po
618 1556 789 1609 simus
816 1570 911 1623 pro
931 1553 1216 1623 temporali
1241 1566 1437 1621 capere
1460 1551 1756 1605 tentatione
1775 1549 2107 1605 mercedem.

589 1648 677 1703 IV.
698 1649 987 1704 Hominum
1001 1662 1216 1717 quoque
1231 1644 1521 1716 opprobria
1538 1643 2009 1714 detractionesque
2025 1660 2111 1714 pa-

514 1742 713 1797 tirntcr
725 1754 775 1797 et
791 1742 985 1796 leniter
998 1739 1105 1812 [ΑΙ.
1130 1738 1345 1810 leviter]
1366 1738 1681 1803 toleremus,
1699 1748 1752 1791 ut
1771 1737 1979 1793 Domini
1998 1739 2112 1791 lau-

514 1834 673 1891 dibus
703 1834 848 1905 digni
880 1849 1003 1889 esse
1028 1833 1319 1904 pessimus.
1351 1831 1482 1887 Nam
1514 1833 1556 1887 si
1578 1830 1864 1887 humanam
1891 1830 2106 1886 laudem
2139 1827 2189 1890 Β
2218 1831 2397 1885 minus
2423 1831 2556 1886 dicit
2586 1850 2599 1886 :
2634 1830 2782 1886 Beati
2801 1833 2890 1899 qui
2918 1834 3129 1905 lugent,
3152 1834 3395 1905 quoniam
3432 1831 3524 1904 ipsi
3554 1831 3743 1887 consola-

513 1928 831 1999 quteiitnus,
863 1927 1102 1983 divinam
1134 1925 1455 1981 amittimus.
1479 1924 1736 1996 Quisquis
1757 1926 1899 1979 enim
1920 1924 1986 1979 ab
2014 1924 2111 1978 lio-

517 2020 751 2075 tninihns
782 2020 1053 2087 laudatur,
1074 2019 1325 2089 culpatur
1353 2033 1381 2071 a
1414 2017 1653 2083 Christo,
1677 2018 1817 2073 sicut
1841 2020 2108 2087 scriptum

514 2122 601 2171 est
633 2131 645 2166 :
693 2112 780 2169 γω
820 2112 960 2168 vobis
991 2111 1255 2177 divitibus,
1308 2112 1397 2179 qui
1427 2110 1834 2165 consolationem
1891 2119 2111 2165 vestram

514 2206 735 2264 habetis.
772 2205 858 2262 Vw
884 2206 1024 2262 nobis
1043 2206 1132 2277 qui
1154 2208 1376 2260 satarati
1403 2206 1542 2267 estis,
1574 2205 1698 2276 quia
1730 2204 1981 2259 esurialis.
2021 2203 2111 2259 ι’ίυ

513 2301 656 2356 vobis
680 2301 770 2373 qui
792 2301 973 2356 ridetis
997 2311 1044 2354 et
1074 2299 1308 2370 gaudetis
1340 2316 1498 2365 mine,
1526 2299 1651 2369 quia
1680 2298 1921 2367 lugebitis
1949 2307 1995 2351 et
2022 2298 2113 2367 [le-

514 2393 653 2449 bitis.
696 2392 784 2447 Va:
813 2408 930 2446 cum
948 2391 1300 2446 benedixarint
1330 2390 1465 2443 vobis
1496 2405 1673 2441 omnes
1693 2387 1927 2443 homines
1952 2388 2105 2456 (an.

512 2501 589 2553 Vt,
617 2486 690 2540 24
718 2502 857 2556 seqq.
876 2486 914 2555 ).
973 2484 1102 2539 Vide
1131 2499 1260 2553 ergo
1288 2500 1448 2554 qni-ii
1479 2483 1657 2551 gravis
1685 2492 1741 2538 ct
1769 2484 1999 2538 molusm
2041 2487 2111 2541 sit

518 2579 755 2635 humana
788 2578 1042 2644 laudatio,
1075 2578 1162 2632 cui
1190 2577 1262 2631 ita
1293 2576 1547 2631 Dominus
1576 2576 1961 2632 eninminatnr.
1999 2577 2110 2631 llo-

518 2672 693 2727 tnincs
720 2672 984 2729 animales
1024 2683 1185 2741 atque
1215 2670 1435 2733 terreni,
1472 2686 1576 2725 non
1608 2671 1707 2725 nisi
1746 2686 1865 2741 qua:
1898 2680 2107 2741 tempo-

516 2765 653 2821 ralia
683 2776 737 2821 et
770 2774 981 2821 terrena
1010 2774 1155 2830 sunt,
1189 2764 1460 2833 diligunt:
1495 2776 1549 2819 et
1579 2765 1964 2835 qutt'diligttttl,
1996 2766 2109 2821 tunc

515 2858 742 2915 laudare
768 2859 1039 2915 videntur.
1081 2860 1155 2915 De
1188 2860 1291 2916 illis
1333 2859 1595 2927 scriptum
1628 2870 1753 2914 est:
1787 2858 1951 2915 Omne
1990 2862 2108 2913 nni-

517 2950 625 3006 mal
653 2953 821 3024 diligit
843 2953 1011 3006 simile
1039 2952 1137 3007 sibi
1165 2967 1184 3005 :
1212 2962 1267 3007 et
1291 2952 1369 3006 sic
1394 2954 1574 3006 omnis
1604 2951 1767 3005 homo
1808 2952 2107 3009 secundum

514 3060 689 3114 genus
719 3060 874 3097 suum
906 3044 1085 3097 laudat
1112 3060 1267 3109 opes,
1297 3044 1485 3111 epulas
1508 3085 1523 3107 ,
1557 3053 1611 3097 et
1642 3043 1857 3097 divitias
1883 3086 1898 3109 ,
1933 3053 1988 3097 et
2017 3061 2111 3100 eos

515 3136 604 3204 qui
640 3136 890 3203 pretiosis
921 3145 976 3191 et
1005 3134 1257 3192 mollibus
1281 3136 1586 3204 gloriantur
1615 3136 1668 3190 in
1698 3135 1957 3199 vestibus.
1988 3153 2109 3208 quae

516 3228 698 3283 omnia
724 3229 808 3284 lex
832 3236 1013 3284 Sancta
1049 3228 1301 3297 prohibet
1326 3238 1487 3296 atque
1520 3227 1869 3282 condemnat.

595 3322 657 3376 ν.
694 3321 803 3378 Eos
829 3337 955 3376 vero
979 3322 1073 3392 qui
1098 3362 1113 3386 ,
1146 3321 1439 3375 dilectione
1462 3333 1517 3374 et
1548 3321 1741 3375 timore
1771 3320 1983 3375 Domini
2016 3337 2112 3376 c0-

517 3424 700 3484 gcnte,
725 3415 987 3485 abjiciunt
1018 3414 1136 3469 hinc
1157 3413 1360 3481 omnia,
1387 3420 1443 3469 et
1466 3424 1682 3468 sanctos
1709 3413 2012 3468 secundum
2039 3416 2115 3467 le—

518 3510 605 3577 gis
636 3506 882 3563 ordinem
906 3522 965 3563 se
994 3506 1278 3573 exhibent,
1314 3505 1541 3561 irrident
1564 3515 1726 3574 atque
1754 3504 2113 3572 sultsattnant,

522 3599 765 3655 infelices
790 3610 952 3669 atque
969 3598 1153 3654 miseri
1177 3612 1397 3654 suorum
1425 3599 1690 3651 malorum
1714 3597 1989 3651 nimietate
2011 3614 2114 3653 crc-

520 3693 626 3748 Cati
664 3710 678 3746 :
705 3692 897 3761 quibus
928 3707 1037 3746 non
1069 3690 1273 3745 suilicit
1293 3690 1434 3761 quod
1459 3690 1675 3759 propria
1709 3689 1900 3743 nolunt
1929 3691 2115 3760 Ingere

521 3796 782 3854 peccata;
816 3783 992 3840 adhuc
1022 3785 1244 3851 insuper
1270 3797 1365 3837 eos
1396 3783 1487 3851 qui
1520 3780 1708 3850 lugere
1734 3780 2009 3847 videntur,
2044 3783 2116 3834 ir-

518 3876 721 3941 rident,
756 3889 811 3932 ct
859 3879 912 3932 in
936 3876 1413 3943 subsannationein
1447 3875 1687 3941 habent,
1720 3890 1856 3945 quos
1906 3874 2115 3929 debue«

521 3982 644 4026 rant
672 3972 896 4027 imitari.
930 3972 1035 4027 Sed
1059 3972 1243 4027 veniet
1269 3983 1481 4040 tempus
1509 3981 1565 4025 ut
1608 3987 1796 4025 eorum
1828 3972 1968 4025 risus
1996 3986 2116 4025 ver-

522 4072 667 4120 tatur
695 4067 751 4117 in
785 4066 1012 4127 luctum,
1045 4066 1241 4135 qttihus
1275 4080 1417 4119 nunc
1450 4076 1636 4120 noster
1660 4064 1910 4133 planctus
1940 4074 2023 4119 est
2049 4064 2117 4117 ri-

520 4169 615 4211 sus
654 4174 666 4209 :
698 4164 750 4210 et
780 4166 835 4209 ιιι
862 4172 918 4210 se
964 4157 1132 4209 fuisse
1161 4156 1365 4211 divites
1396 4158 1633 4225 lugeant,
1672 4158 1762 4226 qui
1793 4172 1935 4209 nunc
1960 4157 2116 4210 Chrio

522 4247 591 4303 sti
619 4248 947 4316 pauperibus
979 4248 1324 4316 impudenter
1353 4250 1634 4302 insultant.
1664 4249 1737 4303 De
1766 4249 1959 4318 quibn~
1978 4246 2115 4302 Seti-

525 4352 679 4412 ptura
708 4341 837 4397 dicit
870 4359 882 4396 z
920 4341 1062 4395 Tunc
1101 4342 1309 4395 stabunt
1342 4343 1476 4413 justi
1506 4344 1556 4395 iu
1589 4359 1775 4412 nwgna
1822 4343 2115 4395 constantia

518 4434 768 4489 adversus
799 4449 883 4487 eos
908 4434 995 4503 qui
1027 4449 1081 4489 se
1101 4435 1523 4503 angustiarernut
1553 4449 1571 4487 :
1598 4444 1645 4487 et
1667 4434 1755 4503 qui
1784 4432 2115 4487 abstulerunt

520 4524 722 4579 labores
750 4542 945 4583 eorum.
985 4526 1228 4581 Videntes
1257 4528 1599 4581 turbabuntur
1620 4530 1801 4584 timore
1829 4526 2067 4581 licrribili
2091 4542 2113 4582 :

521 4624 569 4672 et
590 4616 903 4670 salutatione
924 4618 1205 4687 insperata:
1224 4620 1409 4674 salutis
1433 4620 1600 4674 dicent
1628 4621 1766 4673 intra
1790 4636 1843 4673 se
1869 4622 2115 4690 potuimu-

518 4714 647 4767 tiam
677 4720 889 4783 agentes
912 4752 927 4777 ,
972 4722 1017 4765 ct
1048 4729 1158 4783 prie
1185 4717 1426 4785 angustia
1467 4704 1686 4786 spiritus
1718 4724 1972 4784 gementes
1998 4730 2016 4767 :
2044 4714 2116 4767 lli

522 4815 643 4861 sunt
669 4821 795 4876 quos
820 4805 1105 4875 aliquando
1126 4806 1397 4862 habuimus
1417 4808 1473 4863 in
1500 4809 1753 4875 derisum,
1782 4821 1832 4862 et
1855 4810 1906 4862 in
1929 4809 2116 4863 simili-

525 4898 755 4954 tudinem
776 4898 1095 4969 intproperii.
1127 4896 1239 4953 Nos
1260 4899 1530 4965 insensati,
1559 4904 1713 4957 vitam
1736 4900 1949 4957 illorum
1972 4906 2119 4959 testi-

524 4992 794 5045 mabamus
821 4990 1105 5057 insaniam,
1134 4999 1180 5044 et
1204 4992 1359 5059 ﬁnem
1388 5008 1565 5046 eorum
1593 4996 1702 5049 sine
1724 4994 1939 5053 honore.
1975 4996 2118 5062 Quo-

526 5087 678 5140 modo
705 5101 826 5155 ergo
859 5102 994 5139 nunc
1023 5088 1307 5155 computati
1337 5098 1455 5141 sunt
1481 5089 1611 5141 inter
1643 5089 1779 5156 filios
1814 5088 1931 5152 Dei,
1966 5101 2011 5147 et
2035 5092 2115 5145 in-

522 5185 599 5233 ter
626 5186 830 5231 sanctos
856 5194 967 5234 sors
1006 5178 1216 5233 illorum
1243 5187 1317 5233 cst
1348 5178 1523 5251 (Sap.
1554 5196 1607 5247 v,
1638 5182 1659 5236 ί
1716 5198 1853 5252 seqq.
1878 5182 1941 5251 )?
1975 5184 2118 5254 Ergo

523 5284 631 5324 non
662 5272 962 5326 erravimus
992 5288 1020 5325 a
1050 5274 1131 5325 via
1163 5272 1407 5328 verit-tis
1432 5292 1443 5327 :
1464 5285 1518 5329 et
1544 5273 1770 5345 justitize
1801 5279 1977 5332 lumen
2008 5295 2115 5334 non

524 5357 657 5414 luxit
716 5358 873 5413 nobis
903 5379 917 5414 :
950 5372 1002 5415 et
1030 5364 1109 5418 sol
1146 5381 1250 5418 non
1282 5375 1361 5420 cst
1385 5376 1550 5421 .ortns
1584 5366 1757 5423 nobis.
1790 5368 2001 5425 Lassati
2026 5386 2118 5427 su-

525 5467 647 5509 mus
680 5451 732 5506 in
766 5450 1067 5521 iniquitatis
1109 5457 1190 5510 via
1221 5468 1273 5513 et
1324 5458 1683 5527 perditionis:
1716 5472 1769 5517 et
1817 5464 2118 5519 ambulavi-

525 5562 647 5602 mus
677 5546 729 5601 in
752 5546 1076 5603 solitudines
1107 5540 1377 5617 difﬁcilis,
1405 5552 1531 5610 dum
1561 5555 1701 5611 viam
1726 5557 1940 5613 Domini
1968 5560 2120 5630 igneo

524 5643 782 5699 ravimus.
817 5640 957 5710 Quid
990 5642 1192 5712 proluit
1217 5646 1375 5700 nobis
1405 5649 1657 5714 superbia
1690 5662 1901 5717 nostra,
1926 5663 2017 5707 aut
2040 5654 2119 5708 di-

522 5736 776 5797 vitiarum
803 5736 1029 5807 jactatio
1080 5736 1208 5807 quid
1237 5741 1468 5798 contulit
1497 5744 1700 5802 nobis?
1760 5745 2118 5804 Transierunt

521 5828 704 5886 omnia
734 5828 835 5887 ista
868 5838 1143 5901 tamquam
1175 5829 1392 5890 umbra.

1541 320 1601 377 S.
1644 317 2032 378 lllERONYMl
2070 314 2112 373 0

2219 316 2360 375 ιιυιι
2401 318 2768 377 MANTISSA.
3618 336 3701 396 ιιι

498 439 728 512 ίιιςιῑιὶω
765 452 926 496 causa
957 452 1066 493 non
1110 435 1299 507 optet?
1328 436 1463 506 Quis
1501 450 1611 492 non
1641 436 1888 491 tribulari
1920 435 2053 491 velit
2080 432 2103 485 2
2128 432 2186 493 Δ
2281 431 2369 487 VI.
2401 432 2443 488 Ο
2473 434 2520 489 si
2548 433 2663 490 hare
2692 451 2833 490 nunc
2861 435 3085 508 gloriosi
3112 448 3163 493 et
3209 439 3388 498 divites
3423 443 3642 514 lugerent,
3663 464 3704 509 et

2210 526 2299 596 qni
2333 524 2471 580 alios
2497 526 2748 595 irrident,
2774 528 2901 584 dum
2928 539 3137 600 tempus
3158 543 3253 598 est,
3282 546 3335 589 et
3355 536 3443 605 ipsi
3470 554 3522 593 se
3540 540 3703 613 ﬂerent,

2211 635 2321 673 non
2351 635 2575 676 necesse
2603 621 2869 677 haberent
2914 638 2981 680 eo
3010 635 3242 695 tempore
3268 643 3484 697 gemere,
3512 648 3601 703 quo
3616 630 3706 692 mil-

2210 709 2294 764 lus
2310 711 2421 781 jam
2452 715 2686 780 gemitus
2717 714 2989 785 ﬂetusque
3042 719 3297 785 proliciet.
3330 721 3478 789 Cujus
3501 731 3712 796 temporis

2211 804 2472 859 indit-ium
2502 806 2695 861 beatus
2740 810 3027 876 apostolus
3049 809 3275 866 lacubus
3302 815 3517 869 cernitur
3553 832 3712 874 meato-

2213 912 2355 960 rare,
2388 896 2517 953 dum
2545 898 2741 953 divites
2785 910 2842 955 ot
2872 902 2924 955 in
2955 904 3205 970 pra-senti
3231 917 3289 959 se
3314 903 3528 974 lugeant,
3569 906 3715 966 horta-

2214 999 2301 1046 tur
2331 1003 2383 1043 et
2408 1000 2739 1061 commonet,
2769 992 2959 1048 dicens
2976 1011 2989 1048 :
3006 995 3159 1067 Agite
3184 1012 3333 1062 mine,
3358 997 3719 1071 diiites:plorate

2211 1082 2475 1139 ululantes
2500 1085 2555 1137 in
2584 1085 2809 1139 miseriis
2834 1102 2950 1155 qua:
2983 1089 3255 1144 advenient
3286 1091 3436 1146 vobis.
3466 1090 3640 1150 Divitiis
3658 1110 3722 1150 tte-

2211 1184 2335 1230 strie
2365 1177 2669 1246 piarefactie
2697 1189 2816 1233 sunt
2847 1196 2865 1234 :
2895 1191 2943 1237 et
2965 1183 3264 1237 restituente
3291 1194 3443 1240 vestra
3462 1202 3490 1239 a
3518 1186 3641 1241 tineis
3662 1204 3727 1242 co-

2213 1276 2372 1321 ntesta
2396 1277 2517 1323 sunt
2544 1284 2563 1323 :
2590 1286 2780 1324 aurum
2820 1281 2869 1326 et
2898 1280 3185 1342 argentum
3210 1284 3423 1330 vestrum
3454 1277 3726 1346 saginavit:

2212 1368 2259 1416 et
2288 1377 2465 1432 wrugo
2505 1378 2681 1417 eorum
2710 1364 2764 1417 in
2794 1365 3145 1420 testimonium
3172 1366 3311 1422 vobis
3334 1368 3445 1434 erit,
3492 1377 3537 1422 et
3557 1367 3729 1423 monts-

2212 1453 2347 1507 rabit
2377 1471 2559 1509 carnes
2583 1466 2776 1511 vestras
2802 1459 2935 1512 sicut
2962 1460 3122 1532 ignis.
3156 1459 3368 1529 Epulati
3392 1462 3521 1526 estis,
3545 1470 3586 1515 et
3606 1462 3730 1516 ists-

2212 1548 2378 1601 aturiis
2397 1549 2632 1603 nutristis
2673 1548 2833 1604 corda
2862 1564 3028 1606 vestra
3060 1554 3114 1605 in
3163 1553 3246 1607 die
3282 1550 3732 1624 oecisionisllaar,

2218 1641 2243 1694 1
2278 1656 2415 1710 seqq.
2435 1640 2472 1711 ).
2500 1642 2716 1697 Sciebat
2744 1642 2888 1697 enim
2920 1644 3062 1713 quod
3093 1645 3335 1715 quisquis
3360 1660 3416 1701 se
3444 1647 3492 1700 in
3531 1646 3738 1715 presenti

2218 1745 2459 1807 tempore
2488 1739 2694 1802 ﬂesset,
2721 1739 2772 1792 in
2797 1738 2977 1794 futuro
3004 1753 3113 1794 non
3137 1738 3318 1796 ﬂeret.
3349 1739 3455 1796 lloc
3476 1749 3525 1796 et
3547 1740 3642 1811 ipse
3661 1738 3741 1794 Do-

3837 758 3841 942 1

3850 1346 3851 1417 1

3852 1444 3853 1507 1

3854 1540 3855 1607 1

3856 1638 3857 1701 1

3858 1736 3859 1805 1

2214 1921 2403 1976 buntur
2431 1922 2450 1995 (
2478 1923 2671 1980 .llartli.
2692 1938 2730 1990 ι,
2756 1923 2849 1995 5).
2886 1924 2988 1993 Qui
3026 1924 3202 1997 lugent
3226 1969 3241 1994 ,
3286 1925 3489 1998 inquit,
3520 1925 3607 1981 hoc
3642 1934 3746 1980 tem-

2223 2031 2373 2083 pore,
2407 2018 2505 2087 ipsi
2538 2017 2883 2087 postmodum
2926 2019 3361 2076 consolabuntur
3389 2036 3415 2074 a
3439 2018 3646 2075 Christo.
3675 2018 3745 2073 lii-

2213 2112 2469 2168 dentibus
2490 2128 2619 2167 vero
2648 2114 2851 2169 dicitur
2877 2131 2890 2169 :
2924 2114 3015 2169 Vw
3034 2115 3176 2171 vobis
3205 2118 3295 2187 qui
3316 2116 3487 2170 ridetis
3506 2130 3639 2177 nunc,
3660 2114 3750 2183 quia

2215 2202 2476 2274 lugebitis.

2287 2297 2396 2353 Vll.
2423 2298 2527 2353 Sed
2551 2312 2618 2353 ne
2647 2298 2768 2369 quis
2798 2308 2947 2367 putet
2975 2299 3119 2370 quod
3167 2301 3425 2355 Dominus
3472 2297 3755 2369 generaliter

2213 2390 2466 2443 omnibus
2520 2390 2820 2445 ridentibus
2873 2394 3265 2458 COIIlIIIiIlOIUI',
3327 2409 3444 2448 cum
3488 2391 3600 2445 alibi
3644 2389 3755 2443 dicat

2214 2482 2491 2552 Scriptura
2521 2501 2534 2538 :
2570 2484 2663 2538 Vir
2694 2495 2868 2539 autem
2895 2488 3105 2555 sapiens
3134 2489 3331 2543 tacitus
3360 2486 3537 2542 ridebit
3559 2484 3706 2558 (Eccl.
3728 2500 3757 2549 ι,

2212 2575 2282 2631 29
2310 2577 2348 2645 ).
2394 2576 2487 2630 Est
2525 2592 2655 2647 ergo
2692 2583 2810 2633 sine
2838 2580 3067 2634 crimine
3094 2581 3239 2635 risus
3266 2590 3322 2637 et
3344 2590 3427 2637 est
3447 2581 3580 2634 risus
3606 2580 3650 2632 in
3676 2576 3760 2630 crio

2214 2668 2380 2727 mine.
2406 2668 2677 2739 Sapientis
2699 2672 2864 2737 risus,
2897 2671 3026 2726 nihil
3059 2672 3115 2726 in
3145 2688 3206 2729 se
3232 2674 3476 2729 criminis
3503 2671 3666 2726 habet.
3693 2668 3767 2724 llle

2211 2774 2344 2814 vero
2398 2759 2652 2831 indignus
2680 2772 2782 2827 est,
2819 2765 2909 2833 qui
2958 2774 3199 2833 sanctos,
3258 2776 3316 2821 et
3344 2781 3438 2822 eos
3480 2767 3563 2835 qui
3601 2779 3654 2819 se
3682 2764 3767 2816 Deo

2213 2850 2493 2916 exhibent,
2531 2854 2718 2909 irridet
2750 2873 2760 2907 :
2794 2855 2861 2909 de
2888 2872 2996 2925 quo
3023 2857 3227 2913 dictum
3254 2873 3381 2914 esse
3410 2866 3534 2928 puto
3560 2875 3571 2908 ε
3604 2855 3692 2921 Qui
3716 2854 3771 2908 ir-

2212 2947 2344 2999 ridet
2374 2946 2600 3015 inopem,
2660 2949 2731 3002 ad
2760 2948 3082 3004 iracundiam
3132 2962 3384 3018 provocat
3410 2967 3521 3006 eum
3557 2950 3639 3020 qui
3678 2946 3769 3015 {erit

2213 3037 2382 3091 illum.
2412 3039 2517 3094 Sed
2548 3046 2668 3108 qus
2715 3051 2795 3098 est
2826 3042 2925 3096 iste
2958 3042 3138 3110 inops,
3172 3043 3334 3113 Cujus
3367 3038 3774 3099 sultsannatiouis

2216 3146 2376 3187 causa
2406 3132 2665 3189 Dominus
2691 3146 3021 3203 pi-owicatur
3052 3135 3119 3189 ad
3146 3136 3284 3194 iram
3309 3153 3326 3193 :
3358 3138 3458 3191 nisi
3488 3135 3572 3189 ille
3592 3132 3673 3203 qui
3699 3131 3778 3183 liii-

2137 3213 2189 3278 Ο
2221 3240 2409 3279 manas
2439 3235 2791 3296 terrenasque
2842 3244 2974 3296 opes
3008 3228 3217 3285 ideirco
3245 3228 3602 3299 contempsit,
3632 3235 3683 3283 ut
3716 3222 3780 3277 illi

2220 3317 2460 3386 placeret
2490 3335 2715 3388 panper,
2744 3321 2831 3375 eni
2865 3322 3087 3375 ditiis-ile
3114 3322 3353 3390 opulens
3380 3324 3592 3393 plzeccre
3611 3318 3783 3389 potuis-

2215 3410 2335 3467 set?
2358 3410 2545 3467 Merito
2580 3412 2687 3467 illis
2730 3414 2980 3468 irascitur
3009 3413 3307 3481 Domitius,
3354 3416 3444 3485 qui
3497 3421 3698 3482 proritet
3737 3422 3786 3461 se

2219 3518 2511 3573 pauperem
2559 3505 2760 3559 factum
2804 3506 3038 3562 irridere
3070 3524 3176 3562 non
3210 3516 3485 3564 metuunt.
3518 3504 3789 3562 lrridebant

2218 3596 2365 3650 enim
2413 3596 2610 3652 soribze
2658 3607 2713 3653 et
2769 3598 3020 3668 pliaristei
3071 3598 3354 3655 Christum
3386 3642 3402 3664 ,
3432 3600 3556 3670 quia
3604 3595 3790 3652 divitias

2217 3697 2623 3756 contempserat
2664 3707 2678 3742 :
2728 3691 2869 3745 sicut
2914 3691 3176 3760 scriptum
3216 3700 3303 3748 est
3336 3709 3353 3748 :
3392 3692 3524 3747 Ha’v
3557 3690 3793 3743 audientes

2216 3782 2393 3838 scriba:
2434 3792 2481 3836 et
2510 3781 2785 3849 pharisazi,
2821 3783 2910 3851 qui
2958 3795 3103 3837 erant
3142 3786 3327 3853 avari,
3362 3784 3644 3839 irridebant
3675 3793 3792 3835 sui".

2219 3875 2489 3929 "abemus
2518 3882 2572 3930 et
2600 3889 2699 3929 nos
2724 3876 2955 3939 scribas,
2986 3875 3250 3931 habemus
3280 3879 3453 3932 etiam
3488 3874 3798 3944 pharisazos,

2218 3968 2309 4038 (tui
2337 3982 2482 4025 nunc
2505 3967 2805 4036 discipulos
2832 3968 3034 4022 Christi
3060 3979 3390 4035 spernentes
3419 3968 3659 4033 divitias,
3692 3964 3798 4019 irri-

2218 4064 2348 4117 dent
2391 4080 2403 4115 :
2434 4061 2578 4117 sicut
2602 4060 2677 4115 illi
2719 4063 2937 4116 irrisere
2964 4062 3250 4115 Dnninum
3284 4078 3349 4117 ac
3384 4062 3723 4131 magistrum.

2296 4155 2422 4211 VIII.
2456 4155 2561 4210 Sed
2592 4154 2882 4211 dicendum
2928 4166 3013 4210 est
3051 4158 3154 4220 eis,
3201 4156 3346 4225 quod
3394 4167 3530 4212 tunc
3570 4150 3805 4222 temporis

2217 4252 2422 4307 dictum
2480 4262 2563 4305 est
2605 4251 2712 4306 illis
2754 4269 2767 4303 :
2813 4249 2911 4304 l'os
2963 4253 3083 4305 estis
3123 4252 3563 4321 qnijustiﬁratis
3604 4266 3688 4303 vos
3737 4263 3811 4299 ro-

2218 4361 2330 4399 rant
2359 4344 2669 4399 hominibus.
2708 4343 2858 4411 Quod
2890 4344 3023 4398 enim
3056 4344 3346 4398 hominibus
3379 4345 3553 4398 altum
3582 4354 3676 4405 est,
3697 4342 3808 4393 abo-

2219 4440 2440 4492 illl,?!ali0
2466 4448 2540 4492 est
2563 4441 2703 4507 apud
2729 4430 2894 4491 Deum
2924 4438 3088 4508 (Luc.
3123 4454 3245 4505 xvi,
3285 4440 3409 4509 15).
3465 4440 3587 4495 Non
3617 4442 3817 4507 Oportet

2219 4548 2348 4603 ergo
2379 4547 2477 4587 nos
2504 4532 2863 4603 quorumdam
2888 4532 2997 4587 risu
3028 4533 3115 4588 vel
3144 4534 3586 4591 suhsiinuatioue
3617 4530 3814 4589 terreri,

2223 4644 2343 4683 cum
2377 4629 2537 4683 etiam
2574 4628 2747 4694 ipsum
2780 4626 3062 4681 Dominum
3093 4644 3119 4679 ει
3154 4626 3351 4682 talibus
3378 4644 3493 4685 non
3519 4628 3823 4698 ignoremus

2224 4724 2439 4778 irrisum
2470 4739 2483 4775 :
2512 4721 2610 4777 sed
2642 4722 2920 4777 exsultare
2969 4721 3146 4790 potius
3172 4730 3229 4776 et
3256 4722 3508 4789 gaudere
3542 4722 3818 4781 debemus,

2223 4818 2270 4872 si
2296 4828 2351 4873 et
2374 4834 2472 4871 nos
2506 4817 2593 4871 illa
2622 4817 2801 4871 omnia
2826 4831 2946 4885 quas
2980 4816 3241 4870 Dominus
3278 4827 3474 4872 noster
3504 4828 3634 4872 ante
3657 4826 3831 4886 pertu-

2224 4911 2309 4976 lit,
2341 4909 2695 4980 perleramus,
2731 4912 3003 4978 recepturi
3027 4909 3195 4963 etiam
3229 4926 3327 4978 pro
3378 4910 3503 4987 ipsa
3533 4913 3828 4964 subsanna-

2225 5001 2373 5059 tioue
2404 5000 2731 5057 mercedem.
2762 5000 2897 5067 Quia
2928 5000 3063 5054 nihil
3090 5000 3334 5068 estquod
3359 5001 3529 5057 nobis
3558 5016 3666 5072 pro
3686 4998 3833 5056 Chri-

2222 5096 2290 5151 sti
2322 5096 2540 5151 nmninc
2570 5094 2687 5149 sine
2722 5093 2947 5164 praemio
2997 5096 3286 5162 irrogetur.
3318 5094 3461 5149 Vide
3495 5110 3639 5165 ergo
3678 5108 3832 5162 quam

2224 5190 2363 5245 beati
2395 5189 2504 5245 sint
2551 5198 2715 5258 atque
2763 5188 2974 5251 felices,
3008 5186 3209 5256 quibus
3240 5187 3406 5242 etiam
3445 5188 3839 5259 insipientium

2223 5284 2366 5339 risus
2398 5282 2608 5353 prolicit
2633 5281 2699 5337 ad
2728 5281 2985 5335 salutem.
3024 5279 3097 5336 Ita
3128 5282 3271 5335 enim
3302 5282 3576 5338 Dominus
3608 5284 3833 5351 diligen.

2224 5386 2305 5431 ti-s
2335 5392 2395 5431 se
2438 5374 2631 5445 diligit,
2669 5374 2744 5429 ita
2781 5389 2840 5428 se
2888 5374 3143 5428 timentes
3178 5372 3411 5429 honorat
3442 5392 3456 5428 :
3489 5384 3556 5431 ut
3589 5390 3697 5432 nec
3722 5372 3846 5430 irii-

2223 5469 2339 5525 deri
2363 5484 2458 5524 ens
2484 5468 2717 5538 gratuito
2742 5466 2907 5531 sitiat,
2942 5465 3137 5536 quibus
3175 5475 3230 5521 et
3271 5481 3370 5536 pro
3397 5467 3845 5525 subsannatiune

2222 5562 2474 5618 retribuit
2498 5561 2780 5615 ultionem.

2296 5655 2387 5711 IX.
2431 5653 2557 5709 Haec
2578 5653 2737 5724 igitur
2761 5662 2816 5708 tu
2838 5695 2852 5721 ,
2872 5652 3096 5721 sapiens
3117 5661 3413 5723 sanctaque
3434 5654 3639 5710 anima
3657 5696 3674 5719 ,
3697 5653 3841 5715 vide,

2226 5767 2293 5806 ne
2321 5745 2697 5817 insipientium
2726 5758 2781 5801 et
2809 5745 3107 5802 infidelium
3141 5745 3344 5801 tabulis
3384 5749 3665 5803 terrearis
3694 5766 3711 5803 :
3742 5761 3855 5815 quo

2226 5841 2406 5898 minus
2436 5854 2496 5898 ca
2528 5854 2649 5909 quia
2680 5849 2805 5895 sunt
2832 5837 2962 5909 legis
2986 5880 3001 5905 ,
3031 5836 3213 5895 facias.
3243 5837 3430 5909 Neque
3456 5839 3626 5896 enim
3660 5840 3735 5895 de
3759 5854 3859 5909 ge-
