3926 6290
140 281 222 340 !is
959 267 1289 327 EPISTOLA
1337 265 1474 324 XLI.
1517 265 1607 322 DE
1648 261 1996 324 FBBENDIS
2031 263 2465 324 OPPROBRllS.
3267 259 3373 319 ’286

140 393 289 449 lacuna:
313 384 508 457 ignibus
535 397 640 440 nos
683 380 971 438 hominum
1003 379 1203 437 fabulae
1243 386 1499 451 poterunt
1525 377 1637 432 libs
1697 380 1743 436 Λ
1771 377 1840 432 da
1863 418 1878 443 ,
1925 391 2048 449 qua:
2101 394 2200 446 pro
2229 379 2448 434 nomine
2495 387 2551 435 et
2579 392 2745 449 opere
2774 377 2972 434 Christi
3002 383 3148 434 tanta
3177 386 3378 449 quanta

140 500 231 542 rare
247 483 316 538 vel
342 481 470 536 risus
493 495 508 537 :
532 477 629 535 sed
657 475 860 534 Christi
885 476 1049 531 timor
1081 481 1245 545 atque
1269 472 1504 543 justitia.
1537 469 1670 525 Nolo
1781 485 1878 540 pro
1910 471 2069 527 nobis
2099 471 2190 526 ille
2218 471 2506 541 sustinuit,
2532 472 2768 528 voluerit
2797 473 3086 527 sustinere.

140 590 177 632 te
201 590 280 631 nec
304 575 350 628 in
379 574 473 627 hac
501 580 657 642 parte
685 569 966 636 confundi,
1000 567 1046 624 si
1079 568 1173 623 tibi
1205 582 1304 637 pro
1333 563 1540 622 Christi
1571 579 1669 619 no-
1849 565 1990 620 XIII.
2029 565 2301 621 Caeterum
2355 565 2560 636 grande
2611 566 2914 634 perieulum
2968 573 3053 620 est
3104 563 3332 635 justitlte
3357 604 3374 632 ,

141 673 248 726 mine
264 669 332 722 vel
357 681 514 734 opere
532 707 547 731 ,
570 681 601 720 a
635 663 893 736 perituris
914 673 966 721 et
989 661 1147 719 vanis
1172 660 1482 717 hominibus
1505 658 1672 715 dero-
1776 658 1894 726 ejus
1915 659 2248 714 erubescere
2273 659 2528 728 exemplo
2552 659 2738 715 vivere
2759 700 2774 725 ,
2803 659 2892 729 qui
2922 667 3165 714 nostram
3196 657 3366 729 injus-

139 776 268 837 geltll‘;
282 761 454 832 quibus
468 768 525 816 et
541 761 820 816 interitum
846 757 1078 813 felicitas
1099 763 1344 826 praestat.
1365 753 1473 810 Sed
1499 749 1672 823 gaude
1776 754 1954 808 titiam
1984 768 2092 808 non
2117 755 2337 809 erubuit
2365 753 2656 809 sustinere.
2695 753 2899 809 Deinde
2925 753 2975 808 si
3001 766 3160 821 :equo
3187 753 3372 807 animo

143 858 278 928 potius
295 864 340 912 et
363 854 576 923 laetare,
600 852 782 909 sciens
815 851 908 907 tibi
930 851 1220 922 repositam
1244 849 1408 904 etiam
1437 862 1533 919 pro
1558 848 1672 917 ipsa
1778 861 2072 917 pensamus
2103 847 2156 903 id
2185 849 2360 917 ipsum
2379 889 2393 912 ,
2442 861 2552 919 quo
2582 847 2741 903 nobis
2765 848 2886 919 quis
2909 846 3200 903 detrahere
3225 847 3380 903 vide-

139 947 426 1021 derogatione
447 945 784 1002 mercedem.
802 944 938 1000 Nam
959 944 1090 1000 satis
1107 943 1344 1013 iniquum
1371 949 1428 998 et
1451 941 1674 1010 impium
1780 948 1868 994 tur
1895 939 2095 1010 injuste
2119 983 2134 1004 ,
2162 940 2371 996 laudari
2405 954 2504 994 nos
2534 952 2718 1011 ponus
2741 982 2756 1007 ,
2783 955 2945 1012 quam
2967 939 3216 996 accusari
3247 951 3378 1010 pro-

141 1044 278 1112 est,si
305 1051 353 1098 tu
395 1041 488 1096 tibi
521 1056 622 1113 pro
651 1040 772 1111 ejus
801 1039 1021 1095 nomine
1051 1052 1150 1096 uec
1169 1035 1382 1092 detrahi
1414 1034 1637 1106 patiaris
1657 1079 1670 1104 ,
1778 1030 2002 1103 bamur._
2022 1029 2156 1086 Nam
2177 1031 2306 1102 quid
2338 1031 2485 1086 aliud
2514 1031 2751 1096 faciunt,
2777 1045 2900 1085 eum
2921 1045 3051 1087 vera
3081 1030 3148 1087 de
3175 1031 3378 1086 sanctis

140 1140 203 1209 qui
227 1145 412 1208 propter
432 1145 485 1190 te
519 1143 664 1190 tanta
698 1147 994 1205 perpessus
1020 1141 1121 1187 est.
1146 1131 1320 1200 Quam
1345 1145 1482 1186 vero
1509 1142 1674 1200 grave
1777 1123 1958 1179 dicunt
1982 1166 1997 1191 ,
2027 1125 2128 1179 nisi
2155 1132 2216 1178 ut
2239 1140 2301 1181 ea
2335 1124 2521 1180 dicant
2549 1139 2670 1195 quae
2698 1125 2924 1180 facimus
2946 1165 2960 1189 ,
2985 1124 3223 1195 jejunus,
3253 1124 3380 1180 abs-

139 1233 190 1286 sit
211 1246 289 1302 pro
302 1229 518 1285 Domino
544 1242 651 1282 non
677 1229 950 1283 sustinere
971 1224 1153 1281 omnia
1177 1265 1192 1292 ,
1215 1239 1337 1295 qua:
1356 1221 1678 1278 adveneriut
1780 1218 2016 1272 tinentes
2032 1259 2047 1283 ,
2070 1217 2287 1272 sobrios
2310 1233 2324 1271 :
2349 1217 2443 1286 qui
2472 1218 2582 1286 jam
2609 1215 2818 1273 deliciis
2841 1231 2948 1271 non
2971 1216 3305 1272 delectamur
3323 1223 3381 1271 et

139 1327 178 1380 in
193 1327 274 1380 liae
289 1325 378 1378 vita
396 1366 411 1389 ,
437 1323 557 1378 sive
578 1321 774 1378 damna
792 1360 808 1385 ,
831 1321 950 1376 sive
969 1318 1349 1389 derogationes
1370 1358 1385 1385 ,
1409 1315 1677 1387 suspicio-
1778 1310 1985 1379 epulis,
2010 1309 2102 1380 qui
2127 1308 2343 1364 divitias
2365 1309 2677 1377 spernimus
2697 1351 2712 1373 ,
2742 1317 2797 1362 et
2827 1307 3086 1378 pretiosis
3116 1322 3223 1362 nou
3264 1307 3380 1377 glo—

142 1435 217 1474 ηεξ
235 1463 247 1486 ,
270 1417 636 1482 detractiones,
653 1414 742 1470 vel
770 1423 966 1470 calata
984 1455 998 1480 ,
1021 1410 1238 1483 quando
1265 1409 1356 1465 ille
1385 1423 1508 1464 cum
1534 1408 1678 1463 Deus
1779 1402 1985 1456 riamur
2011 1401 2065 1456 in
2084 1401 2350 1457 vestibus.
2378 1400 2482 1469 Qui
2501 1401 2620 1455 auri
2636 1399 2939 1472 cupiditate
2960 1399 3184 1456 minime
3212 1400 3381 1470 capti-

139 1522 178 1569 ct
209 1512 279 1570 Dei
304 1511 466 1568 Filius
512 1518 698 1577 esset,
732 1523 830 1580 pro
860 1518 950 1565 tua
978 1506 1154 1564 salute
1184 1504 1473 1576 opprobria
1504 1502 1678 1559 bomi-
1779 1512 1989 1590 v-mur,
2018 1497 2108 1568 qui
2137 1511 2246 1550 non
2273 1495 2625 1566 adipiscimur
2648 1506 2937 1566 argentum
2965 1535 2981 1561 ,
3023 1503 3079 1551 et
3107 1505 3381 1566 quascum-

140 1623 231 1661 nnm
264 1605 578 1676 iniuriasque
605 1603 893 1660 sustinuit!
932 1602 1099 1657 Valde
1124 1602 1194 1657 ab
1232 1615 1298 1655 eo
1329 1599 1534 1653 alienus
1560 1605 1674 1665 est,
1780 1587 1886 1662 que
1905 1590 2138 1646 humana
2159 1590 2370 1644 vanitas
2388 1588 2903 1659 videturcomplecti
2921 1587 3377 1652 ,contemnimus.

138 1700 200 1768 qui
221 1712 301 1755 nec
320 1697 681 1754 detractiones
710 1694 907 1752 saltem
947 1693 1218 1751 sustinere
1244 1698 1536 1749 contentus
1570 1697 1674 1746 est.
1783 1683 1976 1739 Nullus
2007 1683 2094 1738 hic
2139 1681 2476 1738 confusionis
2507 1690 2593 1737 est
2623 1681 2795 1747 locus,
2827 1680 3010 1736 nullus
3033 1679 3380 1736 verecundis

139 1789 235 1845 Nam
254 1788 510 1860 quomodo
540 1803 666 1845 eum
707 1800 894 1844 amare
939 1785 1169 1842 dicimus
1188 1825 1205 1854 ,
1237 1783 1283 1840 si
1316 1799 1414 1856 pro
1444 1796 1512 1840 eo
1539 1780 1674 1838 nihil
1707 1771 1752 1832 Β
1780 1776 1978 1832 aditus.
2003 1774 2088 1831 llli
2118 1775 2293 1845 magis
2313 1774 2640 1830 erubescere
2668 1773 2869 1828 debent
2899 1779 3064 1843 atque
3089 1769 3377 1841 confundi,

137 1883 352 1939 sustinere
375 1881 550 1952 parati
572 1879 806 1937 sumus?
1777 1866 1867 1938 qui
1899 1881 1961 1924 ea
1987 1881 2110 1938 quas
2137 1865 2342 1922 sanctis
2370 1865 2695 1935 displicent,
2717 1863 3137 1932 concupiscunt.

188 1975 239 2030 X.
272 1976 406 2046 Quod
436 1977 485 2031 si
521 1977 575 2032 in
605 1975 764 2032 nobis
791 1980 876 2033 est
896 1973 1066 2048 ipsius
1095 1986 1225 2030 vera
1250 1970 1497 2037 dilectio,
1521 1983 1674 2042 quae-
1853 1960 1993 2016 Χιν.
2037 1959 2378 2016 Erubescaut
2404 1957 2568 2028 igitur
2589 1956 2828 2023 ebriosi,
2854 1969 3115 2021 voraces,
3149 1953 3333 2025 injuin
3361 1995 3378 2022 ,

135 2085 310 2139 cumque
334 2084 427 2136 pro
455 2068 581 2141 ejus
611 2068 863 2134 nomine,
885 2047 1136 2138 quamvis
1164 2062 1348 2135 gravia
1366 2105 1382 2130 ,
1416 2063 1662 2134 irrogen-
1777 2061 2032 2124 raptores
2050 2093 2066 2119 ,
2089 2050 2357 2118 adulteri,
2402 2059 2456 2106 et
2483 2049 2809 2121 quicumque
2839 2048 2952 2104 suis
2977 2047 3285 2118 gloriantur
3315 2047 3371 2102 in

139 2174 217 2229 tur,
239 2165 406 2237 exigua
434 2179 737 2221 censemus
759 2205 775 2230 ,
821 2171 877 2220 et
903 2161 1179 2218 dicimus:
1215 2161 1384 2216 Parva
1415 2166 1544 2213 sunt
1573 2158 1673 2211 ista

1783 2142 1954 2206 malis.
1979 2158 2115 2213 quos
2139 2143 2406 2213 geheuuze
2423 2141 2562 2211 ignis
2588 2149 2898 2208 exspectat:
2923 2147 2978 2195 et
2999 2139 3198 2210 quibus
3227 2153 3361 2208 sup-

139 2274 227 2328 qua
253 2231 463 2329 patimur
493 2277 510 2314 :
555 2257 762 2328 majora
801 2256 890 2312 ille
923 2269 1020 2326 pro
1059 2253 1167 2310 vlta
1199 2262 1389 2309 nostra
1423 2251 1667 2322 pertulit.

1783 2237 1936 2308 plicia
1969 2245 2347 2307 prmparantur
2373 2246 2600 2290 aeterna.
2632 2232 2924 2290 Facientes
2949 2241 3132 2290 autem
3159 2231 3372 2286 Domini

135 2323 406 2406 :‘idiil-nobis
429 2323 659 2422 dignum
689 2365 786 2421 pro
808 2323 934 2420 ejus
955 2345 1176 2406 nomine
1204 2346 1492 2414 irrogatur.
1515 2342 1673 2409 Quod
1779 2330 2115 2422 \‘Olllﬂmem
2135 2372 2148 2398 ι
2178 2326 2436 2384 confundi
2482 2341 2588 2422 “°_“
2617 2325 2820 2422 deum}
2847 2327 2947 2422 {in
2991 2324 3195 2395 ιιυῖδιιι·
3229 2323 3376 2379 "una

133 2444 165 2498 si
184 2446 428 2500 sententia:
475 2445 656 2515 ipsius
707 2456 977 2498 memores
1008 2455 1234 2506 smnus,
1283 2438 1672 2507 intelligemus.

1783 2421 2114 2478 confusionis
2138 2427 2269 2477 sunt
2297 2435 2485 2491 Opera.
2530 2418 2576 2476 0
2598 2424 2759 2490 quam
2790 2418 3073 2489 indignum
3100 2427 3189 2475 est
3216 2426 3380 2490 atque

135 2535 365 2591 Aitenim:
397 2510 524 2592 Νοή
553 2545 628 2591 est
651 2534 942 2607 discipulus
984 2549 1143 2603 super
1172 2534 1488 2602 magistrum
1513 2546 1533 2585 :
1583 2546 1673 2584 nec

1783 2525 2173 2586 praeposterum
2193 2555 2208 2580 ,
2229 2523 2286 2568 ut
2307 2513 2440 2581 justi
2463 2510 2871 2569 confundantur
2890 2512 2940 2566 in
2965 2510 3123 2567 b0uis
3139 2554 3155 2580 ,
3177 2521 3234 2566 et
3255 2527 3383 2581 pec-

133 2644 264 2681 ten-as
280 2645 421 2699 super
442 2628 737 2683 Dominum
757 2605 910 2682 suum
939 2626 1093 2701 (Luc.
1122 2641 1191 2690 v1,
1221 2623 1331 2693 40).
1356 2625 1417 2679 Si
1440 2635 1673 2695 patrem-

1783 2619 1995 2664 catores
2021 2607 2327 2677 glorientur
2349 2605 2404 2662 in
2435 2605 2590 2660 malis
2619 2605 2634 2660 ι
2684 2605 2875 2662 Videat
2899 2619 3035 2676 ergo
3059 2605 3236 2659 anima
3272 2605 3382 2659 Deo

133 2721 310 2787 familias
325 2721 614 2776 Beelzebub
640 2698 968 2786 vocaverunt,
1003 2727 1199 2786 quanto
1231 2718 1396 2788 magis
1422 2716 1673 2770 domesti-

1783 2700 2009 2764 devota,
2043 2715 2112 2756 ne
2140 2699 2512 2770 insipientium
2563 2698 2708 2753 risus
2753 2712 2907 2766 eam,
2942 2708 3036 2753 aut
3086 2698 3378 2753 stultorum

131 2817 549 2888 meimggmos
570 2831 702 2885 ergo
725 2814 1062 2884 είάίδοίμυιε,
1087 2813 1132 2866 si
1157 2793 1674 2867 ἀοιιιρειίείυιιι-ίςιί
1781 2794 2060 2852 Imminqu
2112 2794 2443 2848 vanissirnus
2474 2807 2676 2853 ,sermu
2723 2791 3061 2858 confundat,
3105 2803 3162 2847 et
3199 2808 3230 2846 a
3280 2808 3380 2847 suo

132 2887 291 2974 sumus,
306 2910 566 2964 debeinus
578 2903 1378 2977 opprobria,detracﬁoaesque
1391 2903 1670 2972 amplecti,

1783 2888 2064 2958 proposito
2094 2887 2374 2942 retrahat:
2407 2887 2460 2942 in
2488 2903 2598 2956 quo
2630 2888 2800 2957 magis
2840 2902 2938 2957 per
2985 2887 3109 2942 dies
3137 2887 3377 2958 singulos

132 3009 166 3049 cl
185 3001 416 3056 sustinere
445 3002 717 3056 libenter:
739 3010 796 3054 et
818 3013 974 3069 :cquo
996 2997 1178 3052 animo
1205 3012 1266 3052 ea
1293 2997 1472 3052 omnia
1501 2997 1638 3050 ferre
1657 3035 1673 3062 ,

1783 2985 2050 3053 prolicere
2079 2980 2243 3040 debet
2273 2981 2326 3036 in
2359 2982 2576 3036 melius.
2611 2980 2799 3035 Videat
2833 2996 2900 3036 ne
2945 2980 3068 3051 quis
3095 2995 3125 3034 a
3182 2978 3380 3036 timore

131 3108 222 3161 qua:
245 3109 328 3163 pro
368 3095 536 3148 nobis
564 3094 820 3162 magister
844 3100 900 3146 et
929 3090 1184 3146 Dominus
1213 3088 1430 3158 pertulit
1464 3101 1560 3142 uos
1586 3103 1666 3144 er,
1721 3161 1732 3163 ξ
1783 3073 1982 3130 Christi
2013 3089 2078 3128 se
2098 3083 2318 3128 revocet
2341 3115 2356 3137 ,
2385 3088 2452 3128 ue
2483 3073 2605 3144 quis
2635 3073 2703 3128 ab
2732 3072 2849 3142 ejus
2873 3073 3166 3128 dilectione
3196 3087 3257 3128 se
3302 3073 3384 3127 di-

183 3185 252 3240 Xl.
287 3188 380 3257 Qui
404 3203 542 3246 vero
566 3161 684 3246 haec
714 3185 993 3242 sustinere
1018 3197 1125 3240 non
1150 3184 1294 3250 vult,
1321 3196 1421 3236 nec
1441 3181 1677 3251 discipu.
1704 3161 1750 3226 C
1785 3167 1951 3224 \‘CHM
1971 3209 1986 3234 .
2019 3179 2244 3237 propter
2275 3183 2436 3237 quem
2476 3181 2696 3222 omnem
2730 3166 2916 3222 surculi
2967 3167 3200 3238 gloriam
3229 3181 3382 3236 pom-

131 3283 209 3336 luin
228 3283 333 3352 ejus
357 3299 416 3342 se
436 3283 735 3352 deprauiat
765 3295 886 3338 esse
903 3320 920 3346 ,
947 3293 1047 3338 nec
1069 3291 1322 3341 servum,
1341 3291 1440 3331 nec
1467 3274 1636 3330 filium
1659 3316 1673 3340 ,

1783 3273 2018 3329 pmque
2059 3259 2425 3328 contempsit,
2459 3258 2542 3312 cui
2593 3256 2724 3311 nihil
2776 3257 2995 3327 dignum
3045 3256 3382 3326 pumilentia:

131 3392 204 3432 nec
233 3378 606 3436 domesticum.
639 3377 734 3432 ille
760 3376 904 3431 enim
936 3374 1234 3438 innocens,
1265 3371 1673 3434 immaculatus,

1783 3351 2151 3423 comparavit,
2176 3365 2339 3422 quem
2367 3349 2687 3421 parentibus
2719 3349 2814 3404 lilii
2834 3391 2850 3416 ,
2875 3364 3035 3419 quem
3068 3349 3256 3406 liberis
3285 3365 3380 3421 pa-

129 3469 316 3534 inlacnts
338 3515 353 3537 .
398 3474 450 3528 iu
508 3487 617 3542 quo
649 3471 792 3526 nulla
822 3469 999 3540 potuit
1028 3466 1239 3537 peccati
1273 3464 1484 3520 macula
1523 3478 1673 3532 repe-

1784 3454 1892 3499 tres
1908 3487 1924 3510 ,
1943 3460 2105 3514 quem
2138 3442 2406 3514 conjugiis
2431 3442 2729 3514 prwferunt
2753 3441 3118 3498 continentes.

130 3563 222 3617 mi:
242 3565 300 3619 de
320 3534 420 3634 φη
448 3534 728 3634 prmum
757 3534 1091 3631 piissimi;
1114 3577 1128 3612 :
1152 3557 1255 3625 Qui
1281 3566 1550 3626 peccatum
1572 3569 1676 3609 ηοη
2011 3534 2231 3593 Crescat
2263 3535 2320 3590 in
2344 3535 2504 3590 nobis
2524 3535 2769 3606 quotidie
2800 3549 2954 3588 amor
2993 3535 3236 3604 Christi,
3259 3550 3379 3592 crc-

128 3657 233 3723 ferit,
257 3675 343 3712 nec
361 3657 525 3712 dolus
553 3657 790 3718 inventus
819 3663 894 3709 est
920 3654 974 3708 in
1005 3668 1092 3706 ore
1121 3653 1234 3722 eius
1260 3648 1395 3721 (1w.
1428 3663 1545 3712 Llil,
1573 3648 1673 3712 lt);

1783 3645 1897 3688 seat
1921 3630 2220 3702 fides,quia
2246 3645 2437 3702 magna
2462 3646 2562 3685 nos
2591 3645 2688 3700 pro
2710 3629 2806 3684 Dei
2823 3643 3010 3684 amore
3045 3644 3256 3685 merces
3281 3645 3380 3685 ex-

129 3722 142 3800 i
163 3746 252 3804 pd.
295 3767 352 3814 η,
380 3751 506 3822 εὶ),
542 3765 645 3821 pro
699 3747 854 3803 nobis
904 3744 1181 3816 sacrilegis
1213 3753 1270 3799 οι
1301 3740 1678 3812 maioribus
1780 3732 2028 3795 spectat:
2055 3732 2260 3782 tantum
2290 3738 2360 3776 ne
2387 3722 2457 3822 ab
2482 3722 2600 3793 ejus
2630 3722 2882 3822 cultura:
2907 3723 2991 3778 vel
3014 3738 3182 3822 opere
3209 3723 3380 3778 semel

126 3852 165 3895 εί
184 3853 361 3900 uenio
381 3809 668 3913 supplicio
694 3841 1023 3910 mancipatis
1045 3882 1058 3904 ,
1091 3846 1367 3908 tamquam
1395 3834 1677 3892 aimcissi.
1779 3819 1975 3876 devota
2007 3832 2165 3872 meus.
2183 3831 2244 3872 se
2267 3815 2539 3908 retrahat,
2564 3830 2632 3870 ne
2652 3813 2705 3870 ei
2727 3809 2969 3870 diealur:
2990 3813 3176 3869 Habeo
3196 3815 3380 3868 adrer-

128 3952 215 3989 inus
256 3954 371 3996 reus
397 3901 472 3993 ali
501 3901 706 4005 iniquis
749 3901 954 4005 judicio
981 3901 1479 3999 sinitur-[nigellis
1505 3929 1676 3984 ωηιξη
1779 3929 1897 3968 sum
1935 3922 1984 3966 ιο
2043 3929 2253 4005 μικτος-
2289 3911 2428 4005 qvod
2479 3901 2785 3963 rharitatem
2829 3911 3053 4005 μείρνεηξ
3096 3909 3375 4005 τξιὶιιυίξιὶο

124 4035 206 4094 tur,
233 4030 632 4099 sputaminihus
667 4027 972 4083 irridetur:
1028 4034 1084 4081 et
1128 4040 1227 4079 nos
1280 4037 1503 4094 propter
1550 4037 1673 4077 eum

1783 4005 1968 4078 (Apoc.
1995 4019 2058 4071 ιι,
2083 4003 2162 4071 Α).
2216 4003 2370 4057 [little
2397 4011 2606 4058 certum
2633 4009 2748 4067 est,
2775 4017 2880 4054 non
2911 4000 3225 4054 hominibus
3250 3999 3370 4068 pla-

125 4093 462 4180 catinium,”
495 4122 860 4187 οτιιιιθ,.οειιο,
891 4119 980 4189 (μιῇ
1011 4127 1231 4188 propter
1254 4131 1354 4171 nos
1382 4124 1528 4170 ιωιιε
1552 4129 1676 4186 ρετ.
1780 4098 2008 4154 cendum
2029 4136 2044 4160 ,
2079 4096 2172 4151 sed
2201 4093 2450 4150 Christo:
2493 4109 2593 4149 nec
2635 4094 2922 4148 luuuauam
2954 4093 3167 4149 laudem
3194 4093 3366 4164 qua-ri

125 4227 272 4278 pssus
299 4226 399 4272 est.
427 4217 530 4271 Ille
560 4215 704 4270 enim
752 4230 850 4284 pro
879 4214 1054 4268 salute
1079 4221 1266 4266 nostra
1296 4211 1523 4266 dorsum
1550 4225 1673 4265 ver-

1784 4190 2008 4254 drbere,
2031 4189 2126 4245 sed
2157 4189 2414 4243 divinam.
2438 4187 2579 4257 Quid
2612 4187 2766 4242 nobis
2799 4189 3051 4258 prodest,
3077 4187 3120 4241 si
3155 4186 3233 4241 illi
3265 4201 3369 4242 nos

126 4277 302 4366 imitus
323 4354 337 4376 ,
363 4277 770 4380 sputaminihus
803 4307 995 4362 faciem
1023 4351 1036 4370 ,
1069 4307 1317 4360 maxillas
1346 4307 1539 4376 palmis
1567 4321 1673 4360 nou
1780 4283 2002 4380 ίθυᾳθπί
2023 4322 2040 4347 ν
2063 4281 2260 4380 “um”?
2287 4281 2506 4350 νιδεθτθ
2529 4289 2810 4380 Ρθίθίίιιξηι
2833 4277 3176 4380 θέιιῗρ¹¹ίίίδξθ
3197 4278 3379 4380 οδεδξν

121 4406 422 4464 εοεῐειιάὶιιιι·
455 4420 656 4477 parare
681 4422 692 4459 :
721 4416 776 4461 et
807 4421 904 4459 nos
936 4418 1034 4473 pro
1063 4416 1131 4458 eo
1177 4401 1302 4456 leve
1327 4401 1491 4457 etiam
1544 4414 1673 4455 con-

1783 4379 1825 4430 si
1850 4376 2155 4444 vitupereut
2183 4372 2268 4441 bi,
2298 4387 2528 4443 quorum
2557 4387 2665 4427 non
2698 4371 2819 4441 plus
2857 4371 3184 4441 vituperatio
3213 4369 3380 4442 prodo

125 4493 354 4552 lundituut'
379 4466 584 4554 audire
612 4466 953 4552 cnuvitiumi-
997 4492 1342 4550 Gaudeamus
1372 4494 1551 4562 potius
1571 4531 1587 4560 ,
1620 4500 1674 4547 et
1701 4557 1742 4562 _
1781 4483 1884 4538 θεῆ
1923 4487 2081 4541 η¹¹³¹¹¹
2109 4471 2265 4525 ohe“
2291 4467 2565 4522 “udam?
2601 4467 2898 4562 Audiamus
2923 4468 3094 4538 magis
3117 4466 3246 4536 quid
3284 4466 3381 4522 in"

121 4587 334 4652 limatur.
359 4594 405 4646 si
436 4608 540 4661 pro
573 4602 681 4646 tam
710 4590 917 4659 magnis
941 4589 1056 4658 ejus
1078 4597 1132 4642 et
1156 4601 1255 4656 pro
1284 4557 1470 4642 nostra
1496 4557 1678 4642 saturo
1701 4557 1758 4622 Ῑ)
1785 4583 1876 4624 vas
1903 4565 2189 4623 electionis
2209 4564 2401 4618 doctor
2421 4563 2660 4661 gentium
2681 4561 2848 4629 dicat,
2867 4571 2917 4614 et
2942 4575 3050 4631 quo
3073 4575 3173 4615 nos
3191 4577 3260 4617 ne
3281 4559 3383 4614 ho-

1784 4661 2022 4716 minibus
2041 4659 2257 4731 placere
2270 4657 2554 4721 vellemus,
2575 4653 2819 4710 hortetur
2833 4654 3082 4725 exemplo
3098 4673 3111 4709 :
3127 4653 3194 4712 Si
3211 4655 3384 4709 homi-

1782 4755 1952 4820 nibus,
1978 4753 2150 4823 inquit
2175 4795 2189 4820 ,
2219 4733 2420 4817 placere
2440 4748 2641 4814 uellem,
2665 4745 2859 4802 Christi
2880 4762 3055 4801 servus
3081 4763 3184 4802 non
3218 4763 3380 4802 essent

125 4864 214 4922 dire
239 4840 668 4941 blasphemiam,
698 4840 807 4924 aut-
839 4868 1112 4924 sustinere
1139 4865 1543 4930 confundimur,
1576 4866 1670 4936 qui

1783 4848 1927 4921 (Gal.
1974 4862 2014 4912 ι,
2066 4845 2178 4916 10).
2214 4843 2368 4900 Unde
2416 4841 2551 4897 nulli
2593 4840 2817 4897 dubium
2869 4851 2983 4905 est,
3018 4855 3115 4896 eos
3159 4840 3377 4894 Christo

121 4963 256 5018 sistri
278 4934 444 5019 causa
475 4964 546 5019 de
569 4963 725 5018 cretis
751 4961 1035 5017 descendit
1063 4959 1129 5014 ad
1162 4968 1374 5024 terras,
1403 4967 1460 5015 et
1491 4966 1551 5013 ut
1576 4934 1673 5014 nos

1783 4943 1989 4998 servire
2011 4955 2119 4996 non
2149 4953 2336 5010 posse,
2354 4935 2446 5007 qui
2466 4935 2778 4991 hominibus
2797 4943 2988 5006 optant
3009 4934 3190 5005 potius
3211 4947 3371 5004 quam

121 5055 342 5111 eniteret
368 5100 384 5118 .
419 5057 728 5111 liumiliavit
755 5054 852 5110 se?
883 5053 952 5109 Et
979 5069 1101 5108 cum
1139 5051 1460 5106 immortalis
1490 5061 1636 5106 esset
1664 5092 1678 5116 ,
1784 5039 2002 5094 Christo
2031 5036 2271 5106 placere.
2295 5029 2551 5088 Contenti
2577 5047 2710 5102 ergo
2741 5030 2961 5085 interim
2991 5030 3162 5082 simus
3193 5028 3382 5083 homi-

118 5145 222 5200 ιιεεί
247 5159 544 5208 contentus
570 5156 693 5204 est:
722 5158 782 5202 ut
805 5161 904 5202 nos
931 5146 1000 5200 ab
1030 5157 1234 5200 πίει-ιιι)
1266 5144 1458 5199 mortis
1489 5147 1681 5214 laqueo
1785 5132 1943 5189 uibus
1974 5131 2300 5201 displicere,
2326 5135 2534 5182 tantum
2568 5135 2626 5180 ut
2656 5124 2876 5180 Christo
2905 5125 3240 5192 placeamus.
3273 5121 3383 5177 Nec

119 5237 353 5297 iitum-er.
378 5241 696 5298 coronatus
719 5249 804 5297 est
846 5239 1018 5309 spinis
1042 5279 1056 5302 ,
1083 5248 1142 5292 ut
1171 5253 1271 5293 nos
1296 5239 1386 5306 qui
1416 5246 1542 5292 ante
1572 5238 1685 5307 spi-
1783 5241 1971 5283 eorum
1997 5225 2244 5279 laudibus
2266 5221 2628 5289 delectemur,
2652 5219 2745 5290 qui
2774 5231 2880 5272 non
2913 5216 3050 5272 alios
3075 5231 3238 5288 quam
3266 5216 3375 5272 sibi

116 5330 180 5384 hei
201 5344 246 5388 rt
272 5333 606 5391 infructuosi
636 5307 1000 5395 steteranius,
1030 5331 1264 5385 fructum
1291 5331 1442 5383 bonae
1469 5330 1681 5384 arboris
1783 5319 1989 5375 Similes
2007 5315 2373 5372 laudant-N05
2396 5314 2578 5384 Ροιίιιε
2597 5310 2819 5366 laudem
2839 5307 3145 5380 ρι’θριιοιω.
3181 5320 3236 5364 οι
3259 5325 3384 5370 διιο-

117 5436 523 5488 ενῖιοτιιινεωιιει.
571 5425 721 5482 Felle
746 5433 800 5481 et
827 5433 983 5482 aceto
1011 5434 1226 5493 potatus
1254 5431 1340 5477 est
1368 5441 1380 5475 :
1415 5431 1470 5476 ut
1501 5423 1552 5475 in
1585 5439 1679 5474 uu-
1785 5414 1932 5478 stoli,
1956 5410 2136 5466 laudet
2160 5409 2212 5463 iu
2242 5406 2541 5476 Evangelia
2566 5420 2666 5460 suo
2693 5401 2960 5458 Christus.
2992 5402 3146 5457 Tunc
3175 5401 3382 5454 erimus

115 5513 178 5570 his
193 5519 293 5587 iam
328 5535 438 5577 nec
479 5519 622 5574 fellis
650 5518 981 5587 amaritudo,
1009 5492 1109 5571 nec
1133 5515 1274 5571 aceti
1304 5522 1451 5570 esset
1478 5513 1683 5582 asperi-
1786 5523 1915 5562 vere
1945 5505 2137 5560 felices
2158 5545 2170 5568 ,
2195 5503 2289 5557 sia
2316 5501 2520 5555 talibus
2547 5497 2756 5552 laudari
2777 5498 2922 5568 digni
2958 5492 3381 5551 fuerimus.0m-

114 5615 192 5662 las.
232 5611 378 5669 [ilius
406 5613 648 5668 hominis
679 5615 849 5668 lactus
873 5619 991 5676 est,
1041 5617 1097 5664 ut
1125 5624 1222 5663 uos
1253 5607 1394 5663 ﬁlios
1421 5607 1520 5663 Dei
1542 5608 1679 5662 l'ace-
1787 5603 1932 5656 nium
1965 5599 2106 5656 enim
2140 5597 2335 5653 horuru
2366 5613 2498 5651 voce
2528 5593 2900 5649 laudabimur:
2935 5591 2978 5646 si
3023 5601 3380 5659 quiscumque

116 5711 191 5755 ret.
219 5703 348 5762 Vide
367 5719 515 5778 ergo
537 5706 582 5760 si
623 5720 724 5774 pro
752 5705 856 5758 isto
881 5701 1139 5759 confundi
1185 5701 1448 5757 debemus
1475 5699 1679 5769 aliquid
1786 5694 2047 5750 Dominus
2077 5708 2170 5762 per
2194 5690 2468 5760 apostolos
2492 5689 2575 5746 vel
2608 5686 2903 5758 prophetas
2924 5682 3140 5740 videtur
3172 5695 3377 5753 praece-

115 5798 370 5858 Nﬂilere.
400 5800 550 5858 Vere
568 5799 659 5856 illa
680 5806 765 5856 est
781 5797 960 5856 anima
993 5795 1120 5854 felix
1150 5805 1205 5855 et
1227 5795 1436 5868 angelis
1463 5811 1681 5878 mquau-
1783 5792 1928 5862 pisse
1947 5831 1961 5857 ,
1990 5785 2413 5846 servaverimus.

123 4686 414 4745 ltissianibus
439 4686 531 4741 vel
567 4699 732 4755 parva
761 4685 1150 4738 sustineamus.

172 4775 263 4834 ΧΠ.
299 4780 587 4835 (lictorum
614 4795 735 4849 qua:
761 4793 886 4847 spes
913 4774 1072 4830 nobis
1099 4786 1214 4839 est,
1243 4777 1288 4829 si
1315 4774 1386 4828 ob
1425 4789 1547 4829 eum
1574 4789 1673 4829 au-
