3926 6290
542 297 650 357 287

1569 308 1627 366 S.
1669 308 2059 369 HIERONYMI
2100 312 2386 373 OPERUM
2426 317 2788 379 MANTISSA.

3736 338 3828 400 288

613 418 750 476 XVI.
792 418 957 477 Nobis
983 419 1145 491 igitur
1167 420 1588 497 detrahentibus
1608 428 1823 484 cunctis
1844 438 1902 485 et
1922 428 2135 499 vitupec
2161 428 2213 490 Α
2240 429 2437 500 digium
2461 432 2627 501 factus
2663 451 2779 489 sum
2808 436 3021 503 multis;
3048 447 3095 494 et
3116 448 3175 495 tu
3206 442 3419 516 adjutor
3448 446 3618 517 fartis.
3650 448 3715 505 Et
3740 452 3826 509 ite-

544 511 791 567 rantibus
812 512 1083 569 universis
1104 554 1120 580 ,
1144 514 1316 571 simus
1338 516 1535 585 sobrii,
1562 520 1769 591 sancti,
1795 520 2033 578 humiles
2051 565 2064 589 ,
2089 532 2145 579 et

548 606 763 677 pudici,
786 616 845 663 et
888 608 1061 663 Deum
1091 625 1310 681 semper
1335 611 1483 669 ﬁdeli
1529 615 1696 670 corde
1728 632 2052 685 precemur:
2085 628 2144 674 ut

548 701 668 769 ipse
696 714 914 770 semper
956 700 1009 755 in
1041 711 1228 758 nostra
1256 716 1438 761 mente
1467 705 1569 773 sit,
1597 718 1653 761 et
1680 707 1771 763 lex
1800 710 1921 780 ejus
1953 719 2142 767 nostro

542 810 765 866 semper
788 795 841 851 in
871 807 1120 866 pectore,
1142 806 1200 851 ut
1226 799 1497 868 possimus
1526 802 1840 872 prophetica
1868 805 2015 873 loqui
2047 820 2142 859 vo-

538 903 640 945 ce:
670 888 776 944 Pro
804 906 865 945 eo
894 899 949 944 ut
988 907 1069 945 me
1107 891 1418 963 diligerent,
1464 894 1804 951 detrahebant
1836 897 2002 952 mihi:
2045 915 2139 969 ego

536 991 707 1037 autem
729 983 942 1038 orabam
965 1000 1063 1056 pro
1084 984 1166 1040 eis
1187 985 1414 1051 (Psalm.
1438 1003 1568 1044 cvm
1586 1031 1601 1055 ,
1635 989 1715 1060 ὁ).
1754 990 1820 1065 Et
1842 992 1968 1047 alibi
1989 1008 2003 1046 :
2024 992 2142 1047 Hu-

538 1075 741 1130 miliaoi
769 1077 822 1130 in
836 1078 1049 1149 jejunio
1076 1078 1307 1133 animam
1335 1096 1538 1151 meam,
1559 1090 1607 1134 et
1630 1084 1825 1153 factum
1847 1095 1920 1138 est
1938 1086 2064 1138 mihi
2085 1087 2139 1140 in

539 1166 902 1239 opprobrium.
932 1168 997 1222 Et
1026 1172 1175 1240 posui
1199 1172 1556 1227 vestimentum
1584 1190 1757 1229 meum
1787 1174 2016 1231 cilicium
2035 1224 2047 1245 ,
2088 1190 2136 1232 et

538 1264 710 1332 factus
732 1277 847 1316 sum
876 1259 984 1317 illis
1015 1263 1070 1317 in
1101 1264 1402 1334 parabolam
1429 1264 1660 1337 (Psalm.
1690 1284 1879 1336 xxxiv,
1927 1271 2037 1342 i5).
2071 1272 2140 1327 Et

535 1352 731 1409 iterum
753 1374 766 1410 :
786 1353 967 1409 Genua
987 1372 1101 1410 mea
1125 1358 1389 1426 inﬁrmata
1411 1369 1532 1414 sunt
1545 1360 1778 1432 jejunio,
1802 1371 1851 1417 et
1870 1364 2138 1432 inﬁrmata

534 1454 612 1500 est
641 1461 764 1500 caro
791 1463 905 1501 mea
934 1458 1148 1520 propter
1176 1449 1370 1506 oleant.
1414 1449 1481 1505 Et
1509 1468 1604 1523 ego
1626 1453 1797 1525 [actus
1823 1471 1940 1509 sum
1967 1456 2021 1510 in
2044 1475 2138 1530 op-

541 1539 810 1609 probrium
840 1542 943 1597 illis
964 1557 984 1597 :
1022 1543 1260 1599 uiderunt
1285 1561 1366 1599 me
1384 1586 1399 1611 ,
1441 1555 1488 1600 et
1514 1558 1781 1602 moverunt
1809 1550 1985 1620 capita
2011 1569 2131 1608 sua.

533 1631 741 1704 Adjura
785 1650 894 1702 me,
930 1636 1148 1692 Domine
1191 1637 1335 1693 Deus
1374 1655 1518 1694 meus
1556 1638 1812 1711 (Psalm.
1854 1658 2019 1711 cvm,
2062 1642 2134 1698 24

532 1725 722 1797 seqq.).
750 1727 912 1784 Vides
935 1744 1065 1800 ergo
1107 1745 1297 1786 omnes
1320 1732 1618 1803 protihetas
1640 1743 1697 1790 et
1720 1744 1945 1792 sanctos
1971 1754 2135 1809 prop-

532 1826 617 1872 ter
647 1820 749 1875 ltoc
773 1836 992 1887 semper
1018 1822 1301 1878 hominum
1332 1824 1790 1883 subsannationes
1817 1831 2129 1899 pertulisse,
2165 1826 2211 1886 ll

532 1910 656 1980 quin
694 1913 802 1969 Deo
827 1913 1031 1970 vellent
1058 1915 1295 1973 ﬁdeliter
1340 1919 1566 1976 servire.
1611 1920 1723 1977 lloc
1751 1932 1803 1978 et
1833 1923 2130 1995 Apostolus

529 2005 641 2059 ait:
670 2003 875 2062 Fidelis
901 2025 1093 2065 sermo.
1133 2010 1189 2065 In
1218 2010 1321 2066 hoc
1342 2012 1488 2067 enim
1518 2013 1860 2079 laboramus,
1882 2025 1938 2071 et
1964 2018 2131 2073 male-

530 2099 787 2167 dicimur,
816 2101 912 2173 qui
942 2119 1224 2174 speramus
1252 2105 1307 2160 in
1339 2106 1505 2161 Deum
1534 2106 1713 2162 vivum
1737 2148 1752 2175 ,
1776 2110 1866 2181 qui
1894 2121 1979 2165 est
2004 2110 2126 2166 Sal-

527 2202 686 2248 vator
711 2195 955 2249 omnium
974 2236 990 2262 ,
1016 2198 1255 2253 maxime
1284 2197 1550 2256 ﬁdelium.

601 2282 764 2357 XVII.
805 2285 947 2355 Quid
972 2286 1162 2358 plura?
1186 2289 1311 2358 nisi,
1330 2300 1388 2345 ut
1411 2291 1691 2361 saepeiam
1715 2292 1976 2360 diximus,
2002 2310 2129 2350 cur-

530 2393 650 2434 sttm
676 2395 837 2451 quem
872 2382 924 2437 in
960 2385 1158 2438 timore
1180 2383 1275 2440 Dei
1315 2385 1611 2454 carpimus,
1655 2402 2122 2447 consummemus.

525 2473 710 2528 Simus
728 2474 963 2540 caneris,
992 2474 1045 2529 in
1066 2491 1255 2531 amore
1277 2476 1397 2543 Dei,
1426 2477 1596 2532 forma
1626 2481 2033 2538 :custodientes
2058 2499 2126 2540 ne

521 2564 646 2632 quis
693 2563 746 2618 in
797 2564 954 2620 nobis
991 2566 1197 2636 aliquid
1240 2568 1589 2626 scurrilitatis
1621 2571 1988 2642 reprehendat
2032 2586 2125 2632 aut

523 2651 808 2722 vanitatis,
838 2654 933 2710 sed
962 2657 1132 2727 magis
1154 2657 1421 2730 quidquid
1451 2668 1539 2716 est
1582 2663 1868 2732 gravitatis
1915 2675 1974 2721 et
2000 2683 2119 2721 ino-

524 2743 715 2801 destia:
740 2762 754 2800 :
787 2747 915 2819 quia
944 2748 1235 2807 Christiani
1262 2753 1371 2808 vita
1397 2755 1652 2811 omnibus
1680 2755 1736 2811 in
1762 2760 1988 2829 speculo
2022 2778 2119 2831 po-

520 2838 626 2894 sita
656 2850 762 2895 est.
787 2842 889 2908 Qui
919 2841 1084 2898 etiam
1116 2845 1161 2900 si
1192 2846 1465 2918 quippiam
1493 2849 1845 2917 titubaverit,
1872 2852 1984 2922 jam
2027 2869 2119 2912 ce-

518 2931 717 2989 cidisse
738 2934 1003 3004 jactatur,
1030 2944 1085 2992 et
1110 2939 1342 3008 amplius
1367 2942 1532 2996 etiam
1558 2942 1755 2998 dicitur
1781 2962 1943 3015 quam
1965 2948 2118 3005 vide-

520 3034 627 3081 tur.
651 3027 832 3085 Simus
855 3044 985 3101 ergo
1008 3031 1319 3103 sapientes,
1341 3050 1534 3106 graves
1550 3080 1565 3105 ,
1590 3040 1789 3109 quieti;
1822 3058 2112 3112 numquam

518 3118 817 3175 vanitatem
837 3161 851 3183 ,
879 3136 1170 3191 numquam
1204 3139 1369 3194 opera
1401 3126 1677 3185 hominum
1709 3130 1890 3200 lingua
1922 3144 2107 3190 nostra

514 3208 793 3280 loquatur,
825 3214 921 3268 sed
953 3217 1073 3271 sine
1107 3202 1509 3275 intermissione
1555 3222 1730 3292 legem
1782 3226 1880 3282 Dei
1932 3232 2111 3286 nostri
2140 3218 2188 3284 C
2218 3249 2280 3304 ιίι

514 3302 828 3360 meditetur.
882 3308 1032 3363 'l‘nnc
1063 3310 1108 3364 si
1132 3313 1252 3381 quis
1279 3314 1546 3368 erstiterit
1572 3331 1683 3371 sua:
1715 3320 1909 3376 salutis
1934 3323 2110 3378 inimi-

515 3412 614 3454 cus
639 3439 655 3465 ,
680 3399 769 3469 qui
792 3400 1093 3459 subsannct
1117 3415 1171 3461 et
1197 3405 1447 3463 detrahat
1471 3415 1530 3464 et
1551 3409 1795 3469 derideat
1819 3432 1829 3468 :
1857 3414 1973 3472 hinc
2002 3434 2107 3473 non

512 3492 688 3545 solum
719 3507 824 3548 non
856 3504 1188 3564 metuamus,
1216 3500 1309 3553 sed
1348 3501 1529 3569 potius
1558 3504 1909 3573 gaudeamus.

589 3583 773 3639 XVIII.
817 3588 875 3640 Et
905 3588 1030 3645 hinc
1052 3605 1151 3644 nos
1172 3593 1513 3661 aliquatenus
1535 3598 1902 3667 consolemur,
1922 3605 1967 3659 si
1996 3622 2107 3660 me-

514 3691 731 3732 reamur
756 3679 881 3734 odio
912 3684 1085 3753 magis
1110 3686 1295 3741 szeculi
1324 3686 1541 3756 vivere,
1569 3706 1727 3760 quam
1751 3691 1978 3752 Christi.
2003 3698 2104 3753 Ca~

512 3783 735 3825 veamus
753 3788 969 3844 quoque
990 3776 1275 3833 ambulare
1302 3779 1618 3837 indecenter
1638 3793 1693 3839 et
1712 3784 1977 3855 inquiete,
2003 3791 2108 3848 sic-

510 3876 567 3917 ut
597 3874 651 3920 et
678 3876 900 3924 sanctus
941 3871 1221 3939 apostolus
1247 3885 1460 3943 monet,
1509 3875 1729 3932 dicens:
1754 3878 1900 3951 Rogo
1931 3892 2106 3938 autem

508 3975 624 4025 vos,
651 3968 706 4014 ut
727 3962 1042 4019 subtrahatis
1064 3982 1153 4020 vos
1178 3967 1242 4020 ab
1267 3970 1409 4023 omni
1435 3970 1600 4039 fratre
1645 3971 1943 4031 ambulante
1964 3978 2108 4033 inor-

508 4053 686 4107 dinate
703 4095 717 4117 ,
739 4065 787 4108 et
810 4073 911 4109 non
927 4060 1210 4114 secundum
1232 4063 1590 4131 traditionem,
1611 4082 1770 4135 quam
1791 4080 2100 4141 acceperunt

510 4158 543 4195 a
596 4145 742 4197 nobis
794 4146 861 4215 (ll
890 4146 1069 4202 Thess.
1112 4166 1193 4213 Ill,
1236 4153 1318 4223 6).
1359 4152 1492 4209 Cum
1526 4155 1641 4211 Inec
1670 4172 1700 4212 a
1732 4160 1888 4215 nobis
1919 4164 2099 4217 omnia

515 4234 738 4288 omnino
769 4247 951 4291 nostra
986 4241 1184 4297 virtute
1213 4243 1409 4299 fuerint
1440 4248 1747 4304 custodita:
1773 4252 2103 4325 quicumque

511 4332 723 4392 putavet
742 4325 781 4380 it
806 4327 1177 4400 derogandum
1208 4334 1363 4390 nobis
1382 4376 1397 4401 ,
1426 4338 1761 4408 prottheticaa
1784 4343 1957 4399 simus
1977 4361 2103 4402 sen-

510 4416 695 4471 tentiae
728 4434 1033 4484 memores,
1090 4440 1185 4493 per
1236 4442 1397 4495 quam
1447 4429 1708 4486 Dominus
1750 4436 1832 4488 sui
1868 4438 2100 4503 nominis

505 4520 665 4561 causa
691 4510 978 4569 triliulatos
1001 4513 1267 4587 hortatur,
1297 4519 1517 4576 dicens:
1541 4522 1610 4576 Et
1632 4534 1685 4578 tu
1703 4566 1720 4591 ,
1746 4527 1825 4597 [ili
1844 4529 2097 4593 hominis,

502 4615 566 4653 ne
592 4600 826 4658 timueris
849 4623 965 4676 eos,
996 4626 1156 4675 neque
1181 4630 1366 4684 pareas
1394 4634 1427 4669 α
1456 4617 1591 4687 facie
1614 4636 1790 4675 eorum
1811 4666 1826 4692 ,
1848 4626 2093 4693 quoniam
2127 4604 2176 4665 θ

503 4692 769 4749 insunient
800 4706 845 4750 et
871 4702 1171 4757 conrenient
1199 4706 1448 4764 adversus
1478 4718 1545 4765 te.
1576 4710 1631 4765 In
1659 4730 1792 4789 gyro
1817 4724 1871 4771 et
1901 4717 1954 4771 in
1983 4735 2097 4775 me-

500 4781 594 4838 dio
622 4787 970 4857 scorpiOnutn
1022 4800 1075 4845 tu
1104 4793 1313 4852 habitas
1336 4842 1351 4864 ,
1380 4802 1546 4857 verba
1576 4819 1765 4861 eorum
1795 4824 1863 4863 ne
1896 4812 2094 4868 timueo

501 4877 580 4933 ris
601 4919 617 4945 ,
644 4887 698 4935 et
723 4896 750 4934 a
785 4880 920 4938 facie
947 4899 1136 4942 eorum
1166 4905 1234 4944 ne
1266 4908 1482 4960 paveas.
1519 4898 1583 4953 Et
1611 4900 1739 4954 alibi
1791 4901 1919 4957 dicit
1945 4921 1957 4957 :
1989 4907 2097 4959 Au-

499 4969 605 5025 dite
627 4989 706 5027 me
745 4975 833 5044 qui
858 4978 1024 5031 nostis
1037 4980 1300 5049 judicium
1318 5026 1332 5049 ,
1358 4987 1548 5059 papule
1574 5007 1713 5046 meus
1732 5033 1747 5058 ,
1791 4997 1845 5047 in
1870 5013 2091 5067 quarunt

498 5065 654 5119 corde
685 5067 769 5121 lea:
792 5085 903 5122 mea
931 5082 1040 5126 est:
1062 5072 1241 5128 Nolite
1272 5078 1449 5133 timere
1481 5084 1760 5154 opprobria
1781 5086 2052 5145 hominum
2074 5134 2089 5159 ,

452 5151 458 5157 ’
510 5168 559 5212 et
590 5159 943 5229 blasphemias
969 5185 1145 5223 eorum
1191 5188 1253 5227 ne
1283 5178 1523 5232 metuatis
1555 5195 1575 5233 :
1616 5183 1736 5249 quia
1765 5188 1898 5239 sicut
1942 5190 2095 5243 vesti-

500 5265 727 5309 mentum
744 5298 759 5322 ,
786 5260 863 5312 ita
892 5279 984 5331 per
1004 5274 1200 5339 tempus
1226 5268 1503 5338 deﬁcient;
1534 5284 1580 5327 et
1605 5286 1659 5329 ut
1682 5278 1857 5333 lanam
1882 5324 1896 5346 ,
1919 5298 2092 5339 come-

498 5345 580 5399 det
604 5362 692 5400 eos
719 5350 1109 5412 tinea..lustitia
1139 5369 1319 5415 autem
1353 5379 1472 5419 mea
1498 5368 1549 5419 in
1579 5378 1838 5427 :eternum
1868 5388 2076 5434 manet.

501 5439 754 5497 Salutare
776 5458 908 5500 vero
938 5464 1116 5505 meum
1150 5453 1200 5508 in
1228 5456 1486 5512 saeculum
1518 5462 1724 5518 saeculi.
1752 5464 2089 5526 Servandum

499 5546 614 5602 prae
642 5536 895 5593 omnibus
921 5557 933 5592 :
966 5557 1032 5597 ne
1058 5545 1284 5603 alterius
1312 5548 1525 5607 Iaudem
1554 5556 1786 5613 velimus
1817 5560 1924 5633 [ΑΙ.
1970 5580 2089 5618 nta-

501 5625 683 5698 Iimus]
727 5643 971 5699 servare,
1003 5644 1165 5705 quam
1209 5640 1452 5698 Chri5ti:
1500 5655 1636 5703 utet
1664 5665 1763 5705 nos
1793 5669 1913 5709 cum
1949 5656 2083 5711 Pro-

496 5717 660 5785 pheta
690 5723 959 5791 possimus
983 5727 1169 5786 dicere
1189 5748 1201 5787 :
1224 5734 1377 5803 Apud
1399 5747 1447 5791 te
1472 5737 1588 5797 laus
1617 5742 1744 5801 mihi
1773 5747 1825 5802 in
1849 5746 2085 5806 Ecclesia

481 5824 671 5882 inrigua
697 5813 929 5885 (Psalm.
967 5837 1084 5891 χχι,
1132 5823 1246 5898 26).
1284 5828 1349 5884 Et
1379 5830 1614 5891 iterum:
1644 5838 1933 5912 Tamquam
1961 5864 2082 5917 pro.

2247 538 2364 577 rum
2396 543 2408 577 :
2458 524 2773 582 Maledieent
2802 529 2917 599 illi,
2940 540 2991 586 et
3039 540 3095 586 tu
3126 533 3410 593 benedices.
3440 540 3541 606 Qui
3558 540 3820 616 insurgunt

2245 616 2299 669 in
2330 634 2429 683 me,
2458 620 2852 691 confundantur
2872 665 2888 690 ,
2917 642 3096 683 servus
3122 638 3293 685 autem
3322 640 3444 687 tuus
3487 634 3746 693 laztabitur
3774 641 3820 696 i.t

2242 716 2293 764 te
2318 710 2550 782 (Psalm.
2584 729 2737 784 cvttt,
2768 717 2887 789 28).

2315 808 2457 864 ΧΙΧ.
2503 810 2628 867 Hinc
2650 814 2716 868 ad
2744 816 3178 876 consolationem
3213 820 3266 876 in
3289 821 3384 878 Dei
3420 823 3647 896 timore,
3671 827 3825 887 det-0.

2244 900 2314 955 tis
2337 904 2640 970 mentibus,
2670 919 2830 977 prout
2859 908 3059 979 ingenii
3092 914 3323 970 tenuitas
3353 917 3558 986 potuit,
3586 935 3826 990 prosecu-

2254 1002 2340 1049 tus
2368 1010 2487 1051 sum
2522 998 2784 1055 breviter.
2812 1001 2966 1059 Nunc
2993 1018 3245 1076 superest
3275 1020 3333 1065 ut
3356 1012 3560 1083 aliquid
3610 1020 3826 1086 amplius

2241 1086 2405 1143 faciat
2434 1106 2589 1147 mens
2609 1092 2833 1162 devota,
2859 1112 3022 1167 quam
3047 1113 3231 1157 nostra
3260 1106 3496 1174 parvitas
3516 1108 3720 1166 sufﬁcit
3742 1114 3823 1166 atl-

2241 1196 2484 1238 monere.
2531 1184 2779 1244 Salutate
2807 1204 2998 1247 omnes
3023 1195 3117 1264 qui
3154 1196 3387 1267 diligunt
3415 1201 3704 1259 Dominum
3733 1222 3819 1259 no-

2240 1284 2412 1330 strum
2444 1275 2629 1333 Jesum
2657 1279 2961 1351 Christum,
2997 1286 3084 1341 cui
3119 1303 3242 1343 cum
3274 1290 3433 1348 Patre
3465 1295 3823 1363 omnipotente

2238 1365 2307 1421 sit
2337 1367 2486 1436 laus,
2510 1369 2685 1426 virtus
2712 1381 2767 1427 et
2785 1374 2958 1444 gloria
2986 1392 3108 1433 cum
3134 1380 3339 1449 Spiritu
3371 1396 3582 1450 sancto,
3606 1400 3667 1443 ct
3696 1407 3823 1447 nunc

2239 1467 2294 1515 et
2321 1474 2540 1532 semper
2562 1471 2619 1519 et
2648 1464 2702 1520 in
2732 1468 2917 1524 omnia
2944 1472 3145 1527 saecula
3178 1476 3522 1533 exoculatum.
3548 1483 3744 1539 Amen.

2370 1600 2688 1663 MONITUM
2726 1605 2794 1661 IN
2835 1607 3224 1667 EPISTOLAM
3264 1612 3710 1684 SEQUI‘ZNTEM.

2313 1701 2480 1790 Neutra
2506 1710 2816 1790 pou-sentiat
2833 1755 2850 1790 _,
2875 1716 3209 1769 recentiorem
3248 1718 3384 1773 hanc
3406 1739 3513 1775 esse
3545 1720 3820 1790 Epistolatn

2240 1780 2391 1854 celate
2421 1777 2845 1854 SulpitiiSeveri
2868 1824 2883 1849 ,
2909 1801 3059 1854 qnent
3089 1797 3269 1843 nuctor
3300 1790 3512 1847 honoris
3538 1777 3701 1850 ca'usa
3731 1816 3817 1850 no-

2239 1846 2405 1928 mittnt
2427 1890 2440 1909 ,
2493 1846 2554 1901 ac
2598 1849 2763 1928 Vitam
2794 1846 3110 1912 SJIl'Iartini
3137 1859 3201 1912 ab
3232 1877 3292 1914 eo
3321 1846 3571 1928 scriptum

2238 1915 2450 1999 Stylnnt
2487 1920 2633 2004 quod.
2671 1933 2895 2004 spectant,
2922 1937 3094 2004 atque
3126 1934 3295 2002 aperis
3323 1915 3822 2004 ambulandi,"

2234 1991 2465 2078 proditae
2493 1993 2560 2078 ad
2582 1994 2696 2075 ejus
2726 1995 2888 2051 libelli
2898 1991 3408 2078 indolem'accedit:
3426 2009 3515 2078 qui
3541 2008 3609 2065 tle
3634 1991 3822 2078 επὶςύήὲ

2239 2061 2457 2146 laritate
2501 2061 2840 2146 Clericorutn
2891 2070 3214 2140 inscribitur,
3263 2061 3680 2146 atque'habeiu;
3714 2061 3818 2136 citur

2232 2131 2380 2194 alibi,
2402 2142 2520 2224 tum.
2532 2137 2791 2224 praefigite
2811 2131 3293 2224 intersupposititin
3400 2131 3822 2224 Cypriani—scrip;

2233 2208 2305 2295 to,
2323 2213 2375 2255 ut
2394 2205 2549 2295 [afile
2566 2208 2728 2290 videri
2747 2211 2909 2292 possit
2923 2205 3096 2295 abillo
3109 2220 3243 2295 velut
3260 2205 3547 2289 exemplum
3563 2205 3817 2295 expressit.

2233 2269 2495 2354 Contende
2522 2269 2757 2354 inuicem,
2782 2292 2830 2334 et
2855 2282 3112 2354 siquidem
3135 2287 3230 2341 ille
3250 2305 3357 2343 non
3383 2269 3664 2348 immeritor
3692 2297 3818 2350 circa

2230 2343 2475 2425 saxulum
2516 2349 2851 2425 millesimum
2874 2394 2888 2417 ,
2915 2343 3028 2424 'quo
3073 2367 3299 2425 tempore
3327 2361 3391 2415 lis
3444 2363 3540 2417 illa
3586 2366 3644 2420 in
3676 2366 3817 2421 0cci~

2230 2415 2381 2504 dente
2408 2415 2885 2504 ritaainte‘ferrebat
2903 2470 2916 2494 ,
2937 2415 3218 2499 deputatur
3237 2446 3257 2485 :
3275 2447 3389 2502 qua:
3409 2415 3568 2504 huius
3588 2415 3818 2493 habenda

2227 2485 2293 2538 sit
2321 2490 2455 2543 ratio
2485 2485 2763 2564 intelliges.

2759 2605 3099 2667 EPISTOLA
3135 2612 3295 2671 XLII.

2836 2740 2902 2779 AD
2934 2739 3205 2788 OCEANUI.

2682 2833 2762 2892 De
2799 2837 2917 2893 Vita
2957 2840 3301 2902 Clericorum.

2292 2948 2630 3023 Sophronias
2663 2955 3324 3085 Eusebiuslliieronymus
3373 2965 3595 3027 Oceano
3650 2985 3750 3029 suo

2860 3044 2888 3085 S
2948 3047 2977 3085 II
3004 3048 3112 3085 em-

2860 3044 3113 3094 salutem.

2290 3156 2327 3211 Ι.
2364 3158 2691 3229 Deprecatus
2716 3178 2795 3230 es,
2825 3176 2885 3220 ut
2914 3168 3007 3223 tibi
3038 3169 3280 3228 breviter
3304 3188 3664 3247 exponerem,
3691 3197 3817 3251 qua—

2282 3265 2342 3304 er
2370 3252 2550 3308 clerici
2584 3255 2810 3312 debeant
2850 3260 3099 3318 victitare
3132 3265 3183 3319 in
3214 3265 3311 3321 hac
3344 3269 3449 3325 vita
3478 3274 3812 3330 mortalium.

2213 3342 2353 3399 Hinc
2399 3362 2485 3402 me
2530 3348 2771 3421 plerique
2816 3356 3118 3412 maledictis
3160 3361 3340 3416 tumuli
3390 3367 3812 3436 priestolantur,

2211 3436 2334 3505 quia
2374 3452 2482 3493 non
2526 3440 2662 3496 sileo
2699 3444 2978 3503 veritatem
3012 3464 3025 3505 :
3056 3458 3254 3519 tamen,
3292 3454 3423 3511 mihi
3454 3458 3801 3525 charissimc,

2210 3531 2277 3585 ab
2309 3532 2569 3601 Apostolo
2598 3552 2873 3593 sumamus
2900 3545 3205 3613 exordium,
3247 3552 3338 3618 qui
3366 3552 3442 3604 ait
3476 3568 3489 3603 :
3532 3551 3815 3608 Numanus

2209 3640 2375 3679 sermo
2405 3636 2451 3680 et
2480 3631 2620 3683 omni
2649 3634 2943 3701 acceptione
2981 3636 3192 3708 dignus.
3229 3640 3288 3697 Si
3316 3644 3431 3711 quis
3461 3647 3817 3717 episcopatum

2210 3717 2488 3788 desiderat,
2520 3722 2706 3776 bonum
2734 3741 2866 3794 opus
2894 3728 3171 3787 desiderat.
3209 3735 3423 3805 Oportet
3451 3740 3584 3793 enim
3615 3744 3821 3810 episco-

2209 3826 2331 3878 pum
2365 3811 2859 3885 irreprehensibilem
2894 3837 3032 3888 esse,
3074 3825 3324 3895 sobrium,
3360 3830 3635 3900 pudicum,
3678 3835 3819 3890 benio

2206 3919 2385 3972 gnum,
2417 3916 2677 3973 ornatum,
2711 3910 3040 3981 hospitalem,
3072 3916 3369 3987 docibilem,
3403 3939 3503 3977 non
3531 3942 3813 3993 percusso-

2206 4008 2336 4060 rem,
2373 3997 2464 4049 sed
2502 3998 2807 4065 modestum,
2842 4019 2946 4057 non
2983 4006 3286 4076 litigiosum,
3317 4028 3419 4066 non
3465 4014 3815 4076 vinolentum.

2206 4086 2384 4141 domui
2420 4104 2528 4144 sua:
2566 4092 2653 4161 qui
2679 4093 2801 4146 bene
2840 4107 3021 4165 praeest
3051 4097 3094 4170 (ι
3130 4099 3266 4155 Tim.
3296 4118 3378 4171 ιιι,
3430 4105 3453 4159 I
3496 4108 3676 4180 seqq.)
3717 4126 3731 4167 :
3763 4120 3815 4166 et

2205 4179 2435 4251 reliqua.
2485 4183 2677 4238 Totum
2722 4189 3136 4256 comprehendit
3176 4209 3300 4251 esse
3326 4200 3661 4269 cavendum,
3693 4218 3817 4259 cum

2205 4270 2739 4342 irreprehensibilem
2774 4282 2943 4349 punit.

2278 4366 2339 4421 II.
2367 4368 2652 4436 Quomodo
2683 4372 2850 4442 igitur
2870 4375 3101 4431 alterum
3126 4382 3515 4450 reprehendet,
3538 4402 3674 4445 cum
3706 4392 3819 4462 ipse

2202 4458 2294 4526 qui
2325 4461 2533 4528 accepit
2557 4475 2876 4531 potestatein
2903 4477 2960 4521 ut
2979 4469 3175 4527 doceat
3194 4519 3207 4541 ,
3233 4476 3305 4530 sit
3325 4458 3817 4547 reprehensibilis?

2203 4549 2337 4617 Quia
2365 4552 2473 4607 vita
2504 4556 2767 4628 episcopi,
2800 4558 2969 4615 forma
2998 4562 3162 4627 debet
3190 4582 3313 4623 esse
3341 4571 3707 4633 clericorum.
3742 4581 3817 4635 Ex

2200 4642 2457 4713 episcopo
2492 4647 2690 4716 gradus
2726 4654 2908 4707 eteteri
2945 4654 3274 4716 clericorum
3309 4663 3645 4723 condiscunt
3676 4686 3819 4741 quo-

2201 4736 2362 4790 modo
2401 4737 2630 4796 debeant
2678 4743 2859 4799 vivere
2902 4745 2955 4800 in
3002 4747 3104 4805 hac
3142 4752 3250 4807 vita
3295 4756 3534 4813 mortali.
3585 4761 3822 4831 Seipsos

2202 4827 2492 4885 imitabiles
2528 4833 2729 4890 debent
2770 4850 3077 4907 proponere
3116 4845 3429 4903 sacerdotes
3460 4868 3471 4901 :
3513 4858 3570 4904 ut
3602 4827 3704 4909 alii
3736 4859 3819 4924 ju-

2202 4922 2405 4989 niores,
2433 4926 2635 4994 gradus
2668 4929 2899 4983 lnnniles
2926 4936 3229 4999 consecuti,
3265 4938 3377 4994 vita
3404 4952 3458 4995 et
3489 4946 3822 5003 testimonio

2198 5015 2538 5071 sacerdotum
2586 5020 2796 5087 possint
2829 5035 3144 5094 exsurgere.
3188 5027 3469 5101 Prazcipue
3511 5034 3655 5091 illud
3689 5055 3822 5095 reor

2196 5109 2456 5164 attentius
2496 5109 2591 5166 tibi
2633 5127 2756 5169 esse
2787 5116 3184 5183 prOvidendum
3220 5138 3234 5179 :
3265 5124 3389 5193 quia
3422 5126 3598 5195 prima
3636 5140 3822 5187 tenta-

2196 5211 2377 5256 mcnta
2407 5213 2535 5257 sunt
2575 5204 2920 5272 clericorum,
2955 5211 3243 5268 mulierum
3276 5213 3591 5287 frequentes
3623 5238 3820 5279 acces-

2195 5306 2309 5346 sus.
2336 5294 2441 5349 lste
2466 5310 2631 5351 sexus
2664 5298 3120 5367 reprehensihiles
3141 5305 3365 5362 exhibet
3386 5309 3647 5368 clericos.
3671 5315 3818 5383 Quid

2197 5386 2289 5443 tibi
2325 5403 2510 5443 revera
2554 5404 2675 5446 cum
2724 5392 2962 5460 feminis,
2996 5398 3085 5467 qui
3116 5398 3184 5453 ad
3212 5400 3385 5459 altare
3412 5418 3534 5461 cum
3564 5407 3820 5467 Domino

2197 5476 2490 5535 fabularis?
2532 5481 2609 5538 Te
2650 5486 2831 5539 cuncti
2871 5486 2923 5541 in
2966 5489 3206 5557 publico,
3239 5502 3291 5548 te
3332 5494 3385 5549 in
3418 5512 3548 5566 agro
3580 5505 3817 5569 rustici,

2194 5582 2440 5628 aratores
2470 5589 2532 5627 ac
2562 5574 2823 5632 vinitores
2849 5580 3094 5649 quotidie
3121 5585 3365 5653 graviter
3391 5588 3747 5658 lacerabunt,
3774 5599 3817 5651 si

2193 5678 2376 5739 contra
2417 5668 2737 5738 dispositum
2780 5673 2927 5739 ﬁdei,
2967 5690 3088 5731 cum
3118 5676 3333 5735 feminis
3371 5681 3624 5739 habitare
3669 5704 3818 5744 con.

2194 5760 2389 5817 tendis.
2420 5761 2485 5817 Et
2512 5764 2662 5831 quia,
2694 5778 2751 5820 ut
2781 5768 3042 5836 arbitror,
3070 5774 3416 5843 concupiscis
3444 5776 3818 5846 irreprehen-

2191 5852 2364 5911 sibilis
2398 5854 2647 5925 inveniri,
2682 5859 2999 5920 testimonio
3035 5864 3177 5922 bono
3221 5876 3395 5927 utere.
3438 5870 3730 5947 Numquid
3763 5880 3817 5935 in
