3926 6290
113 237 198 301 289

1007 230 1343 294 EPISTOLA
1384 234 1547 294 XLII.
1589 233 1681 294 DE
1719 229 1883 295 νιτΑ
1911 232 2370 295 CLERICORUM.

3245 236 3353 298 $90

112 356 239 412 choro
260 351 611 425 apostolorum
637 349 853 407 feminae
878 330 1188 409 affuerunt?
1208 351 1445 410 Prohibe
1472 364 1649 410 tecum
1678 357 1727 417 Α
1756 352 1985 408 solatur.
2012 353 2194 409 Potuit
2215 355 2360 411 enim
2386 363 2441 410 et
2460 353 2628 412 Maria
2657 353 2831 413 Mater
2857 353 3069 414 Domini
3092 356 3161 415 de
3184 358 3356 418 choro

111 449 296 520 virgines
327 447 542 513 morari,
576 450 743 502 etiam
776 461 896 516 quas
927 448 997 502 de
1025 462 1227 518 genere
1257 456 1348 501 tuo
1373 457 1518 502 sunt.
1554 448 1644 503 Di-

110 545 186 615 lige
217 557 316 613 eas,
353 543 588 598 exterius
626 541 839 608 ordina,
874 540 1191 613 frequenter
1230 542 1385 597 visita
1423 542 1643 613 junctus

110 635 312 707 obsequio
346 634 661 691 clericorum
706 652 723 692 :
771 650 841 691 ne
880 634 1008 689 dum
1051 636 1364 690 secretaliler
1405 651 1468 691 ac
1493 635 1643 691 solus

112 730 368 799 ingrederis,
398 730 639 785 macules
669 729 1041 786 testimonium
1070 739 1245 785 tuum.

163 824 373 880 lll.lllud
408 825 574 881 etiam
603 824 967 893 adjiciendum
1008 833 1090 880 est
1117 841 1132 881 :
1164 824 1286 895 quia
1330 825 1375 879 si
1420 838 1640 880 uxorem

112 918 304 987 duceres,
340 919 423 975 lex
466 929 520 975 te
564 935 672 975 non
716 919 1033 990 prohiberet
1074 919 1319 975 habitare
1360 935 1483 975 cum
1514 936 1645 974 con-

113 1028 243 1069 serva.
268 1011 388 1068 Cum
416 1013 609 1068 uxoris
639 1014 783 1069 enim
812 1026 1085 1068 consensu
1114 1011 1378 1082 ejusmodi
1409 1012 1474 1065 ad
1508 1012 1647 1082 regi-

113 1124 199 1163 men
218 1108 484 1163 sacerdotii
521 1114 916 1176 promoventur
944 1124 959 1161 :
992 1108 1229 1162 maxime
1254 1122 1375 1161 cum
1400 1107 1642 1174 Apostoli

112 1199 291 1269 Epistula
319 1209 642 1271 praeceptum
676 1201 780 1256 ltoc
806 1199 1007 1255 habeat
1035 1216 1050 1254 :
1080 1199 1247 1254 Unius
1274 1200 1453 1254 uxoris
1480 1200 1646 1253 virum

110 1293 157 1348 ad
189 1293 413 1349 honorem
456 1292 749 1348 clericatus
790 1292 1124 1364 eligendum.
1159 1292 1234 1348 Te
1265 1308 1397 1348 vero
1438 1307 1542 1347 non
1570 1291 1643 1347 ita

111 1387 311 1441 salutaria
355 1397 625 1459 praecepta
668 1389 1068 1458 conswingunt.
1118 1386 1292 1442 Aliter
1330 1385 1600 1457 coniugati
1626 1426 1642 1455 ,

109 1481 226 1535 aliter
248 1480 465 1551 virgines
504 1481 876 1536 admonentur
904 1481 1261 1537 ecclesiaSIici
1294 1496 1432 1535 onus
1461 1478 1646 1536 subire

111 1574 351 1630 ministerii.
372 1574 724 1631 Feminarum
754 1589 876 1630 cum
905 1574 1121 1629 clericis
1152 1572 1301 1628 nullo
1332 1584 1493 1645 pacto
1517 1588 1647 1627 con-

109 1666 241 1736 juncta
265 1669 559 1737 praecipitur
585 1668 954 1724 conversatio.
980 1666 1152 1722 Janua
1183 1666 1405 1733 diaboli,
1434 1666 1517 1720 via
1543 1665 1646 1720 ini—

1745 446 2116 516 apostolorum
2163 448 2615 514 non-discedere,
2658 450 2702 505 si
2737 449 2949 507 liceret.
2982 450 3184 509 Thecla
3233 463 3356 524 post

1748 540 2099 597 tentationem
2132 551 2158 579 ι
2190 541 2480 613 passionis,
2525 544 2867 600 Antiochiam
2906 560 2937 601 a
2969 544 3138 601 Paulo
3166 548 3356 618 prohi-

1745 632 1901 688 betur
1929 634 2126 704 pariter
2155 652 2411 707 pergere.
2442 638 2613 695 Nemo
2639 640 2793 697 miles
2821 656 2945 697 cum
2978 658 3148 699 uxore
3172 646 3351 716 pergit

1745 726 1811 781 ad
1846 728 2070 784 bellum.

1818 819 1905 874 Vl.
1950 821 2068 877 Non
2102 822 2320 879 invideo
2344 823 2596 881 charitati
2629 834 2735 882 tute
2766 842 2781 883 :
2812 828 2886 884 sit
2914 829 3008 886 tibi
3036 845 3160 887 cum
3189 832 3355 889 castis

1744 913 2049 985 virginibus
2091 918 2331 989 longmva
2378 919 2622 977 dilectio.
2652 921 2801 978 Tunc
2833 924 2887 979 in
2928 924 3073 980 bono
3098 928 3351 982 meritum

1745 1008 2062 1077 collocabis,
2106 1021 2161 1065 ct
2208 1010 2411 1067 famam
2457 1013 2793 1080 meliorabis,
2829 1014 2877 1071 si
2904 1020 3354 1088 congregationes

1746 1102 2037 1159 constituis
2071 1105 2371 1174 puellarum
2412 1127 2425 1162 :
2460 1106 2687 1177 pulchre
2709 1123 2911 1166 censeo
2938 1111 2989 1165 in
3016 1111 3351 1169 hebdomada

1746 1196 1980 1252 secunda
2007 1199 2310 1255 visitatione
2331 1200 2395 1254 ad
2422 1202 2852 1258 benedicendum
2876 1209 3351 1277 congregationem

1746 1290 1934 1346 venias
1968 1309 1979 1345 :
2007 1293 2098 1347 sed
2134 1309 2238 1347 non
2273 1294 2444 1359 solus,
2476 1311 2544 1351 ne
2576 1296 2890 1366 rumigeruli
2920 1298 3116 1370 linguis
3140 1310 3191 1355 te
3213 1300 3355 1357 Iace-

1747 1385 1993 1440 rantibus
2056 1388 2348 1441 maculent.
2400 1388 2644 1442 Alienum
2690 1390 2837 1445 enim
2902 1390 3131 1461 cupiunt
3186 1393 3351 1448 vicini

1747 1476 2022 1534 discutere
2068 1479 2257 1544 vitam,
2293 1496 2399 1535 non
2433 1495 2605 1537 suam.
2650 1481 2945 1554 Propterea
2973 1484 3135 1555 digne
3171 1487 3357 1559 accipe

1747 1586 1991 1626 meorum
2025 1585 2296 1643 pra'cepta
2329 1574 2618 1630 verborum
2650 1590 2667 1633 :
2700 1584 2756 1632 et
2780 1578 2982 1632 monita
3008 1578 3352 1647 humilitatis,

1747 1678 1869 1733 quae
1901 1664 2145 1720 fraterno
2174 1666 2394 1736 atl‘ectu,
2426 1669 2645 1724 calamo
2684 1668 3363 1745 b‘imperaute,expressi-

111 1762 293 1829 quitatis,
321 1760 622 1832 scorpionis
655 1760 964 1831 percussio,
988 1760 1347 1830 uocivumque
1372 1775 1543 1830 genus
1564 1769 1647 1815 est
1679 1760 1727 1820 B
1753 1769 1891 1815 mus.
1919 1757 2153 1814 dulciter
2187 1761 2321 1828 lege.

112 1851 257 1909 femina
285 1871 298 1907 :
326 1868 443 1910 cum
492 1854 800 1923 proximat,
848 1854 1116 1920 stimulat,
1163 1853 1401 1908 incendit
1438 1853 1641 1923 ignem.

109 1942 402 2017 Flammigero
429 1947 558 2017 igne
589 1947 827 2016 percutit
856 1945 1055 2001 femina
1085 1946 1470 2000 conscientiam
1501 1945 1645 2015 pari—

110 2048 167 2091 ter
188 2039 439 2096 habitantis
474 2058 488 2093 ε
520 2041 809 2112 exuritque
838 2040 1186 2096 fundamenta
1216 2040 1497 2095 montium.
1531 2040 1646 2110 ligo

105 2131 262 2199 judico.
287 2134 327 2188 si
354 2148 476 2190 cum
510 2132 643 2189 viris
672 2133 890 2188 femina:
921 2132 1184 2202 habitent,
1218 2132 1504 2187 viscarium
1537 2146 1643 2185 non

108 2224 237 2279 deerit
256 2227 441 2284 diaboli
475 2246 491 2284 :
524 2244 590 2284 ex
620 2227 701 2283 eis
728 2237 1027 2299 aucupatus
1055 2238 1137 2283 est
1166 2227 1234 2282 ab
1264 2226 1419 2282 initio
1448 2242 1643 2297 pecca-

108 2328 203 2371 tutu.
226 2317 428 2375 Ferreus
456 2329 670 2376 mentes
704 2318 870 2391 libido
896 2319 1105 2374 domat.
1137 2319 1199 2374 Si
1221 2318 1511 2391 alligaverit
1531 2318 1647 2388 quis

108 2410 235 2480 ignem
265 2414 311 2466 in
346 2415 464 2469 sinu
502 2430 619 2479 suo,
660 2414 959 2468 vestimenta
989 2416 1105 2485 ejus
1127 2428 1228 2467 non
1251 2413 1649 2467 comburentur?

108 2506 181 2556 Att
210 2506 247 2559 si
276 2507 376 2575 quis
414 2505 760 2560 ambulaverit
803 2522 958 2577 super
996 2503 1244 2560 carbones
1282 2505 1418 2577 ignis
1441 2546 1456 2573 ,
1493 2504 1648 2577 pedes

106 2615 194 2653 suos
212 2617 297 2654 non
323 2602 624 2656 comburet?

155 2693 224 2750 iV.
256 2695 364 2751 Mihi
406 2696 599 2765 crede,
643 2711 750 2752 non
789 2704 974 2768 potest
1018 2704 1133 2751 toto
1178 2694 1343 2751 corde
1374 2710 1495 2750 cum
1545 2694 1651 2749 Do-

105 2789 220 2841 mino
246 2788 501 2855 habitare,
524 2790 616 2859 qni
646 2788 978 2844 feminarum
1002 2789 1312 2844 accessibus
1343 2787 1646 2858 copulatur.

104 2878 179 2933 Sed
200 2880 351 2937 dicis:
383 2882 491 2949 Qui
521 2881 753 2936 ambulat
775 2882 1097 2953 simpliciter,
1130 2881 1358 2935 ambulat
1388 2881 1652 2949 conﬁden-

106 2980 160 3024 ter
182 2970 345 3045 (Prov.
369 2992 427 3042 x,
463 2983 496 3031 9
518 2977 559 3044 ).
585 2976 726 3030 Bene
754 2983 809 3030 et
830 2985 1040 3044 argute.
1066 2974 1173 3031 Sed
1201 2982 1415 3044 oportet
1441 2985 1493 3028 te
1512 2974 1653 3027 testi-

106 3068 281 3118 monium
312 3067 499 3121 bonum
526 3066 710 3123 habere
739 3083 804 3122 ea:
823 3066 903 3122 Itis
929 3069 1017 3134 qui
1040 3069 1168 3138 [oris
1189 3077 1311 3121 sunt
1341 3066 1385 3135 (ἰ
1409 3065 1541 3121 Tim.
1570 3082 1651 3133 ιιι,

1824 1848 1932 1905 Vll.
1965 1850 2082 1906 Jam
2114 1868 2247 1907 vero
2279 1864 2333 1908 ιιι
2361 1856 2812 1926 reprehensibilis
2833 1858 3006 1914 divini
3030 1859 3218 1918 altaris
3244 1876 3356 1918 non

1747 1941 1818 1997 sit
1856 1943 2133 2009 sacerdos,
2180 1960 2349 2015 pauca
2393 1946 2461 2002 de
2499 1948 2727 2019 reliquis
2758 1951 2987 2021 apostoli
3021 1953 3351 2010 testimoniis

1747 2046 2005 2104 quantum
2034 2034 2299 2092 Dominus
2328 2037 2518 2105 donat,
2550 2055 2840 2110 exponam.
2874 2041 3160 2100 Sufficiant
3189 2061 3356 2117 supe-

1749 2125 1923 2183 riores
1955 2142 2155 2193 causa»,
2187 2145 2306 2199 qua:
2338 2130 2493 2186 dieta-
2522 2143 2668 2187 sunt.
2701 2133 2901 2189 Verum
2933 2151 2999 2192 ne
3027 2137 3226 2209 aliquis
3255 2140 3356 2194 tui-

1749 2236 1851 2276 nus
1878 2221 2203 2293 intelligens,
2230 2224 2294 2279 ad
2328 2226 2615 2298 episcopos
2644 2238 2852 2286 tantum
2885 2233 3086 2288 sentiat
3116 2235 3352 2305 Aposto-

1748 2312 1858 2368 lum
1905 2313 2068 2369 fuisse
2112 2315 2352 2371 locutum
2404 2334 2417 2375 :
2459 2319 2585 2388 quid
2615 2320 2683 2376 de
2715 2321 3040 2379 diaconibus
3067 2326 3133 2381 ad
3159 2325 3350 2383 Timo—

1750 2408 1933 2461 theum
1964 2420 2293 2479 praeceptum
2318 2412 2388 2466 sit
2416 2428 2430 2465 :
2455 2411 2581 2484 quid
2606 2413 2673 2469 de
2694 2416 3035 2489 presbyteris
3056 2418 3123 2473 ad
3148 2418 3356 2489 Titum,

1749 2517 2183 2561 commemorare
2213 2506 2481 2562 delectat?
2517 2509 2626 2565 Sed
2672 2512 3105 2580 praetereundum
3139 2529 3247 2570 non
3275 2524 3362 2571 est

1751 2595 2091 2667 superiorem
2136 2603 2430 2670 explanare
2473 2605 2822 2673 sententiam,
2872 2605 3040 2662 Unius
3068 2610 3252 2664 uxoris
3282 2611 3360 2664 ci-

1752 2708 1870 2745 rum
1898 2691 1941 2762 (l
1971 2692 2109 2747 Tim.
2141 2710 2219 2758 ιιι,
2248 2694 2328 2765 2),
2355 2704 2410 2751 et
2437 2712 2574 2752 nova
2597 2706 2652 2752 et
2678 2708 2832 2752 vetus
2859 2703 3155 2771 przceeptio
3181 2718 3360 2759 sacer-

1752 2783 1931 2839 dotem
1963 2786 2174 2841 censuit
2201 2788 2509 2858 eligendum
2543 2808 2554 2843 :
2582 2791 2707 2861 quia
2737 2790 2983 2862 digamos
3012 2796 3079 2849 ad
3108 2796 3355 2852 ministe—

1754 2877 1891 2933 rium
1917 2879 2159 2950 plerique
2182 2882 2422 2952 episcopi
2441 2883 2835 2953 applicuerunt,
2860 2887 3045 2958 sicque
3070 2898 3351 2945 asserunt:

1754 2971 2062 3026 Concubina
2096 2971 2195 3027 fuit
2223 2973 2311 3029 illa
2331 3016 2344 3039 ,
2380 2975 2496 3031 haec
2524 2993 2688 3043 uxor;
2721 2979 2871 3049 quasi
2899 2994 3005 3034 non
3032 2981 3218 3036 eadem
3253 2982 3362 3038 sint

1754 3066 2080 3121 commercia
2115 3065 2374 3123 finditatis
2403 3068 2455 3123 in
2480 3069 2571 3123 illa
2599 3112 2614 3135 ,
2646 3086 2767 3142 qum
2796 3072 2848 3126 in
2887 3071 2987 3128 hac
3012 3086 3361 3146 exercentur,

106 3153 162 3221 7).
197 3155 325 3213 Licet
356 3175 544 3215 coram
591 3161 701 3215 Deo
742 3169 889 3215 recte
930 3159 1153 3216 incedas
1196 3175 1210 3214 :
1251 3169 1432 3214 tamen
1474 3174 1656 3214 coram
1686 3145 1734 3213 (ἓ
1763 3175 1883 3230 qua:
1922 3175 2059 3215 uxor
2097 3163 2378 3219 asseritur.
2420 3169 2523 3231 An,
2571 3166 2693 3235 quia
2740 3167 2975 3237 conjugii
3008 3169 3223 3226 tabulas
3253 3186 3361 3227 non

107 3247 362 3307 hominibus
392 3253 537 3307 bona
572 3252 903 3321 providenda
932 3262 1057 3309 sunt
1087 3270 1102 3308 :
1132 3253 1253 3324 quia
1284 3262 1339 3308 et
1367 3255 1658 3334 astutiores

108 3352 201 3395 sunt
234 3342 346 3399 filiis
382 3345 523 3399 lucis
565 3344 660 3399 filii
703 3346 1074 3400 tenebrarum.
1114 3344 1247 3399 Cum
1276 3359 1409 3415 ergo
1437 3344 1539 3399 hoc
1568 3359 1660 3415 ge-

108 3448 183 3488 nus
208 3450 233 3489 a
273 3446 319 3493 te
354 3453 470 3492 non
500 3445 814 3507 amputatur
864 3453 879 3491 ε
927 3436 1025 3492 das
1057 3436 1577 3506 reprehendentibus
1607 3445 1660 3491 te

108 3525 243 3584 locum
272 3550 281 3583 :
316 3532 432 3604 ipse
467 3542 519 3587 te
546 3532 951 3587 detrahentium
985 3532 1260 3586 morsibus
1289 3531 1583 3598 tradidisti,
1614 3530 1660 3586 si

108 3626 417 3696 Agnpetarum
446 3626 787 3682 consortium
819 3640 924 3681 non
953 3625 1246 3682 dimiseris.
1279 3626 1548 3695 Benignus
1577 3640 1658 3691 es,

108 3718 273 3782 gaudeo
300 3736 315 3773 :
344 3719 593 3792 pudicus,
628 3718 823 3774 falsum
853 3728 955 3775 est.
982 3718 1039 3775 Si
1070 3719 1269 3787 aliquis
1290 3719 1527 3775 senserit
1553 3718 1664 3774 cle-

106 3809 236 3866 ticum
264 3812 511 3869 habitare
530 3829 653 3869 cum
677 3812 917 3881 feminis,
945 3827 1052 3868 non
1077 3812 1256 3867 credit
1274 3827 1397 3868 eum
1426 3826 1549 3867 esse
1575 3826 1664 3866 ca-

106 3914 235 3958 stum.
270 3908 321 3961 Si
362 3906 685 3977 pudicitiam
723 3906 951 3977 quaeris,
986 3919 1155 3977 quare
1195 3905 1404 3961 habitas
1434 3919 1556 3959 cum
1586 3904 1666 3960 fe-

111 3996 275 4052 minis?
311 3999 598 4055 Feminam
638 4015 801 4069 quam
833 3999 972 4055 bene
990 3999 1200 4061 _videris
1229 4009 1661 4065 conversantem,

108 4102 252 4147 mente
276 4093 463 4166 dilige,
496 4108 604 4149 non
636 4093 906 4165 corporali
949 4092 1264 4164 frequentes
1294 4104 1511 4147 ornatu.
1546 4092 1661 4147 Non

109 4184 235 4239 testis
277 4196 466 4241 tenera
509 4186 768 4241 clericqu
812 4187 957 4252 facit,
1001 4197 1091 4241 aut
1135 4188 1474 4242 sacerdotem
1510 4204 1522 4239 :
1568 4186 1662 4241 sed

109 4288 217 4328 casta
246 4278 437 4333 mentis
466 4277 719 4333 intentio.
752 4278 880 4332 Haec
904 4277 1049 4333 enim
1073 4277 1417 4333 dchtionen‘.
1442 4278 1667 4331 honoris

110 4366 147 4420 in
166 4378 208 4424 te
225 4373 479 4428 custodit.
505 4372 776 4427 Honorem
801 4372 1016 4442 quidem
1042 4373 1364 4443 gloriosum,
1391 4372 1513 4427 boui
1537 4386 1667 4441 ope—

107 4460 160 4513 ris
183 4465 307 4517 fama
336 4473 654 4521 conservat.
683 4464 1005 4521 Sacerdotes
1029 4466 1229 4535 quippe
1250 4464 1429 4529 decet,
1456 4464 1538 4520 vel
1561 4479 1667 4520 ca:-

1759 3252 1906 3321 fecit,
1937 3257 2372 3325 concupiscentia
2402 3258 2578 3314 aliena
2610 3274 2718 3314 non
2745 3259 2880 3315 fuit?
2909 3260 3071 3316 Nullo
3102 3273 3259 3332 pacto
3282 3263 3365 3321 di-

1759 3363 1966 3419 gamos,
1984 3351 2069 3405 vel
2091 3352 2518 3407 concubinarum
2549 3354 2757 3408 catenis
2781 3353 3039 3417 insertos.
3055 3354 3214 3412 decet
3237 3358 3365 3414 sub-

1762 3443 1842 3497 ire
1871 3442 2157 3498 sacerdotii
2187 3445 2568 3500 ministerium.
2598 3445 2656 3501 In
2696 3446 2942 3503 Levitico
2970 3449 3234 3519 scriptum
3283 3461 3370 3507 est

1763 3547 1825 3588 ac
1857 3534 2182 3603 praefinitum
2222 3579 2235 3602 ,
2262 3536 2445 3606 quales
2468 3538 2590 3609 eligi
2619 3539 2851 3595 debeant
2872 3542 3204 3609 sacerdotes,
3232 3544 3374 3600 sicut

1762 3626 1931 3681 habes
1964 3646 1976 3680 :
2015 3626 2079 3681 Et
2109 3628 2241 3683 dixit
2280 3631 2531 3686 Dominus
2561 3634 2631 3685 ad
2663 3631 2926 3704 Moysen:
2955 3634 3214 3690 Sacerdos
3241 3654 3374 3691 uxo-

1763 3736 1872 3773 rem
1904 3710 2135 3791 accipiat
2166 3724 2417 3793 virginem
2460 3724 2524 3778 de
2552 3726 2743 3780 semine
2770 3737 2977 3797 patrum
3008 3746 3239 3783 suorum.
3276 3728 3374 3783 Vi-

1769 3813 1927 3867 duam
1945 3832 2064 3869 vero
2077 3823 2164 3869 aut
2183 3817 2500 3883 destitutam,
2527 3826 2615 3872 aut
2644 3836 2675 3872 a
2701 3819 2809 3872 viro
2835 3820 3023 3873 marito
3047 3819 3373 3886 derelictam,

1774 3924 1874 3961 non
1901 3908 2141 3979 accipiat.
2169 3909 2312 3963 Bene
2341 3910 2518 3964 audivi
2542 3912 2894 3981 prazcipiente
2921 3912 3149 3968 Domino
3171 3913 3368 3986 Moysi,

1768 4000 1891 4070 quia
1919 4014 2019 4055 nec
2047 4015 2189 4056 uxor
2216 4001 2376 4057 debet
2402 4003 2670 4058 sacerdoti
2710 4005 2922 4075 digama
2954 4010 3269 4077 convenire,
3301 4023 3371 4065 ne

1776 4092 2040 4150 honorem
2083 4095 2288 4166 polluat
2329 4096 2645 4153 sacerdotii.
2690 4098 2844 4155 Sicut
2875 4101 3037 4155 unius
3084 4103 3269 4157 uxoris
3298 4104 3380 4158 vi-

1766 4203 1908 4254 rum,
1939 4189 2018 4243 sic
2050 4189 2207 4243 unius
2231 4189 2330 4245 viri
2358 4190 2578 4246 mandat
2604 4206 2852 4248 uxorem.
2882 4194 2937 4249 Si
2978 4208 3110 4267 ergo
3136 4194 3374 4252 clericus

1766 4292 2126 4353 monogamus
2169 4284 2347 4349 fuerit,
2394 4294 2447 4340 et
2489 4300 2629 4339 uxor
2665 4285 2783 4355 ejus
2827 4286 3062 4357 digama.
3104 4287 3215 4343 noli
3247 4304 3374 4345 eum

1778 4375 2090 4431 ministerio
2132 4376 2432 4447 applicare.
2455 4376 2730 4449 Digamam
2760 4378 2906 4435 enim
2937 4378 3090 4435 duxit
3128 4396 3378 4440 uxorem.

1773 4468 1899 4524 [hcc
1945 4469 2064 4523 Tito
2106 4482 2376 4542 pricccpta
2416 4472 2560 4525 idem
2608 4473 2905 4543 Apostolus
2949 4473 3018 4530 de
3057 4475 3376 4533 ordinandis

108 4560 220 4609 teres
243 4558 567 4613 clericorum
607 4556 825 4629 gradus,
859 4567 918 4613 ut
946 4572 1111 4629 supra
1142 4558 1350 4613 dictum
1383 4566 1488 4623 est,
1521 4574 1549 4612 a
1579 4557 1663 4613 fe-
1696 4531 1747 4592 Ῑ)
1773 4563 1987 4619 clericis
2014 4565 2182 4617 dedit.

105 4646 231 4701 minis
256 4649 556 4721 segregari.

159 4735 209 4789 ν.
247 4739 298 4796 δι
341 4740 510 4813 igitur
546 4740 764 4812 generis
802 4740 971 4811 gratia
1019 4741 1230 4811 judicas
1264 4742 1483 4797 easdem
1514 4741 1665 4797 nullo

104 4839 228 4895 patto
250 4834 527 4890 dimittere
558 4850 574 4891 :
603 4847 877 4891 memento
908 4836 1163 4899 Thamar,
1194 4836 1335 4907 quod
1358 4837 1428 4891 alt
1450 4841 1663 4892 Amnon

105 4918 235 4977 intre
260 4940 362 4981 suo
389 4936 652 4995 corrupta
684 4927 775 4983 sit.
804 4926 1043 4997 ldipsum
1077 4943 1395 4998 persequor,
1420 4929 1666 4984 dilectis-

104 5017 243 5073 sitne:
278 5022 370 5078 ubi
403 5022 565 5077 unius
593 5030 677 5078 est
707 5021 1038 5077 tabernaculi
1067 5024 1412 5078 conversatio
1442 5040 1457 5083 :
1488 5024 1668 5078 carnis

106 5123 188 5165 non
223 5112 379 5172 facile
412 5116 626 5171 tollitur
654 5115 963 5170 delectatio.
1000 5114 1076 5169 De
1104 5115 1317 5170 duobus
1348 5116 1490 5169 enim
1522 5117 1667 5186 quod

104 5216 213 5261 nitus
229 5206 529 5276 desiderat,
552 5208 657 5264 etsi
682 5209 824 5278 loqui
849 5224 955 5262 non
982 5215 1179 5278 potest,
1207 5216 1444 5262 tentatur
1466 5217 1665 5263 tamen.

106 5292 320 5356 lit-notio
366 5300 534 5371 igitur
575 5300 699 5369 viri,
739 5301 1007 5357 castitatis
1040 5300 1276 5356 collocat
1302 5317 1453 5357 arma
1487 5319 1502 5360 :
1535 5318 1669 5358 con-

103 5392 235 5448 tuuit
270 5393 325 5449 in
366 5392 690 5451 melioribus
718 5403 895 5450 castra
936 5410 950 5449 :
984 5392 1207 5466 pudoris
1246 5394 1509 5451 honorem
1538 5411 1670 5452 con-

161 5559 183 5587 ⁸
210 5549 517 5624 [λεεωεοτ
545 5563 704 5609 antea
737 5554 1034 5618 incongrua
1064 5568 1257 5615 sensu,
1292 5563 1404 5621 post
1435 5554 1680 5608 tentatio-

104 5638 195 5675 aeut
214 5628 467 5689 passionis
494 5627 803 5691 Antiochiae.
829 5644 861 5680 a
886 5625 1060 5679 Paulo
1083 5626 1401 5697 prohibetur.
1437 5635 1684 5696 (310..πο

107 5708 193 5772 quo
218 5696 570 5772 Antiochiam,
604 5699 1040 5772 interpunctione
1067 5700 1229 5754 etiam
1262 5698 1564 5767 emendata,
1597 5714 1686 5756 re-

105 5770 418 5840 scripsimus.
506 5840 511 5844 _

1844 4656 1980 4712 Vlll.
2032 4656 2099 4710 Et
2145 4656 2268 4726 quia
2295 4657 2406 4727 jam
2442 4657 2580 4713 liber
2619 4657 2777 4713 finem
2813 4668 3091 4730 exspectat
3136 4677 3151 4715 :
3198 4659 3265 4715 ad
3318 4660 3373 4716 id

1767 4748 2059 4805 redeamus
2099 4749 2245 4803 unde
2274 4750 2504 4819 digressi
2537 4767 2747 4807 sumus.
2782 4751 2889 4808 Nec
2919 4753 2966 4808 si
2995 4753 3118 4808 dua:
3147 4754 3230 4809 vel
3265 4765 3376 4809 tres

1770 4842 1976 4912 pariter
2005 4840 2097 4893 Dei
2138 4841 2350 4895 ancillae
2389 4851 2689 4909 morentur,
2724 4844 2898 4898 solum
2941 4844 3006 4898 ad
3039 4859 3131 4899 eas
3164 4845 3374 4915 ingredi

1770 4935 2025 4989 convenit
2054 4933 2413 4987 sacerdotem.
2447 4932 2502 4989 Si
2535 4935 2655 5005 quis
2687 4936 2801 4991 haec
2834 4946 3101 5007 prmccpta
3133 4952 3241 4990 non
3276 4936 3371 4993 ob-

1771 5024 2099 5089 servaverit,
2150 5022 2318 5079 hostis
2347 5034 2431 5079 cst
2459 5026 2652 5081 animzc
2685 5043 2817 5081 suzc.
2851 5026 3004 5095 Quod
3032 5028 3077 5082 si
3111 5038 3231 5097 post
3257 5046 3376 5087 mo-

1772 5118 1883 5173 nita
1916 5127 2099 5174 nostra
2130 5118 2327 5189 aliquis
2349 5120 2583 5175 cleriCns
2609 5132 2861 5191 agapetas
2883 5123 3117 5194 amplius
3144 5128 3373 5195 qttmsie-

1771 5213 1842 5268 rit
1868 5228 2054 5268 amare
2081 5228 2240 5283 quam
2291 5213 2588 5279 Christum,
2619 5215 2912 5270 secundum
2946 5216 3260 5287 synodalem
3290 5236 3376 5277 re-

1771 5307 1951 5373 gulam
1993 5306 2346 5360 conveniatur
2387 5322 2402 5363 :
2447 5315 2501 5361 et
2533 5318 2800 5378 pra-cepta
2848 5320 3061 5378 patrum
3096 5312 3147 5366 in
3194 5312 3371 5368 Nicaea

1774 5396 1999 5455 deﬁnita
2031 5398 2082 5453 ei
2117 5400 2382 5469 legantur.
2423 5400 2539 5455 Jam
2579 5416 2710 5457 vero
2750 5401 2793 5455 si
2838 5416 3137 5461 conventus
3180 5406 3379 5476 fugerit

1864 5554 1890 5594 δ
1922 5555 2181 5624 Equidem
2214 5568 2520 5631 properante
2550 5559 2733 5613 malim
2765 5561 3008 5616 rescribi.
3043 5560 3214 5616 Verus
3250 5561 3375 5618 Ilie-

1786 5642 2049 5699 ronymus
2071 5632 2270 5683 calamo
2294 5642 2609 5699 temperante
2628 5631 2823 5687 alicubi
2845 5633 2995 5689 dixit.
3012 5633 3095 5688 Ah
3117 5649 3183 5688 eo
3206 5634 3375 5694 multa

1788 5713 1857 5760 ex
1892 5701 1975 5758 his
2004 5718 2124 5776 qua:
2153 5715 2474 5778 sequuntur,
2505 5712 2688 5760 auctor
2731 5703 2818 5762 hic
2844 5702 3120 5762 delibavit.
