  <div class='ocr_page' id='page_1' title='image "/cluster/home/n/w/nwhite01/storage/ocr_20150623/30/hvd.32044096580535/155.png"; bbox 0 0 3926 6290; ppageno 0'>
   <div class='ocr_carea' id='block_1_1' title="bbox 537 270 3825 352">
    <p class='ocr_par' dir='ltr' id='par_1_1' title="bbox 537 270 3825 352">
     <span class='ocr_line' id='line_1_1' title="bbox 537 270 3825 352; baseline 0.002 -20"><span class='ocrx_word' id='word_1_1' title='bbox 537 274 641 347; x_wconf 63' lang='grc' dir='ltr'><strong>ατί</strong></span> <span class='ocrx_word' id='word_1_2' title='bbox 1563 274 1624 332; x_wconf 88' lang='lat' dir='ltr'><strong>s.</strong></span> <span class='ocrx_word' id='word_1_3' title='bbox 1665 270 2050 336; x_wconf 64' lang='lat' dir='ltr'><strong>manentia</strong></span> <span class='ocrx_word' id='word_1_4' title='bbox 2089 274 2372 336; x_wconf 74' lang='lat' dir='ltr'><strong>tte-suun</strong></span> <span class='ocrx_word' id='word_1_5' title='bbox 2411 275 2778 352; x_wconf 70' lang='lat' dir='ltr'><strong>MANTISSA.</strong></span> <span class='ocrx_word' id='word_1_6' title='bbox 3731 280 3825 339; x_wconf 65' lang='lat' dir='ltr'><strong>an</strong></span> 
     </span>
    </p>
   </div>
   <div class='ocr_carea' id='block_1_2' title="bbox 538 388 3825 468">
    <p class='ocr_par' dir='ltr' id='par_1_2' title="bbox 538 388 3825 468">
     <span class='ocr_line' id='line_1_2' title="bbox 538 388 3825 468; baseline 0.002 -20"><span class='ocrx_word' id='word_1_7' title='bbox 538 390 822 464; x_wconf 86' lang='lat' dir='ltr'><strong>praedicta,</strong></span> <span class='ocrx_word' id='word_1_8' title='bbox 856 398 910 447; x_wconf 92' lang='lat' dir='ltr'><strong>et</strong></span> <span class='ocrx_word' id='word_1_9' title='bbox 948 388 1274 460; x_wconf 90' lang='lat' dir='ltr'><strong>reliquerit:</strong></span> <span class='ocrx_word' id='word_1_10' title='bbox 1304 389 1586 446; x_wconf 73' lang='lat' dir='ltr'><strong>consecuti</strong></span> <span class='ocrx_word' id='word_1_11' title='bbox 1624 403 1813 446; x_wconf 92' lang='lat' dir='ltr'><strong>sumus</strong></span> <span class='ocrx_word' id='word_1_12' title='bbox 1846 390 2136 446; x_wconf 75' lang='lat' dir='ltr'><strong>maximum</strong></span> <span class='ocrx_word' id='word_1_13' title='bbox 2170 395 2214 468; x_wconf 70' lang='grc' dir='ltr'><strong><em>Β</em></strong></span> <span class='ocrx_word' id='word_1_14' title='bbox 2244 390 2477 462; x_wconf 83' lang='lat' dir='ltr'><strong>pugilem</strong></span> <span class='ocrx_word' id='word_1_15' title='bbox 2523 391 2783 448; x_wconf 83' lang='lat' dir='ltr'><strong>describit</strong></span> <span class='ocrx_word' id='word_1_16' title='bbox 2821 389 3135 460; x_wconf 75' lang='lat' dir='ltr'><strong>Apostolus.</strong></span> <span class='ocrx_word' id='word_1_17' title='bbox 3181 391 3284 460; x_wconf 85' lang='lat' dir='ltr'><strong>Qui</strong></span> <span class='ocrx_word' id='word_1_18' title='bbox 3328 393 3690 450; x_wconf 73' lang='lat' dir='ltr'><strong>conscientias</strong></span> <span class='ocrx_word' id='word_1_19' title='bbox 3727 412 3825 454; x_wconf 91' lang='lat' dir='ltr'><strong>non</strong></span> 
     </span>
    </p>
   </div>
   <div class='ocr_carea' id='block_1_3' title="bbox 536 483 3826 558">
    <p class='ocr_par' dir='ltr' id='par_1_3' title="bbox 536 483 3826 558">
     <span class='ocr_line' id='line_1_3' title="bbox 536 483 3826 558; baseline 0 -15"><span class='ocrx_word' id='word_1_20' title='bbox 536 487 768 543; x_wconf 88' lang='lat' dir='ltr'><strong>lucrum.</strong></span> <span class='ocrx_word' id='word_1_21' title='bbox 817 485 1068 555; x_wconf 82' lang='lat' dir='ltr'><strong>Alioquin</strong></span> <span class='ocrx_word' id='word_1_22' title='bbox 1118 485 1165 539; x_wconf 90' lang='lat' dir='ltr'><strong>si</strong></span> <span class='ocrx_word' id='word_1_23' title='bbox 1218 484 1518 554; x_wconf 79' lang='lat' dir='ltr'><strong>neglexerit</strong></span> <span class='ocrx_word' id='word_1_24' title='bbox 1545 526 1557 547; x_wconf 89' lang='lat'><strong>,</strong></span> <span class='ocrx_word' id='word_1_25' title='bbox 1607 483 1728 538; x_wconf 89' lang='lat' dir='ltr'><strong>talis</strong></span> <span class='ocrx_word' id='word_1_26' title='bbox 1772 485 1840 540; x_wconf 89' lang='lat' dir='ltr'><strong>ab</strong></span> <span class='ocrx_word' id='word_1_27' title='bbox 1889 485 2130 540; x_wconf 77' lang='lat' dir='ltr'><strong>Ecclesia</strong></span> <span class='ocrx_word' id='word_1_28' title='bbox 2239 486 2503 555; x_wconf 71' lang='lat' dir='ltr'><strong>percutiat</strong></span> <span class='ocrx_word' id='word_1_29' title='bbox 2535 485 2903 557; x_wconf 86' lang='lat' dir='ltr'><strong>singulorum;</strong></span> <span class='ocrx_word' id='word_1_30' title='bbox 2934 485 3024 539; x_wconf 88' lang='lat' dir='ltr'><strong>sed</strong></span> <span class='ocrx_word' id='word_1_31' title='bbox 3051 486 3447 543; x_wconf 66' lang='lat' dir='ltr'><strong>modestummt</strong></span> <span class='ocrx_word' id='word_1_32' title='bbox 3474 488 3700 558; x_wconf 86' lang='lat' dir='ltr'><strong>reliqua.</strong></span> <span class='ocrx_word' id='word_1_33' title='bbox 3734 490 3826 546; x_wconf 90' lang='lat' dir='ltr'><strong>Do-</strong></span> 
     </span>
    </p>
   </div>
   <div class='ocr_carea' id='block_1_4' title="bbox 535 576 3823 654">
    <p class='ocr_par' dir='ltr' id='par_1_4' title="bbox 535 576 3823 654">
     <span class='ocr_line' id='line_1_4' title="bbox 535 576 3823 654; baseline 0.001 -20"><span class='ocrx_word' id='word_1_34' title='bbox 535 579 737 636; x_wconf 88' lang='lat' dir='ltr'><strong>Christi</strong></span> <span class='ocrx_word' id='word_1_35' title='bbox 783 577 1329 633; x_wconf 85' lang='lat' dir='ltr'><strong>anathematizandus</strong></span> <span class='ocrx_word' id='word_1_36' title='bbox 1376 587 1481 633; x_wconf 90' lang='lat' dir='ltr'><strong>est.</strong></span> <span class='ocrx_word' id='word_1_37' title='bbox 1530 576 1849 634; x_wconf 87' lang='lat' dir='ltr'><strong>Germinant</strong></span> <span class='ocrx_word' id='word_1_38' title='bbox 1875 579 2018 634; x_wconf 90' lang='lat' dir='ltr'><strong>enim</strong></span> <span class='ocrx_word' id='word_1_39' title='bbox 2048 579 2130 634; x_wconf 88' lang='lat' dir='ltr'><strong>fc-</strong></span> <span class='ocrx_word' id='word_1_40' title='bbox 2236 594 2381 633; x_wconf 89' lang='lat' dir='ltr'><strong>mum</strong></span> <span class='ocrx_word' id='word_1_41' title='bbox 2416 595 2565 632; x_wconf 90' lang='lat' dir='ltr'><strong>suam</strong></span> <span class='ocrx_word' id='word_1_42' title='bbox 2601 580 2738 634; x_wconf 82' lang='lat' dir='ltr'><strong>bene</strong></span> <span class='ocrx_word' id='word_1_43' title='bbox 2769 590 3043 649; x_wconf 82' lang='lat' dir='ltr'><strong>regentem</strong></span> <span class='ocrx_word' id='word_1_44' title='bbox 3073 597 3086 635; x_wconf 94' lang='lat'>:</span> <span class='ocrx_word' id='word_1_45' title='bbox 3115 593 3374 650; x_wconf 80' lang='lat' dir='ltr'><strong>perquam</strong></span> <span class='ocrx_word' id='word_1_46' title='bbox 3410 581 3668 638; x_wconf 84' lang='lat' dir='ltr'><strong>horribile</strong></span> <span class='ocrx_word' id='word_1_47' title='bbox 3711 584 3823 654; x_wconf 87' lang='lat' dir='ltr'><strong>erit,</strong></span> 
     </span>
    </p>
   </div>
   <div class='ocr_carea' id='block_1_5' title="bbox 535 669 3825 756">
    <p class='ocr_par' dir='ltr' id='par_1_5' title="bbox 535 669 3825 756">
     <span class='ocr_line' id='line_1_5' title="bbox 535 669 3825 756; baseline -0 -28"><span class='ocrx_word' id='word_1_48' title='bbox 535 675 696 728; x_wconf 77' lang='lat' dir='ltr'><strong>initia:</strong></span> <span class='ocrx_word' id='word_1_49' title='bbox 737 671 919 741; x_wconf 84' lang='lat' dir='ltr'><strong>spinas</strong></span> <span class='ocrx_word' id='word_1_50' title='bbox 959 685 1082 725; x_wconf 90' lang='lat' dir='ltr'><strong>cum</strong></span> <span class='ocrx_word' id='word_1_51' title='bbox 1114 672 1239 724; x_wconf 73' lang='lat' dir='ltr'><strong>viris</strong></span> <span class='ocrx_word' id='word_1_52' title='bbox 1286 669 1636 727; x_wconf 76' lang='lat' dir='ltr'><strong>hab&#39;tautes;</strong></span> <span class='ocrx_word' id='word_1_53' title='bbox 1671 679 1725 726; x_wconf 89' lang='lat' dir='ltr'><strong>ct</strong></span> <span class='ocrx_word' id='word_1_54' title='bbox 1752 685 1949 726; x_wconf 85' lang='lat' dir='ltr'><strong>arcana</strong></span> <span class='ocrx_word' id='word_1_55' title='bbox 1975 685 2133 725; x_wconf 87' lang='lat' dir='ltr'><strong>men-</strong></span> <span class='ocrx_word' id='word_1_56' title='bbox 2240 671 2282 724; x_wconf 88' lang='lat' dir='ltr'><strong>si</strong></span> <span class='ocrx_word' id='word_1_57' title='bbox 2332 669 2520 753; x_wconf 86' lang='lat' dir='ltr'><strong>domui</strong></span> <span class='ocrx_word' id='word_1_58' title='bbox 2557 671 2737 726; x_wconf 82' lang='lat' dir='ltr'><strong>clerici</strong></span> <span class='ocrx_word' id='word_1_59' title='bbox 2779 670 3116 726; x_wconf 71' lang='lat' dir='ltr'><strong>detrahatur.</strong></span> <span class='ocrx_word' id='word_1_60' title='bbox 3163 671 3345 727; x_wconf 81' lang='lat' dir='ltr'><strong>La-det</strong></span> <span class='ocrx_word' id='word_1_61' title='bbox 3385 673 3688 731; x_wconf 86' lang='lat' dir='ltr'><strong>sacerdotis</strong></span> <span class='ocrx_word' id='word_1_62' title='bbox 3718 676 3825 756; x_wconf 84' lang='lat' dir='ltr'><strong>opi-</strong></span> 
     </span>
    </p>
   </div>
   <div class='ocr_carea' id='block_1_6' title="bbox 483 761 3823 836">
    <p class='ocr_par' dir='ltr' id='par_1_6' title="bbox 483 761 3823 836">
     <span class='ocr_line' id='line_1_6' title="bbox 483 761 3823 836; baseline 0.001 -16"><span class='ocrx_word' id='word_1_63' title='bbox 483 789 490 794; x_wconf 89' lang='grc'>·</span> <span class='ocrx_word' id='word_1_64' title='bbox 532 766 664 820; x_wconf 84' lang='grc' dir='ltr'>ῑίιιιη</span> <span class='ocrx_word' id='word_1_65' title='bbox 713 771 872 818; x_wconf 89' lang='lat' dir='ltr'><strong>acuto</strong></span> <span class='ocrx_word' id='word_1_66' title='bbox 915 778 1174 817; x_wconf 90' lang='lat' dir='ltr'><strong>mucrone</strong></span> <span class='ocrx_word' id='word_1_67' title='bbox 1210 767 1541 830; x_wconf 82' lang='lat' dir='ltr'><strong>percutiunt.</strong></span> <span class='ocrx_word' id='word_1_68' title='bbox 1577 762 1717 816; x_wconf 80' lang='lat' dir='ltr'><strong>Proh</strong></span> <span class='ocrx_word' id='word_1_69' title='bbox 1761 761 1945 817; x_wconf 75' lang='lat' dir='ltr'><strong>nefas!</strong></span> <span class='ocrx_word' id='word_1_70' title='bbox 1979 763 2132 818; x_wconf 89' lang='lat' dir='ltr'><strong>dolor</strong></span> <span class='ocrx_word' id='word_1_71' title='bbox 2237 761 2452 816; x_wconf 86' lang='lat' dir='ltr'><strong>nionem</strong></span> <span class='ocrx_word' id='word_1_72' title='bbox 2486 761 2539 815; x_wconf 92' lang='lat' dir='ltr'><strong>in</strong></span> <span class='ocrx_word' id='word_1_73' title='bbox 2574 761 2751 832; x_wconf 86' lang='lat' dir='ltr'><strong>plebe,</strong></span> <span class='ocrx_word' id='word_1_74' title='bbox 2785 763 3000 833; x_wconf 81' lang='lat' dir='ltr'><strong>quando</strong></span> <span class='ocrx_word' id='word_1_75' title='bbox 3040 762 3109 818; x_wconf 90' lang='lat' dir='ltr'><strong>de</strong></span> <span class='ocrx_word' id='word_1_76' title='bbox 3138 765 3400 836; x_wconf 85' lang='lat' dir='ltr'><strong>proximis</strong></span> <span class='ocrx_word' id='word_1_77' title='bbox 3431 766 3547 836; x_wconf 89' lang='lat' dir='ltr'><strong>ejus</strong></span> <span class='ocrx_word' id='word_1_78' title='bbox 3580 768 3722 824; x_wconf 88' lang='lat' dir='ltr'><strong>male</strong></span> <span class='ocrx_word' id='word_1_79' title='bbox 3751 767 3823 822; x_wconf 90' lang='lat' dir='ltr'><strong>lo-</strong></span> 
     </span>
    </p>
   </div>
   <div class='ocr_carea' id='block_1_7' title="bbox 529 855 3820 933">
    <p class='ocr_par' dir='ltr' id='par_1_7' title="bbox 529 855 3820 933">
     <span class='ocr_line' id='line_1_7' title="bbox 529 855 3820 933; baseline 0.002 -20"><span class='ocrx_word' id='word_1_80' title='bbox 529 867 616 914; x_wconf 85' lang='lat' dir='ltr'><strong>cst</strong></span> <span class='ocrx_word' id='word_1_81' title='bbox 639 857 841 923; x_wconf 89' lang='lat' dir='ltr'><strong>dicere,</strong></span> <span class='ocrx_word' id='word_1_82' title='bbox 866 855 960 911; x_wconf 90' lang='lat' dir='ltr'><strong>sed</strong></span> <span class='ocrx_word' id='word_1_83' title='bbox 989 855 1271 926; x_wconf 80' lang='lat' dir='ltr'><strong>praeterire</strong></span> <span class='ocrx_word' id='word_1_84' title='bbox 1298 871 1402 910; x_wconf 92' lang='lat' dir='ltr'><strong>non</strong></span> <span class='ocrx_word' id='word_1_85' title='bbox 1429 856 1583 912; x_wconf 81' lang='lat' dir='ltr'><strong>decet</strong></span> <span class='ocrx_word' id='word_1_86' title='bbox 1609 872 1621 909; x_wconf 92' lang='lat'><strong>:</strong></span> <span class='ocrx_word' id='word_1_87' title='bbox 1651 855 1862 911; x_wconf 73' lang='lat' dir='ltr'><strong>Christi</strong></span> <span class='ocrx_word' id='word_1_88' title='bbox 1892 855 2008 911; x_wconf 64' lang='lat' dir='ltr'><strong>istae</strong></span> <span class='ocrx_word' id='word_1_89' title='bbox 2030 872 2134 910; x_wconf 88' lang='lat' dir='ltr'><strong>nu-</strong></span> <span class='ocrx_word' id='word_1_90' title='bbox 2237 856 2423 925; x_wconf 88' lang='lat' dir='ltr'><strong>quitur</strong></span> <span class='ocrx_word' id='word_1_91' title='bbox 2454 857 2702 926; x_wconf 67' lang='lat' dir='ltr'><strong>pottulus.</strong></span> <span class='ocrx_word' id='word_1_92' title='bbox 2746 856 2921 928; x_wconf 87' lang='lat' dir='ltr'><strong>Super</strong></span> <span class='ocrx_word' id='word_1_93' title='bbox 2963 859 3143 914; x_wconf 88' lang='lat' dir='ltr'><strong>omnia</strong></span> <span class='ocrx_word' id='word_1_94' title='bbox 3188 859 3305 916; x_wconf 56' lang='lat' dir='ltr'><strong>haec</strong></span> <span class='ocrx_word' id='word_1_95' title='bbox 3330 863 3593 933; x_wconf 71' lang='lat' dir='ltr'><strong>prtecepit</strong></span> <span class='ocrx_word' id='word_1_96' title='bbox 3617 865 3820 922; x_wconf 85' lang='lat' dir='ltr'><strong>clericis</strong></span> 
     </span>
    </p>
   </div>
   <div class='ocr_carea' id='block_1_8' title="bbox 529 947 3822 1023">
    <p class='ocr_par' dir='ltr' id='par_1_8' title="bbox 529 947 3822 1023">
     <span class='ocr_line' id='line_1_8' title="bbox 529 947 3822 1023; baseline 0.01 -42"><span class='ocrx_word' id='word_1_97' title='bbox 529 949 659 1006; x_wconf 58' lang='lat' dir='ltr'><strong>bere</strong></span> <span class='ocrx_word' id='word_1_98' title='bbox 689 960 980 1013; x_wconf 53' lang='lat' dir='ltr'><strong>vmcrum,</strong></span> <span class='ocrx_word' id='word_1_99' title='bbox 1013 964 1117 1002; x_wconf 71' lang='lat' dir='ltr'><strong>mm</strong></span> <span class='ocrx_word' id='word_1_100' title='bbox 1141 949 1372 1003; x_wconf 69' lang='grc' dir='ltr'><strong>ειω-ίρξε,</strong></span> <span class='ocrx_word' id='word_1_101' title='bbox 2239 947 2362 1000; x_wconf 88' lang='lat' dir='ltr'><strong>boni</strong></span> <span class='ocrx_word' id='word_1_102' title='bbox 2383 947 3341 1020; x_wconf 71' lang='lat' dir='ltr'><strong>teStimoniiApostolusfundamenta</strong></span> <span class='ocrx_word' id='word_1_103' title='bbox 3366 971 3695 1023; x_wconf 86' lang='lat' dir='ltr'><strong>componere</strong></span> <span class='ocrx_word' id='word_1_104' title='bbox 3725 974 3743 1014; x_wconf 87' lang='lat'><strong>:</strong></span> <span class='ocrx_word' id='word_1_105' title='bbox 3771 969 3822 1015; x_wconf 87' lang='lat' dir='ltr'><strong>ut</strong></span> 
     </span>
    </p>
   </div>
   <div class='ocr_carea' id='block_1_9' title="bbox 601 1038 3819 1114">
    <p class='ocr_par' dir='ltr' id='par_1_9' title="bbox 601 1038 3819 1114">
     <span class='ocr_line' id='line_1_9' title="bbox 601 1038 3819 1114; baseline 0.004 -19"><span class='ocrx_word' id='word_1_106' title='bbox 601 1040 694 1095; x_wconf 85' lang='grc' dir='ltr'><strong>ΙΧ.</strong></span> <span class='ocrx_word' id='word_1_107' title='bbox 739 1040 893 1096; x_wconf 79' lang='lat' dir='ltr'><strong>Unde</strong></span> <span class='ocrx_word' id='word_1_108' title='bbox 939 1041 1057 1095; x_wconf 87' lang='lat' dir='ltr'><strong>sine</strong></span> <span class='ocrx_word' id='word_1_109' title='bbox 1096 1042 1298 1110; x_wconf 82' lang='lat' dir='ltr'><strong>nuptiis</strong></span> <span class='ocrx_word' id='word_1_110' title='bbox 1337 1057 1509 1112; x_wconf 86' lang='lat' dir='ltr'><strong>genus</strong></span> <span class='ocrx_word' id='word_1_111' title='bbox 1542 1058 1736 1096; x_wconf 83' lang='lat' dir='ltr'><strong>novum</strong></span> <span class='ocrx_word' id='word_1_112' title='bbox 1771 1043 2032 1096; x_wconf 75' lang='lat' dir='ltr'><strong>uxorum?</strong></span> <span class='ocrx_word' id='word_1_113' title='bbox 2067 1040 2133 1096; x_wconf 70' lang='lat' dir='ltr'><strong>lit</strong></span> <span class='ocrx_word' id='word_1_114' title='bbox 2235 1038 2500 1096; x_wconf 83' lang='lat' dir='ltr'><strong>benorum</strong></span> <span class='ocrx_word' id='word_1_115' title='bbox 2534 1057 2757 1114; x_wconf 86' lang='lat' dir='ltr'><strong>operum</strong></span> <span class='ocrx_word' id='word_1_116' title='bbox 2790 1043 3116 1114; x_wconf 75' lang='lat' dir='ltr'><strong>testiﬁcatio,</strong></span> <span class='ocrx_word' id='word_1_117' title='bbox 3148 1055 3298 1102; x_wconf 88' lang='lat' dir='ltr'><strong>casto</strong></span> <span class='ocrx_word' id='word_1_118' title='bbox 3345 1047 3702 1107; x_wconf 85' lang='lat' dir='ltr'><strong>confirmetur</strong></span> <span class='ocrx_word' id='word_1_119' title='bbox 3743 1052 3819 1108; x_wconf 86' lang='lat' dir='ltr'><strong>af-</strong></span> 
     </span>
    </p>
   </div>
   <div class='ocr_carea' id='block_1_10' title="bbox 527 1129 2771 1206">
    <p class='ocr_par' dir='ltr' id='par_1_10' title="bbox 527 1129 2771 1206">
     <span class='ocr_line' id='line_1_10' title="bbox 527 1129 2771 1206; baseline 0.002 -18"><span class='ocrx_word' id='word_1_120' title='bbox 527 1129 631 1188; x_wconf 86' lang='lat' dir='ltr'><strong>hoe</strong></span> <span class='ocrx_word' id='word_1_121' title='bbox 662 1133 728 1188; x_wconf 90' lang='lat' dir='ltr'><strong>ad</strong></span> <span class='ocrx_word' id='word_1_122' title='bbox 760 1149 858 1189; x_wconf 88' lang='lat' dir='ltr'><strong>nos</strong></span> <span class='ocrx_word' id='word_1_123' title='bbox 889 1134 1019 1204; x_wconf 88' lang='lat' dir='ltr'><strong>quid</strong></span> <span class='ocrx_word' id='word_1_124' title='bbox 1054 1137 1313 1206; x_wconf 65' lang='lat' dir='ltr'><strong>pet-tinet,</strong></span> <span class='ocrx_word' id='word_1_125' title='bbox 1345 1137 1493 1204; x_wconf 81' lang='lat' dir='ltr'><strong>quod</strong></span> <span class='ocrx_word' id='word_1_126' title='bbox 1521 1135 1785 1192; x_wconf 78' lang='lat' dir='ltr'><strong>infamare</strong></span> <span class='ocrx_word' id='word_1_127' title='bbox 1815 1153 1920 1193; x_wconf 92' lang='lat' dir='ltr'><strong>non</strong></span> <span class='ocrx_word' id='word_1_128' title='bbox 1951 1151 2132 1193; x_wconf 85' lang='lat' dir='ltr'><strong>cessa-</strong></span> <span class='ocrx_word' id='word_1_129' title='bbox 2232 1131 2400 1188; x_wconf 76' lang='lat' dir='ltr'><strong>fectu.</strong></span> <span class='ocrx_word' id='word_1_130' title='bbox 2762 1173 2771 1184; x_wconf 74' lang='grc' dir='ltr'><strong>ι</strong></span> 
     </span>
    </p>
   </div>
   <div class='ocr_carea' id='block_1_11' title="bbox 527 1227 3698 1324">
    <p class='ocr_par' dir='ltr' id='par_1_11' title="bbox 527 1227 3698 1324">
     <span class='ocr_line' id='line_1_11' title="bbox 527 1227 3698 1324; baseline 0.004 -41"><span class='ocrx_word' id='word_1_131' title='bbox 527 1231 684 1284; x_wconf 84' lang='lat' dir='ltr'><strong>mus?</strong></span> <span class='ocrx_word' id='word_1_132' title='bbox 715 1231 755 1284; x_wconf 88' lang='lat' dir='ltr'><strong>A</strong></span> <span class='ocrx_word' id='word_1_133' title='bbox 793 1231 1062 1285; x_wconf 69' lang='lat' dir='ltr'><strong>tnacbzera</strong></span> <span class='ocrx_word' id='word_1_134' title='bbox 1091 1246 1393 1286; x_wconf 79' lang='lat' dir='ltr'><strong>cessemus.</strong></span> <span class='ocrx_word' id='word_1_135' title='bbox 1428 1231 1609 1288; x_wconf 88' lang='lat' dir='ltr'><strong>Bonus</strong></span> <span class='ocrx_word' id='word_1_136' title='bbox 1642 1233 1811 1286; x_wconf 80' lang='lat' dir='ltr'><strong>honor</strong></span> <span class='ocrx_word' id='word_1_137' title='bbox 1838 1246 1916 1289; x_wconf 89' lang='lat' dir='ltr'><strong>est</strong></span> <span class='ocrx_word' id='word_1_138' title='bbox 1944 1232 1998 1288; x_wconf 89' lang='lat' dir='ltr'><strong>in</strong></span> <span class='ocrx_word' id='word_1_139' title='bbox 2025 1234 2129 1290; x_wconf 91' lang='lat' dir='ltr'><strong>Ec-</strong></span> <span class='ocrx_word' id='word_1_140' title='bbox 2366 1227 2680 1285; x_wconf 74' lang='lat' dir='ltr'><strong>MONITUM</strong></span> <span class='ocrx_word' id='word_1_141' title='bbox 2720 1227 2787 1284; x_wconf 80' lang='grc' dir='ltr'><strong>ῘΝ</strong></span> <span class='ocrx_word' id='word_1_142' title='bbox 2828 1229 3212 1324; x_wconf 32' lang='grc' dir='ltr'><strong>ΕΡΙΒΤΟῐι-ᾹΜ</strong></span> <span class='ocrx_word' id='word_1_143' title='bbox 3249 1231 3698 1303; x_wconf 77' lang='lat' dir='ltr'><strong>SEQUENTEM.</strong></span> 
     </span>
    </p>
   </div>
   <div class='ocr_carea' id='block_1_12' title="bbox 523 1311 2095 1420">
    <p class='ocr_par' dir='ltr' id='par_1_12' title="bbox 523 1311 2095 1396">
     <span class='ocr_line' id='line_1_12' title="bbox 523 1311 2095 1396; baseline 0.005 -22"><span class='ocrx_word' id='word_1_144' title='bbox 523 1311 713 1388; x_wconf 86' lang='lat' dir='ltr'><strong>clcsia,</strong></span> <span class='ocrx_word' id='word_1_145' title='bbox 744 1322 786 1374; x_wconf 88' lang='lat' dir='ltr'><strong>si</strong></span> <span class='ocrx_word' id='word_1_146' title='bbox 818 1336 846 1374; x_wconf 91' lang='lat' dir='ltr'><strong>a</strong></span> <span class='ocrx_word' id='word_1_147' title='bbox 871 1324 1159 1378; x_wconf 66' lang='lat' dir='ltr'><strong>eonsttrtio</strong></span> <span class='ocrx_word' id='word_1_148' title='bbox 1182 1323 1421 1379; x_wconf 83' lang='lat' dir='ltr'><strong>virorum</strong></span> <span class='ocrx_word' id='word_1_149' title='bbox 1448 1327 1662 1380; x_wconf 70' lang='lat' dir='ltr'><strong>lumina:</strong></span> <span class='ocrx_word' id='word_1_150' title='bbox 1684 1328 1787 1379; x_wconf 84' lang='lat' dir='ltr'><strong>sint</strong></span> <span class='ocrx_word' id='word_1_151' title='bbox 1811 1326 1989 1396; x_wconf 82' lang='lat' dir='ltr'><strong>lo:.ge.</strong></span> <span class='ocrx_word' id='word_1_152' title='bbox 2017 1327 2095 1382; x_wconf 79' lang='lat' dir='ltr'><strong>Me</strong></span> 
     </span>
    </p>
   </div>
   <div class='ocr_carea' id='block_1_13' title="bbox 2211 1311 3824 1420">
    <p class='ocr_par' dir='ltr' id='par_1_13' title="bbox 2304 1318 3824 1420">
     <span class='ocr_line' id='line_1_13' title="bbox 2304 1318 3824 1420; baseline 0.008 -22"><span class='ocrx_word' id='word_1_153' title='bbox 2304 1343 2479 1398; x_wconf 70' lang='lat' dir='ltr'><strong>Multa</strong></span> <span class='ocrx_word' id='word_1_154' title='bbox 2501 1355 2620 1400; x_wconf 87' lang='lat' dir='ltr'><strong>sunt</strong></span> <span class='ocrx_word' id='word_1_155' title='bbox 2652 1345 2910 1420; x_wconf 60' lang='lat' dir='ltr'><strong>épotéﬁtat</strong></span> <span class='ocrx_word' id='word_1_156' title='bbox 2937 1349 2990 1401; x_wconf 84' lang='lat' dir='ltr'><strong>id</strong></span> <span class='ocrx_word' id='word_1_157' title='bbox 3018 1318 3180 1418; x_wconf 80' lang='lat' dir='ltr'><strong>genus</strong></span> <span class='ocrx_word' id='word_1_158' title='bbox 3204 1350 3465 1416; x_wconf 64' lang='lat' dir='ltr'><strong>epistolis,</strong></span> <span class='ocrx_word' id='word_1_159' title='bbox 3496 1369 3612 1420; x_wconf 68' lang='lat' dir='ltr'><strong>quae</strong></span> <span class='ocrx_word' id='word_1_160' title='bbox 3641 1353 3824 1411; x_wconf 83' lang='lat' dir='ltr'><strong>Hiero-</strong></span> 
     </span>
    </p>
   </div>
   <div class='ocr_carea' id='block_1_14' title="bbox 528 1413 2123 1489">
    <p class='ocr_par' dir='ltr' id='par_1_14' title="bbox 528 1413 2123 1489">
     <span class='ocr_line' id='line_1_14' title="bbox 528 1413 2123 1489; baseline 0.004 -23"><span class='ocrx_word' id='word_1_161' title='bbox 528 1413 761 1468; x_wconf 89' lang='lat' dir='ltr'><strong>uachnm</strong></span> <span class='ocrx_word' id='word_1_162' title='bbox 802 1415 884 1469; x_wconf 85' lang='lat' dir='ltr'><strong>vel</strong></span> <span class='ocrx_word' id='word_1_163' title='bbox 925 1416 1180 1471; x_wconf 72' lang='lat' dir='ltr'><strong>clericum</strong></span> <span class='ocrx_word' id='word_1_164' title='bbox 1227 1417 1465 1472; x_wconf 79' lang='lat' dir='ltr'><strong>solitudo</strong></span> <span class='ocrx_word' id='word_1_165' title='bbox 1507 1418 1657 1484; x_wconf 80' lang='lat' dir='ltr'><strong>facit,</strong></span> <span class='ocrx_word' id='word_1_166' title='bbox 1689 1435 1792 1475; x_wconf 92' lang='lat' dir='ltr'><strong>non</strong></span> <span class='ocrx_word' id='word_1_167' title='bbox 1827 1421 2123 1489; x_wconf 80' lang='lat' dir='ltr'><strong>publicum.</strong></span> 
     </span>
    </p>
   </div>
   <div class='ocr_carea' id='block_1_15' title="bbox 528 1509 2128 1584">
    <p class='ocr_par' dir='ltr' id='par_1_15' title="bbox 528 1509 2128 1584">
     <span class='ocr_line' id='line_1_15' title="bbox 528 1509 2128 1584; baseline 0.004 -21"><span class='ocrx_word' id='word_1_168' title='bbox 528 1509 666 1576; x_wconf 86' lang='lat' dir='ltr'><strong>Quid</strong></span> <span class='ocrx_word' id='word_1_169' title='bbox 703 1521 752 1564; x_wconf 91' lang='lat' dir='ltr'><strong>te</strong></span> <span class='ocrx_word' id='word_1_170' title='bbox 777 1511 1040 1582; x_wconf 87' lang='lat' dir='ltr'><strong>virginale</strong></span> <span class='ocrx_word' id='word_1_171' title='bbox 1071 1512 1306 1568; x_wconf 80' lang='lat' dir='ltr'><strong>delectat</strong></span> <span class='ocrx_word' id='word_1_172' title='bbox 1335 1513 1672 1584; x_wconf 80' lang='lat' dir='ltr'><strong>alloquium?</strong></span> <span class='ocrx_word' id='word_1_173' title='bbox 1703 1513 1808 1569; x_wconf 89' lang='lat' dir='ltr'><strong>Cur</strong></span> <span class='ocrx_word' id='word_1_174' title='bbox 1837 1516 2128 1571; x_wconf 75' lang='lat' dir='ltr'><strong>szznctimo-</strong></span> 
     </span>
    </p>
   </div>
   <div class='ocr_carea' id='block_1_16' title="bbox 525 1602 2126 1677">
    <p class='ocr_par' dir='ltr' id='par_1_16' title="bbox 525 1602 2126 1677">
     <span class='ocr_line' id='line_1_16' title="bbox 525 1602 2126 1677; baseline 0.003 -20"><span class='ocrx_word' id='word_1_175' title='bbox 525 1602 700 1659; x_wconf 85' lang='lat' dir='ltr'><strong>niales</strong></span> <span class='ocrx_word' id='word_1_176' title='bbox 721 1615 914 1658; x_wconf 85' lang='lat' dir='ltr'><strong>contra</strong></span> <span class='ocrx_word' id='word_1_177' title='bbox 939 1604 1096 1659; x_wconf 82' lang='lat' dir='ltr'><strong>tidem</strong></span> <span class='ocrx_word' id='word_1_178' title='bbox 1127 1604 1438 1675; x_wconf 69' lang='lat' dir='ltr'><strong>frequentas</strong></span> <span class='ocrx_word' id='word_1_179' title='bbox 1460 1607 1511 1659; x_wconf 94' lang='lat' dir='ltr'><strong>in</strong></span> <span class='ocrx_word' id='word_1_180' title='bbox 1540 1606 1798 1675; x_wconf 71' lang='lat' dir='ltr'><strong>Ecclesia,</strong></span> <span class='ocrx_word' id='word_1_181' title='bbox 1823 1608 1907 1661; x_wconf 90' lang='lat' dir='ltr'><strong>vel</strong></span> <span class='ocrx_word' id='word_1_182' title='bbox 1934 1609 1985 1661; x_wconf 91' lang='lat' dir='ltr'><strong>in</strong></span> <span class='ocrx_word' id='word_1_183' title='bbox 2010 1608 2126 1677; x_wconf 92' lang='lat' dir='ltr'><strong>ipso</strong></span> 
     </span>
    </p>
   </div>
   <div class='ocr_carea' id='block_1_17' title="bbox 523 1697 2124 1774">
    <p class='ocr_par' dir='ltr' id='par_1_17' title="bbox 523 1697 2124 1774">
     <span class='ocr_line' id='line_1_17' title="bbox 523 1697 2124 1774; baseline 0.004 -28"><span class='ocrx_word' id='word_1_184' title='bbox 523 1697 772 1765; x_wconf 84' lang='lat' dir='ltr'><strong>publico?</strong></span> <span class='ocrx_word' id='word_1_185' title='bbox 812 1697 868 1752; x_wconf 88' lang='lat' dir='ltr'><strong>Si</strong></span> <span class='ocrx_word' id='word_1_186' title='bbox 917 1713 1012 1752; x_wconf 86' lang='lat' dir='ltr'><strong>cos</strong></span> <span class='ocrx_word' id='word_1_187' title='bbox 1059 1712 1197 1766; x_wconf 85' lang='lat' dir='ltr'><strong>quos</strong></span> <span class='ocrx_word' id='word_1_188' title='bbox 1240 1699 1472 1768; x_wconf 81' lang='lat' dir='ltr'><strong>diligunt</strong></span> <span class='ocrx_word' id='word_1_189' title='bbox 1519 1700 1776 1764; x_wconf 82' lang='lat' dir='ltr'><strong>viderim,</strong></span> <span class='ocrx_word' id='word_1_190' title='bbox 1815 1699 2124 1774; x_wconf 78' lang='lat' dir='ltr'><strong>ridentibus</strong></span> 
     </span>
    </p>
   </div>
   <div class='ocr_carea' id='block_1_18' title="bbox 2232 1417 3823 1488">
    <p class='ocr_par' dir='ltr' id='par_1_18' title="bbox 2232 1417 3823 1488">
     <span class='ocr_line' id='line_1_18' title="bbox 2232 1417 3823 1488; baseline 0.008 -20"><span class='ocrx_word' id='word_1_191' title='bbox 2232 1433 2445 1486; x_wconf 78' lang='lat' dir='ltr'><strong>nymum</strong></span> <span class='ocrx_word' id='word_1_192' title='bbox 2493 1434 2654 1487; x_wconf 67' lang='lat' dir='ltr'><strong>(aqua:</strong></span> <span class='ocrx_word' id='word_1_193' title='bbox 2681 1417 2744 1472; x_wconf 76' lang='lat' dir='ltr'><strong>ac</strong></span> <span class='ocrx_word' id='word_1_194' title='bbox 2775 1417 3060 1473; x_wconf 76' lang='lat' dir='ltr'><strong>Damasum</strong></span> <span class='ocrx_word' id='word_1_195' title='bbox 3090 1423 3444 1488; x_wconf 84' lang='lat' dir='ltr'><strong>mentiuntur;</strong></span> <span class='ocrx_word' id='word_1_196' title='bbox 3480 1417 3572 1478; x_wconf 71' lang='lat' dir='ltr'><strong>nos</strong></span> <span class='ocrx_word' id='word_1_197' title='bbox 3611 1428 3716 1480; x_wconf 88' lang='lat' dir='ltr'><strong>huc</strong></span> <span class='ocrx_word' id='word_1_198' title='bbox 3749 1445 3823 1482; x_wconf 77' lang='lat' dir='ltr'><strong>eas</strong></span> 
     </span>
    </p>
   </div>
   <div class='ocr_carea' id='block_1_19' title="bbox 2229 1489 3822 1567">
    <p class='ocr_par' dir='ltr' id='par_1_19' title="bbox 2229 1489 3822 1567">
     <span class='ocr_line' id='line_1_19' title="bbox 2229 1489 3822 1567; baseline 0.008 -27"><span class='ocrx_word' id='word_1_199' title='bbox 2229 1489 2567 1555; x_wconf 77' lang='lat' dir='ltr'><strong>contulimus,</strong></span> <span class='ocrx_word' id='word_1_200' title='bbox 2619 1492 2925 1567; x_wconf 85' lang='lat' dir='ltr'><strong>una_etiam</strong></span> <span class='ocrx_word' id='word_1_201' title='bbox 2969 1501 3121 1558; x_wconf 82' lang='lat' dir='ltr'><strong>atque</strong></span> <span class='ocrx_word' id='word_1_202' title='bbox 3168 1491 3336 1545; x_wconf 86' lang='lat' dir='ltr'><strong>altera</strong></span> <span class='ocrx_word' id='word_1_203' title='bbox 3379 1494 3590 1548; x_wconf 70' lang='lat' dir='ltr'><strong>ineditix</strong></span> <span class='ocrx_word' id='word_1_204' title='bbox 3627 1509 3822 1567; x_wconf 82' lang='lat' dir='ltr'><strong>auctas,</strong></span> 
     </span>
    </p>
   </div>
   <div class='ocr_carea' id='block_1_20' title="bbox 2231 1561 3818 1632">
    <p class='ocr_par' dir='ltr' id='par_1_20' title="bbox 2231 1561 3818 1632">
     <span class='ocr_line' id='line_1_20' title="bbox 2231 1561 3818 1632; baseline 0.008 -20"><span class='ocrx_word' id='word_1_205' title='bbox 2231 1567 2556 1632; x_wconf 77' lang='lat' dir='ltr'><strong>utpotequts</strong></span> <span class='ocrx_word' id='word_1_206' title='bbox 2600 1561 2836 1632; x_wconf 85' lang='lat' dir='ltr'><strong>eumdem</strong></span> <span class='ocrx_word' id='word_1_207' title='bbox 2885 1566 2994 1632; x_wconf 79' lang='lat' dir='ltr'><strong>fere</strong></span> <span class='ocrx_word' id='word_1_208' title='bbox 3035 1578 3208 1617; x_wconf 83' lang='lat' dir='ltr'><strong>omnes</strong></span> <span class='ocrx_word' id='word_1_209' title='bbox 3253 1574 3512 1618; x_wconf 86' lang='lat' dir='ltr'><strong>auctorem</strong></span> <span class='ocrx_word' id='word_1_210' title='bbox 3542 1561 3818 1624; x_wconf 49' lang='lat' dir='ltr'><strong>redoleat&quot;:</strong></span> 
     </span>
    </p>
   </div>
   <div class='ocr_carea' id='block_1_21' title="bbox 2237 1629 3824 1711">
    <p class='ocr_par' dir='ltr' id='par_1_21' title="bbox 2237 1629 3824 1711">
     <span class='ocr_line' id='line_1_21' title="bbox 2237 1629 3824 1711; baseline 0.009 -29"><span class='ocrx_word' id='word_1_211' title='bbox 2237 1629 2356 1684; x_wconf 85' lang='lat' dir='ltr'><strong>Otia</strong></span> <span class='ocrx_word' id='word_1_212' title='bbox 2388 1629 2594 1711; x_wconf 67' lang='lat' dir='ltr'><strong>abutar,</strong></span> <span class='ocrx_word' id='word_1_213' title='bbox 2624 1634 2670 1686; x_wconf 96' lang='lat' dir='ltr'><strong>si</strong></span> <span class='ocrx_word' id='word_1_214' title='bbox 2690 1631 2838 1687; x_wconf 77' lang='lat' dir='ltr'><strong>uelint</strong></span> <span class='ocrx_word' id='word_1_215' title='bbox 2857 1629 3091 1711; x_wconf 66' lang='lat' dir='ltr'><strong>singula,</strong></span> <span class='ocrx_word' id='word_1_216' title='bbox 3120 1651 3210 1703; x_wconf 85' lang='lat' dir='ltr'><strong>per</strong></span> <span class='ocrx_word' id='word_1_217' title='bbox 3231 1639 3556 1711; x_wconf 67' lang='lat' dir='ltr'><strong>qtuevoﬂsisw</strong></span> <span class='ocrx_word' id='word_1_218' title='bbox 3584 1655 3824 1711; x_wconf 62' lang='lat' dir='ltr'><strong>unaque-</strong></span> 
     </span>
    </p>
   </div>
   <div class='ocr_carea' id='block_1_22' title="bbox 2202 1703 3819 1780">
    <p class='ocr_par' dir='ltr' id='par_1_22' title="bbox 2202 1703 3819 1780">
     <span class='ocr_line' id='line_1_22' title="bbox 2202 1703 3819 1780; baseline 0.009 -28"><span class='ocrx_word' id='word_1_219' title='bbox 2202 1711 2327 1780; x_wconf 47' lang='grc' dir='ltr'><em>’τιμε</em></span> <span class='ocrx_word' id='word_1_220' title='bbox 2351 1703 2964 1780; x_wconf 39' lang='grc' dir='ltr'><strong>τιυάανςυξιανιρνφίανὶ.</strong></span> <span class='ocrx_word' id='word_1_221' title='bbox 2995 1705 3145 1758; x_wconf 76' lang='lat' dir='ltr'><strong>lianc</strong></span> <span class='ocrx_word' id='word_1_222' title='bbox 3164 1703 3290 1780; x_wconf 70' lang='lat' dir='ltr'><strong>satis</strong></span> <span class='ocrx_word' id='word_1_223' title='bbox 3311 1708 3513 1763; x_wconf 83' lang='lat' dir='ltr'><strong>abunde</strong></span> <span class='ocrx_word' id='word_1_224' title='bbox 3541 1712 3668 1780; x_wconf 79' lang='lat' dir='ltr'><strong>falsi</strong></span> <span class='ocrx_word' id='word_1_225' title='bbox 3703 1703 3819 1767; x_wconf 72' lang='lat' dir='ltr'><strong>con-</strong></span> 
     </span>
    </p>
   </div>
   <div class='ocr_carea' id='block_1_23' title="bbox 526 1774 2095 1862">
    <p class='ocr_par' dir='ltr' id='par_1_23' title="bbox 526 1790 2088 1862">
     <span class='ocr_line' id='line_1_23' title="bbox 526 1790 2088 1862; baseline 0.002 -19"><span class='ocrx_word' id='word_1_226' title='bbox 526 1790 696 1845; x_wconf 85' lang='lat' dir='ltr'><strong>ocnlis</strong></span> <span class='ocrx_word' id='word_1_227' title='bbox 741 1791 1084 1845; x_wconf 70' lang='lat' dir='ltr'><strong>salutatimais</strong></span> <span class='ocrx_word' id='word_1_228' title='bbox 1135 1803 1316 1846; x_wconf 90' lang='lat' dir='ltr'><strong>tenera</strong></span> <span class='ocrx_word' id='word_1_229' title='bbox 1363 1793 1522 1846; x_wconf 80' lang='lat' dir='ltr'><strong>vet-ba</strong></span> <span class='ocrx_word' id='word_1_230' title='bbox 1558 1792 1882 1862; x_wconf 80' lang='lat' dir='ltr'><strong>producunt.</strong></span> <span class='ocrx_word' id='word_1_231' title='bbox 1921 1793 2088 1848; x_wconf 90' lang='lat' dir='ltr'><strong>Deind</strong></span> 
     </span>
    </p>
   </div>
   <div class='ocr_carea' id='block_1_24' title="bbox 2211 1774 3822 1862">
    <p class='ocr_par' dir='ltr' id='par_1_24' title="bbox 2230 1774 3822 1862">
     <span class='ocr_line' id='line_1_24' title="bbox 2230 1774 3822 1862; baseline 0.009 -38"><span class='ocrx_word' id='word_1_232' title='bbox 2230 1774 2384 1826; x_wconf 77' lang='lat' dir='ltr'><strong>vincit</strong></span> <span class='ocrx_word' id='word_1_233' title='bbox 2416 1789 2550 1862; x_wconf 52' lang='lat' dir='ltr'><strong>unus</strong></span> <span class='ocrx_word' id='word_1_234' title='bbox 2577 1777 2617 1828; x_wconf 90' lang='lat' dir='ltr'><strong>il</strong></span> <span class='ocrx_word' id='word_1_235' title='bbox 2640 1793 2666 1828; x_wconf 75' lang='grc' dir='ltr'><strong><em>ρ</em></strong></span> <span class='ocrx_word' id='word_1_236' title='bbox 2692 1774 2756 1827; x_wconf 80' lang='lat' dir='ltr'><strong>de</strong></span> <span class='ocrx_word' id='word_1_237' title='bbox 2781 1775 3332 1862; x_wconf 31' lang='lat' dir='ltr'><strong>Chrysostomotloc-t&#39;to,</strong></span> <span class='ocrx_word' id='word_1_238' title='bbox 3363 1796 3515 1850; x_wconf 84' lang='lat' dir='ltr'><strong>quem</strong></span> <span class='ocrx_word' id='word_1_239' title='bbox 3538 1774 3590 1835; x_wconf 76' lang='lat' dir='ltr'><strong>ut</strong></span> <span class='ocrx_word' id='word_1_240' title='bbox 3616 1793 3822 1854; x_wconf 69' lang='lat' dir='ltr'><strong>prmer-</strong></span> 
     </span>
    </p>
   </div>
   <div class='ocr_carea' id='block_1_25' title="bbox 523 1881 2125 1954">
    <p class='ocr_par' dir='ltr' id='par_1_25' title="bbox 523 1881 2125 1954">
     <span class='ocr_line' id='line_1_25' title="bbox 523 1881 2125 1954; baseline 0.004 -19"><span class='ocrx_word' id='word_1_241' title='bbox 523 1895 645 1935; x_wconf 92' lang='lat' dir='ltr'><strong>cum</strong></span> <span class='ocrx_word' id='word_1_242' title='bbox 671 1881 1052 1945; x_wconf 73' lang='lat' dir='ltr'><strong>salutaverint,</strong></span> <span class='ocrx_word' id='word_1_243' title='bbox 1086 1883 1130 1936; x_wconf 89' lang='lat' dir='ltr'><strong>si</strong></span> <span class='ocrx_word' id='word_1_244' title='bbox 1166 1899 1257 1936; x_wconf 83' lang='lat' dir='ltr'><strong>eas</strong></span> <span class='ocrx_word' id='word_1_245' title='bbox 1293 1883 1382 1937; x_wconf 58' lang='grc' dir='ltr'><strong>[δορὶ</strong></span> <span class='ocrx_word' id='word_1_246' title='bbox 1415 1884 1556 1937; x_wconf 81' lang='lat' dir='ltr'><strong>\iros</strong></span> <span class='ocrx_word' id='word_1_247' title='bbox 1586 1886 1866 1954; x_wconf 69' lang='lat' dir='ltr'><strong>prarterire</strong></span> <span class='ocrx_word' id='word_1_248' title='bbox 1895 1886 2125 1942; x_wconf 72' lang='lat' dir='ltr'><strong>celerius</strong></span> 
     </span>
    </p>
   </div>
   <div class='ocr_carea' id='block_1_26' title="bbox 530 1973 2120 2046">
    <p class='ocr_par' dir='ltr' id='par_1_26' title="bbox 530 1973 2120 2046">
     <span class='ocr_line' id='line_1_26' title="bbox 530 1973 2120 2046; baseline 0.006 -22"><span class='ocrx_word' id='word_1_249' title='bbox 530 1973 782 2039; x_wconf 76' lang='lat' dir='ltr'><strong>viderint,</strong></span> <span class='ocrx_word' id='word_1_250' title='bbox 827 1986 1228 2046; x_wconf 76' lang='lat' dir='ltr'><strong>cuntemptmes</strong></span> <span class='ocrx_word' id='word_1_251' title='bbox 1262 1992 1390 2031; x_wconf 89' lang='lat' dir='ltr'><strong>suos</strong></span> <span class='ocrx_word' id='word_1_252' title='bbox 1416 1977 1681 2046; x_wconf 88' lang='lat' dir='ltr'><strong>judicant,</strong></span> <span class='ocrx_word' id='word_1_253' title='bbox 1709 1991 1758 2032; x_wconf 88' lang='lat' dir='ltr'><strong>et</strong></span> <span class='ocrx_word' id='word_1_254' title='bbox 1792 1978 2120 2036; x_wconf 70' lang='lat' dir='ltr'><strong>irascuntur.</strong></span> 
     </span>
    </p>
   </div>
   <div class='ocr_carea' id='block_1_27' title="bbox 519 2065 2121 2140">
    <p class='ocr_par' dir='ltr' id='par_1_27' title="bbox 519 2065 2121 2140">
     <span class='ocr_line' id='line_1_27' title="bbox 519 2065 2121 2140; baseline 0.007 -20"><span class='ocrx_word' id='word_1_255' title='bbox 519 2065 628 2120; x_wconf 86' lang='lat' dir='ltr'><strong>0rd</strong></span> <span class='ocrx_word' id='word_1_256' title='bbox 655 2076 813 2120; x_wconf 83' lang='lat' dir='ltr'><strong>natur</strong></span> <span class='ocrx_word' id='word_1_257' title='bbox 830 2066 1023 2122; x_wconf 78' lang='lat' dir='ltr'><strong>deinde</strong></span> <span class='ocrx_word' id='word_1_258' title='bbox 1041 2067 1272 2123; x_wconf 68' lang='lat' dir='ltr'><strong>deserta:</strong></span> <span class='ocrx_word' id='word_1_259' title='bbox 1290 2068 1587 2124; x_wconf 74' lang='lat' dir='ltr'><strong>satisfactio</strong></span> <span class='ocrx_word' id='word_1_260' title='bbox 1617 2087 1632 2126; x_wconf 86' lang='lat'><strong>:</strong></span> <span class='ocrx_word' id='word_1_261' title='bbox 1659 2083 1780 2140; x_wconf 89' lang='lat' dir='ltr'><strong>post</strong></span> <span class='ocrx_word' id='word_1_262' title='bbox 1801 2073 2121 2131; x_wconf 83' lang='lat' dir='ltr'><strong>satisfactio-</strong></span> 
     </span>
    </p>
   </div>
   <div class='ocr_carea' id='block_1_28' title="bbox 523 2139 2121 2235">
    <p class='ocr_par' dir='ltr' id='par_1_28' title="bbox 523 2139 2121 2235">
     <span class='ocr_line' id='line_1_28' title="bbox 523 2139 2121 2235; baseline 0.006 -24"><span class='ocrx_word' id='word_1_263' title='bbox 523 2139 645 2211; x_wconf 85' lang='lat' dir='ltr'><strong>nem</strong></span> <span class='ocrx_word' id='word_1_264' title='bbox 691 2159 1000 2224; x_wconf 85' lang='lat' dir='ltr'><strong>pramlium,</strong></span> <span class='ocrx_word' id='word_1_265' title='bbox 1039 2161 1194 2230; x_wconf 88' lang='lat' dir='ltr'><strong>quasi</strong></span> <span class='ocrx_word' id='word_1_266' title='bbox 1229 2178 1363 2215; x_wconf 88' lang='lat' dir='ltr'><strong>nova</strong></span> <span class='ocrx_word' id='word_1_267' title='bbox 1391 2161 1580 2217; x_wconf 62' lang='lat' dir='ltr'><strong>Iustitia</strong></span> <span class='ocrx_word' id='word_1_268' title='bbox 1617 2163 1941 2235; x_wconf 86' lang='lat' dir='ltr'><strong>disponitur.</strong></span> <span class='ocrx_word' id='word_1_269' title='bbox 1975 2165 2121 2221; x_wconf 86' lang='lat' dir='ltr'><strong>Inter</strong></span> 
     </span>
    </p>
   </div>
   <div class='ocr_carea' id='block_1_29' title="bbox 515 2253 2118 2326">
    <p class='ocr_par' dir='ltr' id='par_1_29' title="bbox 515 2253 2118 2326">
     <span class='ocr_line' id='line_1_29' title="bbox 515 2253 2118 2326; baseline 0.006 -23"><span class='ocrx_word' id='word_1_270' title='bbox 515 2255 708 2317; x_wconf 86' lang='lat' dir='ltr'><strong>poeula</strong></span> <span class='ocrx_word' id='word_1_271' title='bbox 739 2253 1109 2324; x_wconf 88' lang='lat' dir='ltr'><strong>improperant</strong></span> <span class='ocrx_word' id='word_1_272' title='bbox 1143 2255 1305 2310; x_wconf 86' lang='lat' dir='ltr'><strong>verba</strong></span> <span class='ocrx_word' id='word_1_273' title='bbox 1335 2265 1685 2326; x_wconf 83' lang='lat' dir='ltr'><strong>contemptus</strong></span> <span class='ocrx_word' id='word_1_274' title='bbox 1719 2275 1733 2312; x_wconf 72' lang='grc' dir='ltr'>ε</span> <span class='ocrx_word' id='word_1_275' title='bbox 1767 2257 1860 2313; x_wconf 87' lang='lat' dir='ltr'><strong>ille</strong></span> <span class='ocrx_word' id='word_1_276' title='bbox 1892 2276 2020 2313; x_wconf 78' lang='lat' dir='ltr'><strong>vero</strong></span> <span class='ocrx_word' id='word_1_277' title='bbox 2045 2261 2118 2313; x_wconf 90' lang='lat' dir='ltr'><strong>la-</strong></span> 
     </span>
    </p>
   </div>
   <div class='ocr_carea' id='block_1_30' title="bbox 513 2341 2113 2418">
    <p class='ocr_par' dir='ltr' id='par_1_30' title="bbox 513 2341 2113 2418">
     <span class='ocr_line' id='line_1_30' title="bbox 513 2341 2113 2418; baseline 0.006 -22"><span class='ocrx_word' id='word_1_278' title='bbox 513 2341 745 2399; x_wconf 88' lang='lat' dir='ltr'><strong>mentari</strong></span> <span class='ocrx_word' id='word_1_279' title='bbox 781 2361 838 2400; x_wconf 89' lang='lat' dir='ltr'><strong>sc</strong></span> <span class='ocrx_word' id='word_1_280' title='bbox 881 2345 1126 2412; x_wconf 81' lang='lat' dir='ltr'><strong>simulat,</strong></span> <span class='ocrx_word' id='word_1_281' title='bbox 1174 2347 1326 2414; x_wconf 86' lang='lat' dir='ltr'><strong>quasi</strong></span> <span class='ocrx_word' id='word_1_282' title='bbox 1374 2349 1577 2414; x_wconf 80' lang='lat' dir='ltr'><strong>peccati</strong></span> <span class='ocrx_word' id='word_1_283' title='bbox 1621 2365 1790 2418; x_wconf 79' lang='lat' dir='ltr'><strong>genus</strong></span> <span class='ocrx_word' id='word_1_284' title='bbox 1834 2351 2113 2408; x_wconf 68' lang='lat' dir='ltr'><strong>inducens.</strong></span> 
     </span>
    </p>
   </div>
   <div class='ocr_carea' id='block_1_31' title="bbox 510 2432 2114 2512">
    <p class='ocr_par' dir='ltr' id='par_1_31' title="bbox 510 2432 2114 2512">
     <span class='ocr_line' id='line_1_31' title="bbox 510 2432 2114 2512; baseline 0.007 -24"><span class='ocrx_word' id='word_1_285' title='bbox 510 2432 654 2504; x_wconf 88' lang='lat' dir='ltr'><strong>Lege</strong></span> <span class='ocrx_word' id='word_1_286' title='bbox 693 2435 817 2505; x_wconf 84' lang='lat' dir='ltr'><strong>quia</strong></span> <span class='ocrx_word' id='word_1_287' title='bbox 863 2435 986 2490; x_wconf 86' lang='lat' dir='ltr'><strong>talis</strong></span> <span class='ocrx_word' id='word_1_288' title='bbox 1030 2437 1190 2491; x_wconf 90' lang='lat' dir='ltr'><strong>debet</strong></span> <span class='ocrx_word' id='word_1_289' title='bbox 1231 2454 1352 2494; x_wconf 80' lang='lat' dir='ltr'><strong>esse</strong></span> <span class='ocrx_word' id='word_1_290' title='bbox 1381 2439 1678 2507; x_wconf 85' lang='lat' dir='ltr'><strong>solitarius,</strong></span> <span class='ocrx_word' id='word_1_291' title='bbox 1715 2443 1932 2512; x_wconf 88' lang='lat' dir='ltr'><strong>qualem</strong></span> <span class='ocrx_word' id='word_1_292' title='bbox 1963 2443 2114 2500; x_wconf 72' lang='lat' dir='ltr'><strong>lete-</strong></span> 
     </span>
    </p>
   </div>
   <div class='ocr_carea' id='block_1_32' title="bbox 509 2527 2116 2598">
    <p class='ocr_par' dir='ltr' id='par_1_32' title="bbox 509 2527 2116 2598">
     <span class='ocr_line' id='line_1_32' title="bbox 509 2527 2116 2598; baseline 0.007 -18"><span class='ocrx_word' id='word_1_293' title='bbox 509 2527 647 2580; x_wconf 90' lang='lat' dir='ltr'><strong>mias</strong></span> <span class='ocrx_word' id='word_1_294' title='bbox 676 2541 797 2581; x_wconf 85' lang='lat' dir='ltr'><strong>esse</strong></span> <span class='ocrx_word' id='word_1_295' title='bbox 829 2527 1142 2598; x_wconf 81' lang='lat' dir='ltr'><strong>descripsit.</strong></span> <span class='ocrx_word' id='word_1_296' title='bbox 1172 2528 1259 2584; x_wconf 83' lang='lat' dir='ltr'><strong>Ait</strong></span> <span class='ocrx_word' id='word_1_297' title='bbox 1293 2532 1437 2584; x_wconf 90' lang='lat' dir='ltr'><strong>enim</strong></span> <span class='ocrx_word' id='word_1_298' title='bbox 1467 2550 1478 2585; x_wconf 95' lang='lat'>:</span> <span class='ocrx_word' id='word_1_299' title='bbox 1508 2533 1716 2587; x_wconf 78' lang='lat' dir='ltr'><strong>Sedebit</strong></span> <span class='ocrx_word' id='word_1_300' title='bbox 1756 2533 2024 2590; x_wconf 78' lang='lat' dir='ltr'><strong>solitarius</strong></span> <span class='ocrx_word' id='word_1_301' title='bbox 2065 2547 2116 2590; x_wconf 85' lang='lat' dir='ltr'><strong>et</strong></span> 
     </span>
    </p>
   </div>
   <div class='ocr_carea' id='block_1_33' title="bbox 505 2619 2113 2694">
    <p class='ocr_par' dir='ltr' id='par_1_33' title="bbox 505 2619 2113 2694">
     <span class='ocr_line' id='line_1_33' title="bbox 505 2619 2113 2694; baseline 0.007 -22"><span class='ocrx_word' id='word_1_302' title='bbox 505 2619 690 2674; x_wconf 81' lang='lat' dir='ltr'><strong>tacebit</strong></span> <span class='ocrx_word' id='word_1_303' title='bbox 725 2636 744 2674; x_wconf 87' lang='lat'><strong><em>:</em></strong></span> <span class='ocrx_word' id='word_1_304' title='bbox 768 2621 892 2691; x_wconf 85' lang='lat' dir='ltr'><strong>quia</strong></span> <span class='ocrx_word' id='word_1_305' title='bbox 913 2619 1100 2677; x_wconf 76' lang='lat' dir='ltr'><strong>levavit</strong></span> <span class='ocrx_word' id='word_1_306' title='bbox 1128 2640 1182 2678; x_wconf 86' lang='lat' dir='ltr'><strong>se</strong></span> <span class='ocrx_word' id='word_1_307' title='bbox 1220 2640 1375 2694; x_wconf 84' lang='lat' dir='ltr'><strong>super</strong></span> <span class='ocrx_word' id='word_1_308' title='bbox 1398 2642 1451 2680; x_wconf 86' lang='lat' dir='ltr'><strong>se</strong></span> <span class='ocrx_word' id='word_1_309' title='bbox 1481 2643 1493 2680; x_wconf 91' lang='lat'>:</span> <span class='ocrx_word' id='word_1_310' title='bbox 1528 2625 1729 2680; x_wconf 88' lang='lat' dir='ltr'><strong>Bonum</strong></span> <span class='ocrx_word' id='word_1_311' title='bbox 1756 2639 1827 2682; x_wconf 77' lang='lat' dir='ltr'><strong>est</strong></span> <span class='ocrx_word' id='word_1_312' title='bbox 1860 2630 1965 2684; x_wconf 78' lang='lat' dir='ltr'><strong>tiro</strong></span> <span class='ocrx_word' id='word_1_313' title='bbox 1995 2646 2113 2683; x_wconf 82' lang='lat' dir='ltr'><strong>cum</strong></span> 
     </span>
    </p>
   </div>
   <div class='ocr_carea' id='block_1_34' title="bbox 505 2711 2108 2794">
    <p class='ocr_par' dir='ltr' id='par_1_34' title="bbox 505 2711 2108 2794">
     <span class='ocr_line' id='line_1_34' title="bbox 505 2711 2108 2794; baseline 0.006 -27"><span class='ocrx_word' id='word_1_314' title='bbox 505 2711 749 2769; x_wconf 81' lang='lat' dir='ltr'><strong>levaverit</strong></span> <span class='ocrx_word' id='word_1_315' title='bbox 769 2715 962 2788; x_wconf 83' lang='lat' dir='ltr'><strong>jugum</strong></span> <span class='ocrx_word' id='word_1_316' title='bbox 987 2716 1049 2770; x_wconf 85' lang='lat' dir='ltr'><strong>ab</strong></span> <span class='ocrx_word' id='word_1_317' title='bbox 1079 2717 1429 2774; x_wconf 74' lang='lat' dir='ltr'><strong>adolescentia</strong></span> <span class='ocrx_word' id='word_1_318' title='bbox 1457 2720 1552 2775; x_wconf 81' lang='lat' dir='ltr'><strong>sua</strong></span> <span class='ocrx_word' id='word_1_319' title='bbox 1584 2719 1734 2788; x_wconf 83' lang='lat' dir='ltr'><strong>(Thr.</strong></span> <span class='ocrx_word' id='word_1_320' title='bbox 1765 2737 1843 2788; x_wconf 91' lang='lat' dir='ltr'><strong>Ill,</strong></span> <span class='ocrx_word' id='word_1_321' title='bbox 1871 2723 1964 2788; x_wconf 72' lang='grc'><strong>27,</strong></span> <span class='ocrx_word' id='word_1_322' title='bbox 1992 2721 2108 2794; x_wconf 68' lang='lat'><strong>98).</strong></span> 
     </span>
    </p>
   </div>
   <div class='ocr_carea' id='block_1_35' title="bbox 505 2805 2104 2884">
    <p class='ocr_par' dir='ltr' id='par_1_35' title="bbox 505 2805 2104 2884">
     <span class='ocr_line' id='line_1_35' title="bbox 505 2805 2104 2884; baseline 0.006 -23"><span class='ocrx_word' id='word_1_323' title='bbox 505 2805 574 2861; x_wconf 86' lang='lat' dir='ltr'><strong>Et</strong></span> <span class='ocrx_word' id='word_1_324' title='bbox 618 2807 743 2879; x_wconf 87' lang='lat' dir='ltr'><strong>quia</strong></span> <span class='ocrx_word' id='word_1_325' title='bbox 787 2809 969 2878; x_wconf 82' lang='lat' dir='ltr'><strong>Jcsus,</strong></span> <span class='ocrx_word' id='word_1_326' title='bbox 1011 2809 1214 2866; x_wconf 82' lang='lat' dir='ltr'><strong>relictis</strong></span> <span class='ocrx_word' id='word_1_327' title='bbox 1260 2815 1543 2884; x_wconf 85' lang='lat' dir='ltr'><strong>apostolis,</strong></span> <span class='ocrx_word' id='word_1_328' title='bbox 1587 2815 1736 2870; x_wconf 78' lang='lat' dir='ltr'><strong>solus</strong></span> <span class='ocrx_word' id='word_1_329' title='bbox 1779 2816 1889 2870; x_wconf 88' lang='lat' dir='ltr'><strong>ibat</strong></span> <span class='ocrx_word' id='word_1_330' title='bbox 1929 2831 2104 2873; x_wconf 80' lang='lat' dir='ltr'><strong>orare.</strong></span> 
     </span>
    </p>
   </div>
   <div class='ocr_carea' id='block_1_36' title="bbox 507 2900 2109 2980">
    <p class='ocr_par' dir='ltr' id='par_1_36' title="bbox 507 2900 2109 2980">
     <span class='ocr_line' id='line_1_36' title="bbox 507 2900 2109 2980; baseline 0.007 -24"><span class='ocrx_word' id='word_1_331' title='bbox 507 2900 730 2957; x_wconf 81' lang='lat' dir='ltr'><strong>Mariam</strong></span> <span class='ocrx_word' id='word_1_332' title='bbox 763 2918 980 2974; x_wconf 85' lang='lat' dir='ltr'><strong>quoque</strong></span> <span class='ocrx_word' id='word_1_333' title='bbox 1006 2904 1057 2959; x_wconf 93' lang='lat' dir='ltr'><strong>in</strong></span> <span class='ocrx_word' id='word_1_334' title='bbox 1086 2908 1461 2976; x_wconf 83' lang='lat' dir='ltr'><strong>penetralibus</strong></span> <span class='ocrx_word' id='word_1_335' title='bbox 1494 2909 1731 2980; x_wconf 81' lang='lat' dir='ltr'><strong>Angelus</strong></span> <span class='ocrx_word' id='word_1_336' title='bbox 1760 2911 1931 2964; x_wconf 70' lang='lat' dir='ltr'><strong>Solam</strong></span> <span class='ocrx_word' id='word_1_337' title='bbox 1960 2911 2109 2967; x_wconf 84' lang='lat' dir='ltr'><strong>inve-</strong></span> 
     </span>
    </p>
   </div>
   <div class='ocr_carea' id='block_1_37' title="bbox 503 2993 2105 3069">
    <p class='ocr_par' dir='ltr' id='par_1_37' title="bbox 503 2993 2105 3069">
     <span class='ocr_line' id='line_1_37' title="bbox 503 2993 2105 3069; baseline 0.005 -21"><span class='ocrx_word' id='word_1_338' title='bbox 503 2993 606 3060; x_wconf 87' lang='lat' dir='ltr'><strong>nit,</strong></span> <span class='ocrx_word' id='word_1_339' title='bbox 638 3009 747 3049; x_wconf 91' lang='lat' dir='ltr'><strong>non</strong></span> <span class='ocrx_word' id='word_1_340' title='bbox 773 3009 896 3050; x_wconf 92' lang='lat' dir='ltr'><strong>cum</strong></span> <span class='ocrx_word' id='word_1_341' title='bbox 928 3007 1158 3067; x_wconf 86' lang='lat' dir='ltr'><strong>agapeta</strong></span> <span class='ocrx_word' id='word_1_342' title='bbox 1191 2998 1502 3069; x_wconf 87' lang='lat' dir='ltr'><strong>loquentem</strong></span> <span class='ocrx_word' id='word_1_343' title='bbox 1537 3016 1552 3055; x_wconf 87' lang='lat'><strong>:</strong></span> <span class='ocrx_word' id='word_1_344' title='bbox 1580 3011 1636 3056; x_wconf 85' lang='lat' dir='ltr'><strong>et</strong></span> <span class='ocrx_word' id='word_1_345' title='bbox 1666 3001 1756 3056; x_wconf 90' lang='lat' dir='ltr'><strong>illa</strong></span> <span class='ocrx_word' id='word_1_346' title='bbox 1784 3003 1989 3058; x_wconf 69' lang='lat' dir='ltr'><strong>virilem</strong></span> <span class='ocrx_word' id='word_1_347' title='bbox 2025 3004 2105 3057; x_wconf 85' lang='lat' dir='ltr'><strong>ia-</strong></span> 
     </span>
    </p>
   </div>
   <div class='ocr_carea' id='block_1_38' title="bbox 505 3085 2100 3168">
    <p class='ocr_par' dir='ltr' id='par_1_38' title="bbox 505 3085 2100 3168">
     <span class='ocr_line' id='line_1_38' title="bbox 505 3085 2100 3168; baseline 0.008 -28"><span class='ocrx_word' id='word_1_348' title='bbox 505 3085 728 3141; x_wconf 87' lang='lat' dir='ltr'><strong>troitum</strong></span> <span class='ocrx_word' id='word_1_349' title='bbox 757 3087 1162 3157; x_wconf 82' lang='lat' dir='ltr'><strong>trepidavit.’l‘u</strong></span> <span class='ocrx_word' id='word_1_350' title='bbox 1191 3107 1310 3162; x_wconf 72' lang='lat' dir='ltr'><strong>qua:</strong></span> <span class='ocrx_word' id='word_1_351' title='bbox 1341 3091 1526 3148; x_wconf 82' lang='lat' dir='ltr'><strong>fornax</strong></span> <span class='ocrx_word' id='word_1_352' title='bbox 1559 3109 1618 3152; x_wconf 90' lang='lat' dir='ltr'><strong>es</strong></span> <span class='ocrx_word' id='word_1_353' title='bbox 1650 3095 1890 3164; x_wconf 66' lang='lat' dir='ltr'><strong>malitia},</strong></span> <span class='ocrx_word' id='word_1_354' title='bbox 1918 3096 2046 3168; x_wconf 89' lang='lat' dir='ltr'><strong>quid</strong></span> <span class='ocrx_word' id='word_1_355' title='bbox 2073 3113 2100 3151; x_wconf 88' lang='lat' dir='ltr'><strong>a</strong></span> 
     </span>
    </p>
   </div>
   <div class='ocr_carea' id='block_1_39' title="bbox 509 3175 1592 3252">
    <p class='ocr_par' dir='ltr' id='par_1_39' title="bbox 509 3175 1592 3252">
     <span class='ocr_line' id='line_1_39' title="bbox 509 3175 1592 3252; baseline 0.007 -20"><span class='ocrx_word' id='word_1_356' title='bbox 509 3178 628 3232; x_wconf 73' lang='lat' dir='ltr'><strong>Viro</strong></span> <span class='ocrx_word' id='word_1_357' title='bbox 659 3175 938 3234; x_wconf 87' lang='lat' dir='ltr'><strong>desideras</strong></span> <span class='ocrx_word' id='word_1_358' title='bbox 966 3179 1303 3252; x_wconf 77' lang='lat' dir='ltr'><strong>frequentius</strong></span> <span class='ocrx_word' id='word_1_359' title='bbox 1329 3185 1592 3241; x_wconf 88' lang='lat' dir='ltr'><strong>salutari?</strong></span> 
     </span>
    </p>
   </div>
   <div class='ocr_carea' id='block_1_40' title="bbox 571 3265 2097 3352">
    <p class='ocr_par' dir='ltr' id='par_1_40' title="bbox 571 3265 2097 3352">
     <span class='ocr_line' id='line_1_40' title="bbox 571 3265 2097 3352; baseline 0.009 -28"><span class='ocrx_word' id='word_1_360' title='bbox 571 3265 640 3324; x_wconf 80' lang='grc' dir='ltr'><strong>Χ.</strong></span> <span class='ocrx_word' id='word_1_361' title='bbox 670 3271 753 3324; x_wconf 87' lang='lat' dir='ltr'><strong>An</strong></span> <span class='ocrx_word' id='word_1_362' title='bbox 783 3269 963 3328; x_wconf 77' lang='lat' dir='ltr'><strong>nescis</strong></span> <span class='ocrx_word' id='word_1_363' title='bbox 989 3274 1111 3345; x_wconf 84' lang='lat' dir='ltr'><strong>quia</strong></span> <span class='ocrx_word' id='word_1_364' title='bbox 1145 3275 1436 3346; x_wconf 90' lang='lat' dir='ltr'><strong>dupliciter</strong></span> <span class='ocrx_word' id='word_1_365' title='bbox 1467 3278 1664 3334; x_wconf 91' lang='lat' dir='ltr'><strong>famam</strong></span> <span class='ocrx_word' id='word_1_366' title='bbox 1695 3281 1875 3352; x_wconf 88' lang='lat' dir='ltr'><strong>perdis</strong></span> <span class='ocrx_word' id='word_1_367' title='bbox 1901 3298 1916 3336; x_wconf 90' lang='lat'><strong>:</strong></span> <span class='ocrx_word' id='word_1_368' title='bbox 1953 3291 2097 3338; x_wconf 85' lang='lat' dir='ltr'><strong>tuam</strong></span> 
     </span>
    </p>
   </div>
   <div class='ocr_carea' id='block_1_41' title="bbox 496 3357 2101 3438">
    <p class='ocr_par' dir='ltr' id='par_1_41' title="bbox 496 3357 2101 3438">
     <span class='ocr_line' id='line_1_41' title="bbox 496 3357 2101 3438; baseline 0.011 -25"><span class='ocrx_word' id='word_1_369' title='bbox 496 3357 658 3415; x_wconf 90' lang='lat' dir='ltr'><strong>simul</strong></span> <span class='ocrx_word' id='word_1_370' title='bbox 700 3369 756 3416; x_wconf 89' lang='lat' dir='ltr'><strong>et</strong></span> <span class='ocrx_word' id='word_1_371' title='bbox 799 3362 984 3418; x_wconf 85' lang='lat' dir='ltr'><strong>clerici</strong></span> <span class='ocrx_word' id='word_1_372' title='bbox 1034 3380 1049 3423; x_wconf 87' lang='lat'><strong>:</strong></span> <span class='ocrx_word' id='word_1_373' title='bbox 1095 3364 1248 3438; x_wconf 81' lang='lat' dir='ltr'><strong>cujus</strong></span> <span class='ocrx_word' id='word_1_374' title='bbox 1277 3368 1386 3424; x_wconf 87' lang='lat' dir='ltr'><strong>vita</strong></span> <span class='ocrx_word' id='word_1_375' title='bbox 1421 3369 1662 3427; x_wconf 88' lang='lat' dir='ltr'><strong>Ecclesia</strong></span> <span class='ocrx_word' id='word_1_376' title='bbox 1691 3371 1892 3429; x_wconf 80' lang='lat' dir='ltr'><strong>Christi</strong></span> <span class='ocrx_word' id='word_1_377' title='bbox 1937 3374 2101 3431; x_wconf 83' lang='lat' dir='ltr'><strong>debet</strong></span> 
     </span>
    </p>
   </div>
   <div class='ocr_carea' id='block_1_42' title="bbox 497 3451 2099 3532">
    <p class='ocr_par' dir='ltr' id='par_1_42' title="bbox 497 3451 2099 3532">
     <span class='ocr_line' id='line_1_42' title="bbox 497 3451 2099 3532; baseline 0.011 -27"><span class='ocrx_word' id='word_1_378' title='bbox 497 3453 717 3507; x_wconf 85' lang='lat' dir='ltr'><strong>ornari?</strong></span> <span class='ocrx_word' id='word_1_379' title='bbox 745 3451 1048 3513; x_wconf 88' lang='lat' dir='ltr'><strong>lnordinata</strong></span> <span class='ocrx_word' id='word_1_380' title='bbox 1077 3461 1411 3516; x_wconf 88' lang='lat' dir='ltr'><strong>consuetudo</strong></span> <span class='ocrx_word' id='word_1_381' title='bbox 1443 3472 1548 3532; x_wconf 89' lang='lat' dir='ltr'><strong>est,</strong></span> <span class='ocrx_word' id='word_1_382' title='bbox 1567 3474 1620 3518; x_wconf 84' lang='lat' dir='ltr'><strong>ct</strong></span> <span class='ocrx_word' id='word_1_383' title='bbox 1649 3464 1862 3522; x_wconf 87' lang='lat' dir='ltr'><strong>delicati</strong></span> <span class='ocrx_word' id='word_1_384' title='bbox 1891 3481 2099 3522; x_wconf 78' lang='lat' dir='ltr'><strong>sermo-</strong></span> 
     </span>
    </p>
   </div>
   <div class='ocr_carea' id='block_1_43' title="bbox 494 3546 2096 3632">
    <p class='ocr_par' dir='ltr' id='par_1_43' title="bbox 494 3546 2096 3632">
     <span class='ocr_line' id='line_1_43' title="bbox 494 3546 2096 3632; baseline 0.012 -33"><span class='ocrx_word' id='word_1_385' title='bbox 494 3547 581 3601; x_wconf 88' lang='lat' dir='ltr'><strong>nis</strong></span> <span class='ocrx_word' id='word_1_386' title='bbox 631 3546 873 3605; x_wconf 88' lang='lat' dir='ltr'><strong>fabulosa</strong></span> <span class='ocrx_word' id='word_1_387' title='bbox 921 3551 1223 3608; x_wconf 83' lang='lat' dir='ltr'><strong>calamitas.</strong></span> <span class='ocrx_word' id='word_1_388' title='bbox 1258 3555 1361 3609; x_wconf 86' lang='lat' dir='ltr'><strong>Sed</strong></span> <span class='ocrx_word' id='word_1_389' title='bbox 1393 3555 1438 3610; x_wconf 90' lang='lat' dir='ltr'><strong>si</strong></span> <span class='ocrx_word' id='word_1_390' title='bbox 1486 3555 1911 3628; x_wconf 81' lang='lat' dir='ltr'><strong>hospitalitatem</strong></span> <span class='ocrx_word' id='word_1_391' title='bbox 1944 3562 2096 3632; x_wconf 86' lang='lat' dir='ltr'><strong>cupis</strong></span> 
     </span>
    </p>
   </div>
   <div class='ocr_carea' id='block_1_44' title="bbox 493 3640 2095 3720">
    <p class='ocr_par' dir='ltr' id='par_1_44' title="bbox 493 3640 2095 3720">
     <span class='ocr_line' id='line_1_44' title="bbox 493 3640 2095 3720; baseline 0.006 -24"><span class='ocrx_word' id='word_1_392' title='bbox 493 3640 696 3698; x_wconf 86' lang='lat' dir='ltr'><strong>habere</strong></span> <span class='ocrx_word' id='word_1_393' title='bbox 729 3659 744 3698; x_wconf 88' lang='lat'><strong>:</strong></span> <span class='ocrx_word' id='word_1_394' title='bbox 775 3643 944 3700; x_wconf 86' lang='lat' dir='ltr'><strong>habes</strong></span> <span class='ocrx_word' id='word_1_395' title='bbox 975 3655 1092 3700; x_wconf 80' lang='lat' dir='ltr'><strong>tuas</strong></span> <span class='ocrx_word' id='word_1_396' title='bbox 1121 3663 1358 3714; x_wconf 88' lang='lat' dir='ltr'><strong>sorores,</strong></span> <span class='ocrx_word' id='word_1_397' title='bbox 1395 3650 1502 3704; x_wconf 74' lang='lat' dir='ltr'><strong>illa:</strong></span> <span class='ocrx_word' id='word_1_398' title='bbox 1532 3651 1673 3720; x_wconf 89' lang='lat' dir='ltr'><strong>apud</strong></span> <span class='ocrx_word' id='word_1_399' title='bbox 1709 3663 1760 3708; x_wconf 92' lang='lat' dir='ltr'><strong>te</strong></span> <span class='ocrx_word' id='word_1_400' title='bbox 1798 3651 1852 3708; x_wconf 89' lang='lat' dir='ltr'><strong>in</strong></span> <span class='ocrx_word' id='word_1_401' title='bbox 1874 3652 2095 3709; x_wconf 90' lang='lat' dir='ltr'><strong>domum</strong></span> 
     </span>
    </p>
   </div>
   <div class='ocr_carea' id='block_1_45' title="bbox 493 3738 2090 3808">
    <p class='ocr_par' dir='ltr' id='par_1_45' title="bbox 493 3738 2090 3808">
     <span class='ocr_line' id='line_1_45' title="bbox 493 3738 2090 3808; baseline 0.008 -16"><span class='ocrx_word' id='word_1_402' title='bbox 493 3744 640 3792; x_wconf 89' lang='lat' dir='ltr'><strong>tuam</strong></span> <span class='ocrx_word' id='word_1_403' title='bbox 672 3738 852 3794; x_wconf 88' lang='lat' dir='ltr'><strong>vocari</strong></span> <span class='ocrx_word' id='word_1_404' title='bbox 884 3739 1102 3808; x_wconf 86' lang='lat' dir='ltr'><strong>debent,</strong></span> <span class='ocrx_word' id='word_1_405' title='bbox 1137 3757 1240 3797; x_wconf 91' lang='lat' dir='ltr'><strong>non</strong></span> <span class='ocrx_word' id='word_1_406' title='bbox 1273 3745 1484 3800; x_wconf 89' lang='lat' dir='ltr'><strong>clerici.</strong></span> <span class='ocrx_word' id='word_1_407' title='bbox 1534 3746 1649 3801; x_wconf 85' lang='lat' dir='ltr'><strong>Erit</strong></span> <span class='ocrx_word' id='word_1_408' title='bbox 1689 3748 1754 3801; x_wconf 90' lang='lat' dir='ltr'><strong>ad</strong></span> <span class='ocrx_word' id='word_1_409' title='bbox 1785 3749 2090 3805; x_wconf 72' lang='lat' dir='ltr'><strong>aediﬁcatio-</strong></span> 
     </span>
    </p>
   </div>
   <div class='ocr_carea' id='block_1_46' title="bbox 491 3835 2091 3910">
    <p class='ocr_par' dir='ltr' id='par_1_46' title="bbox 491 3835 2091 3910">
     <span class='ocr_line' id='line_1_46' title="bbox 491 3835 2091 3910; baseline 0.008 -24"><span class='ocrx_word' id='word_1_410' title='bbox 491 3845 615 3886; x_wconf 86' lang='lat' dir='ltr'><strong>nem</strong></span> <span class='ocrx_word' id='word_1_411' title='bbox 668 3839 834 3902; x_wconf 89' lang='lat' dir='ltr'><strong>tuam,</strong></span> <span class='ocrx_word' id='word_1_412' title='bbox 881 3843 1071 3890; x_wconf 88' lang='lat' dir='ltr'><strong>sancta</strong></span> <span class='ocrx_word' id='word_1_413' title='bbox 1099 3835 1273 3906; x_wconf 83' lang='lat' dir='ltr'><strong>virgo,</strong></span> <span class='ocrx_word' id='word_1_414' title='bbox 1299 3837 1441 3910; x_wconf 87' lang='lat' dir='ltr'><strong>quod</strong></span> <span class='ocrx_word' id='word_1_415' title='bbox 1473 3838 1682 3895; x_wconf 76' lang='lat' dir='ltr'><strong>dixero.</strong></span> <span class='ocrx_word' id='word_1_416' title='bbox 1714 3842 1770 3897; x_wconf 90' lang='lat' dir='ltr'><strong>lu</strong></span> <span class='ocrx_word' id='word_1_417' title='bbox 1798 3841 2091 3899; x_wconf 85' lang='lat' dir='ltr'><strong>beatissimi</strong></span> 
     </span>
    </p>
   </div>
   <div class='ocr_carea' id='block_1_47' title="bbox 492 3923 2090 4008">
    <p class='ocr_par' dir='ltr' id='par_1_47' title="bbox 492 3923 2090 4008">
     <span class='ocr_line' id='line_1_47' title="bbox 492 3923 2090 4008; baseline 0.007 -28"><span class='ocrx_word' id='word_1_418' title='bbox 492 3923 707 3980; x_wconf 82' lang='lat' dir='ltr'><strong>Martini</strong></span> <span class='ocrx_word' id='word_1_419' title='bbox 731 3923 848 3982; x_wconf 81' lang='lat' dir='ltr'><strong>Vita</strong></span> <span class='ocrx_word' id='word_1_420' title='bbox 874 3926 1104 3998; x_wconf 88' lang='lat' dir='ltr'><strong>legimus</strong></span> <span class='ocrx_word' id='word_1_421' title='bbox 1126 3945 1587 3987; x_wconf 88' lang='lat' dir='ltr'><strong>commemorasse</strong></span> <span class='ocrx_word' id='word_1_422' title='bbox 1610 3933 1921 4005; x_wconf 89' lang='lat' dir='ltr'><strong>Sulpitium,</strong></span> <span class='ocrx_word' id='word_1_423' title='bbox 1947 3936 2090 4008; x_wconf 88' lang='lat' dir='ltr'><strong>quod</strong></span> 
     </span>
    </p>
   </div>
   <div class='ocr_carea' id='block_1_48' title="bbox 489 4017 2093 4099">
    <p class='ocr_par' dir='ltr' id='par_1_48' title="bbox 489 4017 2093 4099">
     <span class='ocr_line' id='line_1_48' title="bbox 489 4017 2093 4099; baseline 0.01 -29"><span class='ocrx_word' id='word_1_424' title='bbox 489 4017 760 4073; x_wconf 85' lang='lat' dir='ltr'><strong>transiens</strong></span> <span class='ocrx_word' id='word_1_425' title='bbox 783 4031 1002 4075; x_wconf 89' lang='lat' dir='ltr'><strong>sanctus</strong></span> <span class='ocrx_word' id='word_1_426' title='bbox 1023 4017 1304 4092; x_wconf 76' lang='lat' dir='ltr'><strong>Martinus,</strong></span> <span class='ocrx_word' id='word_1_427' title='bbox 1330 4025 1616 4094; x_wconf 85' lang='lat' dir='ltr'><strong>quamdam</strong></span> <span class='ocrx_word' id='word_1_428' title='bbox 1641 4026 1903 4099; x_wconf 76' lang='lat' dir='ltr'><strong>virginem</strong></span> <span class='ocrx_word' id='word_1_429' title='bbox 1927 4031 2093 4085; x_wconf 90' lang='lat' dir='ltr'><strong>mori-</strong></span> 
     </span>
    </p>
   </div>
   <div class='ocr_carea' id='block_1_49' title="bbox 488 4109 2092 4190">
    <p class='ocr_par' dir='ltr' id='par_1_49' title="bbox 488 4109 2092 4190">
     <span class='ocr_line' id='line_1_49' title="bbox 488 4109 2092 4190; baseline 0.011 -26"><span class='ocrx_word' id='word_1_430' title='bbox 488 4109 589 4165; x_wconf 91' lang='lat' dir='ltr'><strong>bus</strong></span> <span class='ocrx_word' id='word_1_431' title='bbox 619 4121 675 4166; x_wconf 91' lang='lat' dir='ltr'><strong>et</strong></span> <span class='ocrx_word' id='word_1_432' title='bbox 707 4117 958 4169; x_wconf 86' lang='lat' dir='ltr'><strong>castitate</strong></span> <span class='ocrx_word' id='word_1_433' title='bbox 989 4131 1084 4184; x_wconf 81' lang='lat' dir='ltr'><strong>pm</strong></span> <span class='ocrx_word' id='word_1_434' title='bbox 1102 4117 1328 4186; x_wconf 87' lang='lat' dir='ltr'><strong>celsam,</strong></span> <span class='ocrx_word' id='word_1_435' title='bbox 1351 4121 1575 4190; x_wconf 77' lang='lat' dir='ltr'><strong>Cupiens</strong></span> <span class='ocrx_word' id='word_1_436' title='bbox 1597 4122 1815 4179; x_wconf 86' lang='lat' dir='ltr'><strong>visitare</strong></span> <span class='ocrx_word' id='word_1_437' title='bbox 1844 4142 1858 4182; x_wconf 90' lang='lat'><strong>:</strong></span> <span class='ocrx_word' id='word_1_438' title='bbox 1884 4125 1972 4180; x_wconf 89' lang='lat' dir='ltr'><strong>illa</strong></span> <span class='ocrx_word' id='word_1_439' title='bbox 1995 4143 2092 4181; x_wconf 82' lang='lat' dir='ltr'><strong>no-</strong></span> 
     </span>
    </p>
   </div>
   <div class='ocr_carea' id='block_1_50' title="bbox 487 4201 2090 4290">
    <p class='ocr_par' dir='ltr' id='par_1_50' title="bbox 487 4201 2090 4290">
     <span class='ocr_line' id='line_1_50' title="bbox 487 4201 2090 4290; baseline 0.011 -34"><span class='ocrx_word' id='word_1_440' title='bbox 487 4201 606 4270; x_wconf 90' lang='lat' dir='ltr'><strong>luit,</strong></span> <span class='ocrx_word' id='word_1_441' title='bbox 638 4204 734 4258; x_wconf 88' lang='lat' dir='ltr'><strong>sed</strong></span> <span class='ocrx_word' id='word_1_442' title='bbox 768 4203 988 4261; x_wconf 78' lang='lat' dir='ltr'><strong>xenium</strong></span> <span class='ocrx_word' id='word_1_443' title='bbox 1021 4210 1168 4263; x_wconf 90' lang='lat' dir='ltr'><strong>misit</strong></span> <span class='ocrx_word' id='word_1_444' title='bbox 1207 4211 1258 4265; x_wconf 90' lang='lat' dir='ltr'><strong>ei</strong></span> <span class='ocrx_word' id='word_1_445' title='bbox 1293 4227 1309 4264; x_wconf 72' lang='grc' dir='ltr'><strong>ι</strong></span> <span class='ocrx_word' id='word_1_446' title='bbox 1341 4225 1403 4265; x_wconf 86' lang='lat' dir='ltr'><strong>ac</strong></span> <span class='ocrx_word' id='word_1_447' title='bbox 1449 4229 1545 4282; x_wconf 89' lang='lat' dir='ltr'><strong>per</strong></span> <span class='ocrx_word' id='word_1_448' title='bbox 1576 4213 1870 4272; x_wconf 89' lang='lat' dir='ltr'><strong>fenestram</strong></span> <span class='ocrx_word' id='word_1_449' title='bbox 1917 4221 2090 4290; x_wconf 85' lang='lat' dir='ltr'><strong>respi-</strong></span> 
     </span>
    </p>
   </div>
   <div class='ocr_carea' id='block_1_51' title="bbox 482 4296 2088 4384">
    <p class='ocr_par' dir='ltr' id='par_1_51' title="bbox 482 4296 2088 4384">
     <span class='ocr_line' id='line_1_51' title="bbox 482 4296 2088 4384; baseline 0.012 -36"><span class='ocrx_word' id='word_1_450' title='bbox 482 4296 654 4361; x_wconf 89' lang='lat' dir='ltr'><strong>ciens,</strong></span> <span class='ocrx_word' id='word_1_451' title='bbox 690 4298 765 4351; x_wconf 86' lang='lat' dir='ltr'><strong>ait</strong></span> <span class='ocrx_word' id='word_1_452' title='bbox 789 4309 977 4355; x_wconf 90' lang='lat' dir='ltr'><strong>sancto</strong></span> <span class='ocrx_word' id='word_1_453' title='bbox 1009 4301 1170 4359; x_wconf 85' lang='lat' dir='ltr'><strong>viro:</strong></span> <span class='ocrx_word' id='word_1_454' title='bbox 1206 4302 1302 4373; x_wconf 90' lang='lat' dir='ltr'><strong>lbi,</strong></span> <span class='ocrx_word' id='word_1_455' title='bbox 1338 4304 1497 4361; x_wconf 87' lang='lat' dir='ltr'><strong>Pater</strong></span> <span class='ocrx_word' id='word_1_456' title='bbox 1537 4318 1744 4375; x_wconf 89' lang='lat' dir='ltr'><strong>sancte,</strong></span> <span class='ocrx_word' id='word_1_457' title='bbox 1788 4325 1879 4365; x_wconf 89' lang='lat' dir='ltr'><strong>ora</strong></span> <span class='ocrx_word' id='word_1_458' title='bbox 1915 4327 1929 4367; x_wconf 92' lang='lat'>:</span> <span class='ocrx_word' id='word_1_459' title='bbox 1963 4314 2088 4384; x_wconf 88' lang='lat' dir='ltr'><strong>quia</strong></span> 
     </span>
    </p>
   </div>
   <div class='ocr_carea' id='block_1_52' title="bbox 483 4388 2090 4473">
    <p class='ocr_par' dir='ltr' id='par_1_52' title="bbox 483 4388 2090 4473">
     <span class='ocr_line' id='line_1_52' title="bbox 483 4388 2090 4473; baseline 0.014 -33"><span class='ocrx_word' id='word_1_460' title='bbox 483 4401 511 4440; x_wconf 90' lang='lat' dir='ltr'><strong>a</strong></span> <span class='ocrx_word' id='word_1_461' title='bbox 540 4388 660 4443; x_wconf 87' lang='lat' dir='ltr'><strong>viro</strong></span> <span class='ocrx_word' id='word_1_462' title='bbox 691 4407 983 4462; x_wconf 87' lang='lat' dir='ltr'><strong>numquam</strong></span> <span class='ocrx_word' id='word_1_463' title='bbox 1016 4410 1134 4449; x_wconf 85' lang='lat' dir='ltr'><strong>sum</strong></span> <span class='ocrx_word' id='word_1_464' title='bbox 1168 4395 1400 4451; x_wconf 77' lang='lat' dir='ltr'><strong>visitata.</strong></span> <span class='ocrx_word' id='word_1_465' title='bbox 1435 4398 1650 4456; x_wconf 88' lang='lat' dir='ltr'><strong>Gratias</strong></span> <span class='ocrx_word' id='word_1_466' title='bbox 1681 4405 1788 4473; x_wconf 79' lang='lat' dir='ltr'><strong>egit</strong></span> <span class='ocrx_word' id='word_1_467' title='bbox 1821 4405 1931 4460; x_wconf 89' lang='lat' dir='ltr'><strong>Deo</strong></span> <span class='ocrx_word' id='word_1_468' title='bbox 1964 4421 2090 4461; x_wconf 88' lang='lat' dir='ltr'><strong>san-</strong></span> 
     </span>
    </p>
   </div>
   <div class='ocr_carea' id='block_1_53' title="bbox 481 4481 2082 4566">
    <p class='ocr_par' dir='ltr' id='par_1_53' title="bbox 481 4481 2082 4566">
     <span class='ocr_line' id='line_1_53' title="bbox 481 4481 2082 4566; baseline 0.012 -30"><span class='ocrx_word' id='word_1_469' title='bbox 481 4481 601 4537; x_wconf 77' lang='lat' dir='ltr'><strong>c&#39;tus</strong></span> <span class='ocrx_word' id='word_1_470' title='bbox 631 4481 914 4555; x_wconf 79' lang='lat' dir='ltr'><strong>Martinus,</strong></span> <span class='ocrx_word' id='word_1_471' title='bbox 946 4489 1087 4559; x_wconf 90' lang='lat' dir='ltr'><strong>quod</strong></span> <span class='ocrx_word' id='word_1_472' title='bbox 1122 4492 1317 4547; x_wconf 88' lang='lat' dir='ltr'><strong>talibus</strong></span> <span class='ocrx_word' id='word_1_473' title='bbox 1346 4492 1548 4550; x_wconf 90' lang='lat' dir='ltr'><strong>imbuta</strong></span> <span class='ocrx_word' id='word_1_474' title='bbox 1581 4497 1844 4566; x_wconf 89' lang='lat' dir='ltr'><strong>moribus,</strong></span> <span class='ocrx_word' id='word_1_475' title='bbox 1879 4510 2082 4556; x_wconf 84' lang='lat' dir='ltr'><strong>castam</strong></span> 
     </span>
    </p>
   </div>
   <div class='ocr_carea' id='block_1_54' title="bbox 479 4577 1181 4640">
    <p class='ocr_par' dir='ltr' id='par_1_54' title="bbox 479 4577 1181 4640">
     <span class='ocr_line' id='line_1_54' title="bbox 479 4577 1181 4640; baseline 0.016 -10"><span class='ocrx_word' id='word_1_476' title='bbox 479 4577 800 4634; x_wconf 81' lang='lat' dir='ltr'><strong>custodierit</strong></span> <span class='ocrx_word' id='word_1_477' title='bbox 848 4580 1181 4640; x_wconf 88' lang='lat' dir='ltr'><strong>voluntatem</strong></span> 
     </span>
    </p>
   </div>
   <div class='ocr_carea' id='block_1_55' title="bbox 480 4667 654 4724">
    <p class='ocr_par' dir='ltr' id='par_1_55' title="bbox 480 4667 654 4724">
     <span class='ocr_line' id='line_1_55' title="bbox 480 4667 654 4724; baseline 0 -2"><span class='ocrx_word' id='word_1_478' title='bbox 480 4667 654 4724; x_wconf 58' lang='lat' dir='ltr'><strong>laetus.</strong></span> 
     </span>
    </p>
   </div>
   <div class='ocr_carea' id='block_1_56' title="bbox 551 4757 2078 4840">
    <p class='ocr_par' dir='ltr' id='par_1_56' title="bbox 551 4757 2078 4840">
     <span class='ocr_line' id='line_1_56' title="bbox 551 4757 2078 4840; baseline 0.017 -26"><span class='ocrx_word' id='word_1_479' title='bbox 551 4757 641 4815; x_wconf 75' lang='lat' dir='ltr'><strong>XI.</strong></span> <span class='ocrx_word' id='word_1_480' title='bbox 690 4761 978 4836; x_wconf 87' lang='lat' dir='ltr'><strong>llucusque</strong></span> <span class='ocrx_word' id='word_1_481' title='bbox 1023 4768 1254 4827; x_wconf 81' lang='lat' dir='ltr'><strong>sufﬁciat</strong></span> <span class='ocrx_word' id='word_1_482' title='bbox 1296 4773 1364 4828; x_wconf 88' lang='lat' dir='ltr'><strong>de</strong></span> <span class='ocrx_word' id='word_1_483' title='bbox 1405 4774 1623 4833; x_wconf 90' lang='lat' dir='ltr'><strong>feminis</strong></span> <span class='ocrx_word' id='word_1_484' title='bbox 1667 4777 1890 4836; x_wconf 88' lang='lat' dir='ltr'><strong>dictum.</strong></span> <span class='ocrx_word' id='word_1_485' title='bbox 1937 4781 2078 4840; x_wconf 86' lang='lat' dir='ltr'><strong>Con-</strong></span> 
     </span>
    </p>
   </div>
   <div class='ocr_carea' id='block_1_57' title="bbox 2129 3177 2179 3242">
    <p class='ocr_par' dir='ltr' id='par_1_57' title="bbox 2129 3177 2179 3242">
     <span class='ocr_line' id='line_1_57' title="bbox 2129 3177 2179 3242; baseline 0 0"><span class='ocrx_word' id='word_1_486' title='bbox 2129 3177 2179 3242; x_wconf 88' lang='lat' dir='ltr'><strong>G</strong></span> 
     </span>
    </p>
   </div>
   <div class='ocr_carea' id='block_1_58' title="bbox 1228 4575 2163 4664">
    <p class='ocr_par' dir='ltr' id='par_1_58' title="bbox 1228 4575 2163 4664">
     <span class='ocr_line' id='line_1_58' title="bbox 1228 4575 2163 4664; baseline 0.012 -21"><span class='ocrx_word' id='word_1_487' title='bbox 1228 4605 1243 4644; x_wconf 85' lang='lat'><strong>:</strong></span> <span class='ocrx_word' id='word_1_488' title='bbox 1285 4597 1341 4643; x_wconf 85' lang='lat' dir='ltr'><strong>et</strong></span> <span class='ocrx_word' id='word_1_489' title='bbox 1382 4587 1706 4647; x_wconf 86' lang='lat' dir='ltr'><strong>benedicens</strong></span> <span class='ocrx_word' id='word_1_490' title='bbox 1745 4609 1863 4649; x_wconf 85' lang='lat' dir='ltr'><strong>eam</strong></span> <span class='ocrx_word' id='word_1_491' title='bbox 1889 4636 1906 4664; x_wconf 90' lang='lat'><strong>,</strong></span> <span class='ocrx_word' id='word_1_492' title='bbox 1949 4597 2081 4653; x_wconf 88' lang='lat' dir='ltr'><strong>abiit</strong></span> <span class='ocrx_word' id='word_1_493' title='bbox 2113 4575 2163 4635; x_wconf 78' lang='lat' dir='ltr'><strong>D</strong></span> 
     </span>
    </p>
   </div>
   <div class='ocr_carea' id='block_1_59' title="bbox 2228 1843 3818 1923">
    <p class='ocr_par' dir='ltr' id='par_1_59' title="bbox 2228 1843 3818 1923">
     <span class='ocr_line' id='line_1_59' title="bbox 2228 1843 3818 1923; baseline 0.008 -27"><span class='ocrx_word' id='word_1_494' title='bbox 2228 1860 2364 1904; x_wconf 78' lang='lat' dir='ltr'><strong>eum.</strong></span> <span class='ocrx_word' id='word_1_495' title='bbox 2398 1845 2442 1898; x_wconf 87' lang='lat' dir='ltr'><strong>si</strong></span> <span class='ocrx_word' id='word_1_496' title='bbox 2478 1843 2832 1923; x_wconf 65' lang='lat' dir='ltr'><strong>Hieronymus</strong></span> <span class='ocrx_word' id='word_1_497' title='bbox 2867 1843 3110 1923; x_wconf 69' lang='lat' dir='ltr'><strong>umquam</strong></span> <span class='ocrx_word' id='word_1_498' title='bbox 3144 1843 3438 1923; x_wconf 71' lang='lat' dir='ltr'><strong>laudasset,</strong></span> <span class='ocrx_word' id='word_1_499' title='bbox 3496 1843 3692 1906; x_wconf 62' lang='lat' dir='ltr'><strong>certum</strong></span> <span class='ocrx_word' id='word_1_500' title='bbox 3731 1867 3818 1923; x_wconf 79' lang='lat' dir='ltr'><strong>est,</strong></span> 
     </span>
    </p>
   </div>
   <div class='ocr_carea' id='block_1_60' title="bbox 2227 1915 3820 1998">
    <p class='ocr_par' dir='ltr' id='par_1_60' title="bbox 2227 1915 3820 1998">
     <span class='ocr_line' id='line_1_60' title="bbox 2227 1915 3820 1998; baseline 0.009 -31"><span class='ocrx_word' id='word_1_501' title='bbox 2227 1915 2426 1970; x_wconf 87' lang='lat' dir='ltr'><strong>biennio</strong></span> <span class='ocrx_word' id='word_1_502' title='bbox 2451 1918 2637 1998; x_wconf 69' lang='lat' dir='ltr'><strong>saltent</strong></span> <span class='ocrx_word' id='word_1_503' title='bbox 2655 1918 2717 1970; x_wconf 85' lang='lat' dir='ltr'><strong>ab</strong></span> <span class='ocrx_word' id='word_1_504' title='bbox 2743 1919 2884 1971; x_wconf 84' lang='lat' dir='ltr'><strong>obitu</strong></span> <span class='ocrx_word' id='word_1_505' title='bbox 2913 1915 3148 1998; x_wconf 67' lang='lat' dir='ltr'><strong>Damasi,</strong></span> <span class='ocrx_word' id='word_1_506' title='bbox 3177 1920 3339 1991; x_wconf 77' lang='lat' dir='ltr'><strong>fuisse</strong></span> <span class='ocrx_word' id='word_1_507' title='bbox 3368 1923 3585 1998; x_wconf 80' lang='lat' dir='ltr'><strong>electum</strong></span> <span class='ocrx_word' id='word_1_508' title='bbox 3607 1915 3820 1998; x_wconf 51' lang='lat' dir='ltr'><strong>.preslty;</strong></span> 
     </span>
    </p>
   </div>
   <div class='ocr_carea' id='block_1_61' title="bbox 2225 1987 3822 2064">
    <p class='ocr_par' dir='ltr' id='par_1_61' title="bbox 2225 1987 3822 2064">
     <span class='ocr_line' id='line_1_61' title="bbox 2225 1987 3822 2064; baseline 0.009 -27"><span class='ocrx_word' id='word_1_509' title='bbox 2225 1997 2412 2055; x_wconf 80' lang='lat' dir='ltr'><strong>ternm,</strong></span> <span class='ocrx_word' id='word_1_510' title='bbox 2449 1998 2496 2041; x_wconf 85' lang='lat' dir='ltr'><strong>et</strong></span> <span class='ocrx_word' id='word_1_511' title='bbox 2531 1987 2839 2064; x_wconf 57' lang='grc' dir='ltr'><strong>δαίμων-αξ</strong></span> <span class='ocrx_word' id='word_1_512' title='bbox 2877 2000 2984 2043; x_wconf 88' lang='lat' dir='ltr'><strong>tum</strong></span> <span class='ocrx_word' id='word_1_513' title='bbox 3019 1987 3224 2064; x_wconf 70' lang='lat' dir='ltr'><strong>demunt</strong></span> <span class='ocrx_word' id='word_1_514' title='bbox 3259 1995 3469 2064; x_wconf 69' lang='lat' dir='ltr'><strong>ccept&#39;sse</strong></span> <span class='ocrx_word' id='word_1_515' title='bbox 3510 1987 3822 2051; x_wconf 66' lang='lat' dir='ltr'><strong>commenta-</strong></span> 
     </span>
    </p>
   </div>
   <div class='ocr_carea' id='block_1_62' title="bbox 2224 2061 3820 2138">
    <p class='ocr_par' dir='ltr' id='par_1_62' title="bbox 2224 2061 3820 2138">
     <span class='ocr_line' id='line_1_62' title="bbox 2224 2061 3820 2138; baseline 0.008 -29"><span class='ocrx_word' id='word_1_516' title='bbox 2224 2061 2338 2116; x_wconf 72' lang='lat' dir='ltr'><strong>t&#39;iis,</strong></span> <span class='ocrx_word' id='word_1_517' title='bbox 2371 2067 2458 2111; x_wconf 84' lang='lat' dir='ltr'><strong>aut</strong></span> <span class='ocrx_word' id='word_1_518' title='bbox 2510 2061 2736 2138; x_wconf 68' lang='lat' dir='ltr'><strong>horniliis</strong></span> <span class='ocrx_word' id='word_1_519' title='bbox 2767 2062 2834 2112; x_wconf 88' lang='lat' dir='ltr'><strong>ad</strong></span> <span class='ocrx_word' id='word_1_520' title='bbox 2861 2061 3458 2138; x_wconf 27' lang='lat' dir='ltr'><strong>populum_i1l‘:tstrare.</strong></span> <span class='ocrx_word' id='word_1_521' title='bbox 3498 2067 3642 2133; x_wconf 78' lang='lat' dir='ltr'><strong>Quid</strong></span> <span class='ocrx_word' id='word_1_522' title='bbox 3688 2072 3820 2138; x_wconf 84' lang='lat' dir='ltr'><strong>quod</strong></span> 
     </span>
    </p>
   </div>
   <div class='ocr_carea' id='block_1_63' title="bbox 2222 2127 3817 2202">
    <p class='ocr_par' dir='ltr' id='par_1_63' title="bbox 2222 2127 3817 2202">
     <span class='ocr_line' id='line_1_63' title="bbox 2222 2127 3817 2202; baseline 0.009 -20"><span class='ocrx_word' id='word_1_523' title='bbox 2222 2146 2385 2202; x_wconf 79' lang='lat' dir='ltr'><strong>neque</strong></span> <span class='ocrx_word' id='word_1_524' title='bbox 2414 2139 2488 2184; x_wconf 83' lang='lat' dir='ltr'><strong>est</strong></span> <span class='ocrx_word' id='word_1_525' title='bbox 2518 2127 2874 2202; x_wconf 72' lang='lat' dir='ltr'><strong>(Ihrysostomi</strong></span> <span class='ocrx_word' id='word_1_526' title='bbox 2903 2127 3050 2186; x_wconf 75' lang='lat' dir='ltr'><strong>locus</strong></span> <span class='ocrx_word' id='word_1_527' title='bbox 3080 2135 3171 2188; x_wconf 86' lang='lat' dir='ltr'><strong>ille</strong></span> <span class='ocrx_word' id='word_1_528' title='bbox 3208 2135 3262 2188; x_wconf 82' lang='lat' dir='ltr'><strong>in</strong></span> <span class='ocrx_word' id='word_1_529' title='bbox 3302 2127 3650 2194; x_wconf 57' lang='lat' dir='ltr'><strong>Matt/tamin?</strong></span> <span class='ocrx_word' id='word_1_530' title='bbox 3681 2127 3817 2196; x_wconf 75' lang='lat' dir='ltr'><strong>Certe</strong></span> 
     </span>
    </p>
   </div>
   <div class='ocr_carea' id='block_1_64' title="bbox 2220 2201 3814 2272">
    <p class='ocr_par' dir='ltr' id='par_1_64' title="bbox 2220 2201 3814 2272">
     <span class='ocr_line' id='line_1_64' title="bbox 2220 2201 3814 2272; baseline 0.01 -20"><span class='ocrx_word' id='word_1_531' title='bbox 2220 2201 2276 2252; x_wconf 83' lang='lat' dir='ltr'><strong>in</strong></span> <span class='ocrx_word' id='word_1_532' title='bbox 2321 2202 2452 2254; x_wconf 77' lang='lat' dir='ltr'><strong>veris</strong></span> <span class='ocrx_word' id='word_1_533' title='bbox 2490 2204 2604 2272; x_wconf 85' lang='lat' dir='ltr'><strong>ejus</strong></span> <span class='ocrx_word' id='word_1_534' title='bbox 2630 2201 3031 2258; x_wconf 72' lang='lat' dir='ltr'><strong>routmentariis</strong></span> <span class='ocrx_word' id='word_1_535' title='bbox 3070 2205 3201 2259; x_wconf 86' lang='lat' dir='ltr'><strong>nihil</strong></span> <span class='ocrx_word' id='word_1_536' title='bbox 3241 2208 3407 2261; x_wconf 79' lang='lat' dir='ltr'><strong>simile</strong></span> <span class='ocrx_word' id='word_1_537' title='bbox 3449 2209 3686 2265; x_wconf 76' lang='lat' dir='ltr'><strong>invenire</strong></span> <span class='ocrx_word' id='word_1_538' title='bbox 3726 2223 3814 2268; x_wconf 79' lang='lat' dir='ltr'><strong>est.</strong></span> 
     </span>
    </p>
   </div>
   <div class='ocr_carea' id='block_1_65' title="bbox 2222 2270 3815 2350">
    <p class='ocr_par' dir='ltr' id='par_1_65' title="bbox 2222 2270 3815 2350">
     <span class='ocr_line' id='line_1_65' title="bbox 2222 2270 3815 2350; baseline 0.008 -26"><span class='ocrx_word' id='word_1_539' title='bbox 2222 2270 2334 2324; x_wconf 86' lang='lat' dir='ltr'><strong>Nec</strong></span> <span class='ocrx_word' id='word_1_540' title='bbox 2364 2273 2487 2325; x_wconf 78' lang='lat' dir='ltr'><strong>satis</strong></span> <span class='ocrx_word' id='word_1_541' title='bbox 2511 2270 2686 2327; x_wconf 70' lang='lat' dir='ltr'><strong>tamen</strong></span> <span class='ocrx_word' id='word_1_542' title='bbox 2707 2274 2882 2328; x_wconf 85' lang='lat' dir='ltr'><strong>habuit</strong></span> <span class='ocrx_word' id='word_1_543' title='bbox 2911 2277 3184 2344; x_wconf 80' lang='lat' dir='ltr'><strong>impostor,</strong></span> <span class='ocrx_word' id='word_1_544' title='bbox 3217 2275 3623 2350; x_wconf 77' lang='lat' dir='ltr'><strong>Hieronymiani</strong></span> <span class='ocrx_word' id='word_1_545' title='bbox 3652 2287 3815 2337; x_wconf 84' lang='lat' dir='ltr'><strong>nomi-</strong></span> 
     </span>
    </p>
   </div>
   <div class='ocr_carea' id='block_1_66' title="bbox 2218 2343 3818 2427">
    <p class='ocr_par' dir='ltr' id='par_1_66' title="bbox 2218 2343 3818 2427">
     <span class='ocr_line' id='line_1_66' title="bbox 2218 2343 3818 2427; baseline 0.009 -33"><span class='ocrx_word' id='word_1_546' title='bbox 2218 2344 2301 2427; x_wconf 49' lang='grc' dir='ltr'><strong>θέε</strong></span> <span class='ocrx_word' id='word_1_547' title='bbox 2340 2343 2521 2397; x_wconf 83' lang='lat' dir='ltr'><strong>umbra</strong></span> <span class='ocrx_word' id='word_1_548' title='bbox 2568 2363 2690 2398; x_wconf 81' lang='lat' dir='ltr'><strong>snas</strong></span> <span class='ocrx_word' id='word_1_549' title='bbox 2734 2363 2896 2417; x_wconf 57' lang='lat' dir='ltr'><strong>nugas</strong></span> <span class='ocrx_word' id='word_1_550' title='bbox 2939 2343 3249 2427; x_wconf 66' lang='lat' dir='ltr'><strong>prietexere:</strong></span> <span class='ocrx_word' id='word_1_551' title='bbox 3275 2343 3526 2427; x_wconf 54' lang='lat' dir='ltr'><strong>con/inrit</strong></span> <span class='ocrx_word' id='word_1_552' title='bbox 3545 2349 3818 2427; x_wconf 61' lang='lat' dir='ltr'><strong>idemipse</strong></span> 
     </span>
    </p>
   </div>
   <div class='ocr_carea' id='block_1_67' title="bbox 2224 2411 3818 2490">
    <p class='ocr_par' dir='ltr' id='par_1_67' title="bbox 2224 2411 3818 2490">
     <span class='ocr_line' id='line_1_67' title="bbox 2224 2411 3818 2490; baseline 0.009 -24"><span class='ocrx_word' id='word_1_553' title='bbox 2224 2411 2436 2468; x_wconf 69' lang='grc' dir='ltr'>οιιηιαεὶ</span> <span class='ocrx_word' id='word_1_554' title='bbox 2481 2411 2965 2490; x_wconf 51' lang='grc' dir='ltr'><strong>νεεροηδηηιξδὶνὲ</strong></span> <span class='ocrx_word' id='word_1_555' title='bbox 3011 2418 3295 2486; x_wconf 82' lang='lat' dir='ltr'><strong>decretum,</strong></span> <span class='ocrx_word' id='word_1_556' title='bbox 3352 2411 3489 2490; x_wconf 66' lang='lat' dir='ltr'><strong>quod</strong></span> <span class='ocrx_word' id='word_1_557' title='bbox 3536 2411 3818 2480; x_wconf 74' lang='lat' dir='ltr'><strong>Gratianus</strong></span> 
     </span>
    </p>
   </div>
   <div class='ocr_carea' id='block_1_68' title="bbox 2219 2484 3815 2562">
    <p class='ocr_par' dir='ltr' id='par_1_68' title="bbox 2219 2484 3815 2562">
     <span class='ocr_line' id='line_1_68' title="bbox 2219 2484 3815 2562; baseline 0.01 -25"><span class='ocrx_word' id='word_1_558' title='bbox 2219 2484 2288 2541; x_wconf 71' lang='lat'><strong>10</strong></span> <span class='ocrx_word' id='word_1_559' title='bbox 2311 2495 2490 2548; x_wconf 61' lang='lat' dir='ltr'><strong>quast.</strong></span> <span class='ocrx_word' id='word_1_560' title='bbox 2534 2489 2586 2554; x_wconf 78' lang='grc'><strong>1,</strong></span> <span class='ocrx_word' id='word_1_561' title='bbox 2621 2504 2740 2558; x_wconf 83' lang='lat' dir='ltr'><strong>cup.</strong></span> <span class='ocrx_word' id='word_1_562' title='bbox 2771 2489 2858 2556; x_wconf 69' lang='lat'><strong>15&#39;,</strong></span> <span class='ocrx_word' id='word_1_563' title='bbox 2883 2491 3083 2562; x_wconf 53' lang='lat' dir='ltr'><strong>profert</strong></span> <span class='ocrx_word' id='word_1_564' title='bbox 3110 2507 3128 2544; x_wconf 82' lang='grc'><strong>.’</strong></span> <span class='ocrx_word' id='word_1_565' title='bbox 3153 2484 3301 2546; x_wconf 77' lang='lat' dir='ltr'><strong>Hanc</strong></span> <span class='ocrx_word' id='word_1_566' title='bbox 3343 2484 3815 2562; x_wconf 75' lang='lat' dir='ltr'><strong>consuetudinem,</strong></span> 
     </span>
    </p>
   </div>
   <div class='ocr_carea' id='block_1_69' title="bbox 2215 2560 3816 2636">
    <p class='ocr_par' dir='ltr' id='par_1_69' title="bbox 2215 2560 3816 2636">
     <span class='ocr_line' id='line_1_69' title="bbox 2215 2560 3816 2636; baseline 0.011 -29"><span class='ocrx_word' id='word_1_567' title='bbox 2215 2571 2335 2636; x_wconf 71' lang='lat' dir='ltr'><strong>qua:</strong></span> <span class='ocrx_word' id='word_1_568' title='bbox 2386 2567 2572 2612; x_wconf 90' lang='lat' dir='ltr'><strong>contra</strong></span> <span class='ocrx_word' id='word_1_569' title='bbox 2619 2571 2860 2636; x_wconf 59' lang='lat' dir='ltr'><strong>salictam</strong></span> <span class='ocrx_word' id='word_1_570' title='bbox 2914 2560 3213 2636; x_wconf 73' lang='lat' dir='ltr'><strong>Ecclesium</strong></span> <span class='ocrx_word' id='word_1_571' title='bbox 3263 2565 3587 2622; x_wconf 88' lang='lat' dir='ltr'><strong>catholicam</strong></span> <span class='ocrx_word' id='word_1_572' title='bbox 3631 2560 3816 2636; x_wconf 82' lang='lat' dir='ltr'><strong>augeri</strong></span> 
     </span>
    </p>
   </div>
   <div class='ocr_carea' id='block_1_70' title="bbox 2219 2627 3817 2699">
    <p class='ocr_par' dir='ltr' id='par_1_70' title="bbox 2219 2627 3817 2699">
     <span class='ocr_line' id='line_1_70' title="bbox 2219 2627 3817 2699; baseline 0.013 -23"><span class='ocrx_word' id='word_1_573' title='bbox 2219 2627 2456 2696; x_wconf 85' lang='lat' dir='ltr'><strong>videtur,</strong></span> <span class='ocrx_word' id='word_1_574' title='bbox 2503 2633 2726 2684; x_wconf 77' lang='lat' dir='ltr'><strong>Omnino</strong></span> <span class='ocrx_word' id='word_1_575' title='bbox 2770 2632 3170 2699; x_wconf 89' lang='lat' dir='ltr'><strong>interdicimus,</strong></span> <span class='ocrx_word' id='word_1_576' title='bbox 3205 2643 3264 2688; x_wconf 90' lang='lat' dir='ltr'><strong>ut</strong></span> <span class='ocrx_word' id='word_1_577' title='bbox 3306 2636 3453 2693; x_wconf 90' lang='lat' dir='ltr'><strong>nullo</strong></span> <span class='ocrx_word' id='word_1_578' title='bbox 3499 2639 3665 2692; x_wconf 90' lang='lat' dir='ltr'><strong>modo</strong></span> <span class='ocrx_word' id='word_1_579' title='bbox 3701 2627 3817 2695; x_wconf 54' lang='lat' dir='ltr'><strong>fitn-</strong></span> 
     </span>
    </p>
   </div>
   <div class='ocr_carea' id='block_1_71' title="bbox 2213 2701 3816 2771">
    <p class='ocr_par' dir='ltr' id='par_1_71' title="bbox 2213 2701 3816 2771">
     <span class='ocr_line' id='line_1_71' title="bbox 2213 2701 3816 2771; baseline 0.011 -21"><span class='ocrx_word' id='word_1_580' title='bbox 2213 2713 2373 2767; x_wconf 90' lang='lat' dir='ltr'><strong>quam</strong></span> <span class='ocrx_word' id='word_1_581' title='bbox 2407 2701 2728 2767; x_wconf 75' lang='lat' dir='ltr'><strong>oblationes,</strong></span> <span class='ocrx_word' id='word_1_582' title='bbox 2757 2719 2878 2771; x_wconf 70' lang='lat' dir='ltr'><strong>qtae</strong></span> <span class='ocrx_word' id='word_1_583' title='bbox 2911 2703 3047 2757; x_wconf 87' lang='lat' dir='ltr'><strong>intra</strong></span> <span class='ocrx_word' id='word_1_584' title='bbox 3079 2713 3322 2761; x_wconf 88' lang='lat' dir='ltr'><strong>sanctam</strong></span> <span class='ocrx_word' id='word_1_585' title='bbox 3354 2705 3660 2764; x_wconf 82' lang='lat' dir='ltr'><strong>Ecclesiam</strong></span> <span class='ocrx_word' id='word_1_586' title='bbox 3686 2712 3816 2768; x_wconf 80' lang='lat' dir='ltr'><strong>olfe-</strong></span> 
     </span>
    </p>
   </div>
   <div class='ocr_carea' id='block_1_72' title="bbox 2215 2773 3812 2845">
    <p class='ocr_par' dir='ltr' id='par_1_72' title="bbox 2215 2773 3812 2845">
     <span class='ocr_line' id='line_1_72' title="bbox 2215 2773 3812 2845; baseline 0.011 -24"><span class='ocrx_word' id='word_1_587' title='bbox 2215 2779 2430 2845; x_wconf 76' lang='lat' dir='ltr'><strong>runtur,</strong></span> <span class='ocrx_word' id='word_1_588' title='bbox 2463 2773 2564 2827; x_wconf 89' lang='lat' dir='ltr'><strong>sub</strong></span> <span class='ocrx_word' id='word_1_589' title='bbox 2591 2774 2815 2829; x_wconf 89' lang='lat' dir='ltr'><strong>domino</strong></span> <span class='ocrx_word' id='word_1_590' title='bbox 2846 2774 3107 2830; x_wconf 83' lang='lat' dir='ltr'><strong>laicornm</strong></span> <span class='ocrx_word' id='word_1_591' title='bbox 3137 2776 3505 2845; x_wconf 81' lang='lat' dir='ltr'><strong>detineantur,</strong></span> <span class='ocrx_word' id='word_1_592' title='bbox 3539 2788 3650 2837; x_wconf 87' lang='lat' dir='ltr'><strong>etc.</strong></span> <span class='ocrx_word' id='word_1_593' title='bbox 3683 2780 3812 2838; x_wconf 87' lang='lat' dir='ltr'><strong>Con-</strong></span> 
     </span>
    </p>
   </div>
   <div class='ocr_carea' id='block_1_73' title="bbox 2211 2841 3814 2926">
    <p class='ocr_par' dir='ltr' id='par_1_73' title="bbox 2211 2841 3814 2926">
     <span class='ocr_line' id='line_1_73' title="bbox 2211 2841 3814 2926; baseline 0.011 -33"><span class='ocrx_word' id='word_1_594' title='bbox 2211 2841 2291 2926; x_wconf 77' lang='lat' dir='ltr'><strong>fer</strong></span> <span class='ocrx_word' id='word_1_595' title='bbox 2333 2844 2597 2926; x_wconf 60' lang='lat' dir='ltr'><strong>utriusque</strong></span> <span class='ocrx_word' id='word_1_596' title='bbox 2631 2846 2906 2926; x_wconf 73' lang='lat' dir='ltr'><strong>dictatum,</strong></span> <span class='ocrx_word' id='word_1_597' title='bbox 2955 2857 3006 2901; x_wconf 85' lang='lat' dir='ltr'><strong>et</strong></span> <span class='ocrx_word' id='word_1_598' title='bbox 3048 2847 3111 2901; x_wconf 85' lang='lat' dir='ltr'><strong>ab</strong></span> <span class='ocrx_word' id='word_1_599' title='bbox 3155 2865 3257 2904; x_wconf 85' lang='lat' dir='ltr'><strong>uno</strong></span> <span class='ocrx_word' id='word_1_600' title='bbox 3293 2841 3578 2923; x_wconf 75' lang='lat' dir='ltr'><strong>eodemque</strong></span> <span class='ocrx_word' id='word_1_601' title='bbox 3617 2856 3814 2926; x_wconf 80' lang='lat' dir='ltr'><strong>artiﬁce</strong></span> 
     </span>
    </p>
   </div>
   <div class='ocr_carea' id='block_1_74' title="bbox 2211 2913 2861 2988">
    <p class='ocr_par' dir='ltr' id='par_1_74' title="bbox 2211 2913 2861 2988">
     <span class='ocr_line' id='line_1_74' title="bbox 2211 2913 2861 2988; baseline 0.012 -23"><span class='ocrx_word' id='word_1_602' title='bbox 2211 2913 2561 2984; x_wconf 78' lang='lat' dir='ltr'><strong>deprehendes</strong></span> <span class='ocrx_word' id='word_1_603' title='bbox 2589 2919 2861 2988; x_wconf 80' lang='lat' dir='ltr'><strong>prodiisse.</strong></span> 
     </span>
    </p>
   </div>
   <div class='ocr_carea' id='block_1_75' title="bbox 2727 3054 3281 3114">
    <p class='ocr_par' dir='ltr' id='par_1_75' title="bbox 2727 3054 3281 3114">
     <span class='ocr_line' id='line_1_75' title="bbox 2727 3054 3281 3114; baseline 0.007 -4"><span class='ocrx_word' id='word_1_604' title='bbox 2727 3054 3059 3112; x_wconf 76' lang='lat' dir='ltr'><strong>EPISTOLA</strong></span> <span class='ocrx_word' id='word_1_605' title='bbox 3099 3055 3281 3114; x_wconf 75' lang='lat' dir='ltr'><strong>XLIII.</strong></span> 
     </span>
    </p>
   </div>
   <div class='ocr_carea' id='block_1_76' title="bbox 2810 3193 3189 3235">
    <p class='ocr_par' dir='ltr' id='par_1_76' title="bbox 2810 3193 3189 3235">
     <span class='ocr_line' id='line_1_76' title="bbox 2810 3193 3189 3235; baseline 0.008 -3"><span class='ocrx_word' id='word_1_606' title='bbox 2810 3193 2880 3233; x_wconf 73' lang='lat' dir='ltr'><strong>AD</strong></span> <span class='ocrx_word' id='word_1_607' title='bbox 2919 3193 3189 3235; x_wconf 69' lang='lat' dir='ltr'><strong>DAMASUI.</strong></span> 
     </span>
    </p>
   </div>
   <div class='ocr_carea' id='block_1_77' title="bbox 2618 3288 3374 3354">
    <p class='ocr_par' dir='ltr' id='par_1_77' title="bbox 2618 3288 3374 3354">
     <span class='ocr_line' id='line_1_77' title="bbox 2618 3288 3374 3354; baseline 0.015 -10"><span class='ocrx_word' id='word_1_608' title='bbox 2618 3288 2699 3346; x_wconf 86' lang='lat' dir='ltr'><strong>De</strong></span> <span class='ocrx_word' id='word_1_609' title='bbox 2729 3290 3092 3351; x_wconf 80' lang='lat' dir='ltr'><strong>Oblationibus</strong></span> <span class='ocrx_word' id='word_1_610' title='bbox 3120 3297 3303 3354; x_wconf 81' lang='lat' dir='ltr'><strong>altaris</strong></span> <span class='ocrx_word' id='word_1_611' title='bbox 3326 3308 3374 3354; x_wconf 75' lang='grc'><strong>⁸.</strong></span> 
     </span>
    </p>
   </div>
   <div class='ocr_carea' id='block_1_78' title="bbox 2272 3403 3807 3489">
    <p class='ocr_par' dir='ltr' id='par_1_78' title="bbox 2272 3403 3807 3489">
     <span class='ocr_line' id='line_1_78' title="bbox 2272 3403 3807 3489; baseline 0.012 -29"><span class='ocrx_word' id='word_1_612' title='bbox 2272 3404 2314 3460; x_wconf 84' lang='grc' dir='ltr'><strong>Ι.</strong></span> <span class='ocrx_word' id='word_1_613' title='bbox 2354 3403 2581 3463; x_wconf 80' lang='lat' dir='ltr'><strong>Noverit</strong></span> <span class='ocrx_word' id='word_1_614' title='bbox 2609 3421 2798 3466; x_wconf 84' lang='lat' dir='ltr'><strong>sancta</strong></span> <span class='ocrx_word' id='word_1_615' title='bbox 2828 3414 3128 3470; x_wconf 83' lang='lat' dir='ltr'><strong>auctoritas</strong></span> <span class='ocrx_word' id='word_1_616' title='bbox 3159 3424 3270 3484; x_wconf 85' lang='lat' dir='ltr'><strong>tua,</strong></span> <span class='ocrx_word' id='word_1_617' title='bbox 3303 3431 3438 3489; x_wconf 91' lang='lat' dir='ltr'><strong>papa</strong></span> <span class='ocrx_word' id='word_1_618' title='bbox 3470 3423 3807 3487; x_wconf 79' lang='lat' dir='ltr'><strong>venerande,</strong></span> 
     </span>
    </p>
   </div>
   <div class='ocr_carea' id='block_1_79' title="bbox 2198 3496 3809 3584">
    <p class='ocr_par' dir='ltr' id='par_1_79' title="bbox 2198 3496 3809 3584">
     <span class='ocr_line' id='line_1_79' title="bbox 2198 3496 3809 3584; baseline 0.012 -34"><span class='ocrx_word' id='word_1_619' title='bbox 2198 3497 2324 3566; x_wconf 87' lang='lat' dir='ltr'><strong>quia</strong></span> <span class='ocrx_word' id='word_1_620' title='bbox 2351 3496 2424 3553; x_wconf 89' lang='lat' dir='ltr'><strong>de</strong></span> <span class='ocrx_word' id='word_1_621' title='bbox 2469 3500 2791 3570; x_wconf 74' lang='lat' dir='ltr'><strong>quaestione,</strong></span> <span class='ocrx_word' id='word_1_622' title='bbox 2825 3518 2985 3574; x_wconf 86' lang='lat' dir='ltr'><strong>quam</strong></span> <span class='ocrx_word' id='word_1_623' title='bbox 3033 3506 3290 3564; x_wconf 87' lang='lat' dir='ltr'><strong>clientulo</strong></span> <span class='ocrx_word' id='word_1_624' title='bbox 3322 3522 3414 3566; x_wconf 88' lang='lat' dir='ltr'><strong>tuo</strong></span> <span class='ocrx_word' id='word_1_625' title='bbox 3441 3515 3809 3584; x_wconf 86' lang='lat' dir='ltr'><strong>proposuisti,</strong></span> 
     </span>
    </p>
   </div>
   <div class='ocr_carea' id='block_1_80' title="bbox 2198 3598 3811 3675">
    <p class='ocr_par' dir='ltr' id='par_1_80' title="bbox 2198 3598 3811 3675">
     <span class='ocr_line' id='line_1_80' title="bbox 2198 3598 3811 3675; baseline 0.013 -32"><span class='ocrx_word' id='word_1_626' title='bbox 2198 3598 2254 3645; x_wconf 88' lang='lat' dir='ltr'><strong>et</strong></span> <span class='ocrx_word' id='word_1_627' title='bbox 2279 3604 2515 3659; x_wconf 83' lang='lat' dir='ltr'><strong>congrua</strong></span> <span class='ocrx_word' id='word_1_628' title='bbox 2566 3607 2830 3664; x_wconf 80' lang='lat' dir='ltr'><strong>responsa</strong></span> <span class='ocrx_word' id='word_1_629' title='bbox 2875 3611 2973 3665; x_wconf 84' lang='lat' dir='ltr'><strong>per</strong></span> <span class='ocrx_word' id='word_1_630' title='bbox 3018 3599 3303 3669; x_wconf 87' lang='lat' dir='ltr'><strong>epistolam</strong></span> <span class='ocrx_word' id='word_1_631' title='bbox 3351 3603 3651 3675; x_wconf 78' lang='lat' dir='ltr'><strong>mandasti,</strong></span> <span class='ocrx_word' id='word_1_632' title='bbox 3707 3606 3811 3663; x_wconf 81' lang='lat' dir='ltr'><strong>hoc</strong></span> 
     </span>
    </p>
   </div>
   <div class='ocr_carea' id='block_1_81' title="bbox 2198 3681 3811 3769">
    <p class='ocr_par' dir='ltr' id='par_1_81' title="bbox 2198 3681 3811 3769">
     <span class='ocr_line' id='line_1_81' title="bbox 2198 3681 3811 3769; baseline 0.012 -33"><span class='ocrx_word' id='word_1_633' title='bbox 2198 3688 2301 3750; x_wconf 88' lang='lat' dir='ltr'><strong>est,</strong></span> <span class='ocrx_word' id='word_1_634' title='bbox 2334 3681 2403 3738; x_wconf 89' lang='lat' dir='ltr'><strong>de</strong></span> <span class='ocrx_word' id='word_1_635' title='bbox 2437 3683 2666 3757; x_wconf 81' lang='lat' dir='ltr'><strong>panibus</strong></span> <span class='ocrx_word' id='word_1_636' title='bbox 2690 3699 2721 3740; x_wconf 84' lang='lat' dir='ltr'><strong>a</strong></span> <span class='ocrx_word' id='word_1_637' title='bbox 2749 3685 2998 3745; x_wconf 75' lang='lat' dir='ltr'><strong>ﬁdelibus</strong></span> <span class='ocrx_word' id='word_1_638' title='bbox 3023 3689 3078 3745; x_wconf 91' lang='lat' dir='ltr'><strong>in</strong></span> <span class='ocrx_word' id='word_1_639' title='bbox 3105 3691 3264 3747; x_wconf 85' lang='lat' dir='ltr'><strong>altari</strong></span> <span class='ocrx_word' id='word_1_640' title='bbox 3293 3694 3515 3764; x_wconf 81' lang='lat' dir='ltr'><strong>oblatis,</strong></span> <span class='ocrx_word' id='word_1_641' title='bbox 3545 3698 3678 3769; x_wconf 87' lang='lat' dir='ltr'><strong>quis</strong></span> <span class='ocrx_word' id='word_1_642' title='bbox 3702 3699 3811 3756; x_wconf 86' lang='lat' dir='ltr'><strong>illis</strong></span> 
     </span>
    </p>
   </div>
   <div class='ocr_carea' id='block_1_82' title="bbox 2192 3772 3812 3858">
    <p class='ocr_par' dir='ltr' id='par_1_82' title="bbox 2192 3772 3812 3858">
     <span class='ocr_line' id='line_1_82' title="bbox 2192 3772 3812 3858; baseline 0.014 -30"><span class='ocrx_word' id='word_1_643' title='bbox 2192 3772 2317 3844; x_wconf 79' lang='lat' dir='ltr'><strong>jure</strong></span> <span class='ocrx_word' id='word_1_644' title='bbox 2343 3777 2418 3831; x_wconf 91' lang='lat' dir='ltr'><strong>uti</strong></span> <span class='ocrx_word' id='word_1_645' title='bbox 2447 3776 2667 3834; x_wconf 85' lang='lat' dir='ltr'><strong>debeat.</strong></span> <span class='ocrx_word' id='word_1_646' title='bbox 2694 3779 2967 3848; x_wconf 86' lang='lat' dir='ltr'><strong>Quantum</strong></span> <span class='ocrx_word' id='word_1_647' title='bbox 3001 3787 3287 3858; x_wconf 67' lang='lat' dir='ltr'><strong>praecipuis</strong></span> <span class='ocrx_word' id='word_1_648' title='bbox 3318 3787 3587 3848; x_wconf 73' lang='lat' dir='ltr'><strong>Ecclesia:</strong></span> <span class='ocrx_word' id='word_1_649' title='bbox 3617 3793 3812 3851; x_wconf 88' lang='lat' dir='ltr'><strong>docto-</strong></span> 
     </span>
    </p>
   </div>
   <div class='ocr_carea' id='block_1_83' title="bbox 2197 3865 3812 3974">
    <p class='ocr_par' dir='ltr' id='par_1_83' title="bbox 2197 3865 3812 3974">
     <span class='ocr_line' id='line_1_83' title="bbox 2197 3865 3812 3974; baseline 0.013 -53"><span class='ocrx_word' id='word_1_650' title='bbox 2197 3865 2346 3924; x_wconf 87' lang='lat' dir='ltr'><strong>ribus</strong></span> <span class='ocrx_word' id='word_1_651' title='bbox 2383 3867 2714 3942; x_wconf 82' lang='lat' dir='ltr'><strong>investigare</strong></span> <span class='ocrx_word' id='word_1_652' title='bbox 2748 3874 2915 3938; x_wconf 85' lang='lat' dir='ltr'><strong>valui,</strong></span> <span class='ocrx_word' id='word_1_653' title='bbox 2946 3876 2997 3930; x_wconf 93' lang='lat' dir='ltr'><strong>in</strong></span> <span class='ocrx_word' id='word_1_654' title='bbox 3026 3879 3215 3948; x_wconf 85' lang='lat' dir='ltr'><strong>paucis</strong></span> <span class='ocrx_word' id='word_1_655' title='bbox 3246 3881 3344 3936; x_wconf 89' lang='lat' dir='ltr'><strong>tibi</strong></span> <span class='ocrx_word' id='word_1_656' title='bbox 3371 3869 3687 3943; x_wconf 75' lang='lat' dir='ltr'><strong>rescribere</strong></span> <span class='ocrx_word' id='word_1_657' title='bbox 3712 3901 3812 3974; x_wconf 69' lang='lat' dir='ltr'><strong>cu-</strong></span> 
     </span>
    </p>
   </div>
   <div class='ocr_carea' id='block_1_84' title="bbox 2165 3959 3812 4041">
    <p class='ocr_par' dir='ltr' id='par_1_84' title="bbox 2165 3959 3812 4041">
     <span class='ocr_line' id='line_1_84' title="bbox 2165 3959 3812 4041; baseline 0.016 -28"><span class='ocrx_word' id='word_1_658' title='bbox 2165 3959 2333 4016; x_wconf 80' lang='lat' dir='ltr'><strong>-ravi.</strong></span> <span class='ocrx_word' id='word_1_659' title='bbox 2365 3959 2559 4020; x_wconf 85' lang='lat' dir='ltr'><strong>Testes</strong></span> <span class='ocrx_word' id='word_1_660' title='bbox 2589 3976 2772 4021; x_wconf 87' lang='lat' dir='ltr'><strong>autem</strong></span> <span class='ocrx_word' id='word_1_661' title='bbox 2804 3967 2988 4026; x_wconf 89' lang='lat' dir='ltr'><strong>idonei</strong></span> <span class='ocrx_word' id='word_1_662' title='bbox 3019 3986 3155 4041; x_wconf 86' lang='lat' dir='ltr'><strong>quos</strong></span> <span class='ocrx_word' id='word_1_663' title='bbox 3180 3974 3248 4028; x_wconf 89' lang='lat' dir='ltr'><strong>ad</strong></span> <span class='ocrx_word' id='word_1_664' title='bbox 3289 3976 3426 4033; x_wconf 84' lang='lat' dir='ltr'><strong>hanc</strong></span> <span class='ocrx_word' id='word_1_665' title='bbox 3459 3994 3573 4034; x_wconf 84' lang='lat' dir='ltr'><strong>rem</strong></span> <span class='ocrx_word' id='word_1_666' title='bbox 3608 3959 3812 4039; x_wconf 56' lang='lat' dir='ltr'><strong>col-ro-</strong></span> 
     </span>
    </p>
   </div>
   <div class='ocr_carea' id='block_1_85' title="bbox 2193 4055 3813 4142">
    <p class='ocr_par' dir='ltr' id='par_1_85' title="bbox 2193 4055 3813 4142">
     <span class='ocr_line' id='line_1_85' title="bbox 2193 4055 3813 4142; baseline 0.013 -30"><span class='ocrx_word' id='word_1_667' title='bbox 2193 4055 2492 4114; x_wconf 85' lang='lat' dir='ltr'><strong>borandam</strong></span> <span class='ocrx_word' id='word_1_668' title='bbox 2518 4062 2808 4128; x_wconf 88' lang='lat' dir='ltr'><strong>concitavi,</strong></span> <span class='ocrx_word' id='word_1_669' title='bbox 2840 4063 2893 4120; x_wconf 91' lang='lat' dir='ltr'><strong>hi</strong></span> <span class='ocrx_word' id='word_1_670' title='bbox 2933 4077 3065 4122; x_wconf 90' lang='lat' dir='ltr'><strong>sunt</strong></span> <span class='ocrx_word' id='word_1_671' title='bbox 3100 4069 3395 4142; x_wconf 72' lang='lat' dir='ltr'><strong>Gregorius</strong></span> <span class='ocrx_word' id='word_1_672' title='bbox 3424 4074 3813 4134; x_wconf 67' lang='lat' dir='ltr'><strong>Nazianzenus</strong></span> 
     </span>
    </p>
   </div>
   <div class='ocr_carea' id='block_1_86' title="bbox 2195 4149 3809 4240">
    <p class='ocr_par' dir='ltr' id='par_1_86' title="bbox 2195 4149 3809 4240">
     <span class='ocr_line' id='line_1_86' title="bbox 2195 4149 3809 4240; baseline 0.015 -36"><span class='ocrx_word' id='word_1_673' title='bbox 2195 4149 2465 4207; x_wconf 87' lang='lat' dir='ltr'><strong>mirabilis</strong></span> <span class='ocrx_word' id='word_1_674' title='bbox 2503 4153 2718 4222; x_wconf 90' lang='lat' dir='ltr'><strong>doctor,</strong></span> <span class='ocrx_word' id='word_1_675' title='bbox 2761 4156 3017 4230; x_wconf 83' lang='lat' dir='ltr'><strong>Cyrillus,</strong></span> <span class='ocrx_word' id='word_1_676' title='bbox 3049 4160 3402 4230; x_wconf 82' lang='lat' dir='ltr'><strong>Athanasius,</strong></span> <span class='ocrx_word' id='word_1_677' title='bbox 3437 4166 3809 4240; x_wconf 82' lang='lat' dir='ltr'><strong>Theophilus,</strong></span> 
     </span>
    </p>
   </div>
   <div class='ocr_carea' id='block_1_87' title="bbox 2195 4241 3808 4335">
    <p class='ocr_par' dir='ltr' id='par_1_87' title="bbox 2195 4241 3808 4335">
     <span class='ocr_line' id='line_1_87' title="bbox 2195 4241 3808 4335; baseline 0.016 -42"><span class='ocrx_word' id='word_1_678' title='bbox 2195 4241 2503 4311; x_wconf 80' lang='lat' dir='ltr'><strong>Anatolius,</strong></span> <span class='ocrx_word' id='word_1_679' title='bbox 2544 4242 2784 4302; x_wconf 74' lang='lat' dir='ltr'><strong>Joannes</strong></span> <span class='ocrx_word' id='word_1_680' title='bbox 2826 4248 3285 4322; x_wconf 78' lang='lat' dir='ltr'><strong>Chrysostomtts,</strong></span> <span class='ocrx_word' id='word_1_681' title='bbox 3333 4257 3659 4318; x_wconf 76' lang='lat' dir='ltr'><strong>Eustathius</strong></span> <span class='ocrx_word' id='word_1_682' title='bbox 3693 4261 3808 4335; x_wconf 81' lang='grc' dir='ltr'><strong>[ΑΙ.</strong></span> 
     </span>
    </p>
   </div>
   <div class='ocr_carea' id='block_1_88' title="bbox 2195 4335 3812 4422">
    <p class='ocr_par' dir='ltr' id='par_1_88' title="bbox 2195 4335 3812 4422">
     <span class='ocr_line' id='line_1_88' title="bbox 2195 4335 3812 4422; baseline 0.015 -31"><span class='ocrx_word' id='word_1_683' title='bbox 2195 4335 2580 4410; x_wconf 81' lang='lat' dir='ltr'><strong>Eustachius],</strong></span> <span class='ocrx_word' id='word_1_684' title='bbox 2630 4341 2900 4402; x_wconf 82' lang='lat' dir='ltr'><strong>Eusebius</strong></span> <span class='ocrx_word' id='word_1_685' title='bbox 2955 4350 3442 4422; x_wconf 85' lang='lat' dir='ltr'><strong>cltronographus,</strong></span> <span class='ocrx_word' id='word_1_686' title='bbox 3491 4366 3546 4411; x_wconf 86' lang='lat' dir='ltr'><strong>et</strong></span> <span class='ocrx_word' id='word_1_687' title='bbox 3608 4369 3812 4415; x_wconf 83' lang='lat' dir='ltr'><strong>noster</strong></span> 
     </span>
    </p>
   </div>
   <div class='ocr_carea' id='block_1_89' title="bbox 2193 4429 3806 4519">
    <p class='ocr_par' dir='ltr' id='par_1_89' title="bbox 2193 4429 3806 4519">
     <span class='ocr_line' id='line_1_89' title="bbox 2193 4429 3806 4519; baseline 0.015 -35"><span class='ocrx_word' id='word_1_688' title='bbox 2193 4429 2591 4506; x_wconf 86' lang='lat' dir='ltr'><strong>llllarius:qui</strong></span> <span class='ocrx_word' id='word_1_689' title='bbox 2640 4452 2829 4495; x_wconf 87' lang='lat' dir='ltr'><strong>omnes</strong></span> <span class='ocrx_word' id='word_1_690' title='bbox 2870 4456 2978 4497; x_wconf 91' lang='lat' dir='ltr'><strong>uno</strong></span> <span class='ocrx_word' id='word_1_691' title='bbox 3020 4458 3116 4499; x_wconf 86' lang='lat' dir='ltr'><strong>ore</strong></span> <span class='ocrx_word' id='word_1_692' title='bbox 3164 4446 3466 4519; x_wconf 87' lang='lat' dir='ltr'><strong>eodemque</strong></span> <span class='ocrx_word' id='word_1_693' title='bbox 3517 4465 3806 4508; x_wconf 83' lang='lat' dir='ltr'><strong>consensu</strong></span> 
     </span>
    </p>
   </div>
   <div class='ocr_carea' id='block_1_90' title="bbox 2193 4523 3812 4607">
    <p class='ocr_par' dir='ltr' id='par_1_90' title="bbox 2193 4523 3812 4607">
     <span class='ocr_line' id='line_1_90' title="bbox 2193 4523 3812 4607; baseline 0.015 -30"><span class='ocrx_word' id='word_1_694' title='bbox 2193 4523 2360 4580; x_wconf 87' lang='lat' dir='ltr'><strong>veluti</strong></span> <span class='ocrx_word' id='word_1_695' title='bbox 2391 4541 2518 4581; x_wconf 86' lang='lat' dir='ltr'><strong>vera</strong></span> <span class='ocrx_word' id='word_1_696' title='bbox 2551 4531 2726 4585; x_wconf 85' lang='lat' dir='ltr'><strong>sancti</strong></span> <span class='ocrx_word' id='word_1_697' title='bbox 2761 4532 2996 4602; x_wconf 82' lang='lat' dir='ltr'><strong>Spiritus</strong></span> <span class='ocrx_word' id='word_1_698' title='bbox 3021 4552 3245 4607; x_wconf 79' lang='lat' dir='ltr'><strong>organa,</strong></span> <span class='ocrx_word' id='word_1_699' title='bbox 3275 4541 3652 4600; x_wconf 76' lang='lat' dir='ltr'><strong>anathematis</strong></span> <span class='ocrx_word' id='word_1_700' title='bbox 3685 4563 3812 4601; x_wconf 87' lang='lat' dir='ltr'><strong>mu-</strong></span> 
     </span>
    </p>
   </div>
   <div class='ocr_carea' id='block_1_91' title="bbox 2186 4627 3809 4702">
    <p class='ocr_par' dir='ltr' id='par_1_91' title="bbox 2186 4627 3809 4702">
     <span class='ocr_line' id='line_1_91' title="bbox 2186 4627 3809 4702; baseline 0.015 -30"><span class='ocrx_word' id='word_1_701' title='bbox 2186 4630 2355 4672; x_wconf 87' lang='lat' dir='ltr'><strong>crone</strong></span> <span class='ocrx_word' id='word_1_702' title='bbox 2399 4631 2628 4677; x_wconf 83' lang='lat' dir='ltr'><strong>censent</strong></span> <span class='ocrx_word' id='word_1_703' title='bbox 2667 4639 2790 4679; x_wconf 89' lang='lat' dir='ltr'><strong>esse</strong></span> <span class='ocrx_word' id='word_1_704' title='bbox 2838 4627 3131 4697; x_wconf 81' lang='lat' dir='ltr'><strong>feriendus,</strong></span> <span class='ocrx_word' id='word_1_705' title='bbox 3163 4633 3254 4702; x_wconf 88' lang='lat' dir='ltr'><strong>qui</strong></span> <span class='ocrx_word' id='word_1_706' title='bbox 3299 4635 3350 4688; x_wconf 84' lang='lat' dir='ltr'><strong>in</strong></span> <span class='ocrx_word' id='word_1_707' title='bbox 3381 4649 3481 4690; x_wconf 89' lang='lat' dir='ltr'><strong>usu</strong></span> <span class='ocrx_word' id='word_1_708' title='bbox 3519 4635 3809 4696; x_wconf 86' lang='lat' dir='ltr'><strong>laicorum</strong></span> 
     </span>
    </p>
   </div>
   <div class='ocr_carea' id='block_1_92' title="bbox 2187 4712 3818 4796">
    <p class='ocr_par' dir='ltr' id='par_1_92' title="bbox 2187 4712 3818 4796">
     <span class='ocr_line' id='line_1_92' title="bbox 2187 4712 3818 4796; baseline 0.018 -35"><span class='ocrx_word' id='word_1_709' title='bbox 2187 4722 2355 4779; x_wconf 87' lang='lat' dir='ltr'><strong>panes</strong></span> <span class='ocrx_word' id='word_1_710' title='bbox 2385 4712 2724 4769; x_wconf 89' lang='lat' dir='ltr'><strong>oblationum</strong></span> <span class='ocrx_word' id='word_1_711' title='bbox 2757 4720 3132 4778; x_wconf 89' lang='lat' dir='ltr'><strong>contulerint:</strong></span> <span class='ocrx_word' id='word_1_712' title='bbox 3162 4725 3287 4796; x_wconf 89' lang='lat' dir='ltr'><strong>quia</strong></span> <span class='ocrx_word' id='word_1_713' title='bbox 3344 4730 3567 4784; x_wconf 85' lang='lat' dir='ltr'><strong>omnino</strong></span> <span class='ocrx_word' id='word_1_714' title='bbox 3610 4747 3818 4790; x_wconf 83' lang='lat' dir='ltr'><strong>sacer-</strong></span> 
     </span>
    </p>
   </div>
   <div class='ocr_carea' id='block_1_93' title="bbox 2185 4801 3811 4895">
    <p class='ocr_par' dir='ltr' id='par_1_93' title="bbox 2185 4801 3811 4895">
     <span class='ocr_line' id='line_1_93' title="bbox 2185 4801 3811 4895; baseline 0.014 -40"><span class='ocrx_word' id='word_1_715' title='bbox 2185 4801 2402 4858; x_wconf 84' lang='lat' dir='ltr'><strong>dotibus</strong></span> <span class='ocrx_word' id='word_1_716' title='bbox 2432 4805 2567 4862; x_wconf 87' lang='lat' dir='ltr'><strong>solis</strong></span> <span class='ocrx_word' id='word_1_717' title='bbox 2595 4806 2904 4867; x_wconf 87' lang='lat' dir='ltr'><strong>debentur:</strong></span> <span class='ocrx_word' id='word_1_718' title='bbox 2941 4815 3041 4869; x_wconf 90' lang='lat' dir='ltr'><strong>nisi</strong></span> <span class='ocrx_word' id='word_1_719' title='bbox 3087 4816 3226 4873; x_wconf 83' lang='lat' dir='ltr'><strong>forte</strong></span> <span class='ocrx_word' id='word_1_720' title='bbox 3263 4819 3537 4891; x_wconf 78' lang='lat' dir='ltr'><strong>religionis</strong></span> <span class='ocrx_word' id='word_1_721' title='bbox 3589 4825 3811 4895; x_wconf 74' lang='lat' dir='ltr'><strong>gratia,</strong></span> 
     </span>
    </p>
   </div>
   <div class='ocr_carea' id='block_1_94' title="bbox 2186 4893 3811 4986">
    <p class='ocr_par' dir='ltr' id='par_1_94' title="bbox 2186 4893 3811 4986">
     <span class='ocr_line' id='line_1_94' title="bbox 2186 4893 3811 4986; baseline 0.016 -39"><span class='ocrx_word' id='word_1_722' title='bbox 2186 4893 2307 4950; x_wconf 78' lang='lat' dir='ltr'><strong>laici</strong></span> <span class='ocrx_word' id='word_1_723' title='bbox 2337 4911 2433 4965; x_wconf 86' lang='lat' dir='ltr'><strong>pro</strong></span> <span class='ocrx_word' id='word_1_724' title='bbox 2456 4897 2836 4958; x_wconf 83' lang='lat' dir='ltr'><strong>benedictione</strong></span> <span class='ocrx_word' id='word_1_725' title='bbox 2869 4905 2934 4959; x_wconf 79' lang='lat' dir='ltr'><strong>de</strong></span> <span class='ocrx_word' id='word_1_726' title='bbox 2972 4923 3131 4962; x_wconf 88' lang='lat' dir='ltr'><strong>manu</strong></span> <span class='ocrx_word' id='word_1_727' title='bbox 3159 4912 3461 4968; x_wconf 74' lang='lat' dir='ltr'><strong>sacerdotis</strong></span> <span class='ocrx_word' id='word_1_728' title='bbox 3488 4893 3811 4986; x_wconf 75' lang='lat' dir='ltr'><strong>accipian&#39;.</strong></span> 
     </span>
    </p>
   </div>
   <div class='ocr_carea' id='block_1_95' title="bbox 2181 4984 3813 5069">
    <p class='ocr_par' dir='ltr' id='par_1_95' title="bbox 2181 4984 3813 5069">
     <span class='ocr_line' id='line_1_95' title="bbox 2181 4984 3813 5069; baseline 0.018 -31"><span class='ocrx_word' id='word_1_729' title='bbox 2181 4984 2296 5042; x_wconf 82' lang='lat' dir='ltr'><strong>Non</strong></span> <span class='ocrx_word' id='word_1_730' title='bbox 2324 4990 2498 5045; x_wconf 80' lang='lat' dir='ltr'><strong>solum</strong></span> <span class='ocrx_word' id='word_1_731' title='bbox 2528 5001 2710 5048; x_wconf 86' lang='lat' dir='ltr'><strong>autem</strong></span> <span class='ocrx_word' id='word_1_732' title='bbox 2743 4996 2809 5052; x_wconf 92' lang='lat' dir='ltr'><strong>de</strong></span> <span class='ocrx_word' id='word_1_733' title='bbox 2830 4999 3062 5069; x_wconf 87' lang='lat' dir='ltr'><strong>panibus</strong></span> <span class='ocrx_word' id='word_1_734' title='bbox 3093 5003 3144 5056; x_wconf 88' lang='lat' dir='ltr'><strong>in</strong></span> <span class='ocrx_word' id='word_1_735' title='bbox 3175 5003 3417 5060; x_wconf 74' lang='lat' dir='ltr'><strong>Ecclesia</strong></span> <span class='ocrx_word' id='word_1_736' title='bbox 3448 5005 3550 5062; x_wconf 87' lang='lat' dir='ltr'><strong>hoc</strong></span> <span class='ocrx_word' id='word_1_737' title='bbox 3574 4984 3813 5067; x_wconf 75' lang='lat' dir='ltr'><strong>sanvc-</strong></span> 
     </span>
    </p>
   </div>
   <div class='ocr_carea' id='block_1_96' title="bbox 2178 5087 3817 5169">
    <p class='ocr_par' dir='ltr' id='par_1_96' title="bbox 2178 5087 3817 5169">
     <span class='ocr_line' id='line_1_96' title="bbox 2178 5087 3817 5169; baseline 0.018 -35"><span class='ocrx_word' id='word_1_738' title='bbox 2178 5090 2306 5136; x_wconf 88' lang='lat' dir='ltr'><strong>runt</strong></span> <span class='ocrx_word' id='word_1_739' title='bbox 2332 5091 2516 5152; x_wconf 83' lang='lat' dir='ltr'><strong>patres</strong></span> <span class='ocrx_word' id='word_1_740' title='bbox 2548 5087 2742 5152; x_wconf 90' lang='lat' dir='ltr'><strong>nostri,</strong></span> <span class='ocrx_word' id='word_1_741' title='bbox 2774 5092 2868 5146; x_wconf 89' lang='lat' dir='ltr'><strong>sed</strong></span> <span class='ocrx_word' id='word_1_742' title='bbox 2897 5094 2971 5148; x_wconf 86' lang='lat' dir='ltr'><strong>de</strong></span> <span class='ocrx_word' id='word_1_743' title='bbox 3003 5096 3260 5151; x_wconf 88' lang='lat' dir='ltr'><strong>omnibus</strong></span> <span class='ocrx_word' id='word_1_744' title='bbox 3296 5115 3420 5169; x_wconf 71' lang='lat' dir='ltr'><strong>qua:</strong></span> <span class='ocrx_word' id='word_1_745' title='bbox 3459 5101 3631 5159; x_wconf 78' lang='lat' dir='ltr'><strong>altari</strong></span> <span class='ocrx_word' id='word_1_746' title='bbox 3669 5106 3817 5164; x_wconf 75' lang='lat' dir='ltr'><strong>oile-</strong></span> 
     </span>
    </p>
   </div>
   <div class='ocr_carea' id='block_1_97' title="bbox 2177 5175 3814 5264">
    <p class='ocr_par' dir='ltr' id='par_1_97' title="bbox 2177 5175 3814 5264">
     <span class='ocr_line' id='line_1_97' title="bbox 2177 5175 3814 5264; baseline 0.018 -38"><span class='ocrx_word' id='word_1_747' title='bbox 2177 5184 2368 5228; x_wconf 91' lang='lat' dir='ltr'><strong>runtur</strong></span> <span class='ocrx_word' id='word_1_748' title='bbox 2405 5191 2420 5232; x_wconf 89' lang='lat'><strong>:</strong></span> <span class='ocrx_word' id='word_1_749' title='bbox 2463 5175 2709 5235; x_wconf 87' lang='lat' dir='ltr'><strong>dicentes</strong></span> <span class='ocrx_word' id='word_1_750' title='bbox 2756 5193 2921 5249; x_wconf 78' lang='lat' dir='ltr'><strong>atque</strong></span> <span class='ocrx_word' id='word_1_751' title='bbox 2977 5185 3261 5258; x_wconf 87' lang='lat' dir='ltr'><strong>docentes,</strong></span> <span class='ocrx_word' id='word_1_752' title='bbox 3309 5207 3564 5264; x_wconf 82' lang='lat' dir='ltr'><strong>magnum</strong></span> <span class='ocrx_word' id='word_1_753' title='bbox 3639 5199 3814 5255; x_wconf 81' lang='lat' dir='ltr'><strong>nefas</strong></span> 
     </span>
    </p>
   </div>
   <div class='ocr_carea' id='block_1_98' title="bbox 2178 5273 3812 5351">
    <p class='ocr_par' dir='ltr' id='par_1_98' title="bbox 2178 5273 3812 5351">
     <span class='ocr_line' id='line_1_98' title="bbox 2178 5273 3812 5351; baseline 0.018 -32"><span class='ocrx_word' id='word_1_754' title='bbox 2178 5279 2320 5332; x_wconf 86' lang='lat' dir='ltr'><strong>esse,</strong></span> <span class='ocrx_word' id='word_1_755' title='bbox 2356 5277 2411 5323; x_wconf 90' lang='lat' dir='ltr'><strong>et</strong></span> <span class='ocrx_word' id='word_1_756' title='bbox 2450 5285 2550 5339; x_wconf 84' lang='lat' dir='ltr'><strong>per</strong></span> <span class='ocrx_word' id='word_1_757' title='bbox 2585 5273 2772 5330; x_wconf 85' lang='lat' dir='ltr'><strong>omnia</strong></span> <span class='ocrx_word' id='word_1_758' title='bbox 2817 5277 3086 5335; x_wconf 83' lang='lat' dir='ltr'><strong>diabolica</strong></span> <span class='ocrx_word' id='word_1_759' title='bbox 3138 5284 3448 5343; x_wconf 83' lang='lat' dir='ltr'><strong>temeritate</strong></span> <span class='ocrx_word' id='word_1_760' title='bbox 3506 5289 3617 5347; x_wconf 84' lang='lat' dir='ltr'><strong>hoc</strong></span> <span class='ocrx_word' id='word_1_761' title='bbox 3679 5294 3812 5351; x_wconf 78' lang='lat' dir='ltr'><strong>fieri</strong></span> 
     </span>
    </p>
   </div>
   <div class='ocr_carea' id='block_1_99' title="bbox 2179 5356 3813 5443">
    <p class='ocr_par' dir='ltr' id='par_1_99' title="bbox 2179 5356 3813 5443">
     <span class='ocr_line' id='line_1_99' title="bbox 2179 5356 3813 5443; baseline 0.021 -33"><span class='ocrx_word' id='word_1_762' title='bbox 2179 5356 2504 5432; x_wconf 89' lang='lat' dir='ltr'><strong>ubicumque</strong></span> <span class='ocrx_word' id='word_1_763' title='bbox 2520 5367 2802 5433; x_wconf 84' lang='lat' dir='ltr'><strong>acciderit,</strong></span> <span class='ocrx_word' id='word_1_764' title='bbox 2817 5378 2872 5423; x_wconf 89' lang='lat' dir='ltr'><strong>et</strong></span> <span class='ocrx_word' id='word_1_765' title='bbox 2893 5369 3050 5428; x_wconf 84' lang='lat' dir='ltr'><strong>valde</strong></span> <span class='ocrx_word' id='word_1_766' title='bbox 3070 5387 3192 5432; x_wconf 78' lang='lat' dir='ltr'><strong>esse</strong></span> <span class='ocrx_word' id='word_1_767' title='bbox 3211 5375 3552 5436; x_wconf 78' lang='lat' dir='ltr'><strong>intolerabile</strong></span> <span class='ocrx_word' id='word_1_768' title='bbox 3571 5395 3813 5443; x_wconf 69' lang='lat' dir='ltr'><strong>sane-tm</strong></span> 
     </span>
    </p>
   </div>
   <div class='ocr_carea' id='block_1_100' title="bbox 2179 5449 3815 5540">
    <p class='ocr_par' dir='ltr' id='par_1_100' title="bbox 2179 5449 3815 5540">
     <span class='ocr_line' id='line_1_100' title="bbox 2179 5449 3815 5540; baseline 0.023 -38"><span class='ocrx_word' id='word_1_769' title='bbox 2179 5449 2455 5521; x_wconf 67' lang='lat' dir='ltr'><strong>Ecclesiae,</strong></span> <span class='ocrx_word' id='word_1_770' title='bbox 2491 5465 2548 5512; x_wconf 88' lang='lat' dir='ltr'><strong>ut</strong></span> <span class='ocrx_word' id='word_1_771' title='bbox 2581 5457 2702 5514; x_wconf 73' lang='lat' dir='ltr'><strong>sine</strong></span> <span class='ocrx_word' id='word_1_772' title='bbox 2740 5460 2982 5519; x_wconf 83' lang='lat' dir='ltr'><strong>vindicta</strong></span> <span class='ocrx_word' id='word_1_773' title='bbox 3021 5476 3336 5527; x_wconf 82' lang='lat' dir='ltr'><strong>sanctorum</strong></span> <span class='ocrx_word' id='word_1_774' title='bbox 3373 5471 3671 5535; x_wconf 80' lang='lat' dir='ltr'><strong>Canonum</strong></span> <span class='ocrx_word' id='word_1_775' title='bbox 3716 5497 3815 5540; x_wconf 86' lang='lat' dir='ltr'><strong>re-</strong></span> 
     </span>
    </p>
   </div>
   <div class='ocr_carea' id='block_1_101' title="bbox 2172 5551 2410 5597">
    <p class='ocr_par' dir='ltr' id='par_1_101' title="bbox 2172 5551 2410 5597">
     <span class='ocr_line' id='line_1_101' title="bbox 2172 5551 2410 5597; baseline 0.021 -5"><span class='ocrx_word' id='word_1_776' title='bbox 2172 5551 2410 5597; x_wconf 86' lang='lat' dir='ltr'><strong>maneat.</strong></span> 
     </span>
    </p>
   </div>
   <div class='ocr_carea' id='block_1_102' title="bbox 475 4856 2076 4931">
    <p class='ocr_par' dir='ltr' id='par_1_102' title="bbox 475 4856 2076 4931">
     <span class='ocr_line' id='line_1_102' title="bbox 475 4856 2076 4931; baseline 0.016 -25"><span class='ocrx_word' id='word_1_777' title='bbox 475 4864 743 4907; x_wconf 82' lang='lat' dir='ltr'><strong>summota</strong></span> <span class='ocrx_word' id='word_1_778' title='bbox 773 4856 974 4927; x_wconf 89' lang='lat' dir='ltr'><strong>quippe</strong></span> <span class='ocrx_word' id='word_1_779' title='bbox 1013 4861 1281 4931; x_wconf 79' lang='lat' dir='ltr'><strong>virginum</strong></span> <span class='ocrx_word' id='word_1_780' title='bbox 1315 4881 1501 4930; x_wconf 85' lang='lat' dir='ltr'><strong>causa,</strong></span> <span class='ocrx_word' id='word_1_781' title='bbox 1535 4879 1872 4928; x_wconf 86' lang='lat' dir='ltr'><strong>transeamus</strong></span> <span class='ocrx_word' id='word_1_782' title='bbox 1900 4874 1966 4928; x_wconf 89' lang='lat' dir='ltr'><strong>ad</strong></span> <span class='ocrx_word' id='word_1_783' title='bbox 1993 4891 2076 4930; x_wconf 84' lang='lat' dir='ltr'><strong>rc-</strong></span> 
     </span>
    </p>
   </div>
   <div class='ocr_carea' id='block_1_103' title="bbox 474 4943 2069 5028">
    <p class='ocr_par' dir='ltr' id='par_1_103' title="bbox 474 4943 2069 5028">
     <span class='ocr_line' id='line_1_103' title="bbox 474 4943 2069 5028; baseline 0.015 -29"><span class='ocrx_word' id='word_1_784' title='bbox 474 4943 644 5015; x_wconf 86' lang='lat' dir='ltr'><strong>liqua.</strong></span> <span class='ocrx_word' id='word_1_785' title='bbox 677 4945 1005 5019; x_wconf 86' lang='lat' dir='ltr'><strong>Hospitalem</strong></span> <span class='ocrx_word' id='word_1_786' title='bbox 1041 4956 1282 5025; x_wconf 67' lang='lat' dir='ltr'><strong>principit</strong></span> <span class='ocrx_word' id='word_1_787' title='bbox 1308 4959 1602 5028; x_wconf 84' lang='lat' dir='ltr'><strong>Apostolus</strong></span> <span class='ocrx_word' id='word_1_788' title='bbox 1631 4965 1888 5022; x_wconf 90' lang='lat' dir='ltr'><strong>clericum</strong></span> <span class='ocrx_word' id='word_1_789' title='bbox 1919 4969 2069 5023; x_wconf 86' lang='lat' dir='ltr'><strong>ordi-</strong></span> 
     </span>
    </p>
   </div>
   <div class='ocr_carea' id='block_1_104' title="bbox 474 5040 2068 5126">
    <p class='ocr_par' dir='ltr' id='par_1_104' title="bbox 474 5040 2068 5126">
     <span class='ocr_line' id='line_1_104' title="bbox 474 5040 2068 5126; baseline 0.017 -36"><span class='ocrx_word' id='word_1_790' title='bbox 474 5040 735 5094; x_wconf 88' lang='lat' dir='ltr'><strong>nandum.</strong></span> <span class='ocrx_word' id='word_1_791' title='bbox 776 5042 886 5096; x_wconf 84' lang='lat' dir='ltr'><strong>lloc</strong></span> <span class='ocrx_word' id='word_1_792' title='bbox 918 5059 1190 5116; x_wconf 70' lang='lat' dir='ltr'><strong>prmcepto</strong></span> <span class='ocrx_word' id='word_1_793' title='bbox 1223 5060 1372 5118; x_wconf 89' lang='lat' dir='ltr'><strong>pater</strong></span> <span class='ocrx_word' id='word_1_794' title='bbox 1402 5053 1670 5126; x_wconf 78' lang='lat' dir='ltr'><strong>Abraham</strong></span> <span class='ocrx_word' id='word_1_795' title='bbox 1701 5065 1756 5112; x_wconf 86' lang='lat' dir='ltr'><strong>et</strong></span> <span class='ocrx_word' id='word_1_796' title='bbox 1785 5058 1922 5118; x_wconf 71' lang='lat' dir='ltr'><strong>Loth</strong></span> <span class='ocrx_word' id='word_1_797' title='bbox 1955 5066 2068 5116; x_wconf 85' lang='lat' dir='ltr'><strong>An-</strong></span> 
     </span>
    </p>
   </div>
   <div class='ocr_carea' id='block_1_105' title="bbox 471 5131 2072 5214">
    <p class='ocr_par' dir='ltr' id='par_1_105' title="bbox 471 5131 2072 5214">
     <span class='ocr_line' id='line_1_105' title="bbox 471 5131 2072 5214; baseline 0.019 -31"><span class='ocrx_word' id='word_1_798' title='bbox 471 5131 627 5198; x_wconf 85' lang='lat' dir='ltr'><strong>gelos</strong></span> <span class='ocrx_word' id='word_1_799' title='bbox 655 5147 1010 5207; x_wconf 84' lang='lat' dir='ltr'><strong>susceperunt</strong></span> <span class='ocrx_word' id='word_1_800' title='bbox 1046 5155 1057 5192; x_wconf 93' lang='lat'><strong>:</strong></span> <span class='ocrx_word' id='word_1_801' title='bbox 1093 5144 1218 5212; x_wconf 84' lang='lat' dir='ltr'><strong>quia</strong></span> <span class='ocrx_word' id='word_1_802' title='bbox 1243 5143 1659 5214; x_wconf 81' lang='lat' dir='ltr'><strong>hOSpitalitatem</strong></span> <span class='ocrx_word' id='word_1_803' title='bbox 1687 5149 1826 5206; x_wconf 89' lang='lat' dir='ltr'><strong>inter</strong></span> <span class='ocrx_word' id='word_1_804' title='bbox 1847 5165 2072 5213; x_wconf 63' lang='lat' dir='ltr'><strong>eteteras</strong></span> 
     </span>
    </p>
   </div>
   <div class='ocr_carea' id='block_1_106' title="bbox 471 5221 2071 5312">
    <p class='ocr_par' dir='ltr' id='par_1_106' title="bbox 471 5221 2071 5312">
     <span class='ocr_line' id='line_1_106' title="bbox 471 5221 2071 5312; baseline 0.018 -35"><span class='ocrx_word' id='word_1_805' title='bbox 471 5221 779 5283; x_wconf 83' lang='lat' dir='ltr'><strong>dilexerunt</strong></span> <span class='ocrx_word' id='word_1_806' title='bbox 821 5230 1068 5288; x_wconf 82' lang='lat' dir='ltr'><strong>virtutes.</strong></span> <span class='ocrx_word' id='word_1_807' title='bbox 1109 5232 1197 5290; x_wconf 88' lang='lat' dir='ltr'><strong>Sic</strong></span> <span class='ocrx_word' id='word_1_808' title='bbox 1225 5246 1280 5292; x_wconf 87' lang='lat' dir='ltr'><strong>et</strong></span> <span class='ocrx_word' id='word_1_809' title='bbox 1316 5240 1685 5312; x_wconf 87' lang='lat' dir='ltr'><strong>Onesiphorus</strong></span> <span class='ocrx_word' id='word_1_810' title='bbox 1718 5243 1945 5304; x_wconf 87' lang='lat' dir='ltr'><strong>Paulum</strong></span> <span class='ocrx_word' id='word_1_811' title='bbox 1973 5250 2071 5305; x_wconf 82' lang='lat' dir='ltr'><strong>do-</strong></span> 
     </span>
    </p>
   </div>
   <div class='ocr_carea' id='block_1_107' title="bbox 471 5319 2064 5404">
    <p class='ocr_par' dir='ltr' id='par_1_107' title="bbox 471 5319 2064 5404">
     <span class='ocr_line' id='line_1_107' title="bbox 471 5319 2064 5404; baseline 0.019 -32"><span class='ocrx_word' id='word_1_812' title='bbox 471 5319 659 5375; x_wconf 80' lang='lat' dir='ltr'><strong>ctrina:</strong></span> <span class='ocrx_word' id='word_1_813' title='bbox 689 5321 890 5379; x_wconf 86' lang='lat' dir='ltr'><strong>fontem</strong></span> <span class='ocrx_word' id='word_1_814' title='bbox 924 5330 1180 5400; x_wconf 73' lang='lat' dir='ltr'><strong>suscepit.</strong></span> <span class='ocrx_word' id='word_1_815' title='bbox 1215 5331 1309 5387; x_wconf 69' lang='lat' dir='ltr'><strong>Hae</strong></span> <span class='ocrx_word' id='word_1_816' title='bbox 1345 5333 1678 5395; x_wconf 81' lang='lat' dir='ltr'><strong>imitationes</strong></span> <span class='ocrx_word' id='word_1_817' title='bbox 1703 5341 1812 5396; x_wconf 90' lang='lat' dir='ltr'><strong>sint</strong></span> <span class='ocrx_word' id='word_1_818' title='bbox 1835 5356 2064 5404; x_wconf 70' lang='lat' dir='ltr'><strong>vestrae:</strong></span> 
     </span>
    </p>
   </div>
   <div class='ocr_carea' id='block_1_108' title="bbox 471 5411 2062 5506">
    <p class='ocr_par' dir='ltr' id='par_1_108' title="bbox 471 5411 2062 5506">
     <span class='ocr_line' id='line_1_108' title="bbox 471 5411 2062 5506; baseline 0.019 -42"><span class='ocrx_word' id='word_1_819' title='bbox 471 5419 525 5465; x_wconf 90' lang='lat' dir='ltr'><strong>et</strong></span> <span class='ocrx_word' id='word_1_820' title='bbox 554 5427 620 5467; x_wconf 91' lang='lat' dir='ltr'><strong>ne</strong></span> <span class='ocrx_word' id='word_1_821' title='bbox 649 5411 837 5469; x_wconf 88' lang='lat' dir='ltr'><strong>sinatis</strong></span> <span class='ocrx_word' id='word_1_822' title='bbox 871 5417 1100 5476; x_wconf 88' lang='lat' dir='ltr'><strong>incolam</strong></span> <span class='ocrx_word' id='word_1_823' title='bbox 1132 5425 1434 5495; x_wconf 79' lang='lat' dir='ltr'><strong>praeterire,</strong></span> <span class='ocrx_word' id='word_1_824' title='bbox 1465 5431 1552 5498; x_wconf 90' lang='lat' dir='ltr'><strong>qui</strong></span> <span class='ocrx_word' id='word_1_825' title='bbox 1586 5432 1726 5501; x_wconf 87' lang='lat' dir='ltr'><strong>apud</strong></span> <span class='ocrx_word' id='word_1_826' title='bbox 1751 5449 1846 5492; x_wconf 78' lang='lat' dir='ltr'><strong>Vos</strong></span> <span class='ocrx_word' id='word_1_827' title='bbox 1871 5454 2062 5506; x_wconf 86' lang='lat' dir='ltr'><strong>panem</strong></span> 
     </span>
    </p>
   </div>
   <div class='ocr_carea' id='block_1_109' title="bbox 471 5507 2060 5590">
    <p class='ocr_par' dir='ltr' id='par_1_109' title="bbox 471 5507 2060 5590">
     <span class='ocr_line' id='line_1_109' title="bbox 471 5507 2060 5590; baseline 0.021 -34"><span class='ocrx_word' id='word_1_828' title='bbox 471 5519 576 5558; x_wconf 92' lang='lat' dir='ltr'><strong>non</strong></span> <span class='ocrx_word' id='word_1_829' title='bbox 606 5507 873 5563; x_wconf 88' lang='lat' dir='ltr'><strong>comedat.</strong></span> <span class='ocrx_word' id='word_1_830' title='bbox 908 5510 1187 5583; x_wconf 90' lang='lat' dir='ltr'><strong>Sequitur,</strong></span> <span class='ocrx_word' id='word_1_831' title='bbox 1219 5515 1339 5572; x_wconf 85' lang='lat' dir='ltr'><strong>Non</strong></span> <span class='ocrx_word' id='word_1_832' title='bbox 1367 5536 1717 5590; x_wconf 82' lang='lat' dir='ltr'><strong>percussorem</strong></span> <span class='ocrx_word' id='word_1_833' title='bbox 1745 5543 1764 5582; x_wconf 89' lang='lat'><strong><em>:</em></strong></span> <span class='ocrx_word' id='word_1_834' title='bbox 1786 5529 1895 5586; x_wconf 85' lang='lat' dir='ltr'><strong>Nec</strong></span> <span class='ocrx_word' id='word_1_835' title='bbox 1917 5534 2060 5588; x_wconf 86' lang='lat' dir='ltr'><strong>enim</strong></span> 
     </span>
    </p>
   </div>
   <div class='ocr_carea' id='block_1_110' title="bbox 541 5646 2068 5740">
    <p class='ocr_par' dir='ltr' id='par_1_110' title="bbox 541 5646 2068 5740">
     <span class='ocr_line' id='line_1_110' title="bbox 541 5646 2068 5740; baseline 0.018 -42"><span class='ocrx_word' id='word_1_836' title='bbox 541 5651 568 5740; x_wconf 54' lang='grc' dir='ltr'><strong><em>ς</em></strong></span> <span class='ocrx_word' id='word_1_837' title='bbox 608 5646 940 5740; x_wconf 70' lang='lat' dir='ltr'><strong>Quamquam</strong></span> <span class='ocrx_word' id='word_1_838' title='bbox 976 5651 1302 5729; x_wconf 80' lang='lat' dir='ltr'><strong>Hieronymo</strong></span> <span class='ocrx_word' id='word_1_839' title='bbox 1332 5663 1566 5740; x_wconf 78' lang='lat' dir='ltr'><strong>ascripta</strong></span> <span class='ocrx_word' id='word_1_840' title='bbox 1603 5665 1733 5725; x_wconf 79' lang='lat' dir='ltr'><strong>olim</strong></span> <span class='ocrx_word' id='word_1_841' title='bbox 1761 5669 1931 5740; x_wconf 80' lang='lat' dir='ltr'><strong>vulgo</strong></span> <span class='ocrx_word' id='word_1_842' title='bbox 1971 5671 2068 5727; x_wconf 86' lang='lat' dir='ltr'><strong>ha-</strong></span> 
     </span>
    </p>
   </div>
   <div class='ocr_carea' id='block_1_111' title="bbox 472 5714 2068 5814">
    <p class='ocr_par' dir='ltr' id='par_1_111' title="bbox 472 5714 2068 5814">
     <span class='ocr_line' id='line_1_111' title="bbox 472 5714 2068 5814; baseline 0.018 -44"><span class='ocrx_word' id='word_1_843' title='bbox 472 5714 650 5814; x_wconf 62' lang='lat' dir='ltr'><strong>betur,</strong></span> <span class='ocrx_word' id='word_1_844' title='bbox 678 5714 862 5776; x_wconf 58' lang='lat' dir='ltr'><strong>nota&#39;ttt</strong></span> <span class='ocrx_word' id='word_1_845' title='bbox 890 5723 1108 5814; x_wconf 68' lang='lat' dir='ltr'><strong>dignum</strong></span> <span class='ocrx_word' id='word_1_846' title='bbox 1131 5714 1214 5782; x_wconf 64' lang='lat' dir='ltr'><strong>est</strong></span> <span class='ocrx_word' id='word_1_847' title='bbox 1238 5714 1440 5814; x_wconf 57' lang='lat' dir='ltr'><strong>tamen,</strong></span> 
     </span>
    </p>
   </div>
   <div class='ocr_carea' id='block_1_112' title="bbox 471 5798 2068 5884">
    <p class='ocr_par' dir='ltr' id='par_1_112' title="bbox 471 5798 2068 5884">
     <span class='ocr_line' id='line_1_112' title="bbox 471 5798 2068 5884; baseline 0.021 -42"><span class='ocrx_word' id='word_1_848' title='bbox 471 5798 650 5858; x_wconf 84' lang='lat' dir='ltr'><strong>neque</strong></span> <span class='ocrx_word' id='word_1_849' title='bbox 669 5802 800 5848; x_wconf 83' lang='lat' dir='ltr'><strong>mss.</strong></span> <span class='ocrx_word' id='word_1_850' title='bbox 831 5806 966 5864; x_wconf 75' lang='lat' dir='ltr'><strong>quos</strong></span> <span class='ocrx_word' id='word_1_851' title='bbox 996 5798 1226 5856; x_wconf 85' lang='lat' dir='ltr'><strong>vidimus</strong></span> <span class='ocrx_word' id='word_1_852' title='bbox 1253 5798 1429 5873; x_wconf 75' lang='lat' dir='ltr'><strong>libris,</strong></span> <span class='ocrx_word' id='word_1_853' title='bbox 1456 5798 1650 5865; x_wconf 75' lang='lat' dir='ltr'><strong>nomen</strong></span> <span class='ocrx_word' id='word_1_854' title='bbox 1672 5798 1896 5880; x_wconf 70' lang='lat' dir='ltr'><strong>apponi,</strong></span> <span class='ocrx_word' id='word_1_855' title='bbox 1924 5798 2068 5884; x_wconf 66' lang='lat' dir='ltr'><strong>quod</strong></span> 
     </span>
    </p>
   </div>
   <div class='ocr_carea' id='block_1_113' title="bbox 2173 5677 3814 5769">
    <p class='ocr_par' dir='ltr' id='par_1_113' title="bbox 2173 5677 3814 5769">
     <span class='ocr_line' id='line_1_113' title="bbox 2173 5677 3814 5769; baseline 0.027 -41"><span class='ocrx_word' id='word_1_856' title='bbox 2173 5677 2675 5769; x_wconf 29' lang='lat' dir='ltr'><strong>ingl’iiscjusrnodi</strong></span> <span class='ocrx_word' id='word_1_857' title='bbox 2707 5691 2954 5769; x_wconf 61' lang='lat' dir='ltr'><strong>solamne</strong></span> <span class='ocrx_word' id='word_1_858' title='bbox 2983 5708 3087 5752; x_wconf 89' lang='lat' dir='ltr'><strong>est.</strong></span> <span class='ocrx_word' id='word_1_859' title='bbox 3121 5699 3292 5769; x_wconf 81' lang='lat' dir='ltr'><strong>Aliam</strong></span> <span class='ocrx_word' id='word_1_860' title='bbox 3329 5701 3560 5760; x_wconf 81' lang='lat' dir='ltr'><strong>Pseudo-</strong></span> <span class='ocrx_word' id='word_1_861' title='bbox 3581 5708 3814 5769; x_wconf 60' lang='lat' dir='ltr'><strong>Hiero-</strong></span> 
     </span>
    </p>
   </div>
   <div class='ocr_carea' id='block_1_114' title="bbox 2167 5752 3808 5920">
    <p class='ocr_par' dir='ltr' id='par_1_114' title="bbox 2167 5752 3808 5920">
     <span class='ocr_line' id='line_1_114' title="bbox 2169 5752 3808 5860; baseline 0.018 -57"><span class='ocrx_word' id='word_1_862' title='bbox 2169 5753 2317 5830; x_wconf 78' lang='lat' dir='ltr'><strong>nymi</strong></span> <span class='ocrx_word' id='word_1_863' title='bbox 2348 5752 2633 5844; x_wconf 64' lang='lat' dir='ltr'><strong>epistolam</strong></span> <span class='ocrx_word' id='word_1_864' title='bbox 2665 5761 2732 5815; x_wconf 88' lang='lat' dir='ltr'><strong>ad</strong></span> <span class='ocrx_word' id='word_1_865' title='bbox 2768 5753 3056 5824; x_wconf 84' lang='lat' dir='ltr'><strong>Damasum</strong></span> <span class='ocrx_word' id='word_1_866' title='bbox 3088 5752 3156 5826; x_wconf 89' lang='lat' dir='ltr'><strong>de</strong></span> <span class='ocrx_word' id='word_1_867' title='bbox 3179 5752 3500 5856; x_wconf 59' lang='lat' dir='ltr'><strong>(Senonibus</strong></span> <span class='ocrx_word' id='word_1_868' title='bbox 3510 5752 3808 5860; x_wconf 39' lang='lat' dir='ltr'><strong>erigi};</strong></span> 
     </span>
     <span class='ocr_line' id='line_1_115' title="bbox 2167 5815 3638 5920; baseline 0.023 -44"><span class='ocrx_word' id='word_1_869' title='bbox 2167 5815 2368 5879; x_wconf 83' lang='lat' dir='ltr'><strong>horum</strong></span> <span class='ocrx_word' id='word_1_870' title='bbox 2398 5828 2747 5891; x_wconf 73' lang='lat' dir='ltr'><strong>estttbntmus</strong></span> <span class='ocrx_word' id='word_1_871' title='bbox 2782 5843 2930 5894; x_wconf 81' lang='lat' dir='ltr'><strong>tumo</strong></span> <span class='ocrx_word' id='word_1_872' title='bbox 2959 5840 3313 5911; x_wconf 70' lang='lat' dir='ltr'><strong>prtem-denu,</strong></span> <span class='ocrx_word' id='word_1_873' title='bbox 3338 5858 3463 5920; x_wconf 74' lang='lat' dir='ltr'><strong>pag.</strong></span> <span class='ocrx_word' id='word_1_874' title='bbox 3491 5847 3638 5910; x_wconf 74' lang='lat'><strong>665.</strong></span> 
     </span>
    </p>
   </div>
  </div>
