3926 6290
490 323 603 385 293

1528 305 1587 367 S.
1627 295 2018 363 HIERONYMI
2056 290 2342 355 OPERUM
2384 285 2754 351 MANTISSA.

3674 276 3770 337 236

496 442 798 502 secundum
856 434 1256 506 simplicitatem
1313 426 1664 498 Septuaginta
1734 425 2094 492 interpretum
2126 419 2178 479 Α
2207 412 2544 485 psalterium.
2574 411 2712 465 Area
2740 412 2921 460 autent
2968 397 3182 457 Domini
3209 391 3559 452 antecedebat
3581 394 3771 463 choris,

496 554 700 595 canens
726 578 741 601 ,
787 531 1271 600 Psalmographutn
1303 520 1652 593 interpretari
1685 518 1936 575 festinem
1968 531 2095 587 pro-

499 642 623 702 pter
653 626 931 683 fastidium
967 622 1338 676 Romanorum
1384 634 1399 671 :
1449 622 1507 670 ut
1537 614 1627 669 ubi
1656 612 1960 666 obscuritas
1993 610 2095 663 im-

496 723 667 797 pedit,
694 718 955 791 apertius,
981 726 1035 771 et
1059 712 1253 769 Latine
1278 710 1527 766 trahatur
1551 721 1763 764 sensus.
1786 716 1809 743 α
1834 705 2096 760 Precatur

496 796 630 886 ergo
667 813 843 868 cliens
880 820 1003 865 tuus
1027 849 1044 875 ,
1096 819 1154 863 ut
1189 820 1300 861 vox
1348 805 1452 860 ista
1494 801 1841 874 psallentium
1884 798 1939 852 in
1969 796 2097 851 sede

499 906 745 963 Romana
773 903 865 960 die
894 913 1167 972 noctuque
1193 907 1423 955 canatur
1459 914 1473 950 :
1521 904 1575 951 et
1605 903 1664 949 ut
1692 894 1745 949 in
1780 892 1885 948 line
1914 890 2101 960 cujus-

499 1001 630 1058 libet
663 998 860 1071 psalmi
888 1043 902 1067 ,
945 997 1062 1052 sive
1094 993 1375 1049 matutinis
1407 989 1552 1045 horis
1578 1030 1592 1055 ,
1624 989 1745 1043 sive
1774 983 2099 1055 vespertinis

497 1092 753 1165 conjungi
812 1089 1098 1162 praecipiat
1143 1086 1496 1158 Apostolatus
1545 1082 1620 1136 tui
1671 1079 1808 1135 ordo
1843 1124 1856 1147 ,
1914 1075 2100 1131 Gloria

497 1188 693 1258 Patri,
740 1198 789 1243 et
826 1185 973 1241 Filio
999 1231 1012 1254 ,
1057 1196 1103 1238 ct
1140 1182 1366 1252 Spiritui
1406 1188 1584 1233 sancto
1631 1193 1649 1231 :
1704 1175 1851 1231 Sicut
1888 1181 1998 1226 erat
2046 1173 2100 1224 in

497 1471 671 1541 cipias
702 1488 715 1523 :
750 1478 810 1522 ut
837 1467 976 1522 ﬁdes
1008 1474 1373 1521 trecentorum
1418 1462 1608 1516 decem
1649 1466 1707 1514 ct
1735 1466 1858 1513 octo
1888 1462 2103 1526 episco-

504 1577 695 1635 porum
739 1560 943 1616 Nicseni
972 1558 1191 1614 concilii
1220 1600 1233 1623 ,
1277 1557 1438 1612 etiam
1481 1554 1651 1609 veSIri
1685 1553 1797 1606 oris
1828 1550 2103 1605 consortio

503 1653 832 1710 declaretur.
867 1650 968 1707 Ubi
997 1659 1179 1705 autem
1204 1648 1349 1703 Deus
1370 1657 1424 1702 et
1449 1646 1610 1700 homo
1635 1642 1944 1699 honorabili
1968 1656 2103 1698 voce

503 1755 756 1804 cantatur
784 1744 893 1819 [ΑΙ.
921 1742 1179 1815 dicatur],
1215 1740 1443 1797 Alleluia
1466 1755 1686 1809 semper
1709 1755 1831 1794 cum
1855 1738 2104 1793 omnibus

505 1851 528 1881 ο
563 1839 785 1912 psalmis
826 1838 1077 1909 alligatur
1127 1857 1139 1891 :
1193 1845 1250 1892 ut
1295 1836 1351 1890 in
1390 1836 1539 1890 omni
1585 1834 1708 1890 loco
1735 1834 2099 1888 communiter

505 1934 908 2005 reapondeatur
934 1931 1215 1986 nocturnis
1243 1928 1598 1999 temporibus.
1637 1927 1692 1982 In
1726 1927 1967 1982 Ecclesia
2006 1943 2100 1980 au-

513 2036 620 2082 tem
655 2037 777 2097 post
809 2022 1288 2079 Resurrcctioncm
1332 2037 1501 2091 usque
1538 2020 1605 2075 ad
1637 2029 1875 2075 sanctam
1909 2020 2104 2074 Pente-

504 2130 696 2175 costcn
756 2116 979 2171 liniatur
1009 2134 1021 2170 :
1056 2117 1197 2172 inter
1229 2117 1440 2171 dierum
1472 2130 1604 2169 vero
1636 2113 1809 2184 spatia
1839 2114 2105 2184 quinqua-

505 2211 749 2284 gesimae,
779 2225 1003 2283 propter
1031 2212 1331 2267 novitatem
1357 2216 1530 2265 sancti
1550 2210 1798 2278 Paschze,
1822 2208 1848 2246 ἀ
1873 2225 1979 2263 vox
2002 2210 2102 2263 ista

506 2306 682 2361 laudis
712 2313 941 2362 canatur
966 2304 1018 2360 in
1043 2304 1221 2375 Aleph
1247 2321 1259 2359 :
1291 2303 1436 2375 quod
1459 2301 1649 2359 Grmce
1680 2301 1969 2373 prologus,
2005 2302 2106 2357 La-

506 2399 617 2455 tine
646 2399 892 2470 prmfatio
922 2397 1144 2454 dicitur.
1476 2417 1504 2450 ,ί

579 2493 645 2548 ll.
687 2492 858 2549 David
908 2492 1048 2547 [ilius
1091 2490 1246 2547 Jesse
1286 2505 1409 2545 cum
1458 2497 1605 2545 esset
1648 2489 1699 2544 in
1748 2504 1915 2558 regno
1964 2503 2102 2559 suo,

505 2596 740 2657 quatuor
770 2585 933 2655 elegit
958 2625 974 2651 ,
1005 2585 1095 2655 qui
1122 2584 1360 2654 psalmos
1386 2583 1645 2646 facerent,
1686 2582 1736 2637 id
1762 2591 1865 2649 est,
1895 2581 2104 2651 Asaph,

514 2679 688 2736 Eman
716 2720 730 2744 ,
774 2677 949 2733 Ethan
977 2718 991 2742 ,
1038 2687 1093 2732 et
1134 2676 1374 2731 ldithun.
1420 2676 1563 2746 Ergo
1593 2675 1869 2746 octoginta
1898 2685 1952 2730 et
1984 2686 2108 2730 octo

513 2771 775 2827 dicebant
835 2769 1074 2843 psalmos
1102 2816 1116 2840 ,
1161 2782 1214 2826 et
1253 2785 1316 2824 cc
1356 2768 1652 2836 diapsalma
1696 2786 1709 2822 :
1753 2779 1807 2823 et
1842 2767 2105 2823 citharam

510 2866 853 2938 percutiebat
884 2864 1050 2920 Abira
1081 2880 1203 2919 cum
1244 2862 1410 2919 David
1443 2878 1589 2934 rege.
1641 2862 1708 2916 Et
1736 2878 1860 2917 arca
1894 2861 2107 2915 Domini

512 2962 565 3015 in
601 2959 940 3015 llierusalem
988 2967 1112 3028 post
1150 2974 1325 3011 annos
1356 2957 1428 3013 40
1466 2966 1757 3012 revocatur
1797 2957 1863 3009 ab
1896 2957 2065 3009 Azoto
2091 2999 2105 3023 ,

508 3069 632 3111 eum
662 3053 983 3109 mansitaret
1014 3052 1068 3106 in
1102 3052 1265 3106 domo
1296 3050 1619 3106 Atninadab.
1668 3050 1817 3105 Hanc
1857 3050 2111 3119 imposuit

514 3148 567 3201 in
597 3144 864 3216 subjugali
895 3159 1058 3211 novo,
1092 3153 1147 3198 et
1177 3142 1403 3199 adduxit
1434 3143 1488 3198 in
1529 3142 1888 3198 llierusalem.
1924 3141 2108 3197 Electa

512 3240 673 3295 simul
713 3255 781 3294 ex
821 3238 971 3293 omni
1010 3252 1213 3308 genere
1262 3237 1506 3291 liliorum
1549 3236 1719 3291 Israel
1764 3236 2108 3305 septuaginta

488 3332 682 3395 ,tnillia
711 3330 974 3387 virorum.
1020 3332 1095 3386 De
1122 3330 1269 3384 tribu
1294 3339 1476 3385 autem
1507 3329 1633 3385 Levi
1666 3329 1821 3384 electi
1858 3338 1982 3383 sunt
2010 3328 2110 3383 du-

510 3436 670 3483 centa
719 3431 997 3498 octoginta
1042 3436 1251 3497 septem
1300 3424 1465 3481 millia
1515 3424 1637 3479 viri.
1692 3423 1770 3478 Ex
1814 3423 2011 3493 quibus
2052 3420 2110 3476 hi

513 3520 672 3592 primi
720 3535 843 3576 esse
873 3520 1148 3589 principes
1196 3519 1509 3575 cantionum
1563 3515 1871 3571 constituti.
1907 3514 1960 3570 Id
1988 3526 2098 3577 est,

516 3614 734 3686 Asaph,
770 3616 987 3679 Emam.
1023 3615 1220 3679 Ethan,
1253 3623 1308 3669 et
1336 3612 1572 3677 Idithun,
1610 3609 1899 3680 unicuique
1925 3620 2105 3665 autem

512 3722 701 3765 eorum
744 3707 1058 3764 dividuntur
1098 3708 1167 3761 72
1214 3705 1313 3761 viri
1357 3706 1724 3761 acclamantcs
1764 3703 1950 3758 laudes
1980 3719 2107 3758 can-

514 3802 723 3857 tionum
767 3799 1000 3855 Domino
1037 3811 1245 3853 nostro.
1294 3798 1358 3851 Et
1388 3813 1527 3852 unus
1558 3797 1779 3866 quidem
1812 3810 2001 3851 eorum
2032 3794 2110 3850 fe-

516 3893 672 3950 rebat
697 3893 1032 3965 cymbalum,
1049 3890 1186 3946 alius
1202 3893 1472 3963 einyram,
1500 3889 1639 3944 alius
1660 3888 1945 3955 citharam,
1973 3888 2107 3944 alius

517 3986 645 4042 tuba
674 4001 873 4042 cornea
903 3985 1210 4042 exsultans.

588 4079 679 4136 ill.
724 4077 781 4134 In
811 4078 993 4134 medio
1025 4088 1205 4133 autem
1237 4076 1415 4132 stabat
1443 4074 1610 4131 David
1639 4091 1733 4132 rex
1771 4083 1963 4131 tenens
1994 4076 2109 4145 ipse

514 4221 651 4277 Tum
680 4219 791 4280 ille,
824 4218 1113 4271 canendum
1141 4214 1647 4286 Psalmographum;
1679 4215 1779 4268 ista
1800 4254 1815 4280 ,
1846 4222 2107 4278 canentes,

515 4305 600 4358 ct,
634 4307 713 4345 me
740 4289 1070 4358 interpretari
1099 4286 1323 4357 festinet.
1668 4326 1699 4358 _.

588 4353 615 4399 ⁸
647 4359 851 4416 Eadem
873 4353 1062 4414 editio.
1090 4353 1327 4411 trahatur
1345 4372 1585 4410 assensus
1610 4371 1627 4407 :
1660 4353 1888 4408 Prccans
1915 4370 2110 4426 ergo...

514 4436 570 4490 in
592 4434 711 4488 sede
735 4442 825 4485 tua
848 4431 1083 4486 Romana
1103 4430 1188 4483 die
1209 4436 1462 4500 noctuque
1483 4436 1736 4500 canatur,
1759 4426 1812 4479 in
1827 4442 1935 4500 quo
1960 4431 2113 4494 ﬁnem

517 4505 803 4577 cujuslibet
822 4501 1030 4577 psglmi.
1061 4542 1076 4557 .
1107 4543 1120 4556 .
1168 4497 1505 4570 Apostalatus
1533 4501 1609 4551 tui
1642 4499 1770 4551 ordo
1802 4498 1941 4565 ﬁniri
1968 4538 1981 4560 ,
2016 4497 2113 4549 hoc

516 4572 590 4632 esi
608 4616 623 4638 ,
658 4573 838 4629 Gloria
871 4572 1041 4627 Patri.

2199 518 2251 564 et
2280 506 2344 560 ad
2373 503 2637 559 sacrilicia
2660 499 2860 555 vitulos
2888 496 3063 551 albos.
3095 491 3331 561 POpulus
3352 505 3483 546 vero
3506 489 3771 544 universus

2201 599 2531 669 sequebatur
2571 604 2719 650 retro
2766 606 2974 647 arcam.
3030 589 3167 644 Sunt
3208 600 3340 656 ergo
3383 599 3570 638 omnes
3601 582 3773 651 psalmi

2200 690 2371 747 David
2400 706 2494 756 CL,
2525 688 2678 758 juxta
2711 694 2958 741 tenorem
2992 724 3006 749 ,
3049 690 3105 737 et
3140 679 3462 734 vocabulum
3492 674 3777 745 Scriptura-

2200 802 2320 840 rum
2347 825 2363 850 ,
2400 785 2471 837 ita
2504 792 2559 837 et
2588 778 2857 852 propositi
2888 786 3032 831 sunt.
3067 774 3304 842 Quorum
3335 768 3551 841 quidem
3581 783 3633 821 Ix
3664 766 3779 821 fecit

2200 879 2317 950 ipse
2357 866 2562 942 David;
2614 889 2762 929 xxxu
2799 888 2905 927 non
2949 879 3073 925 sunt
3108 865 3506 938 suprascripti;
3556 877 3697 918 Lxxu
3730 862 3777 916 in

2201 971 2368 1027 David
2399 984 2622 1041 regem;
2681 982 2741 1022 χι
2786 967 2841 1021 in
2870 962 3095 1032 Asaph;
3147 977 3219 1016 xu
3264 961 3315 1014 in
3347 957 3600 1021 lditbun;
3648 969 3696 1009 tv
3729 953 3777 1008 in

2202 1063 2343 1119 ﬁlios
2374 1060 2625 1133 Choreph
2651 1104 2666 1127 ,
2710 1073 2875 1114 unum
2915 1058 2967 1111 in
2997 1053 3317 1109 Zachariam
3343 1093 3358 1117 ,
3406 1064 3572 1104 unum
3609 1048 3657 1102 in
3684 1047 3777 1117 Ag-

2200 1171 2409 1228 gzeum,
2441 1154 2577 1209 duos
2609 1154 2660 1207 in
2693 1153 2877 1207 Mosen
2902 1192 2917 1215 ,
2955 1149 3092 1204 duos
3124 1149 3174 1201 in
3205 1146 3555 1201 Salomoncm
3588 1155 3776 1211 regem.

2203 1249 2427 1306 Finiunt
2457 1247 2643 1318 utique
2668 1258 2859 1301 omnes
2892 1241 3084 1312 psalmi
3129 1239 3297 1295 David
3344 1235 3442 1291 ﬁlii
3479 1234 3633 1290 Jesse
3652 1232 3779 1301 regis

2205 1344 2369 1400 Israel
2399 1357 2625 1398 numero
2651 1355 2737 1396 ce.
2763 1340 2835 1394 lta
2865 1335 3147 1407 dispositio
3179 1335 3293 1404 ipsa
3320 1329 3583 1392 continet,
3617 1327 3666 1382 id
3686 1334 3778 1394 est,

2204 1435 2514 1506 Diapsalma
2554 1450 2701 1489 Lxxv
2724 1474 2739 1498 ,
2786 1430 3023 1488 Alleluia
3052 1443 3141 1483 xxt
3163 1469 3177 1492 ,
3209 1426 3490 1479 Canticum
3530 1421 3781 1493 graduum

2200 1547 2297 1587 xv.
2330 1529 2524 1585 Caeteri
2550 1542 2680 1584 vero
2708 1534 2867 1593 prout
2903 1532 3053 1580 textu
3083 1522 3380 1589 Scriptura:
3420 1515 3782 1581 continentur,

2204 1626 2283 1680 sic
2326 1622 2625 1678 recitantur
2677 1635 2775 1690 pro
2822 1618 2937 1673 suis
2999 1613 3336 1670 nominibus.
3398 1608 3534 1665 Nam
3596 1608 3783 1679 primus

2207 1717 2452 1787 psalmus
2484 1714 2615 1768 nulli
2647 1713 2956 1782 assignatur
2982 1751 2997 1775 ,
3048 1717 3102 1763 et
3140 1706 3294 1777 juxta
3339 1701 3627 1759 historiam
3676 1715 3784 1769 qua

2132 1814 2175 1875 Β
2205 1810 2445 1864 οηιηίυηι
2470 1819 2575 1862 est.
2602 1805 2809 1862 Deinde
2831 1804 2951 1875 quis
2977 1802 3119 1857 alius
3140 1799 3464 1869 intelligitur
3490 1792 3785 1867 plenissime

2204 1919 2349 1969 esse,
2388 1902 2491 1957 nisi
2523 1899 2920 1971 primogenitus
2944 1894 3080 1952 Dei?
3105 1894 3249 1964 Ergo
3274 1891 3468 1947 merito
3494 1887 3781 1958 suprascri-

2204 1997 2318 2068 ptio
2356 2012 2460 2050 non
2494 1995 2593 2049 fuit
2632 1990 2941 2048 necessaria
2967 2032 2983 2057 ,
3025 1986 3151 2060 quia
3180 1986 3216 2055 ii
3238 2000 3297 2042 se
3322 1984 3525 2055 primus
3563 1980 3782 2052 psalmus

2206 2091 2409 2147 Christi
2450 2089 2781 2144 mentionem
2823 2082 3070 2139 faciendo
3098 2124 3113 2150 ,
3161 2088 3246 2136 est
3283 2078 3348 2132 ad
3378 2091 3567 2132 veram
3599 2070 3786 2129 Christi

2205 2185 2581 2257 exponendam
2618 2196 2927 2252 personam.
2981 2177 3089 2233 Sed
3132 2172 3329 2243 psalmi
3360 2184 3559 2227 omnes
3585 2184 3687 2223 non
3716 2180 3792 2221 se-

2206 2280 2443 2335 cundum
2470 2292 2623 2333 suam
2652 2274 2959 2341 historiam,
3004 2269 3098 2327 sed
3131 2265 3431 2324 secundum
3463 2260 3791 2335 prophetiam

2207 2388 2347 2444 pene
2389 2370 2785 2439 intelliguntur.
2823 2366 2954 2421 Nam
2984 2362 3180 2435 psalmi
3211 2375 3404 2416 omnes
3429 2357 3519 2429 qui
3563 2354 3795 2412 scribun-

2210 2474 2297 2521 tur
2323 2506 2339 2528 ,
2377 2465 2485 2531 ipse
2517 2461 2686 2515 David
2709 2504 2723 2527 ,
2766 2460 2832 2514 ad
2868 2457 3072 2515 Christi
3117 2454 3395 2525 pertinent
3422 2458 3754 2507 sacramenta
3778 2491 3790 2514 ,

2208 2558 2336 2629 quia
2363 2557 2479 2627 ipse
2502 2555 2670 2611 David
2702 2553 2879 2608 dictus
2910 2562 2993 2607 est
3014 2548 3283 2605 Christus.
3317 2546 3469 2601 Nunc
3497 2552 3681 2599 autem
3707 2556 3796 2596 es-

2211 2650 2494 2720 posuimus
2522 2648 2786 2718 originem
2809 2646 3054 2700 omnium
3098 2641 3456 2713 psalmorum.
3512 2638 3583 2693 Et
3631 2650 3788 2702 expo-

2212 2745 2412 2809 nimus,
2445 2741 2721 2814 quomodo
2747 2739 2958 2795 llebrzei
2992 2737 3190 2793 librum
3218 2733 3549 2805 psalmorum
3579 2732 3631 2784 in
3655 2728 3797 2798 quin-

2212 2852 2316 2908 que
2346 2836 2596 2890 dividant
2636 2835 2827 2889 libros.
2870 2831 3083 2887 Primus
3124 2828 3261 2882 liber
3303 2828 3381 2880 sic
3418 2823 3733 2879 continetur
3767 2836 3794 2875 a

2212 2931 2422 3002 psalmo
2455 2929 2833 2999 primousque
2873 2923 2939 2978 ad
2981 2920 3479 2992 quadragesinutm.
3522 2914 3795 2972 Secundus

2214 3023 2353 3078 liber
2400 3022 2480 3077 sic
2528 3020 2843 3074 continetur
2881 3030 2912 3069 a
2958 3030 3045 3069 xu
3078 3028 3245 3083 usque
3289 3009 3355 3065 ad
3396 3023 3544 3065 Lxxt.
3594 3007 3795 3063 Tertius

2216 3114 2353 3169 liber
2381 3112 2461 3168 sic
2490 3111 2801 3167 continetur
2824 3124 2853 3163 a
2877 3122 3021 3163 Lxxu
3054 3119 3223 3175 usque
3247 3103 3313 3157 ad
3335 3116 3604 3157 Lxxxvm.
3634 3099 3797 3167 Quar-

2217 3218 2302 3262 tus
2324 3208 2463 3261 liber
2483 3206 2564 3260 sic
2586 3205 2900 3260 continetur
2921 3218 2949 3256 a
2976 3214 3173 3255 Lxxxtx
3196 3212 3366 3268 usque
3386 3195 3451 3249 ad
3464 3209 3566 3249 -cv.
3582 3193 3801 3261 Quintus

2214 3300 2351 3355 liber
2380 3299 2459 3353 sic
2486 3299 2798 3353 continetur
2825 3311 2853 3349 a
2885 3310 2969 3349 cvt
3002 3307 3175 3360 usque
3215 3306 3307 3346 ce.
3357 3287 3491 3344 Oret
3532 3302 3634 3359 pro
3661 3283 3803 3343 nobis

2215 3390 2500 3447 Beatitudo
2533 3402 2643 3455 tua,
2679 3387 3000 3444 beatissime
3026 3399 3183 3455 papa.

2337 3531 2653 3589 MONITUM
2690 3529 2757 3585 IN
2794 3525 3182 3585 EPISTOLAM
3224 3520 3676 3593 SEQUENTEM.

2292 3647 2461 3702 Nemo
2492 3662 2595 3700 non
2623 3645 2774 3699 sentit
2806 3643 2958 3697 istaut
2980 3682 2996 3708 ,
3037 3650 3085 3694 et
3114 3654 3229 3709 qua:
3257 3635 3591 3709 subsequitur
3610 3634 3801 3709 episto-

2218 3720 2343 3783 lam,
2369 3721 2632 3790 ipsamque
2656 3715 2787 3790 adeo
2815 3714 2890 3769 De
2919 3707 3213 3790 Nativitate
3237 3710 3294 3763 S.
3317 3707 3501 3790 Maria:
3530 3708 3804 3790 subnatant

2218 3774 2592 3857 ttaﬁat'ionen'i,
2626 3789 2780 3841 unius
2810 3786 3142 3857 ejusdemque
3172 3797 3279 3835 esse
3305 3774 3801 3857 [abulqmniarclti-

2218 3865 2357 3917 tecti.
2408 3862 2564 3914 Adito
2582 3850 2604 3921 ’.
2648 3877 2711 3912 ne
2741 3869 2786 3913 te
2812 3850 3009 3910 diutius
3039 3850 3354 3926 argumentis
3380 3850 3666 3926 recitn_ndis
3696 3862 3801 3926 mo-

2218 3950 2417 3996 rcmur,
2448 3935 2534 4000 qui
2574 3918 2661 3986 eas
2695 3931 2815 4002 fulsi
2843 3918 3489 4002 arguuntifrefelluntquc,
3520 3918 3805 4002 Bononiam

2218 4006 2286 4057 ad
2317 3989 2512 4058 annum
2540 4004 2644 4058 583
2679 3989 2822 4055 tium.
2860 3989 2953 4056 101
2984 4040 3000 4066 ,
3032 3989 3288 4066 Joannem
3307 3989 3595 4066 Molanum
3627 3989 3807 4066 liberie

2217 4075 2452 4131 Pieturis
2480 4092 2597 4144 cap.
2624 4073 2687 4128 21
2713 4089 2727 4137 ;
2760 4089 2787 4126 e
2813 4062 3183 4126 recentioribus
3215 4065 3514 4120 Fabricium
3546 4066 3602 4117 in
3632 4062 3807 4118 Codice

2214 4211 2364 4266 illaut
2430 4209 2852 4266 consuetudinem
2911 4204 3318 4278 amputavimus.
3392 4199 3686 4278 Disputant
3737 4198 3800 4253 de

2218 4282 2443 4338 ismrum
2474 4325 2489 4349 ,
2545 4282 2745 4352 quibus
2792 4295 2893 4349 ego
2940 4273 3195 4333 mendum
3237 4273 3469 4327 subesse
3515 4273 3807 4352 existimo,

2220 4342 2511 4408 verborum
2561 4342 2723 4407 sensu
2775 4342 2856 4405 in"
2876 4359 3163 4416 utramque
3212 4359 3420 4414 partem
3470 4342 3673 4416 smnmi
3717 4343 3809 4396 viri

2220 4425 2371 4480 card.
2405 4426 2552 4480 Bona
2584 4425 2652 4478 de
2686 4425 2861 4477 ltiviu.
2897 4413 3170 4477 Psalmod.
3202 4413 3323 4482 cap.
3356 4416 3459 4485 16,;
3512 4413 3808 4469 Tillemom

2223 4498 2329 4550 tius
2358 4509 2493 4553 tom.
2525 4511 2645 4555 vut.
2688 4510 2812 4564 pag.
2843 4496 2982 4557 ΗΟ,
3025 4486 3523 4564 (Σουειίιηῑὶιξς-1‹.ιςο
3555 4486 3772 4564 laudato
3794 4528 3807 4549 ,

2221 4578 2382 4637 atque
2412 4568 2521 4621 alii.
2557 4556 2922 4634 Nostravquod
2953 4565 3212 4637 interest,
3261 4560 3350 4628 qui
3381 4556 3650 4637 [sidut-unt
3681 4557 3813 4611 Mer-

590 4628 623 4685 b'
661 4646 997 4701 lnterserunt
1029 4644 1202 4697 laudis
1237 4640 1375 4697 idem
1402 4640 1681 4695 Palatinus
1712 4654 1814 4694 ms.
1858 4649 1912 4693 et
1948 4639 2106 4694 Sara-
2141 4642 2193 4702 D
2222 4628 2461 4695 caturem
2513 4654 2578 4693 ex
2632 4628 2883 4705 Gregorii
2954 4632 3135 4687 verbis
3166 4639 3407 4705 _nactu_m
3462 4628 3807 4705 occasionem

518 4719 657 4775 zanii
687 4717 857 4772 editio
883 4757 897 4778 ,
944 4716 1255 4785 pariterque
1287 4715 1478 4785 legunt
1497 4714 1653 4785 paulo
1684 4722 1834 4781 post,
1864 4713 1917 4765 in
1947 4723 2113 4765 restro

519 4808 607 4847 ore
637 4789 750 4858 pari
779 4782 1036 4842 consortio
1064 4782 1374 4858 declaretur.
1411 4782 1513 4839 Ubi
1544 4783 1684 4838 Deus
1704 4827 1726 4858 ,γ
1752 4794 1857 4838 etc.

594 4873 616 4901 ο
638 4855 827 4917 ’Τςιοει
857 4859 1047 4913 eadem
1077 4859 1209 4912 edit.
1250 4856 1474 4911 Psalmis
1498 4898 1514 4922 ,
1562 4865 1674 4909 tum
1718 4857 1844 4923 legit
1875 4855 2115 4908 nocturni

518 4934 790 5006 temporis,
822 4942 878 4985 et
906 4946 1027 5006 cum
1061 4930 1313 4983 Palatino
1344 4943 1445 5006 ius.
1478 4946 1508 4979 a
1538 4938 1715 4981 sancta
1740 4928 2115 4981 resurrectione

517 5000 703 5078 usque,
733 5016 841 5061 etc.
859 5019 876 5078 ;7
898 5001 1131 5078 denique
1157 5000 1715 5078 itroﬁquinquagesinta:
1743 5014 1900 5068 quam
1926 5012 2111 5051 vocem

522 5069 747 5147 prorsus
774 5074 980 5129 omittit
1011 5069 1223 5147 laudata
1251 5070 1531 5147 sarazanii
1577 5070 1779 5147 editio,
1818 5069 2066 5147 aliinlibri
2094 5111 2109 5133 ,

523 5139 631 5202 alio
656 5149 783 5202 item
811 5162 1001 5209 sensu,
1034 5143 1411 5214 quinquaginta
1443 5142 1644 5214 legunt,
1680 5140 1730 5192 id
1763 5151 1866 5202 est,
1899 5139 2115 5214 ﬁniatur

525 5220 662 5272 intrr
688 5220 889 5271 dierum
917 5209 1085 5290 spatia
1111 5209 1505 5290 quinquaginta.
1535 5210 1699 5275 Olim,
1731 5216 1957 5290 quottot
1975 5209 2117 5290 Cou-

526 5292 726 5344 stantio
756 5278 997 5343 notatuin
1024 5278 1134 5350 est,
1167 5278 1358 5339 nescio
1383 5281 1503 5352 quis
1530 5296 1653 5335 cum
1684 5295 1818 5349 papa
1849 5278 2116 5352 Gregorio

529 5363 704 5432 primo
735 5360 1135 5432 expostulabat,
1169 5351 1569 5432 quodGrmcas
1600 5355 1785 5432 mallet
1812 5368 1970 5432 quam
2007 5351 2112 5432 lto-

528 5421 718 5489 inanas
742 5421 1166 5485 consuetudines
1189 5421 1365 5496 sequi,
1409 5425 1723 5479 nominatim
1754 5421 1874 5490 quia
1905 5421 2117 5476 alleluia

526 5506 633 5559 dici
660 5504 727 5558 ad
757 5503 971 5561 Missas,
999 5511 1146 5555 extra
1169 5498 1497 5553 Pentecostes
1522 5505 1547 5548 t.
1567 5512 1749 5565 mpera
1773 5497 1991 5566 fecisset.
2017 5496 2110 5548 Cui

526 5577 620 5632 ille
646 5576 767 5630 datu
811 5576 875 5627 ad
927 5571 1191 5626 Joannem
1223 5572 1537 5639 episcopum
1573 5566 1967 5639 Syracusanum
1999 5567 2112 5639 epi-

526 5649 691 5717 Stola,
710 5644 1009 5717 respondit,
1034 5642 1101 5697 Ut
1128 5637 1353 5717 Alleluia
1380 5637 1461 5693 hic
1491 5638 1641 5717 (Mss.
1670 5637 2112 5717 Regius,_et_Col-

529 5709 727 5774 bertin.
760 5709 886 5786 non)
916 5716 1193 5775 diceretur,
1227 5715 1291 5786 de
1312 5711 1755 5786 Jerosolymorum
1790 5709 2019 5762 Ecclesia
2050 5725 2112 5786 ea;

530 5791 664 5860 beati
712 5780 1019 5860 Hieronymi
1066 5784 1344 5838 traditione
1364 5780 1608 5860 tempore
1653 5782 1811 5835 beata:
1837 5780 2112 5860 .memorite

527 5858 744 5920 Damasi
793 5852 1019 5917 traditur
1061 5865 1303 5914 tractum.
1355 5853 1425 5912 Et
1472 5855 1587 5912 ideo
1628 5856 1793 5935 magis
1830 5852 1884 5909 in
1925 5855 2017 5909 hac
2057 5868 2110 5909 re

2221 4712 2601 4773 contendunt,
2653 4698 2816 4778 hujits
2864 4701 3525 4778 supponendmgpistolze
3554 4740 3573 4767 ,
3625 4698 3807 4778 dicunt

2220 4782 2438 4853 quidem
2490 4772 2830 4853 propius'ad
2874 4772 3105 4853 verum;
3163 4774 3330 4853 nihilo
3398 4781 3595 4853 tamen
3628 4772 3806 4825 minus

2220 4842 2341 4911 cum
2387 4842 2505 4921 jam"
2540 4842 2666 4907 inde
2708 4866 2735 4902 a
2776 4848 2989 4903 Damasi
3034 4844 3369 4913 temporibus
3411 4842 3764 4921 traditionem
3792 4882 3805 4903 .

2222 4913 2691 4979 immo'decretum
2722 4921 3017 4989 Gregorius
3045 4924 3255 4989 repetat
3279 4957 3322 4989 ,_
3344 4913 3612 4989 rationem
3653 4914 3809 4989 hujus

2222 5012 2436 5066 quoque
2468 4995 2546 5048 rri
2576 4994 2807 5059 aliquam
2837 4986 3034 5047 haberi
3064 4986 3248 5042 velim.
3290 4987 3421 5066 Quze
3451 4986 3806 5066 Cou~tantius

2222 5057 2287 5122 eo
2317 5057 2583 5133 obtigerit,
2619 5057 2923 5132 repetitque
2950 5078 3015 5117 ex
3048 5069 3179 5133 uota
3204 5068 3364 5133 atque
3395 5057 3651 5133 familiari
3671 5058 3810 5133 Δ(ἐι-«ες

2221 5140 2375 5205 gnrio
2409 5126 2751 5193 Denedietiua
2785 5126 2966 5199 regula
2995 5175 3010 5198 ,
3054 5131 3182 5185 mihi
3222 5130 3451 5205 quidem
3485 5132 3623 5181 sutis
3647 5126 3809 5205 haud

2220 5201 2444 5263 iaciunt.
2474 5208 2724 5263 Nonnihil
2757 5210 2917 5262 etiam
2950 5206 3059 5266 illa,
3093 5217 3251 5266 quant
3277 5202 3606 5260 notavimus.
3647 5201 3807 5252 lectio

2218 5281 2663 5352 quinquagesimae
2689 5321 2702 5341 ,
2745 5296 2840 5350 pro
2871 5274 3242 5349 quinquaginta
3269 5313 3284 5337 ,
3320 5272 3502 5352 .immo
3532 5270 3625 5352 qui
3678 5270 3811 5352 alius

2219 5341 2639 5419 intlc'exvsurgit
2678 5341 2781 5405 lue'i
2823 5341 3057 5412 sensus,
3101 5341 3407 5415 propositae
3449 5341 3804 5411 explicationi

2220 5423 2496 5477 adversari
2532 5425 2763 5478 videtur.

2290 5494 2315 5531 δ
2357 5494 2485 5550 Plus
2512 5495 2671 5549 habet
2701 5491 2977 5550 Sarazanii
3002 5488 3190 5553 editio,
3223 5494 3280 5540 ut
3306 5501 3405 5539 vox
3432 5484 3550 5544 ista,
3582 5495 3642 5539 et
3679 5491 3814 5555 post

2218 5566 2446 5620 verbum
2480 5566 2668 5634 Aleph,
2702 5567 2835 5635 quod
2863 5576 2934 5620 est
2963 5561 3211 5635 alleluia,
3235 5559 3348 5635 laus
3381 5556 3472 5611 tibi
3496 5556 3641 5635 sol_i,_
3673 5556 3811 5635 quod

2220 5636 2419 5703 (ἐνίετε,
2450 5630 2589 5704 ειο.,’
2616 5630 2840 5693 εριῐηοη
2870 5638 2939 5691 ita
2970 5636 3096 5690 mihi
3128 5630 3416 5704 felici‘esse
3443 5630 3813 5704 curuigit_._ut

2218 5716 2350 5765 Satis
2366 5698 2503 5765 bene
2527 5698 2867 5778 assequerer,
2891 5707 3017 5779 quid
3048 5708 3163 5779 hzoe
3187 5701 3288 5755 sibi
3313 5700 3500 5779 velint.
3521 5698 3658 5764 Quae
3686 5699 3809 5753 hinc

2217 5783 2650 5852 Subsequuutur,
2669 5773 2747 5835 "ex
2773 5773 2959 5852 codice
2988 5775 3232 5852 Palatino
3258 5813 3279 5852 ,_
3317 5773 3408 5844 qui
3446 5778 3657 5827 textum
3683 5785 3815 5828 con-

2220 5847 2418 5925 tinuat,
2450 5863 2507 5912 ut
2531 5853 2732 5912 dudum
2756 5851 3083 5921 monuimus,
3106 5847 3380 5923 descripta
3407 5852 3551 5901 sunt.
