4030 6294
230 271 329 332 297

1150 287 1482 353 EPISTOLA
1523 295 1585 354 L.
1630 295 1721 356 DE
1759 293 2182 367 NA'I'IVI'I‘ATE
2221 306 2281 370 8.
2325 308 2589 377 MARUE.

3413 333 3518 398 298

225 392 522 514 αξοεψριιο
569 401 695 514 10ml-
735 408 790 466 ιν
846 404 1000 475 cui“
1029 404 1193 514 ξξὶανη
1235 411 1532 469 recensione
1570 431 1632 470 ac
1688 418 1822 473 notis
1850 419 2109 480 AMarite
2140 439 2172 482 a
2199 431 2477 490 nonnullis
2509 433 2762 494 habetur.
2804 437 2873 497 Et
2903 438 3028 500 ideo
3078 443 3221 505 scire
3261 463 3359 509 vos
3391 455 3520 514 volo

227 479 254 514 tl
279 480 420 514 emur
440 506 459 514 -
511 484 574 514 ne
604 487 668 514 an
693 487 778 514 um
807 490 961 514 ηηρνο
990 495 1038 514 m
1081 495 1257 514 mm"...

227 472 420 519 utemur
440 506 459 534 ,
511 484 574 522 ne
604 479 779 527 actum
807 472 961 546 agere
990 478 1278 536 videamur.

745 609 1084 672 EPISTOLA
1112 616 1349 677 XLVIII.

223 710 508 754 CHROIATII
537 716 606 757 ΕΤ
636 717 925 764 IIELIODORI
948 726 1313 770 EI‘ISCOPORUM
1343 732 1411 773 AD
1441 732 1811 781 HIERONYMUM.

223 788 373 850 (Hauc
392 791 552 881 habes
590 797 847 881 epi‘st‘plam
873 802 1027 881 inter“
1025 806 1208 881 scripta
1242 808 1517 881 Citromatio
1549 816 1812 881 attributa,

519 866 636 908 tom.
659 858 743 910 XX
767 862 968 925 hujusce
989 858 1222 920 Biblioth.
1250 872 1342 922 col.
1364 858 1501 937 5679‘.)

731 985 1071 1051 EPISTOLA
1116 991 1311 1050 XLIX.

343 1089 648 1134 HIERONYHI
701 1097 768 1136 AD
815 1099 1162 1143 CHROMATIUM
1209 1105 1278 1145 ET
1310 1105 1670 1152 HELIODORUM.

223 1165 459 1244 Dominis
505 1173 710 1228 sanctis
752 1185 806 1230 et
845 1177 1180 1236 beatissimis
1227 1182 1542 1243 Chromatio
1596 1197 1650 1242 et
1698 1187 1806 1244 IIe-

285 1241 516 1326 liodoro.
560 1246 865 1330 episcopis,
922 1250 1283 1330 Ilieronymus
1332 1241 1560 1330 exiguus
1605 1241 1808 1316 Christi

283 1326 474 1369 servus
503 1314 556 1370 iu
589 1314 820 1375 Domino
851 1314 1112 1380 salutem.

283 1448 321 1505 l.
351 1449 454 1518 Qui
487 1460 690 1510 terram
718 1457 840 1512 auri
866 1461 1142 1518 consciam
1167 1462 1320 1531 fodit,
1366 1480 1473 1522 non
1506 1468 1650 1527 illico
1670 1471 1809 1528 arri-

219 1543 291 1612 pit
316 1545 583 1615 quidquid
608 1547 753 1605 fossa
809 1552 1120 1621 profuderit
1163 1557 1426 1627 lacerata,
1478 1563 1573 1618 sed
1630 1565 1812 1635 prius-

219 1650 364 1705 quam
393 1637 614 1708 fulgens
636 1641 846 1710 pondus
870 1645 1134 1704 vibrantis
1159 1649 1341 1721 jactus
1396 1653 1526 1710 ferri
1572 1670 1806 1727 suspen-

217 1725 320 1795 dat,
349 1728 578 1786 interim
615 1737 894 1791 vertendis
949 1742 1460 1817 suspendendisque
1511 1725 1808 1822 cespitibus

1923 515 2092 572 multa
2123 519 2178 573 in
2206 535 2272 577 eo
2297 522 2431 580 falsa
2464 525 2716 588 inveniri.
2765 533 3000 603 Quidam
3047 555 3283 615 namque
3329 546 3516 605 Seleu-

1920 620 2037 677 cus,
2072 611 2167 680 qui
2199 617 2482 684 passiones
2537 627 2911 693 apostolorum
2965 611 3317 708 conscripsit,
3375 640 3519 701 hunc

1920 699 2163 761 libellum
2192 713 2518 782 composuit.
2553 715 2660 773 Sed
2696 719 2840 777 sicut
2878 724 2947 783 de
2997 699 3291 792 virtutibus
3325 750 3522 796 eorum

1919 804 1973 852 ct
2002 799 2276 860 miraculis
2299 819 2397 875 per
2417 823 2510 864 eos
2560 810 2714 869 factis
2758 831 2885 872 vera
2928 819 3105 878 dixit:
3154 825 3223 882 de
3269 827 3519 887 doctrina

1918 903 2052 946 vero
2081 907 2270 952 eorum
2297 899 2450 968 plura
2491 905 2750 963 mentitus
2803 919 2888 965 est
2921 927 2935 965 :
2987 913 3059 969 ita
3114 926 3169 972 et
3209 917 3299 974 ltic
3344 922 3516 979 multa

1915 995 2025 1038 non
2053 999 2179 1040 vera
2198 987 2264 1043 de
2289 990 2452 1047 corde
2472 1008 2575 1049 suo
2597 997 2842 1055 conﬁxit.
2862 999 2890 1040 ι)
2924 1002 3161 1063 Proinde
3204 1020 3264 1067 ut
3304 1012 3358 1068 in
3407 1014 3512 1072 lle-

1916 1071 2065 1129 braeo
2089 1075 2340 1147 habetur,
2366 1084 2592 1142 verbum
2628 1102 2695 1144 ex
2718 1091 2886 1149 verbo
2939 1098 3235 1158 transferre
3283 1106 3510 1164 curabo.

1913 1164 1972 1222 Si
1993 1169 2210 1238 quidem
2229 1184 2475 1232 sanctum
2501 1184 2889 1254 evangelistam
2917 1188 3228 1252 Matthmum
3259 1200 3514 1260 eumdem

1913 1257 2160 1320 libellum
2193 1277 2215 1305 ε
2251 1267 2420 1338 liquet
2445 1277 2836 1347 composuisse,
2873 1282 3005 1339 etin
3037 1289 3219 1358 capite
3244 1257 3513 1366 Evangilii

1913 1351 2034 1419 sui,
2093 1355 2377 1418 llebraicis
2435 1363 2631 1422 litteris
2699 1370 3043 1443 obsignatum
3085 1351 3122 1416 δ’
3154 1351 3518 1454 Opposuisvse:

1912 1445 2059 1514 quod
2087 1463 2157 1504 an
2189 1466 2376 1510 verum
2413 1457 2504 1526 sit,
2535 1464 2746 1519 auctori
2774 1469 3110 1536 praefationis
3147 1485 3202 1532 et
3231 1478 3357 1536 ﬁdei
3381 1485 3517 1539 scri-

1913 1539 2086 1608 ptoris
2103 1547 2406 1604 committo.
2424 1549 2545 1621 Ipse
2572 1554 2720 1611 enim
2740 1569 2795 1612 ut
2813 1558 2932 1616 haec
2951 1562 3113 1621 dubia
3133 1581 3254 1624 esse
3275 1585 3516 1641 pronun-

1913 1631 1990 1686 tio
2020 1651 2032 1686 :
2063 1643 2118 1690 ct
2143 1637 2211 1692 ita
2242 1638 2448 1712 liquido
2469 1642 2606 1702 falsa
2640 1665 2747 1705 non
2779 1652 3017 1712 afﬁrmo.
3065 1658 3205 1716 Illud
3244 1631 3424 1723 autem
3452 1670 3516 1725 li-

1911 1722 2202 1797 beredico,
2232 1734 2375 1801 quod
2408 1735 2649 1795 ﬁdelium
2694 1745 2969 1804 neminem
2999 1762 3322 1823 negaturum
3354 1771 3511 1832 puto,

216 1816 548 1891 immoratur,
580 1835 633 1880 et
660 1829 978 1898 specialiter
1000 1834 1091 1903 qui
1131 1816 1382 1894 nondum,
1428 1816 1805 1917 lucris-auge-
1837 1822 1884 1883 Β
1910 1816 2024 1872 sive
2070 1818 2189 1877 hmc
2233 1839 2360 1920 ‘9'“,
2388 1827 2520 1898 sim’
2550 1833 2663 1890 sive
2694 1837 2763 1892 ab
2789 1838 2971 1911 aliquo
2997 1847 3249 1920 conﬂuat
3283 1861 3306 1888 θ
3327 1867 3515 1913 sacro‘

216 1923 310 1970 tur.
342 1920 591 1976 Arduum
623 1938 757 1993 opus
788 1926 1108 2000 injungitur,
1133 1948 1258 1988 cum
1307 1935 1408 1990 hoc
1463 1935 1626 1993 fuerit
1669 1941 1804 1996 mihi

214 2023 240 2062 a
265 2020 441 2066 vestra
472 2011 810 2073 beatitudine
837 2019 1180 2090 imperatum,
1206 2026 1351 2096 quod
1374 2043 1477 2085 nec
1499 2029 1615 2100 ipse
1639 2046 1801 2088 sanc-

216 2111 292 2156 tus
346 2102 640 2161 Matthzcus
686 2113 966 2180 apostolus
1036 2125 1092 2170 et
1137 2119 1478 2190 evangelista
1526 2123 1694 2179 voluit
1746 2126 1800 2182 in

212 2202 385 2261 aperto
419 2198 718 2254 conscribi.
751 2200 809 2256 Si
836 2205 980 2260 enim
1030 2205 1134 2262 hoc
1163 2219 1436 2266 secretum
1482 2229 1589 2269 non
1635 2229 1799 2285 esset,

213 2284 500 2358 Evangelia
533 2293 719 2364 utique
747 2294 918 2366 ipsius
941 2301 1084 2370 quod
1114 2303 1303 2371 edidit,
1335 2307 1672 2366 addidisset:
1704 2284 1802 2369 sed

211 2375 327 2433 fecit
373 2379 521 2439 hunc
554 2384 818 2451 ,libcllum
875 2391 1155 2450 Hebraicis
1183 2396 1381 2454 litteris
1409 2401 1797 2473 obsignatum:

210 2486 354 2540 quem
383 2492 563 2548 usque
605 2480 743 2536 adeo
784 2482 970 2555 edidit,
1025 2497 1083 2543 ut
1138 2498 1194 2545 et
1240 2507 1402 2548 manu
1445 2493 1618 2564 ipsius
1658 2498 1802 2554 liber

208 2569 434 2639 scriptus
460 2571 744 2630 Hebraicis
784 2576 980 2634 litteris
1015 2597 1046 2637 a
1073 2582 1204 2638 viris
1235 2586 1671 2658 religiosissimis
1697 2590 1798 2646 ha-

208 2659 554 2735 beaturzqui
588 2668 752 2722 etiam
803 2684 832 2724 a
881 2673 994 2728 suis
1042 2675 1316 2744 prioribus
1369 2695 1468 2750 per
1513 2696 1801 2740 successus

207 2760 501 2825 temporum
532 2771 919 2831 susceperunt.
946 2764 1099 2821 llunc
1130 2777 1309 2826 autem
1362 2771 1538 2843 ipsum
1573 2775 1796 2844 librum,

208 2862 490 2919 numquam
520 2851 684 2908 alicui
708 2856 1146 2915 transferendum
1169 2863 1511 2921 tradiderunt
1545 2885 1559 2922 :
1591 2877 1798 2926 textum

202 2940 310 3010 ejus
334 2944 494 2999 aliter
519 2954 680 3017 atque
712 2949 869 3006 aliter
897 2963 1278 3011 narraverunt.

267 3030 330 3086 ll.
355 3035 463 3091 Sed
500 3036 703 3095 factum
735 3050 818 3097 est
855 3052 915 3098 ut
962 3059 991 3099 a
1023 3045 1304 3104 Manichaai
1354 3051 1644 3125 discipulo,
1694 3072 1795 3115 no-

203 3125 337 3182 mine
360 3128 636 3200 Seleuco,
692 3135 782 3203 qui
829 3137 992 3196 ctiam
1035 3140 1423 3210 Apostolorum
1465 3159 1618 3218 gesta
1659 3150 1796 3208 falso

1909 1922 2095 1967 saneta
2117 1925 2319 1972 sancta:
2349 1919 2533 1979 Maria:
2583 1942 2775 1998 magna
2825 1930 3087 1993 miracula
3137 1947 3513 2020 praecessisse,

1909 2007 2144 2064 maxima
2196 2025 2489 2072 consecuta
2539 2020 2706 2079 fuisse
2741 2041 2755 2078 :
2788 2033 2844 2082 et
2888 2029 3092 2088 idcirco
3132 2038 3282 2093 salva
3312 2041 3418 2098 ﬁde
3443 2044 3513 2100 ab

1907 2097 1992 2154 his
2020 2103 2109 2171 qui
2139 2102 2310 2160 Deum
2344 2107 2445 2164 ista
2479 2109 2658 2170 facere
2686 2131 2852 2185 posse
2899 2123 3156 2194 credunt,
3205 2130 3324 2186 sine
3369 2137 3514 2205 peri-

1906 2191 2033 2248 culo
2077 2197 2274 2254 anima:
2309 2214 2424 2256 suae
2478 2206 2627 2261 credi
2679 2218 2734 2265 et
2784 2211 2888 2282 legi
2936 2230 3121 2284 posse.
3152 2191 3402 2296 Denique
3453 2227 3511 2285 in

1907 2298 2166 2356 quantum
2194 2295 2474 2351 recordari
2521 2313 2766 2372 possum,
2793 2319 3013 2365 sensum
3046 2327 3155 2369 non
3177 2295 3346 2374 verba
3373 2321 3512 2377 scri-

1906 2380 2078 2447 ptoris
2128 2396 2364 2455 sequens
2395 2428 2410 2454 ,
2446 2397 2503 2444 et
2533 2407 2677 2449 nunc
2704 2395 2894 2454 eadem
2932 2402 3123 2458 semita
3157 2420 3266 2462 non
3296 2409 3510 2469 eisdem

1910 2474 2156 2544 vestigiis
2211 2477 2495 2551 incedens,
2539 2501 2641 2542 nec
2670 2488 3009 2560 jquibusdam
3065 2497 3398 2558 diverticulis
3441 2506 3511 2561 ad

1905 2565 2156 2622 eamdem
2186 2570 2329 2627 viam
2384 2589 2678 2634 recurrens
2727 2597 2741 2634 :
2791 2584 2872 2640 sic
2918 2590 3253 2648 narrationis
3303 2595 3509 2666 stylum

1909 2653 1931 2694 τ
1965 2661 2189 2719 tcntabo
2221 2682 2235 2720 :
2267 2673 2322 2721 et
2366 2683 2474 2724 non
2502 2672 2605 2727 alia
2639 2673 2816 2732 dicam
2842 2695 3004 2750 quam
3034 2700 3155 2755 quae
3188 2698 3279 2745 aut
3305 2653 3505 2764 scripta

1904 2760 2035 2805 sunt
2064 2753 2160 2820 ibi,
2193 2766 2285 2812 aut
2315 2774 2714 2834 consequenter
2742 2770 2909 2827 scribi
2938 2753 3259 2844 potuerunt;

1973 2843 2042 2898 lI.
2075 2845 2244 2917 Igitur
2269 2851 2424 2909 beata
2447 2865 2503 2911 et
2523 2858 2764 2928 gloriosa
2806 2843 3023 2938 semper
3045 2870 3199 2945 virgo
3221 2875 3387 2934 Maria
3436 2879 3506 2939 de

1902 2936 2075 3006 stirpe
2101 2940 2247 3012 regia
2279 2953 2334 3000 et
2374 2947 2575 3005 familia
2633 2950 2805 3011 David
2858 2936 3086 3017 oriunda
3116 2936 3158 3016 ε⁷
3184 2965 3238 3021 ἱη
3283 2936 3506 3030 civitate

1902 3029 2172 3091 Nazareth
2201 3048 2352 3108 nata,
2396 3041 2756 3118 Jerosolymis
2796 3051 2848 3107 in
2881 3052 3110 3127 Templo
3143 3057 3361 3120 Domini
3401 3081 3508 3122 nu-

1903 3127 2031 3182 trita
2057 3127 2177 3185 fuit.
2207 3132 2370 3190 Pater
2396 3137 2514 3207 ejus
2540 3138 2786 3199 Joachim
2816 3163 2826 3197 :
2884 3146 3053 3206 Mater
3072 3166 3206 3210 vero
3235 3156 3390 3212 Anna
3417 3159 3504 3214 di-

202 3232 446 3279 sermone
473 3227 824 3298 conscripsit,
859 3231 945 3287 hic
985 3232 1124 3290 liber
1151 3237 1351 3306 editus,
1397 3257 1508 3298 non
1559 3245 1796 3302 tedifica-
1822 3224 1866 3286 (ἶ
1901 3221 2144 3278 Cebawr'
2189 3225 2395 3284 Domus
2424 3239 2647 3301 paterna
2678 3245 2763 3292 θδί
2799 3254 2865 3296 ex
2899 3242 3122 3300 eam“
3177 3257 3234 3304 et
3282 3251 3503 3312 θῖνίιθίθ

205 3313 346 3385 tioni,
370 3319 468 3374 sed
495 3320 858 3380 destructioni
884 3331 1164 3386 materiam
1193 3333 1503 3392 exhibuerit
1531 3357 1540 3390 :
1570 3348 1623 3395 et
1650 3341 1794 3411 quod

202 3411 316 3466 talis
345 3413 676 3483 probaretur
707 3418 758 3473 in
791 3421 1022 3490 synodo,
1071 3426 1155 3479 cui
1187 3427 1384 3483 merito
1411 3445 1571 3487 aures
1598 3433 1793 3490 Eccle-

201 3502 286 3558 sia:
315 3520 418 3560 non
442 3515 719 3577 paterent.
768 3512 960 3571 Cesset
1014 3533 1160 3574 nunc
1209 3521 1602 3582 oblatrantium
1645 3544 1794 3585 mor-

199 3608 324 3656 sus:
352 3616 458 3656 non
492 3603 655 3658 istum
686 3605 924 3664 libellum
953 3615 1232 3671 canonicis
1265 3633 1366 3674 nos
1414 3624 1793 3692 superaddidi-

199 3703 306 3746 mus
334 3693 659 3765 Scripturis,
705 3699 798 3754 sed
824 3700 892 3757 ad
919 3701 1283 3775 detegendum
1331 3710 1607 3769 haereseos
1632 3715 1790 3772 falla-

199 3784 347 3853 ciam,
390 3790 629 3860 apostoli
665 3802 831 3866 atquc
853 3801 1204 3869 evangelistae
1259 3805 1458 3876 scripta
1505 3810 1790 3868 transferi-

200 3894 347 3937 mus:
401 3883 459 3938 in
489 3901 598 3956 quo
635 3901 803 3959 opere
840 3906 946 3947 non
982 3900 1087 3949 tam
1113 3897 1215 3966 piis
1234 3897 1552 3968 jubentibus
1581 3907 1789 3976 cpisco-

197 3971 270 4039 pis
297 3975 760 4049 obtemperamus,
793 3997 954 4053 quam
979 3985 1158 4055 impiis
1182 3988 1456 4049 haereticis
1478 3994 1784 4054 obviamus.

195 4060 352 4122 Amor
382 4070 550 4140 igitur
569 4082 654 4128 est
673 4071 899 4142 Christi,
932 4079 1024 4133 cui
1054 4079 1473 4153 satisfaciemus,
1497 4089 1788 4147 credentes

197 4159 326 4227 quod
358 4177 459 4218 nos
480 4166 595 4220 suis
621 4168 973 4225 orationibus
1002 4171 1270 4242 adjuvent
1299 4195 1313 4231 :
1344 4179 1434 4249 qui
1485 4180 1553 4235 ad
1602 4181 1788 4238 Salva-

196 4252 313 4308 toris
336 4257 517 4311 nostri
551 4258 835 4316 infantiam
863 4273 1103 4322 sanctam
1137 4283 1235 4339 per
1291 4279 1533 4328 nostram
1586 4283 1781 4346 potue-

192 4346 288 4402 rint
316 4350 686 4412 obedientiam
710 4361 1023 4427 pervenire.

760 4474 1097 4536 EPISTOLA
1144 4479 1210 4536 L.

523 4573 551 4606 ει
577 4563 658 4623 De
685 4567 974 4626 Nativitate
1002 4584 1196 4630 sancta:
1223 4575 1433 4635 Maritc.

251 4676 499 4738 Petitisa
537 4698 645 4750 me,
682 4694 741 4740 ut
767 4687 925 4743 vobis
971 4692 1290 4760 rescribam,
1340 4695 1470 4766 quid
1526 4701 1657 4757 mihi
1712 4703 1780 4761 de

190 4772 414 4839 quodam
448 4774 634 4832 libello
665 4777 936 4847 videatur,
986 4781 1078 4847 qui
1109 4783 1180 4840 de
1223 4784 1357 4842 Navi

250 4962 275 4991 ⁸
303 4955 457 5012 Alias
507 4955 856 5030 Evangelium
900 4958 990 5033 de:
1021 4961 1307 5020 Nativitate
1340 4965 1527 5023 Maria:
1575 4970 1774 5030 inscri-

188 5023 345 5081 bitur.

247 5097 560 5173 b_Scleuci_
590 5099 788 5157 librum
846 5103 1059 5161 videtur
1109 5108 1389 5167 affirmare
1438 5126 1498 5167 se
1551 5129 1619 5170 ex
1668 5117 1772 5173 Πρω

185 5166 358 5258 braja
385 5170 805 5258 translaturum,
837 5176 939 5258 sed
960 5178 1164 5234 rectius
1190 5180 1298 5236 duo
1321 5166 1769 5258 hmcdist'inguit,

182 5249 228 5293 et
260 5241 489 5325 Seleuci
535 5243 735 5299 librum
788 5241 940 5325 rejici
1000 5259 1274 5325 tamquam
1334 5254 1515 5325 impiis
1560 5241 1773 5315 addita:

181 5314 368 5400 tuentis
390 5313 688 5400 refertum,
717 5327 772 5372 et
827 5313 1440 5400 alterum_l'l_ebraicum
1491 5313 1766 5400 tamquam

178 5382 301 5439 nihil
319 5385 548 5461 exitiosi
573 5386 855 5461 habentem
878 5392 1123 5461 probari,
1142 5395 1270 5451 licet
1295 5412 1402 5452 non
1455 5407 1514 5454 ut
1533 5382 1763 5458 daridari

177 5467 286 5509 cum
314 5465 371 5511 et
397 5455 639 5528 Μελαιιωὶ
668 5455 983 5528 genuinum.

170 5537 263 5653 be:
295 5528 352 5583 Si
383 5527 693 5652 praefatioui
716 5545 933 5606 nempe,
959 5543 1018 5591 ut
1051 5551 1177 5593 mox
1206 5538 1441 5610 additur,
1476 5542 1638 5601 ﬁdem
1670 5545 1764 5602 ha-

262 5613 293 5653 e
322 5614 392 5653 ve
421 5613 486 5653 is.

262 5613 293 5654 Θ
322 5613 486 5654 νειιε.

236 5668 263 5706 ά
287 5671 437 5741 Lege
464 5675 791 5742 apposuisse.

236 5750 260 5779 ε
287 5743 431 5814 Leg.
484 5745 886 5805 Sacrosattctam
932 5749 996 5808 S.
1049 5752 1236 5813 Mariw
1268 5758 1607 5821 Nativitalem
1648 5780 1759 5822 mae

167 5831 285 5890 grta,
313 5825 428 5874 etc.

627 5914 899 5982 Paraon.
948 5917 1161 5985 XXX.

1898 3313 2189 3373 Nazareth.
2217 3318 2518 3379 Maternum
2539 3337 2719 3385 autem
2737 3345 2906 3402 genus
2927 3349 2992 3391 ex
3016 3335 3337 3399 Bethlehem
3357 3355 3498 3404 erat.

1898 3403 2025 3463 Vita
2050 3423 2239 3468 eorum
2260 3413 2492 3486 simplex
2523 3429 2578 3475 et
2607 3432 2756 3480 recta
2799 3428 2941 3498 apud
2983 3429 3300 3505 Dominum,
3356 3441 3503 3510 apud

1897 3496 2149 3558 homines
2179 3503 2680 3578 irreprehensibilis
2703 3496 2906 3576 eratet
2929 3523 3038 3592 pia.
3090 3526 3225 3584 Nam
3279 3547 3499 3592 omnem

1895 3590 2256 3652 substantiam
2287 3614 2438 3656 suam
2475 3604 2738 3664 trifariam
2767 3610 3090 3674 diviserunt.
3149 3622 3322 3681 Unam
3373 3643 3502 3699 para

1897 3691 2005 3740 tem
2033 3686 2261 3759 Templo
2291 3702 2347 3749 et
2378 3694 2588 3769 Templi
2625 3711 2650 3749 ες
2678 3706 3036 3767 servitoribus
3065 3686 3492 3791 impendebant;

1895 3775 2055 3833 aliam
2087 3785 2390 3854 peregrinis
2422 3800 2476 3844 et
2518 3796 2852 3864 pauperibus
2889 3775 3220 3878 erogabant;
3274 3775 3495 3874 tertiam

1894 3880 2008 3923 suae
2041 3869 2261 3930 familias
2293 3878 2484 3938 usibus
2519 3892 2575 3940 et
2604 3886 2706 3942 sibi
2736 3869 3112 3954 reservabant.
3152 3869 3227 3957 lta
3261 3906 3349 3962 isti
3383 3910 3497 3970 Deo

1893 3961 2067 4032 cbari,
2103 3966 2416 4030 hominibus
2473 3978 2589 4046 pii:
2641 3996 2739 4050 per
2787 4000 2963 4046 annos
3016 3991 3238 4052 circiter
3276 3998 3489 4073 viginti,

1893 4063 2100 4111 castum
2133 4058 2283 4117 domi
2306 4065 2617 4139 conjugium
2637 4073 2758 4131 sine
2788 4076 3087 4141 liberorum
3113 4058 3491 4158 procreavtione

1893 4153 2242 4212 exercebant.
2267 4156 2296 4195 h
2331 4159 2608 4223 Voverunt
2638 4178 2819 4230 tamen
2850 4176 2897 4233 si
2920 4178 3060 4240 forte
3091 4153 3234 4245 Deus
3263 4191 3495 4254 donaret

1891 4243 1973 4298 eis
1995 4245 2269 4318 sobolem,
2300 4268 2417 4311 eam
2445 4271 2506 4314 se
2537 4260 2752 4322 Domini
2784 4271 3012 4332 servitio
3033 4283 3439 4355 mancipaturos
3469 4311 3484 4348 :

1891 4336 2048 4407 cujus
2087 4343 2166 4458 rei
2198 4347 2393 4417 gratia,
2433 4360 2488 4408 et
2517 4353 2800 4429 Templum
2848 4366 3064 4427 Domini
3110 4336 3338 4448 singulis
3382 4401 3484 4458 por

1891 4442 2097 4487 annum
2130 4433 2284 4493 festis
2317 4440 2666 4514 frequentare
2687 4453 2959 4514 solebant.

1966 4976 1986 5016 ί
2015 4978 2176 5057 fort.
2204 4988 2521 5057 temperabo.

1941 5059 1985 5134 ,ε
2015 5051 2384 5144 Vocabulum.
2411 5065 2719 5128 sei-virorum
2773 5072 3080 5143 barbariem
3127 5091 3321 5166 resipit
3349 5141 3365 5170 ,
3415 5111 3472 5164 ιιι

1941 5136 1985 5170 ta
2011 5121 2170 5170 hmng
2198 5141 2384 5170 eorum.
2412 5149 2664 5170 αονηηη...

1882 5121 1986 5202 alia
2009 5121 2170 5202 hujus
2198 5131 2384 5202 scripti
2410 5121 2689 5199 sexcenta.

1953 5193 1980 5232 ¹³
2007 5193 2122 5253 Hoc
2146 5193 2330 5282 votum
2356 5193 2784 5300 ostendit,jquod
2813 5232 3026 5284 castum
3070 5235 3381 5312 conjugium
3409 5248 3469 5305 in

1953 5268 2319 5312 Ὦηράρηιιιιιιε
2349 5279 2530 5312 "mh...
2564 5299 2670 5312 ..--
2706 5298 2774 5312 --.
2811 5294 2980 5312 ρημ...
3107 5304 3122 5312 -

2198 5273 2209 5282 .
2489 5281 2500 5292 ,
2600 5268 2612 5281 ,
2649 5268 2784 5300 ﬁ..-
2813 5268 3026 5304 των..
3070 5268 3381 5312 muns.“
3409 5268 3467 5305 η,

1876 5268 2674 5375 Efﬁﬁ‘fﬂei‘ﬂ‘ffilms“???
2705 5298 2775 5345 ³η
2810 5297 3216 5370 Intelligendum
3247 5313 3316 5372 de
3350 5333 3467 5375 om-

1876 5341 2099 5423 ..ίηιοαει
2124 5343 2486 5420 ἀποστερήσει.
2518 5341 2684 5414 Ιεόηέ
2705 5341 2825 5418 ἥδις
2852 5341 3464 5453 οεέςεέ;·εῖιῑ;·;ιεῖ,;;τ;ς;

1876 5420 2244 5453 narrnlmnnm
2275 5417 2511 5453 [ἰῆτο-ξ...
2557 5435 2846 5453 -....._--e._
3006 5444 3020 5453 .
3081 5451 3091 5453 μ

1873 5417 2514 5517 ξξξξξῇξίοηξξξιωάίιξξίηὶ
2555 5417 3464 5517 comissimis3a“;i;;{tn‘t3£ii'i.‘;'$

1870 5495 2283 5609 golaumquua:
2353 5490 2420 5549 de
2474 5494 2629 5555 Anna
2678 5490 2915 5567 'Elcaute
2953 5490 3459 5600 “υ“ιῖ›ἶὲ“ἰ’ἕέίἱῖίῖἷῖ’ἓ

1912 5591 2018 5608 ιιιιισ
2052 5591 2088 5618 ι,
2122 5591 2167 5611 lo

2933 6003 2958 6054 ε
3027 5973 3104 6038 πο
