3926 6290
469 278 576 333 9.99

1501 270 1560 331 S.
1605 271 1989 330 lilERUNYMl
2030 269 2317 331 OPERUM
2357 263 2723 325 MANTISSA.

3661 262 3762 321 500

468 406 617 449 teras
646 392 905 450 concives
936 406 1067 447 suos
1112 391 1280 448 etiam
1329 389 1574 446 Joachim
1623 405 1745 447 cum
1791 392 2069 447 oblatione
2094 395 2146 457 Α
2176 385 2471 444 Sainucle?
2502 384 2785 439 lit-tamen
2813 378 2868 435 hi
2918 377 3080 435 ambo
3136 378 3356 435 steriles
3408 387 3612 437 matres
3668 380 3762 434 ha-

471 506 570 544 sua
598 489 826 555 videret,
873 487 1121 558 despexit
1164 502 1312 555 eum,
1337 496 1391 542 et
1414 501 1640 541 munera
1667 486 1784 557 ejus
1829 488 2069 557 sprevit:

470 587 813 653 interrogans
838 597 936 636 cur
960 582 1103 636 inter
1135 579 1401 636 fecundos
1436 577 1761 635 infecundus
1783 580 1899 648 ipse
1927 587 2072 636 stare

473 682 857 745 praesumeret;
886 672 1076 728 dicens
1102 689 1113 725 :
1146 687 1371 729 munera
1402 685 1745 742 nequaquam
1773 671 1883 727 Deo
1912 671 2071 742 digna

473 783 632 837 posse
662 767 832 822 videri
868 782 882 822 :
916 781 1077 837 quem
1102 765 1219 837 ipse
1247 764 1404 835 prole
1444 764 1722 836 indignum
1746 764 2069 835 judicasset,

478 861 760 931 Scriptura
787 859 1003 915 dicente
1042 877 1057 913 :
1094 866 1120 895 α
1151 858 1501 914 Maledictum
1540 873 1755 914 omnem
1786 874 1930 925 esse,
1981 859 2072 928 qui

469 971 577 1009 non
608 954 887 1023 genuisset
914 953 1214 1008 masculum
1240 953 1292 1007 in
1319 952 1503 1008 Israel.
1528 951 1753 1008 Dicebat
1772 967 1899 1023 ergo
1923 952 2073 1022 prius

468 1064 591 1105 cum
624 1049 691 1103 ab
718 1048 820 1103 hac
844 1047 1254 1118 maledictionc,
1282 1048 1489 1105 sobolis
1543 1049 1898 1118 generatione
1955 1047 2069 1103 sol-

466 1140 726 1207 vendum,
756 1141 913 1195 etsic
959 1139 1177 1195 demum
1234 1141 1286 1195 in
1335 1148 1633 1209 conSpectu
1682 1140 1896 1195 Domini
1947 1153 2070 1195 cum

464 1232 833 1288 oblationibus
853 1246 977 1288 esse
1000 1241 1311 1288 venturum.
1336 1231 1503 1303 Cujus
1524 1233 1802 1303 opprobrii
1827 1232 2069 1303 objeclu,

470 1323 681 1394 pudore
707 1339 904 1394 magno
938 1323 1176 1379 suffusus
1223 1321 1493 1391 Joachim,
1542 1324 1610 1379 ad
1659 1334 1921 1394 pastores,
1981 1324 2071 1393 qui

470 1434 590 1471 cum
616 1416 919 1487 pecudibus
949 1426 1126 1484 erant,
1159 1419 1211 1472 in
1243 1419 1456 1488 pascuis
1479 1418 1591 1475 suis
1615 1420 1865 1476 secessit.
1886 1418 2071 1490 Neque

466 1510 609 1564 enim
640 1510 859 1564 domum
886 1518 1138 1580 repetere
1165 1511 1333 1566 voluit
1363 1527 1376 1564 :
1426 1527 1493 1567 ne
1520 1510 1664 1568 forte
1708 1528 1738 1568 a
1792 1513 2074 1568 contribu-

464 1600 605 1655 libus
636 1600 774 1663 suis,
800 1600 888 1667 qui
923 1602 1085 1656 simul
1112 1602 1361 1670 aderant,
1390 1610 1447 1658 et
1478 1602 1580 1659 hoc
1604 1618 1633 1658 a
1658 1603 1947 1660 sacerdote
1976 1620 2070 1660 au-

467 1694 706 1759 dierunt,
738 1695 929 1749 eodem
960 1696 1237 1766 approbrii
1263 1695 1439 1768 elogio
1474 1706 1782 1754 notaretur.

2176 481 2365 536 buerc.
2396 479 2452 535 Si
2475 492 2603 547 ergo
2626 476 2766 531 ratio
2791 474 2973 529 verbis
3000 476 3137 529 meis
3182 474 3277 529 tibi
3307 490 3414 529 non
3448 474 3761 545 persuadet,

2178 585 2202 613 ε
2233 573 2394 629 crede
2424 571 2618 626 dilatos
2644 571 2735 627 diu
2765 577 3066 639 conceptus
3097 576 3155 625 et
3181 568 3396 625 steriles
3426 578 3614 641 partus
3667 569 3765 624 mi-

2132 660 2135 667 ’
2176 665 2469 723 rabiliores
2501 679 2622 720 esse
2650 663 2849 719 solere.
2871 661 3107 718 Proinde
3136 662 3291 718 Anna
3322 679 3461 718 uxor
3520 672 3611 719 tua
3670 677 3766 732 pa-

2180 765 2289 820 riet
2347 764 2441 818 til.i
2500 762 2686 827 ﬁliam,
2743 772 2798 817 et
2846 760 3068 816 vocabis
3126 775 3322 816 nomen
3364 760 3481 830 ejus
3504 758 3764 815 Mariam:

2176 857 2293 914 haec
2323 859 2447 923 erit,
2477 854 2495 896 ί
2527 866 2586 911 ut
2604 856 2859 921 vovistis,
2883 854 2951 908 ab
2974 853 3198 908 infantia
3230 867 3327 908 sua
3355 852 3589 907 Domino
3645 865 3766 906 con-

2175 960 2410 1014 secrnta,
2431 960 2487 1005 et
2508 949 2715 1018 Spiritu
2754 954 2946 1003 sancto
2987 945 3291 1016 replebitur
3319 943 3491 1000 adhuc
3519 960 3587 998 ex
3618 954 3767 1000 utero

2178 1045 2365 1101 matris
2397 1043 2551 1115 (Luc.
2588 1041 2650 1112 ι).
2682 1040 2856 1097 Omne
2886 1040 3223 1095 immundum
3256 1055 3435 1109 neque
3475 1038 3771 1094 manduca-

2177 1139 2254 1194 bit
2284 1152 2459 1209 neque
2484 1136 2635 1192 bibet
2666 1151 2679 1188 :
2713 1150 2890 1206 neque
2942 1134 3084 1189 inter
3132 1133 3426 1204 populares
3470 1132 3771 1188 forinsecus

2178 1230 2384 1296 turbas,
2418 1227 2514 1285 sed
2545 1230 2599 1283 in
2624 1227 2853 1297 Templo
2877 1226 3089 1282 Domini
3108 1226 3453 1282 conversatio
3483 1225 3605 1296 ejus
3632 1224 3769 1280 erit:

2177 1340 2246 1377 ne
2274 1320 2403 1392 quid
2426 1322 2492 1376 de
2520 1336 2584 1376 ea
2614 1319 2896 1375 sinistrum
2930 1320 3013 1375 vel
3045 1318 3311 1388 suSpieari
3359 1318 3551 1374 saltem
3605 1319 3773 1388 possit

2177 1417 2261 1471 vel
2284 1415 2412 1470 dici.
2454 1415 2640 1485 Itaque
2663 1421 2822 1469 :etate
2854 1412 3209 1487 procedente,
3241 1412 3383 1468 sicut
3414 1414 3529 1483 ipsa
3552 1412 3772 1468 mirabi-

2179 1510 2301 1565 liter
2327 1525 2395 1564 ex
2424 1507 2599 1564 sterili
2626 1517 2879 1562 nascetur
2908 1524 2920 1561 :
2978 1508 3052 1561 ita
3095 1504 3595 1577 incomparabiliter
3615 1506 3772 1576 virgo

2177 1602 2455 1675 generabit
2480 1601 2743 1657 Altissimi
2767 1599 2988 1668 Filium,
3017 1599 3111 1671 qui
3141 1600 3302 1655 Jesus
3342 1608 3566 1654 vocatur
3599 1616 3615 1653 :
3671 1613 3761 1655 se-

2175 1698 2410 1754 cundum
2472 1696 2709 1752 nominis
2756 1693 3166 1767 etymologiam,
3223 1692 3474 1750 Salvator
3520 1694 3767 1748 omnium

539 1784 632 1840 ιγ.
660 1784 864 1841 Verum
889 1802 1011 1841 cum
1047 1785 1121 1841 ibi
1148 1787 1483 1858 aliquamdiu
1529 1800 1695 1859 esset,
1729 1789 1959 1860 quadam
1983 1791 2071 1847 die
2102 1790 2416 1863 Bgentium
2448 1789 2574 1845 erit.
2601 1789 2667 1844 Et
2692 1787 2796 1843 hoc
2823 1788 2919 1843 tibi
2968 1802 3156 1844 eorum
3208 1801 3328 1858 qua:
3381 1786 3644 1840 annuntio
3696 1785 3775 1841 si-

466 1895 587 1935 cum
615 1888 759 1933 esset
787 1879 957 1947 solus,
986 1878 1012 1917 b
1043 1880 1267 1950 angelus
1306 1880 1521 1936 Domini
1552 1882 1602 1938 ei
1647 1896 1771 1938 cum
1802 1883 2075 1941 immenso

466 1973 674 2027 lumine
701 1972 895 2027 astitit.
930 1972 1179 2040 Quicum
1208 1973 1279 2029 ad
1332 1975 1449 2045 ejus
1501 1976 1770 2033 visionem
1821 1976 2073 2034 turbare-

467 2074 573 2131 tur,
601 2065 828 2135 angelus
859 2066 947 2136 qui
975 2067 1025 2121 ei
1064 2076 1429 2137 apparuerat,
1485 2067 1733 2126 timorem
1766 2070 1886 2141 ejus
1925 2085 2074 2126 com-

469 2158 701 2227 pescuit,
736 2157 925 2213 dicens
956 2174 969 2211 :
1002 2156 1123 2214 Noli
1154 2158 1379 2226 timere,
1409 2159 1677 2229 Joachim,
1711 2176 1891 2232 neque
1914 2163 1965 2217 in
1997 2163 2074 2217 vi-

470 2253 624 2309 sione
658 2266 777 2307 mea
807 2251 1064 2307 turberis.
1102 2251 1217 2323 Ego
1246 2254 1392 2309 enim
1424 2269 1542 2309 sum
1573 2256 1801 2326 angelus
1831 2254 2075 2324 Domini,

471 2347 669 2401 missus
699 2346 766 2398 ab
811 2346 929 2416 ipso
982 2345 1049 2401 ad
1104 2355 1178 2415 te,
1214 2357 1235 2385 ο
1268 2357 1325 2401 ut
1371 2349 1691 2405 annuntiem
1743 2349 1840 2405 tibi
1885 2363 2074 2419 preces

473 2449 591 2494 tuas
622 2453 744 2493 esse
773 2438 1079 2506 exauditus,
1122 2447 1178 2493 et
1201 2438 1578 2510 eleemosynas
1606 2451 1724 2496 tuas
1760 2441 2075 2498 ascendisse

471 2533 524 2583 in
557 2539 909 2599 conspectum
934 2529 1071 2597 ejus.
1123 2527 1327 2585 Videas
1378 2531 1579 2602 quippe
1628 2530 1765 2587 vidit
1812 2532 2074 2602 pudorem

474 2633 647 2685 tuum,
678 2628 734 2674 cl.
759 2619 967 2674 audivit
1009 2620 1318 2676 sterilitatis
1365 2622 1717 2693 opprobrium
1774 2640 1881 2680 nou
1927 2634 2076 2681 recte

473 2714 571 2768 tibi
613 2711 907 2782 objectum.
952 2711 1168 2768 Peccati
1215 2728 1473 2785 namque,
1528 2729 1635 2771 non
1681 2724 1889 2772 naturae
1935 2716 2077 2772 ultor

473 2816 557 2862 est
581 2808 722 2863 Deus
758 2823 772 2860 :
818 2815 872 2862 et
900 2805 1021 2862 ideo
1044 2822 1168 2862 cum
1200 2806 1432 2878 alicujus
1463 2817 1673 2865 uterum
1718 2810 1947 2881 claudit,
2005 2811 2073 2866 ad

480 2900 583 2953 hoc
604 2896 754 2963 facit,
785 2905 847 2952 ut
877 2896 1178 2954 mirabilius
1210 2897 1391 2953 denuo
1423 2901 1638 2971 aperiat
1670 2918 1683 2955 :
1742 2912 1926 2958 etnon
1959 2900 2076 2955 libi-

473 2989 619 3046 dinis
650 3003 769 3044 esse
797 2988 942 3060 quod
979 2990 1242 3053 nascitur,
1272 2990 1369 3046 sed
1402 2991 1569 3047 divini
1603 2994 1847 3049 muneris
1876 3008 2075 3065 cogno-

476 3092 678 3139 scatur.
700 3082 882 3137 Prima
899 3082 1042 3137 enim
1065 3084 1244 3153 gentis
1262 3093 1454 3140 vestrae
1477 3080 1503 3120 ιί
1527 3084 1660 3139 Sara
1678 3094 1872 3154 mater,
1895 3102 2077 3144 nonne

2175 1901 2340 1961 gnum
2392 1886 2495 1941 erit
2545 1884 2801 1957 (Σημεῖον,
2840 1893 2895 1936 ut
2950 1881 3092 1936 Lact.
3143 1876 3364 1952 ",19).
3409 1879 3541 1935 Cum
3584 1895 3780 1951 perve-

2177 1979 2323 2036 ncris
2356 1979 2421 2034 ad
2453 1978 2693 2033 Auream
2729 1979 2780 2031 in
2809 1974 3167 2047 Jerosolymis
3195 1986 3404 2046 portam
3436 1971 3629 2046 (Porta
3659 1974 3780 2028 atrii

2175 2069 2489 2143 orientalis),
2518 2069 2727 2125 habetis
2756 2068 2826 2123 ibi
2854 2067 3070 2124 obviam
3095 2066 3307 2122 Annam
3340 2080 3565 2121 uxorem
3595 2076 3767 2135 tuam,

2172 2180 2293 2235 quat
2344 2163 2413 2218 de
2437 2172 2542 2217 tua:
2596 2159 2959 2231 regressionis
2990 2158 3297 2215 tardatione
3318 2158 3481 2213 modo
3506 2157 3779 2224 sollicita,

2176 2266 2303 2314 tunc
2335 2257 2388 2311 in
2410 2264 2630 2331 aspectu
2654 2264 2744 2309 tuo
2771 2252 3047 2326 gaudebit.
3072 2252 3168 2308 His
3188 2251 3363 2308 dictus
3386 2251 3617 2323 angelus
3671 2250 3782 2307 dis-

2175 2351 2340 2407 cessit
2366 2350 2435 2405 ab
2462 2364 2548 2404 co.

2251 2443 2313 2498 γ.
2350 2442 2552 2498 Deinde
2582 2442 2829 2512 apparuit
2875 2440 3045 2496 Anna:
3077 2439 3229 2496 uxori
3278 2437 3396 2509 ejus
3432 2436 3661 2493 dicens:
3694 2433 3775 2490 Ne

2179 2538 2393 2601 timeas,
2431 2539 2609 2601 Anna,
2636 2549 2814 2604 neque
2845 2536 3166 2604 phantasma
3194 2540 3351 2601 putes
3375 2543 3498 2586 esse
3522 2528 3669 2599 quod
3702 2527 3784 2582 vi-

2175 2630 2292 2687 des.
2328 2629 2440 2700 Ego
2473 2627 2619 2684 enim
2649 2642 2766 2683 sum
2792 2627 3017 2697 angelus
3047 2625 3162 2690 ille,
3204 2625 3293 2694 qui
3325 2636 3514 2695 preces
3535 2632 3591 2677 et
3630 2619 3786 2677 elee-

2179 2737 2433 2794 mosynas
2483 2730 2691 2778 vestras
2735 2719 2906 2776 obtuli
2948 2719 3003 2773 in
3032 2725 3325 2789 conspectu
3355 2715 3450 2770 Dei
3485 2733 3500 2769 :
3530 2722 3586 2770 et
3639 2726 3789 2768 nunc

2177 2817 2377 2873 missus
2409 2831 2529 2871 sum
2559 2814 2624 2869 ad
2656 2828 2773 2882 vos,
2808 2820 2868 2867 ut
2897 2810 3213 2868 annuntiem
3247 2807 3404 2864 vobis
3448 2806 3786 2861 nascituram

2179 2909 2366 2976 ﬁliam,
2402 2922 2522 2977 quae
2554 2905 2717 2960 ltlaria
2743 2914 2958 2973 vocata,
2990 2918 3154 2973 super
3179 2916 3369 2959 omnes
3394 2899 3660 2955 mulieres
3688 2898 3788 2953 erit

2178 2999 2484 3055 benedicta.
2517 2995 2644 3053 Haec
2670 3013 2697 3050 a
2731 2997 3013 3052 nativitate
3030 3010 3124 3050 sua
3154 2995 3334 3050 statim
3368 3001 3392 3040 Β
3416 2990 3642 3047 Domini
3669 3006 3787 3061 gra-

2181 3096 2251 3147 tia
2293 3094 2470 3164 plena,
2522 3093 2696 3147 tribus
2717 3092 3095 3147 ahlactationis
3114 3105 3228 3146 suae
3262 3084 3468 3143 annisb
3516 3086 3570 3141 in
3624 3087 3787 3141 domo

478 3192 649 3247 usque
691 3176 760 3231 ad
803 3176 1199 3247 octogesimum
1248 3194 1449 3233 annum
1501 3179 1793 3236 infecunda
1838 3180 1980 3237 fuit?
2022 3193 2076 3239 et
2106 3193 2152 3259 (ζ
2185 3199 2408 3260 paterna
2434 3186 2793 3258 permanebit.
2825 3186 3017 3241 Postea
3044 3181 3267 3240 servitio
3314 3180 3531 3237 Domini
3577 3180 3789 3235 manci-

479 3285 659 3327 tamen
694 3271 748 3326 in
776 3271 969 3326 ultima
996 3274 1293 3326 senectutis
1325 3280 1486 3328 aetate
1526 3275 1714 3345 genuit
1763 3274 1934 3340 Isaac,
1990 3276 2076 3332 cui

481 3364 814 3433 repromissa
864 3373 984 3418 erat
1022 3362 1326 3419 benedictio
1375 3367 1614 3420 omnium
1656 3365 1916 3437 gentium.
1969 3366 2078 3423 Ra-

481 3456 603 3512 chel
655 3471 872 3526 quoque
920 3466 1127 3510 tantum
1172 3456 1401 3512 Domino
1448 3468 1624 3528 grata,
1677 3468 1994 3530 tantumque
2050 3476 2080 3515 a

480 3555 668 3603 saneto
693 3545 859 3601 Jacob
879 3546 1159 3615 adamata,
1206 3547 1299 3603 diu
1344 3548 1548 3604 sterilis
1596 3550 1744 3605 fuit:
1807 3558 1861 3606 ct
1900 3562 2080 3608 tamen

477 3639 683 3711 Joseph
734 3640 961 3711 genuit,
1004 3655 1113 3695 non
1165 3640 1342 3695 solum
1366 3640 1646 3698 dominum
1686 3639 1931 3715 Egypti,
1983 3646 2087 3703 sed,

478 3734 834 3805 plurimarum
857 3732 1097 3804 gentium
1152 3731 1293 3788 fame
1319 3732 1681 3802 periturarum
1707 3735 2075 3793 liberatorem.

484 3824 942 3894 Quisinducibus
987 3823 1071 3882 vel
1130 3823 1322 3882 fortior
1359 3825 1645 3895 Samsone,
1704 3830 1787 3885 vel
1837 3830 2079 3887 sanetior

486 3987 875 4062 to-Evangelio
889 3998 973 4062 est
986 3986 1177 4045 Ruben
1197 4007 1210 4043 :
1230 3990 1324 4046 sed
1353 3990 1494 4061 apud
1506 3990 1825 4062 Josephum,
1854 4004 1908 4049 et
1930 3994 2075 4055 filios

489 4063 596 4118 ﬁde
621 4061 813 4139 dignos
840 4061 1232 4139 scriptoresde
1263 4072 1493 4132 utroque
1520 4066 1620 4139 γρὺ
1642 4061 1882 4139 quidem.

561 4141 588 4169 ι
613 4133 799 4217 Graeca
826 4132 989 4217 verba
1018 4133 1156 4217 apud
1181 4132 1582 4217 Damascettuiri
1606 4132 1695 4205 qui
1712 4141 1925 4217 nomine?
1948 4142 2077 4217 πρό·

487 4225 699 4289 ςταγμςε
739 4212 895 4287 γοειιι
941 4216 1013 4289 ιγ,
1038 4203 1141 4289 25,.
1162 4204 1228 4256 de
1254 4203 1481 4289 (ξνιιιοάζ
1704 4203 2078 4289 ἑπιξεατὰραέος

487 4272 542 4352 ὃς
562 4272 858 4352 οὗκλὲσγςὶρξι
880 4272 1169 4352 auspicans?
1193 4282 1267 4345 τῷ
1290 4276 1533 4352 Ἰσραήλ.-
1563 4275 1705 4331 llier.
1736 4272 1952 4352 advers.
1986 4272 2081 4352 Jo?

488 4348 601 4398 vin.
638 4342 924 4396 Maledicta
952 4342 1141 4397 sierilis
1167 4342 1281 4413 quia
1312 4342 1413 4399 non
1446 4348 1597 4400 habet
1621 4364 1790 4402 semen
1814 4352 1863 4402 in
1886 4351 2078 4406 Israel.

489 4415 597 4491 Pro
620 4415 829 4491 semine
876 4416 1173 4491 masculina
1200 4417 1444 4491 ponitur
1463 4417 1565 4472 hoc
1592 4418 2081 4491 Pseudo-Evange-

494 4488 585 4551 lio,
618 4484 837 4563 idenim
847 4500 1043 4563 semen
1068 4487 1397 4558 κατ’ἐξοχὴν.
1420 4487 1526 4563 Aut
1546 4493 1682 4544 forte
1700 4484 2077 4563 conjungetida

490 4553 999 4637 sunti'Matedietur’n
1038 4574 1253 4637 omnem
1275 4553 1591 4637 masculum,
1620 4562 1707 4637 qui
1737 4553 1839 4615 non
1866 4553 2078 4637 genuis-

491 4636 589 4683 set.
620 4626 751 4680 Nam
772 4625 974 4695 alioqui
1002 4643 1101 4683 nec
1125 4630 1291 4684 Maria
1321 4631 1375 4683 in
1398 4632 1568 4685 lucem
1588 4625 1755 4695 edita,
1776 4625 2077 4691 mas'Cnlum

490 4708 884 4777 generaverant
906 4698 1024 4765 ejus
1054 4712 1328 4767 parentes.
1363 4702 1552 4777 sedin
1602 4704 1899 4777 Scripturis
1954 4708 2079 4777 qui-

492 4769 975 4849 demfruttralttec
1032 4786 1266 4849 quaeras,
1318 4774 1420 4849 etsi
1472 4775 1614 4830 inter
1665 4769 2080 4849 Benedictioues

495 4843 691 4912 legitur
738 4838 907 4912 and.
952 4844 1237 4912 minati,
1266 4853 1319 4899 et
1370 4845 1526 4901 Deut.
1568 4862 1662 4911 vn,
1702 4848 1786 4910 Μ.
1820 4852 1906 4904 οὐκ
1932 4849 2079 4909 ἕσται

494 4909 1065 4995 ἅίίρνοςηούδέηστέρα
1104 4911 1190 4969 ἐπὶ
1233 4924 1325 4976 τῆς
1353 4926 1592 4995 γῆςρρυ.
1742 4918 1914 4995 Esaia:
1948 4938 2079 4977 XXXI

494 4981 668 5037 ultim.
703 4985 755 5038 in
777 4985 906 5037 edit.
951 4981 1161 5044 Graeca,
1192 5000 1314 5039 nam
1340 4981 1407 5040 ab
1430 4988 1671 5044 llebrteis
1699 4991 1814 5045 haec
1839 4991 2079 5048 derideri

493 5055 570 5108 ait
596 5053 1393 5131 llieronytuus_ad_Pannnach.
1440 5060 1511 5113 de
1558 5060 1775 5130 Optimo
1817 5078 1941 5131 gen.
1991 5066 2079 5119 in-

490 5135 632 5250 ἕξει).
676 5122 925 5249 Finitima;
953 5122 1006 5187 ὃς
1034 5123 1151 5198 ἔχει
1190 5130 1239 5183 ἐν
1262 5133 1382 5184 Σιών
1412 5122 1655 5206 σπέρμὰ,
1682 5137 1764 5188 καὶ
1789 5122 1999 5197 οἷκείους
2027 5139 2080 5192 ἐν

531 5216 725 5250 ερουσα
756 5222 846 5250 ηιι.
1275 5245 1281 5250 .

531 5218 846 5269 quoue-ama.
1275 5245 1281 5251 .

624 5269 1001 5344 stipat-itiones
1028 5271 1345 5341 angelorum
1377 5271 1487 5328 fere
1526 5274 1667 5330 solet
1694 5276 1940 5331 comitari
1965 5277 2077 5344 lux,

489 5353 609 5420 qua:
632 5336 755 5403 δόξα
784 5342 969 5420 sapio?
1001 5336 1242 5420 vocatur,
1278 5344 1406 5420 Luc.
1432 5345 1559 5420 13,9,
1585 5346 1665 5399 sic
1695 5347 1831 5420 inira
1864 5336 2078 5420 cap.1x;

488 5408 759 5465 Creterum
811 5408 1143 5481 Epiphanius
1197 5408 1393 5471 haeresi
1435 5416 1521 5480 79,
1547 5408 1714 5472 'num.
1749 5419 1801 5482 5,
1834 5408 2000 5475 refért
2026 5422 2077 5475 in

490 5482 705 5565 deserto
735 5483 1297 5565 angelumduacltimo
1325 5488 1662 5558 apparuisse,
1690 5500 1742 5546 et
1766 5491 1949 5548 Maria:
1977 5508 2079 5548 na.

492 5562 754 5609 ttvitatem
788 5562 1160 5611 annuutiasse.

538 5636 583 5713 ὀ
620 5625 710 5681 Sic
737 5626 925 5713 Actor;
961 5642 1014 5695 Χ,
1046 5627 1079 5681 «i
1107 5645 1126 5713 ’τ
1164 5629 1217 5683 αἱ
1237 5632 1544 5713 πρρσευχοεί
1567 5652 1664 5713 aeu
1687 5638 1772 5689 καὶ
1791 5635 1845 5689 αἱ
1873 5636 2079 5710 ἐλεημο-

483 5698 634 5755 σύναι
665 5720 768 5754 σου
792 5698 1048 5757 ἀνέϐησαν
1074 5700 1145 5760 εἰς
1168 5698 1482 5775 μνημόσυώῦ
1501 5704 1712 5761 ἐνώπιον
1731 5711 1824 5761 τοῦ
1854 5698 2003 5763 Θεοῧ⁸

557 5786 583 5833 ἀ
605 5789 742 5851 Gen.
770 5807 848 5867 xx,
882 5794 982 5863 50;
1013 5796 1176 5868 “1,1
1215 5805 1269 5857 et
1296 5811 1448 5869 xvnt,
1474 5797 1561 5859 11.
1586 5797 1865 5875 Nusquam
1892 5810 2073 5864 tamen

2182 3293 2324 3354 pata,
2354 3298 2383 3336 a
2410 3280 2636 3350 Templo
2674 3277 2689 3315 ί
2728 3294 2895 3348 usque
2924 3276 2992 3332 ad
3032 3274 3399 3347 intelligibiles
3454 3286 3633 3327 annos
3673 3287 3778 3326 non

2186 3375 2451 3431 discedet.
2484 3374 2559 3429 lbi
2586 3374 2820 3445 denique
2843 3371 3065 3443 jejuniis
3087 3379 3144 3425 et
3167 3367 3506 3426 orationibus
3528 3376 3701 3422 nocte
3726 3380 3788 3422 ac

2185 3468 2273 3524 die
2299 3467 2410 3522 Deo
2440 3466 2705 3533 serviens,
2742 3465 2809 3518 ab
2839 3464 2986 3518 omni
3019 3459 3300 3517 immundo
3354 3473 3413 3514 sc
3465 3457 3787 3513 abstinebit.

2186 3560 2373 3617 Virum
2394 3572 2683 3630 numquam
2712 3564 3004 3628 cognoscet
3028 3573 3042 3611 :
3067 3552 3163 3610 sed
3190 3552 3305 3608 sola
3330 3549 3452 3607 sine
3505 3549 3785 3618 exemplo,

2184 3653 2305 3709 sine
2336 3650 2568 3717 macula,
2592 3650 2710 3706 sine
2734 3649 3103 3719 corruptione,
3132 3647 3249 3701 sine
3269 3644 3413 3700 virili
3440 3642 3791 3698 commixtio-

2188 3761 2279 3813 ne,
2313 3746 2464 3816 virgo
2496 3743 2684 3806 lilium,
2716 3741 2913 3797 ancilla
2936 3741 3249 3807 Dominum,
3281 3746 3335 3793 et
3360 3736 3555 3807 gratia,
3590 3745 3651 3791 et
3689 3749 3789 3791 no-

2188 3838 2354 3905 mine,
2387 3844 2651 3907 ctopere,
2687 3833 3023 3892 Salvatorem
3057 3831 3243 3888 mundi
3274 3829 3576 3903 generabit.
3602 3828 3793 3900 Itaque

2181 4004 2241 4058 fit
2267 4003 2473 4059 mentio
2518 4000 2643 4059 anni
2684 4002 2860 4058 atatis
2911 3998 3261 4071 octogesimi,
3305 3997 3380 4052 uti
3431 4008 3536 4071 nec
3578 3995 3791 4071 Genes.

2183 4091 2258 4143 ιι,
2286 4077 2375 4131 ubi
2406 4084 2631 4131 narrant
2656 4076 2895 4144 genitum
2917 4088 2981 4128 ex
3016 4067 3147 4128 Sara
3176 4070 3445 4133 lsaaeum,
3474 4067 3794 4144 ﬁbrahamo

2176 4139 2288 4216 jam
2317 4158 2532 4203 centum
2556 4139 2821 4201 annorum
2857 4153 3071 4199 aetatem
3106 4150 3419 4216 consecuta.
3451 4139 3795 4216 _Utcumque

2183 4210 2361 4272 tamen
2392 4218 2441 4272 id
2488 4218 2711 4286 colligas
2745 4232 2807 4271 ex
2877 4226 3121 4285 tempore
3175 4213 3326 4269 Sorae
3373 4210 3655 4268 defuncta:
3696 4226 3788 4267 an.

2185 4291 2361 4344 altatis
2396 4290 2495 4344 127
2526 4288 2663 4343 Gen.
2691 4303 2844 4353 mn,
2881 4289 2931 4342 1.

2260 4370 2283 4397 θ
2318 4359 2373 4415 Id
2404 4371 2508 4423 est,
2534 4368 2614 4413 tot
2638 4352 2903 4427 exeinp’lis
2924 4374 2952 4411 a
2979 4371 3065 4413 me
3086 4355 3287 4412 allatis.
3315 4353 3455 4410 Male
3474 4360 3645 4409 antea
3672 4352 3793 4409 edi-

2190 4440 2300 4485 tum
2336 4449 2349 4483 :
2395 4430 2682 4486 Persuade!
2705 4431 2934 4484 credere.

2262 4501 2398 4557 fSic
2420 4504 2556 4570 lego,
2588 4517 2710 4557 cum
2748 4500 2940 4555 vitiose
2973 4499 3025 4553 in
3067 4498 3191 4553 aliis
3219 4496 3403 4570 editis,
3438 4504 3495 4549 ut
3541 4497 3789 4570 uenistis.

2188 4573 2309 4627 Vid.
2336 4568 2499 4643 supra
2530 4568 2647 4642 cap.
2680 4573 2732 4631 1,.
2764 4572 3007 4627 Meminit
3039 4570 3185 4643 illius
3208 4568 3319 4624 voti
3346 4583 3377 4620 a
3402 4578 3573 4643 matre
3600 4568 3792 4643 alariae

2190 4638 2481 4705 nuncunati
2538 4638 2834 4715 Gregorius
2879 4658 3093 4713 quoque
3145 4642 3423 4713 Nyssenus
3473 4638 3675 4695 homil.
3738 4639 3795 4693 in

2185 4716 2363 4771 Natat.
2395 4715 2628 4769 Domini.

2258 4797 2283 4836 8
2314 4789 2706 4863 κεχαριτωμένη
2727 4786 2869 4856 quod
2900 4786 3115 4863 Luemi,
3143 4782 3235 4846 ‘28,
3261 4781 3433 4854 Syrus
3453 4796 3680 4852 quoque
3710 4781 3795 4835 in-

2187 4889 2396 4948 terpres
2428 4861 2663 4935 reddidit
2706 4887 2922 4939 unum
2959 4861 3153 4942 12751:,
3215 4874 3410 4948 Grtcca
3433 4889 3590 4948 voce
3622 4875 3798 4930 utitur

2184 4944 2311 5007 ante
2342 4950 2543 5005 Lucam
2570 4948 2915 5021 Syr-achates,
2942 4965 3017 5009 rx.
3048 4952 3102 5013 8,
3134 4957 3188 5021 et
3211 4962 3359 5011 xvtn,
3394 4946 3488 5021 ηε
3513 4944 3795 5021 Ceterum

2186 5022 2328 5092 quod
2357 5017 2643 5077 Ambrosio
2673 5030 2727 5075 et
2754 5022 2877 5092 aliis
2930 5018 3251 5091 quibusdam
3297 5017 3573 5073 veteribus
3621 5019 3801 5090 gratia

2186 5090 2341 5162 plena
2388 5094 2699 5162 exponitur,
2734 5090 3139 5161 Chrislo'plena,
3184 5104 3370 5160 parum
3424 5098 3801 5159 congruenter

2188 5166 2249 5218 lit
2274 5165 2338 5217 ad
2375 5165 2550 5232 angeli
2587 5173 2844 5219 mentem.

2261 5234 2289 5273 ιι
2316 5236 2405 5291 Sic
2434 5230 2490 5290 et
2532 5234 2987 5304 Proto-Evangel.
3020 5231 3207 5288 Jacobi
3242 5248 3292 5287 c.
3323 5246 3439 5287 vui.
3486 5230 3796 5304 Trimutam

2190 5307 2243 5363 in
2266 5307 2493 5379 Temple
2519 5301 2965 5379 repraesentatam
2987 5304 3062 5360 ait
3078 5308 3240 5360 etiam
3266 5304 3505 5360 Evodius
3522 5302 3676 5373 apud
3705 5301 3803 5358 Ni;

2186 5378 2484 5450 cephorum
2516 5379 2609 5433 lib.
2654 5394 2715 5446 ιι,
2746 5394 2798 5450 e._
2822 5378 2874 5441 '5,

2270 5451 2284 5487 ί
2322 5450 2377 5505 ld
2396 5459 2497 5517 est,
2529 5444 2709 5518 usque
2737 5448 2802 5503 ad
2834 5462 3006 5503 annos
3040 5445 3559 5518 intelligentes,sive
3585 5444 3801 5513 quibus

2191 5521 2355 5577 homo
2395 5523 2581 5592 incipit
2606 5517 2906 5590 intelligere
2935 5519 3133 5592 malum
3158 5517 3589 5592 reprobandum,
3604 5527 3667 5571 et
3696 5518 3797 5592 ho;

2190 5610 2320 5647 num
2360 5587 2691 5661 eligendum,
2720 5587 2811 5646 Es'.
2849 5606 2937 5654 vn,
2966 5592 3051 5658 15,
3080 5587 3238 5645 Joan.
3264 5588 3458 5661 ttt,|H.
3493 5587 3801 5661 Adjectivis

2190 5665 2245 5719 in
2271 5664 2387 5719 bilis
2410 5659 2572 5721 sensu
2604 5665 2779 5719 activo
2800 5662 2877 5716 uti
2909 5662 3087 5717 solent
3107 5659 3403 5732 scriptores
3434 5675 3536 5717 non
3583 5659 3798 5717 intimae

2194 5745 2404 5794 tantum
2430 5737 2627 5807 aetatis,
2656 5735 2752 5796 sed
2780 5734 3003 5808 optima:
3024 5748 3263 5808 quoque.
