3926 6290
134 222 213 285 tot
666 200 667 203 ‘
1001 215 1342 277 EPISTULA
1378 216 1442 275 L.
1482 215 1574 275 ou
1609 214 2036 276 NATIVITATE
2076 216 2138 277 s.
2179 216 2447 278 unum.

3285 222 3395 283 302

134 350 290 409 auge,
335 333 572 392 ascende
617 333 918 392 Jerusalem
954 349 968 386 :
1000 336 1055 387 et
1104 347 1226 388 cum
1270 333 1591 401 perveneris
1614 308 1691 387 ad
1712 334 1761 392 Α
1787 331 2019 401 Templi,
2049 348 2168 388 cum
2202 334 2326 390 aliis
2373 333 2675 403 virginibus
2710 334 2908 393 ibidem
2938 337 3275 397 educandam
3309 342 3394 397 di-

134 438 330 502 portam,
362 443 483 495 qua:
510 429 715 495 Aurea,
741 442 837 497 pro
865 442 931 480 eo
957 425 1100 496 quod
1132 434 1158 463 ει
1179 425 1438 481 deaurata
1468 434 1573 493 est,
1601 441 1694 480 vo-

134 531 290 577 eatur:
321 519 388 574 ibi
414 535 513 590 pro
543 520 722 591 signo,
757 519 937 574 virum
964 526 1139 582 tuum,
1172 533 1274 588 pro
1304 517 1457 587 cujus
1489 518 1696 574 incolu-

136 612 299 667 mitatis
321 622 465 667 statu
498 612 736 666 sollicita
765 626 847 673 es.
887 610 1104 665 obvium
1134 609 1378 666 habebis.
1410 609 1545 665 Cum
1578 609 1696 667 haec

137 705 264 775 igitur
313 705 381 759 ita
407 703 688 769 venerint,
741 703 881 758 scito
928 701 1073 773 quod
1098 718 1220 773 quae
1261 702 1548 768 annuntio,
1577 702 1697 759 sine

137 802 263 855 dubio
286 797 609 869 complenda
635 806 814 854 erunt.

189 894 260 949 Vl.
286 893 450 965 Igitur
466 892 620 964 juxta
649 893 826 963 angeli
853 895 1213 961 praeceptum,
1234 898 1461 959 uterque
1484 888 1553 945 de
1574 890 1697 946 loco

140 989 179 1044 in
196 1003 289 1059 quo
305 996 485 1054 erant,
512 996 928 1058 promoventes.
944 983 970 1024 δ
984 983 1695 1040 ascenderuntJerusalcm:

140 1090 181 1137 et
198 1096 301 1136 cum
320 1080 385 1135 ad
408 1081 588 1134 locum
616 1078 1020 1144 pervenissent,
1047 1077 1296 1147 angelico
1320 1076 1583 1132 vaticinio
1602 1076 1698 1132 de-

141 1177 391 1246 signatum,
409 1175 485 1229 ibi
505 1174 604 1229 sibi
630 1172 861 1229 invicem
887 1172 1226 1228 obiaverunt.
1255 1171 1408 1227 Tunc
1422 1172 1490 1227 de
1511 1180 1698 1226 mutua

142 1286 209 1321 sua
228 1270 424 1323 visione
450 1268 556 1321 Ireti
570 1309 583 1330 ,
608 1276 661 1321 ct
684 1266 969 1336 promissae
988 1265 1154 1334 prolis
1175 1264 1496 1318 certitudine
1521 1263 1698 1318 securi

141 1363 307 1417 debitas
355 1361 613 1423 Domino,
666 1358 949 1413 humilium
992 1356 1317 1425 exaltatori(
1352 1356 1483 1409 Luc.
1507 1355 1695 1424 1,52),

140 1455 295 1527 gratias
340 1461 595 1524 egerunt.
627 1453 810 1523 Itaque
858 1450 1086 1505 adorato
1142 1449 1395 1513 Domino,
1430 1459 1452 1487 ο
1476 1448 1700 1504 domum

140 1548 363 1618 regressi,
394 1547 645 1601 divinum
689 1543 1018 1612 promissum
1044 1543 1178 1598 certi
1210 1553 1263 1597 et
1292 1541 1495 1596 hilares
1530 1556 1699 1609 expe-

142 1641 333 1697 ctabant.
362 1638 633 1710 Concepit
682 1651 812 1707 ergo
864 1639 1040 1703 Anna,
1072 1645 1127 1690 et
1169 1633 1379 1704 peperit
1406 1632 1573 1687 ﬁliam
1603 1649 1617 1691 :
1648 1639 1704 1688 et

1797 429 2059 482 miserunt
2100 445 2113 480 :
2147 429 2245 496 ipsi
2287 444 2417 483 vero
2444 428 2663 483 domum
2687 433 2921 499 regressi
2954 441 3098 487 sunt.

1868 518 2005 575 VIII.
2038 519 2198 590 Virgo
2224 530 2403 576 autem
2434 521 2672 589 Domini,
2698 537 2820 577 cum
2851 526 3025 578 {etatis
3056 540 3315 593 processu
3338 536 3395 584 et

1797 609 2087 668 virtutibus
2118 612 2468 681 proﬁciebat:
2494 625 2548 670 et
2572 616 2726 686 juxta
2756 615 3121 684 Psalmismm,
3156 627 3312 688 pater
3339 628 3395 675 et

1798 712 1972 757 mater
2001 702 2408 774 dereliquerant
2427 721 2544 761 eam
2566 727 2575 761 :
2599 708 2859 763 Dominus
2882 720 3063 764 autem
3098 710 3397 781 assumpsit

1799 798 1951 866 eam(
1983 796 2186 852 Psalm.
2218 815 2362 867 xxvi,
2402 800 2469 856 IO
2492 804 2533 869 ).
2567 800 2580 851 i
2619 800 2875 868 Quotidie
2914 817 3146 873 namque
3176 804 3245 857 ab
3298 819 3396 858 an-

1798 889 1935 961 gelis
1962 889 2407 960 frequentabatur
2441 893 2722 962 :qnotidie
2760 894 2937 948 divina
2985 897 3197 951 visione
3243 895 3398 953 fiueo

1797 982 1958 1039 batur
1991 1000 2004 1043 ;
2040 998 2155 1052 quae
2195 998 2313 1038 eam
2343 998 2373 1037 a
2404 984 2562 1039 malis
2612 984 2866 1040 omnibus
2914 986 3289 1053 custodiebat,
3343 995 3403 1043 et

1799 1074 1958 1131 bonis
1990 1075 2244 1129 omnibus
2269 1076 2572 1130 redundare
2599 1075 2854 1132 faciebat.
2889 1075 3075 1147 Itaque
3098 1076 3123 1114 ¹ι
3142 1078 3205 1133 ad
3239 1094 3402 1149 quar-

1802 1177 1914 1223 tum
1943 1167 2211 1223 decimum
2236 1183 2435 1223 annum
2470 1184 2639 1239 usque
2679 1170 2948 1238 pervenit,
2984 1180 3039 1224 ut
3068 1184 3174 1225 non
3221 1173 3399 1227 solum

1804 1261 1936 1315 nihil
1976 1258 2044 1316 de
2074 1276 2136 1315 ea
2170 1260 2296 1314 ntali
2338 1262 2768 1330 reprehensione
2823 1262 3042 1331 dignum
3090 1261 3402 1332 conﬁngere

1804 1362 2026 1422 possent
2051 1369 2066 1407 :
2095 1354 2261 1407 sedet
2290 1352 2417 1407 boni
2440 1367 2630 1407 omnes
2654 1354 2743 1422 qui
2774 1370 2893 1407 eam
2926 1362 3212 1420 noverant,
3240 1356 3400 1410 vitam

1803 1454 1860 1501 et
1906 1448 2375 1501 conversationem
2407 1446 2526 1515 ejus
2554 1447 2916 1501 admiratione
2944 1448 3161 1517 dignam
3188 1449 3404 1519 judica-

1803 1547 1947 1593 rent.
1988 1536 2189 1592 l'l‘uuc
2219 1538 2464 1610 pontifex
2525 1540 2741 1608 publice
2771 1540 3148 1606 denuntiabat,
3191 1552 3247 1595 ut
3296 1542 3403 1595 vir-

1803 1632 1959 1702 gines
1984 1647 2104 1702 quae
2132 1632 2183 1686 in
2222 1632 2453 1703 Templo
2476 1633 2972 1697 constituebantur,
3014 1644 3068 1689 et
3099 1636 3200 1691 hoc
3232 1638 3409 1695 tctatis

139 1734 251 1803 juxta
280 1731 594 1786 mandatum
646 1728 970 1799 angelicum,
1026 1734 1276 1797 parentes
1305 1727 1571 1781 vocabant
1601 1740 1699 1781 no-
1731 1727 1779 1787 Β
1808 1734 2020 1791 tempus
2050 1724 2388 1794 implessent,
2416 1726 2635 1780 domum
2662 1735 3093 1793 reverterentur,
3128 1740 3181 1783 et
3205 1730 3409 1798 nuptiis

142 1839 234 1880 mea
253 1824 368 1893 ejus
398 1821 644 1876 Mariam.

196 1916 285 1971 ιιι.
306 1915 559 1985 Cumque
591 1911 793 1969 trium‘1
816 1926 1084 1967 annorum
1105 1911 1344 1967 circulus
1366 1909 1698 1977 volveretur,

142 2009 563 2064 etablaetatiouis
607 2017 821 2076 tempus
851 2006 1181 2075 completum
1223 2016 1399 2072 esset,
1431 2004 1497 2059 ad
1537 2003 1702 2059 Tem-

142 2103 253 2170 plum
278 2102 487 2157 Domini
519 2100 792 2169 virginem
809 2116 930 2154 cum
947 2098 1315 2155 oblationibus
1335 2100 1699 2153 adduxerunt.

144 2196 273 2251 Erant
294 2206 473 2251 autem
508 2194 655 2249 circa
683 2193 989 2263 Templum,
1018 2191 1172 2259 juxta
1199 2200 1221 2228 θ
1244 2190 1552 2261 quindecim
1580 2203 1705 2258 gra-

141 2289 270 2343 duum
308 2289 570 2356 psalmos,
604 2285 916 2356 quindecim
948 2282 1289 2339 ascensionis
1320 2283 1536 2351 gradus.
1569 2281 1703 2338 Nam

142 2386 235 2452 quia
261 2382 542 2452 Templum
573 2390 693 2435 erat
722 2380 774 2433 in
802 2389 986 2434 monte
1013 2376 1103 2447 (In
1132 2387 1301 2431 monle
1321 2374 1511 2446 Morya
1537 2375 1705 2445 )eon-

141 2477 380 2537 stitutum.
430 2476 604 2529 altare
648 2472 982 2537 holocausti,
1021 2471 1166 2540 quod
1202 2470 1506 2525 forinsecus
1546 2478 1705 2536 erat,

147 2568 293 2623 ‘adiri
322 2568 422 2624 nisi
452 2566 716 2637 gradibus
751 2565 988 2620 valebat.
1031 2565 1088 2618 In
1114 2562 1308 2618 horum
1358 2562 1543 2630 itaque
1572 2576 1705 2625 uno,

141 2662 316 2717 beatam
346 2662 613 2731 virginem
646 2660 867 2715 Mariam
901 2658 1181 2727 parvulam
1216 2665 1471 2726 parentes
1502 2655 1710 2711 consti-

142 2762 345 2809 tuerunt.
402 2754 651 2822 Cumque
703 2752 805 2822 ipsi
856 2750 1181 2805 vestimenta
1225 2763 1347 2817 quas
1396 2748 1449 2815 in
1508 2747 1709 2802 itinere

142 2845 429 2911 habuerant,
463 2852 817 2909 exuerent,et
837 2843 1159 2899 cultioribus
1187 2858 1251 2898 ex
1285 2857 1437 2897 more
1463 2842 1710 2897 vestibus

139 2954 187 2996 se
230 2950 279 2997 et
307 2940 685 2996 mundioribus
710 2939 1021 3004 induerent,
1075 2937 1226 3007 virgo
1250 2934 1459 2990 Domini
1485 2945 1711 2990 cunctos

140 3036 386 3105 sigillatim
418 3035 644 3107 gradus,
677 3035 793 3089 sine
834 3034 1084 3088 ducentis
1111 3042 1162 3086 et
1192 3030 1417 3085 levantis
1448 3044 1609 3084 manu
1639 3030 1709 3083 ita

1802 1818 2101 1873 secundum
2131 1834 2337 1874 morem
2361 1818 2563 1888 gentis,
2586 1830 2635 1873 et
2668 1821 2844 1873 aetatis
2868 1823 3261 1886 maturitatem,
3282 1837 3412 1892 ope-

1802 1924 1918 1964 ram
1948 1909 2162 1966 darent.
2187 1910 2284 1965 Cui
2312 1913 2568 1965 mandato
2592 1925 2714 1966 cum
2740 1920 2955 1967 caterua
2978 1928 3163 1982 prome
3192 1915 3407 1983 paruis-

1802 2016 1955 2060 sent:
1974 2006 2090 2060 sola
2120 2006 2269 2076 virgo
2285 2006 2499 2060 Domini
2526 2005 2691 2061 Maria
2713 2005 2815 2061 hoc
2836 2022 2895 2063 se
2915 2006 3097 2063 facere
3122 2024 3226 2063 non
3249 2025 3411 2080 posse

1804 2098 2109 2168 respondit,
2151 2098 2340 2155 dicens
2372 2116 2383 2152 :
2419 2098 2491 2155 Se
2522 2099 2740 2169 quidem
2773 2108 2829 2155 et
2852 2108 3107 2169 parentes
3135 2114 3264 2157 suos
3298 2103 3409 2158 Do-

1804 2196 1937 2251 mini
1962 2195 2189 2250 servitio
2211 2196 2573 2266 mancipasse,
2608 2206 2663 2252 et
2692 2197 2915 2266 insuper
2941 2212 3002 2253 se
3028 2197 3200 2268 ipsam
3227 2199 3410 2254 Domi-

1806 2304 1877 2345 no
1905 2288 2271 2358 virginitatem
2299 2290 2719 2359 vovissezquam
2744 2305 3031 2359 numquam
3059 2293 3175 2345 viro
3202 2292 3410 2361 aliquo,

1762 2448 1769 2459 '
1806 2380 2210 2436 commixtionis
2236 2390 2275 2416 ω
2310 2395 2462 2436 more
2483 2380 2729 2450 cognito,
2776 2382 2981 2437 violare
3011 2383 3193 2438 vellet.
3229 2383 3413 2437 Ponti-

1809 2472 1891 2528 fex
1924 2486 2053 2527 vero
2083 2472 2138 2527 in
2168 2473 2417 2543 angustia
2451 2473 2789 2527 COIISIIIUIUS
2818 2475 3008 2539 animi,
3064 2490 3186 2529 cum
3238 2491 3415 2546 neque

1809 2576 1999 2622 contra
2023 2566 2383 2636 Scriptorum,
2408 2582 2528 2636 qua:
2550 2566 2682 2620 dicit
2704 2586 2716 2619 ;
2750 2565 2938 2621 Vovete
2955 2576 3000 2621 et
3018 2568 3249 2641 reddite(
3264 2568 3412 2624 Psal.

1812 2678 1973 2727 Lxxv,
2002 2659 2113 2730 I2),
2140 2670 2325 2715 votum
2358 2659 2758 2731 infringendum
2778 2668 3022 2729 putaret:
3044 2670 3069 2697 υ
3098 2676 3276 2732 neque
3301 2677 3418 2717 nio-

1815 2770 1925 2811 rem
1950 2753 2095 2823 genti
2126 2753 2397 2808 insuetum
2427 2752 2777 2808 introducere
2826 2753 3076 2819 auderet,
3134 2755 3413 2823 prmcepir,

1814 2857 1872 2902 ut
1902 2846 1967 2901 ad
1991 2846 2339 2902 festivitatem
2379 2861 2498 2915 quae
2548 2844 2885 2913 imminebat,
2916 2860 3112 2901 omnes
3141 2861 3206 2901 ex
3259 2846 3417 2902 Jerc-

1813 2941 2037 3013 Solymis
2066 2949 2121 2995 et
2150 2940 2340 2996 vicinis
2372 2938 2506 2995 locis
2547 2939 2812 3009 primores
2843 2941 3102 2996 adessent
3136 2958 3149 2995 :
3180 2958 3410 3010 quorum

1815 3035 2046 3090 consilio
2068 3034 2212 3089 scire
2237 3044 2446 3102 posset,
2472 3032 2601 3102 quid
2629 3032 2697 3086 de
2719 3041 2826 3087 tam
2855 3032 3014 3088 dubia
3032 3048 3089 3089 re
3107 3033 3412 3090 faciendum

141 3131 375 3195 ascendit,
428 3138 490 3183 ut
517 3130 772 3199 perfecta:
803 3127 947 3181 aetati
990 3126 1042 3179 in
1078 3125 1177 3179 hac
1210 3124 1488 3177 dumtaxat
1542 3136 1706 3177 causa
1735 3119 1781 3182 C
1814 3139 1976 3184 esset.
2008 3128 2161 3195 Quod
2203 3143 2326 3183 cum
2358 3126 2536 3191 ﬁeret,
2569 3127 2822 3182 omnibus
2866 3127 2919 3180 in
2962 3141 3250 3183 commune
3299 3129 3416 3194 pla.

142 3222 249 3274 nihil
276 3224 469 3277 deesse
507 3231 752 3290 putares.
786 3218 904 3273 Jatn
947 3218 1143 3287 quippe
1172 3215 1431 3271 Dominus
1459 3217 1512 3269 in
1545 3216 1700 3285 virgi-

141 3314 322 3369 nissuae
345 3312 580 3369 infantia
609 3326 866 3382 maguum
892 3310 1017 3381 quid
1042 3308 1405 3379 operabatur:
1429 3315 1484 3363 et
1509 3319 1708 3379 quanta

142 3404 290 3462 futura
320 3415 527 3472 esset,8
552 3406 713 3476 hujus
735 3403 983 3459 miraculi
1013 3402 1211 3459 indicio
1235 3401 1707 3473 praemonstrabat.

143 3496 279 3567 Igitur
304 3500 578 3556 sacriﬁcio
607 3497 906 3555 secundum
928 3495 1379 3553 consuetudinem
1412 3495 1543 3564 legis
1568 3495 1709 3550 cr-le-

145 3590 288 3661 brato,
319 3603 375 3650 et
401 3591 431 3631 ιι
458 3602 588 3649 voto
619 3608 720 3648 suo
761 3590 1024 3661 perfecto,
1052 3589 1325 3660 Virginem
1349 3588 1364 3627 ί
1392 3590 1534 3645 intra
1556 3598 1711 3659 septa

201 3764 222 3792 ⁸
244 3754 511 3824 Josephus
537 3751 604 3807 de
628 3750 779 3824 Bello
805 3746 1015 3824 Judaic.
1049 3763 1077 3800 v
1112 3747 1197 3809 M,
1226 3755 1436 3816 portam
1461 3745 1707 3800 Orienta-

144 3823 229 3881 letn
259 3822 484 3881 testatur
527 3822 888 3878 abundantius
934 3834 1069 3874 auro
1098 3827 1154 3873 et
1196 3827 1422 3887 argento
1464 3826 1712 3871 ornatam

146 3896 285 3952 fuisse
311 3913 471 3966 quam
502 3895 763 3966 reliquas,
787 3892 919 3966 _etsi
950 3901 1003 3945 et
1034 3890 1179 3966 ipsg
1208 3891 1468 3943 inaurata:
1507 3897 1712 3943 essent.

204 3974 229 4006 δ
250 3971 299 4023 In
329 3963 647 4037 Templum.
668 3965 767 4037 Sic
784 3963 915 4017 Luc.
938 3977 1092 4037 x_vttt_,
1122 3963 1212 4037 δι,

210 4053 229 4079 ε
258 4041 312 4096 In
346 4032 604 4108 Oppidum
635 4036 773 4092 Naza
787 4037 925 4090 retli.
959 4034 1168 4108 Dicitur
1189 4032 1395 4108 deinde
1418 4034 1571 4108 Anna
1598 4039 1717 4108 post

148 4116 358 4181 genitam
385 4102 645 4181 'blariam,
700 4102 1232 4181 antisso__._loac_liitno
1263 4104 1478 4181 marito,
1510 4103 1721 4158 duobus

150 4176 390 4249 pra-terea
419 4180 553 4237 viris
584 4181 854 4249 nupsisse,
907 4176 1162 4249 Cleophm
1183 4218 1215 4249 ,ί
1233 4185 1287 4231 et
1315 4176 1584 4249 Salonine;
1611 4187 1718 4249 qua

148 4245 202 4310 de
230 4272 282 4310 re
311 4258 475 4310 hosce
504 4265 616 4308 tres
643 4245 833 4306 versus
862 4248 1016 4303 affert
1045 4247 1132 4304 .le.
1180 4248 1386 4304 Gerson
1427 4247 1496 4302 de
1541 4245 1716 4301 Nativ;

153 4327 279 4398 \irg.
306 4328 518 4389 blarite,
554 4335 687 4379 tom.
721 4338 801 4388 tu,
834 4336 953 4391 pag.
980 4318 1069 4375 59.

254 4420 389 4468 Anna
414 4420 572 4468 tribus
591 4416 772 4479 nupsit,
797 4412 1030 4479 Joachim,
1053 4411 1299 4479 Cleopltae,
1326 4409 1632 4479 Salomtequc

252 4483 321 4533 Ex
348 4482 532 4546 quibus
556 4473 798 4546 ipsa'viris
822 4476 1014 4546 peperit
1038 4473 1313 4546 trcsﬂdnna
1345 4473 1535 4530 Marias,

256 4534 382 4604 Quas"
402 4534 601 4593 duxere
627 4534 832 4604 Joseph,
861 4534 1110 4604 Alphzeus,
1135 4534 1516 4604 Zebedeusqne,

256 4596 415 4657 Frima
437 4606 641 4671 J_esum_;
665 4596 1127 4671 lucebunt,j.loseph
1152 4612 1260 4671 eum
1285 4598 1483 4671 Simone
1507 4596 1533 4645 J
1539 4597 1679 4646 udam

258 4671 423 4721 Altera
447 4667 530 4717 dat
551 4681 565 4727 ;
597 4665 834 4716 Jacobum
857 4662 941 4711 dat
962 4662 1127 4725 tertia,
1150 4670 1297 4723 atque
1312 4662 1570 4709 Joannem.

151 4741 241 4797 Sed
271 4757 460 4813 parum
492 4738 619 4813 ﬁdei
653 4737 792 4792 hanc
823 4736 1164 4813 traditionem
1214 4736 1452 4813 mereri,
1490 4731 1730 4788 ostendit

154 4807 373 4868 veterum
405 4812 707 4875 silentium,
739 4818 793 4863 et
821 4808 962 4878 quod
987 4808 1208 4863 Salome
1241 4807 1488 4861 mulieris
1530 4818 1729 4861 nomen

152 4900 247 4952 cat,
279 4902 384 4940 non
416 4886 541 4943 viri,
575 4881 739 4937 Marc.
764 4895 857 4947 xv,
890 4880 975 4935 I6.

215 4950 241 4999 τί
262 4957 337 5012 De
357 4956 554 5026 quibus
581 4953 805 5026 angelus
834 4967 998 5026 supra
1028 4965 1077 5026 c.
1110 4950 1164 5026 ὁ,

217 5039 241 5066 ε
266 5028 340 5083 De
364 5016 627 5098 gradibus
656 5016 765 5098 illis
808 5016 1123 5098 quindecim
1147 5020 1343 5076 Ezech.
1376 5034 1478 5098 x1._,
1501 5017 1535 5074 6
1561 5027 1615 5098 et
1644 5016 1735 5073 ⁸54.

156 5108 257 5170 aeq.
292 5089 546 5156 mEminit
572 5106 628 5151 et
654 5089 947 5164 Iosephus.
973 5093 1126 5161 Quod
1158 5108 1287 5149 vero
1328 5092 1526 5162 gradus
1573 5089 1741 5146 hosce

156 5192 293 5258 juxta
318 5193 545 5247 totidem
569 5188 805 5258 psalmos
828 5182 1083 5252 ιπττιπτι,
1108 5186 1221 5241 sive
1250 5182 1739 5258 ascensionemgcir-

161 5254 213 5316 ea
242 5265 527 5332 Templum
557 5254 722 5315 fuisse
752 5258 843 5332 hic
860 5259 1406 5332 allirntatttr,_legi_tur
1441 5257 1493 5332 in
1524 5254 1740 5332 Taltnu-

163 5336 239 5399 de,
269 5345 325 5391 ct
365 5323 715 5391 conﬁrmatur
745 5346 773 5383 a
803 5328 1049 5386 Kimchio
1077 5340 1133 5384 et
1161 5323 1289 5382 aliis'
1306 5328 1526 5399 Judmis.
1560 5326 1635 5399 De
1662 5323 1744 5379 his

164 5396 259 5462 non
292 5406 667 5477 infrequenter
698 5402 1124 5477 veteresl’atres
1153 5398 1487 5477 _(Zhristiani.
1513 5399 1561 5477 _A
1588 5396 1743 5450 Crte-

162 5479 233 5532 t-is
254 5470 561 5549 psalmi'isti
594 5475 852 5529 dicuntur
878 5476 943 5529 τὰ
966 5475 1277 5599 προσκύέοια,
1301 5471 1423 5542 quia
1446 5470 1652 5539 primus
1676 5480 1747 5523 ex

164 5549 257 5599 illis
282 5551 478 5599 innuit-
513 5548 646 5599 πρὸς
674 5550 855 5599 κύβιον
882 5547 928 5599 ἐν
958 5552 1033 5599 τῶ
1075 5546 1151 5598 θλί
1189 5545 1333 5599 εσθαί
1364 5562 1447 5599 με.
1469 5550 1575 5595 etc.

164 5545 479 5623 illis'ittquit,
513 5548 646 5622 πρὸς
674 5550 855 5623 κύριον
882 5547 928 5599 ἐν
1075 5545 1333 5623 θλίϐεσθαξ
1362 5562 1447 5615 με,
1469 5550 1575 5595 etc.

232 5620 250 5658 τ
283 5603 598 5676 ίέιέἰείιιιὼ
622 5603 801 5689 ipsu'm
833 5603 1090 5688 gradibus
1133 5603 1448 5689 ascendere:
1481 5609 1762 5681 prohibuit

166 5692 270 5755 lex,
296 5690 475 5747 Esud.
507 5707 602 5760 xx,
632 5684 723 5744 ib“.
753 5684 907 5755 Quiid
938 5697 999 5741 ut
1025 5703 1147 5742 cum
1176 5702 1323 5741 more
1351 5684 1765 5760 Jud_:c_orum__et

166 5749 391 5833 Ezech.,
414 5778 569 5835 ιιιιι,
589 5749 708 5831 '17,
736 5749 1079 5832 concilietur,
1108 5760 1389 5832 inquirunt
1411 5754 1515 5814 viri
1543 5749 1762 5813 eruditi.

1757 4516 1872 4610 DE

1814 3224 1923 3278 cuit
1956 3223 2241 3277 Dominum
2274 3236 2436 3292 super
2486 3221 2589 3276 hac
2621 3236 2679 3276 re
2704 3235 2829 3277 esse
2871 3221 3286 3277 consnIendum.
3350 3224 3422 3279 Et

1815 3316 2027 3371 cunctis
2053 3316 2272 3384 quidem
2325 3313 2557 3368 orationi
2588 3312 3053 3379 incumbentibus,
3086 3314 3326 3384 pontifex
3348 3315 3417 3370 ad

1816 3408 2206 3467 consulendum
2260 3408 2453 3473 Deum,
2486 3422 2552 3463 ex
2598 3421 2749 3461 more
2803 3407 3057 3461 accessit.
3108 3405 3222 3462 Nec
3268 3422 3419 3463 mora

1817 3502 2033 3560 cunctis
2069 3502 2433 3565 audientibus,
2464 3500 2532 3555 de
2576 3499 2818 3567 oraculo,
2851 3506 2907 3553 et
2938 3498 3006 3553 de
3056 3498 3423 3568 prepitiatorii

1820 3596 1964 3661 loco,
1996 3608 2101 3649 vox
2132 3593 2270 3648 facta
2292 3600 2380 3647 est
2419 3589 2716 3647 secundum
2767 3588 2918 3645 Isaiae
2946 3590 3283 3655 vaticinium,
3334 3605 3424 3647 re-

1822 3746 2285 3803 Vcrisimillimum
2315 3754 2493 3799 autem
2524 3751 2627 3807 est,
2663 3741 2803 3812 quod
2835 3740 3081 3796 Ezechiel
3112 3756 3206 3810 per
3232 3726 3421 3805 D1527:

1819 3819 2009 3873 altaris
2062 3818 2327 3886 intelligat
2354 3816 2537 3884 plures
2589 3815 2826 3886 acclines
2858 3815 3121 3886 tramites,
3154 3828 3245 3882 per
3278 3828 3419 3886 quos

1823 3899 2073 3960 poterant
2102 3884 2554 3960 sacerdotessine
2580 3884 2837 3953 gradibus
2857 3884 3206 3952 pervenirent
3229 3885 3417 3941 altaris

1823 3958 2192 4031 pavimentum
2212 3967 2266 4031 et
2294 3958 2550 4011 ambitus.

1898 4042 1921 4080 ε
1945 4030 2097 4100 Quod
2124 4029 2303 4099 puella
2327 4038 2435 4085 tres
2459 4042 2630 4082 annos
2654 4036 2779 4100 nata
2801 4024 3206 4100 semicubitalcs
3222 4026 3238 4095 (
3255 4025 3417 4100 talem

1826 4096 2186 4160 enim'euru'm
2216 4100 2554 4153 altitudinem
2580 4105 2633 4153 et
2654 4096 2990 4153 latitudinem
3018 4096 3206 4161 fuisse,
3238 4096 3420 4151 aitJa-

1826 4177 1993 4229 colitis
2016 4171 2148 4228 Juda
2176 4170 2286 4226 Leo
2314 4172 2384 4226 de
2404 4170 2629 4241 Templo
2648 4184 2769 4241 pag.
2800 4170 2902 4240 2f)
2932 4168 3128 4240 gradus
3156 4183 3420 4224 conscen-

1827 4246 1958 4303 dere
1989 4251 2194 4303 nosset.

1867 4262 1958 4301 ere
1989 4251 2194 4317 posset.

1906 4338 1931 4374 ιι
1961 4338 2161 4393 Morem
2210 4335 2322 4391 voti
2377 4335 2698 4405 virginitatis
2742 4332 2971 4387 faciendi
3003 4348 3031 4386 a
3072 4331 3270 4401 Jephte
3315 4332 3426 4389 ﬁlia

1874 4409 2053 4463 uidatn
2087 4415 2356 4479 repetunt.
2390 4406 2587 4461 Votum
2630 4413 2810 4459 autem
2842 4405 3022 4479 Μεινίῳ
3077 4407 3229 4479 ntul_ti
3284 4407 3427 4479 inter

1874 4428 2053 4463 tttaatn
2087 4428 2356 4479 repetunt.
2400 4428 2587 4461 VU'UII!
2630 4428 2810 4459 illuc"!
2842 4428 3022 4458 Blﬂl‘ll‘
3077 4428 3229 4458 Ιιιυιιι
3284 4428 3424 4459 ΙΙΙιυΓ

1834 4428 2171 4536 ἓιιιῑδιξιιιιοε
2201 4478 2479 4546 theologos
2509 4485 2781 4544 astruunt,
2815 4490 2951 4545 quos
3000 4476 3141 4530 inter
3169 4475 3424 4531 Petavius

1882 4554 1933 4608 b.
1963 4568 2050 4607 χιι*
2082 4552 2148 4606 de
2179 4550 2447 4604 Incarnat.
2481 4564 2529 4603 c.
2562 4550 2614 4602 4.

1916 4655 1931 4682 ι
1970 4644 2302 4715 Epiphanius
2350 4641 2403 4695 in
2439 4646 2711 4715 Ancorato
2741 4657 2793 4715 ιιι
2824 4640 2893 4715 ρο
2920 4640 3013 4715 ait_
3040 4639 3433 4715 primogenitos

1839 4726 1947 4773 tam
1998 4709 2198 4779 mares,
2253 4726 2411 4781 quam
2462 4711 2690 4766 feminas
2742 4714 2793 4765 in
2827 4709 3052 4781 Templa
3096 4711 3427 4779 consecrari,

1839 4788 2022 4859 ibique
2052 4786 2118 4841 ad
2144 4800 2316 4859 annos
2344 4783 2643 4859 pubertatis
2669 4783 2899 4859 educari
2925 4784 3139 4859 solitos.

1913 4851 2508 4925 i'Proto-Evangelium
2535 4854 2721 4910 Jacobi
2752 4861 2946 4923 prmter
3000 4851 3249 4923 frequens
3273 4867 3439 4923 angev

1841 4931 2021 4987 lorum
2044 4930 2457 4993 commercium,
2474 4927 2634 4982 etiam
2655 4927 2722 4981 ab
2736 4928 2927 4997 angelo
2941 4927 3198 4980 nutritam
3224 4935 3431 4997 narem.

1919 5000 1945 5039 κ
1980 5000 2055 5055 Ita
2086 5010 2141 5055 et
2168 4999 2402 5054 Evodius
2445 5000 2586 5070 apud
2619 4995 2979 5070 Nicephorum
3011 4997 3047 5049 l.
3082 5012 3137 5063 tt,
3164 5010 3211 5049 c.
3239 4996 3292 5070 5.
3326 4995 3435 5070 Sed

1848 5083 1901 5138 in
1946 5078 2393 5149 Proto-Evangel.
2427 5066 2612 5149 Jacobi
2641 5066 3006 5125 duodecennis
3036 5075 3242 5121 tantum
3270 5066 3443 5125 fuisse

1850 5154 2068 5214 dicitur,
2093 5166 2214 5206 cum
2246 5144 2979 5219 Josephoidesponsaretur..

1930 5223 1944 5261 ι
1977 5208 2223 5279 Pontifex
2250 5227 2350 5278 iste
2373 5208 2666 5276 Zacharias
2715 5224 2939 5269 vocatur
2968 5208 3021 5265 in
3068 5208 3443 5268 Proto-Evan-

1890 5297 1994 5352 elio
2023 5294 2229 5349 Jacobi.

1890 5311 1994 5352 etto
2023 5311 2229 5349 JaCODl.

1850 5311 1884 5368 Β
1906 5397 1965 5463 νω
1994 5386 2086 5443 Sic
2105 5388 2260 5463 enim
2276 5384 2549 5463 accipiunt
2570 5380 2733 5436 verba
2744 5376 2956 5463 .Marize,
2981 5376 3148 5442 Lucr,
3176 5376 3250 5432 34
3265 5373 3455 5459 Ἀνδρα

1863 5462 1924 5517 οὐ
1951 5462 2183 5535 γρῶσκω
2210 5476 2223 5513 :
2250 5458 2300 5513 id
2333 5468 2439 5523 est,
2477 5471 2578 5509 non
2608 5456 2878 5535 cognituri:
2903 5456 3163 5535 ιιίιίιιηιῖ..Δ
3222 5517 3231 5527 ,
3295 5456 3409 5535 mu’

1938 5514 2054 5587 n'Ut
2084 5514 2275 5601 nempe
2299 5544 2395 5601 per
2415 5514 2582 5601 totam
2602 5514 2765 5601 vitam
2782 5522 2947 5593 Virgo
2964 5517 3272 5601 adultiorli‘n
3295 5514 3456 5601 'i‘etn-

1868 5604 1960 5675 plo
1981 5587 2225 5675 degeret:
2247 5587 2403 5675 QDDti
2429 5599 2592 5675 Greg.
2636 5587 2917 5675 Nyssenus
3088 5603 3169 5675 tu.
3188 5587 3461 5675 ρτιιιῇιιιι

1871 5660 1962 5732 die
1984 5660 2157 5731 Naital.
2189 5660 2424 5733 Deinitii.
2475 5660 2608 5727 dicit
2634 5660 2917 5724 mulierem
2969 5664 3111 5733 inter
3148 5660 3464 5717 sacerdote“.

1872 5748 1933 5807 in
1950 5747 2179 5820 Temple
2207 5732 2437 5814 versari,
2468 5754 2632 5815 atque
2659 5739 2715 5797 in
2746 5736 2946 5796 sanctis
2972 5732 3177 5792 edibus
3198 5734 3470 5807 consipici,
