3926 6290
535 277 646 342 2503

1577 277 1636 343 S.
1681 278 2063 343 IIIERONYMI
2099 279 2390 343 OPERUM
2427 281 2797 345 MANTISSA.

3729 278 3830 338 θοι

534 398 862 473 quirendum
886 411 1006 457 esse
1025 398 1111 456 cui
1131 394 1282 470 virgo
1309 397 1401 456 illa
1427 402 1796 457 commendari
1818 410 1874 457 et
1893 401 2130 471 despon-
2158 404 2209 463 Α
2236 402 2558 472 stupefacta,
2592 402 2688 458 sed
2720 401 2772 456 in
2803 397 2922 455 solo
2948 395 3070 469 ejus
3093 407 3352 455 sermone
3378 396 3592 455 turbata
3619 405 3705 454 est
3733 415 3746 453 :
3778 409 3833 458 et

539 493 649 548 sari
671 491 916 548 deberet.
940 491 1132 561 Liquet
1170 492 1313 548 enim
1348 491 1536 547 Isaiam
1568 493 1783 548 dicere:
1809 491 2131 562 Egredietur

535 587 686 656 virga
718 586 785 642 de
811 585 991 640 radice
1013 585 1183 652 Jesse,
1209 594 1263 641 et
1286 586 1388 640 flos
1412 586 1478 641 de
1503 587 1684 641 radice
1708 587 1824 655 ejus
1847 585 2127 652 ascendet,

534 688 592 737 et
620 681 923 752 requiescet
950 695 1114 750 super
1143 694 1267 735 eum
1317 681 1551 750 Spiritus
1609 681 1823 736 Domini
1859 696 1872 735 :
1903 680 2129 751 Spiritus

533 772 818 842 sapientia:
838 782 892 828 et
923 772 1236 828 intellectus
1268 790 1280 825 :
1314 773 1537 843 Spiritus
1564 774 1777 829 consilii
1815 782 1871 829 et
1916 772 2129 829 fortitu-

534 866 676 920 dinis
708 883 719 920 :
754 865 980 937 spiritus
1012 866 1258 921 scientia:
1288 876 1340 921 et
1363 865 1587 936 pietatis
1621 885 1634 922 :
1670 876 1722 922 et
1753 867 2126 935 replebiteum

527 957 755 1028 spiritus
810 957 1021 1012 timoris
1046 957 1261 1012 Domini
1285 955 1521 1028 (Isa.x1,
1541 960 1562 1012 I
1586 975 1721 1028 seqq.
1739 959 1782 1030 ).
1811 959 2125 1015 Secundum

525 1048 668 1105 hanc
697 1064 829 1120 ergo
859 1049 1236 1120 prophetiam,
1267 1059 1494 1106 cunctos
1524 1050 1593 1107 de
1623 1052 1785 1107 demo
1814 1062 1870 1108 et
1920 1052 2124 1108 familia

526 1141 721 1210 David,
757 1143 946 1214 nuptui
973 1142 1202 1208 habiles,
1229 1151 1253 1180 ι
1281 1157 1386 1198 non
1418 1143 1759 1215 conjugatos,
1791 1147 1971 1217 virgas
1998 1160 2124 1203 suas

523 1233 788 1288 allaturos
813 1233 880 1289 ad
909 1233 1083 1289 altare
1101 1233 1386 1304 prmdixit:
1411 1245 1466 1290 et
1491 1236 1876 1307 cujuscumque
1898 1249 2018 1308 post
2040 1240 2122 1294 al-

520 1324 780 1380 Iationem
804 1325 830 1363 ι)
855 1326 1056 1396 virgula
1085 1325 1272 1383 florem
1293 1328 1674 1398 germinasset,
1691 1330 1809 1383 etin
1825 1328 1944 1398 ejus
1964 1345 2124 1387 cacu-

520 1419 669 1474 mine
699 1418 935 1489 Spiritus
959 1419 1172 1474 Domini
1202 1420 1255 1475 in
1285 1421 2118 1492 Speciecolumbaeconsedisset,

514 1509 695 1582 ipsum
709 1525 830 1566 esse
843 1513 924 1566 cui
941 1511 1091 1583 virgo
1104 1513 1474 1569 commendari
1488 1514 1864 1585 etdesponsari
1878 1516 2118 1572 deberet.

592 1605 686 1662 IX.
717 1605 849 1662 Erat
894 1616 1074 1662 autem
1113 1607 1256 1663 inter
1298 1618 1527 1665 carteros
1574 1609 1798 1680 Joseph,
1844 1609 2008 1666 homo
2051 1611 2120 1668 de

515 1698 679 1754 domo
726 1708 780 1755 et
806 1710 827 1737 ε
858 1698 1058 1754 familia
1099 1699 1268 1754 David
1315 1701 1638 1771 grandaevus
1676 1719 1688 1754 :
1723 1702 1932 1757 cunctis
1983 1717 2118 1759 vero

2233 493 2473 563 cogitare
2495 495 2661 564 cmpit
2682 492 2859 565 qualis
2883 492 2984 546 ista
3015 489 3292 560 salutatio,
3323 501 3432 547 tam
3465 489 3677 546 insolita
3710 505 3830 548 esse

2232 595 2436 655 posset,
2486 587 2684 658 quidve
2728 584 3100 656 portenderet,
3131 583 3218 639 vel
3265 599 3428 655 quem
3479 584 3644 639 ﬁnem
3689 594 3831 641 esset

2232 675 2503 734 habitura.
2538 679 2673 734 llnic
2718 676 3056 748 cogitationi,
3103 676 3330 747 angelus
3369 676 3634 732 divinitus
3665 678 3830 747 inspi-

2229 780 2382 827 ratus
2433 789 2774 829 occurrens:
2825 769 2903 827 Ne
2952 771 3167 836 timeas,
3211 771 3410 841 inquit,
3451 769 3644 836 Maria,
3676 771 3828 840 quasi

2228 862 2432 934 aliquid
2491 864 2826 919 contrarium
2893 871 2999 918 tua:
3061 861 3298 917 castitati
3346 859 3448 916 hac
3500 861 3829 920 salutatione

2227 967 2544 1024 praetexam.
2579 956 2838 1013 Invenisti
2866 955 3012 1011 enim
3038 955 3267 1025 gratiam
3307 953 3450 1025 apud
3496 954 3825 1012 Dominum:

2229 1049 2357 1119 quia
2387 1050 2694 1106 castitatem
2742 1049 2978 1120 elegisti.
3012 1048 3246 1118 Ideoque
3272 1048 3424 1120 virgo
3454 1047 3577 1104 sine
3605 1059 3828 1119 peccato

2226 1142 2524 1214 concipies,
2578 1151 2634 1199 et
2685 1142 2868 1214 paries
2909 1141 3103 1196 filium.
3137 1140 3237 1196 llic
3276 1141 3381 1196 erit
3429 1155 3683 1213 magnus,
3736 1141 3826 1214 qui

2229 1242 2254 1281 Β
2279 1233 2650 1290 dominabitur
2694 1249 2724 1289 a
2751 1234 2887 1288 mari
2921 1246 3094 1304 usque
3118 1231 3187 1288 ad
3219 1246 3370 1287 mare
3402 1250 3415 1287 :
3444 1241 3499 1288 et
3525 1249 3557 1287 a
3603 1231 3827 1290 flumine

2225 1341 2398 1397 usque
2427 1325 2494 1380 ad
2544 1325 2803 1382 terminos
2844 1325 2996 1382 orbis
3035 1333 3220 1381 terrae.
3272 1325 3340 1380 Et
3385 1324 3531 1381 filius
3560 1325 3824 1382 Altissimi

2223 1419 2546 1476 vocabitur:
2579 1420 2702 1491 quia
2747 1418 2929 1490 quiin
2982 1418 3142 1474 terris
3188 1417 3431 1474 nascitur
3479 1417 3724 1484 humilis,
3772 1418 3823 1474 in

2223 1512 2364 1567 caelo
2391 1518 2586 1582 regnat
2631 1510 2900 1567 sublimis.
2953 1509 3024 1566 Et
3068 1509 3216 1566 dabit
3268 1510 3347 1566 illi
3383 1509 3646 1566 Dominus
3679 1510 3822 1567 Deus

2223 1604 2408 1660 sedem
2453 1604 2620 1659 David
2648 1604 2820 1675 patris
2849 1604 2991 1674 ejus,
3021 1611 3078 1660 et
3108 1603 3356 1674 regnabit
3383 1603 3435 1658 in
3461 1604 3623 1659 domo
3651 1603 3823 1660 Jacob

2221 1694 2276 1750 in
2308 1705 2597 1764 mternum,
2629 1706 2682 1753 et
2705 1695 2858 1767 regni
2882 1696 2999 1767 ejus
3021 1711 3129 1751 non
3163 1698 3266 1751 erit
3296 1694 3440 1750 linis.
3476 1696 3597 1766 Ipse
3619 1697 3818 1767 quippe

516 1794 694 1863 virgas
723 1809 850 1851 suas
865 1794 1019 1864 juxta
1045 1793 1292 1849 ordinem
1339 1793 1750 1860 deferentibus;
1803 1795 1952 1852 solus
2003 1797 2117 1866 ipse
2146 1802 2196 1864 Β
2223 1803 2317 1846 rex
2349 1804 2539 1861 regum
2569 1797 2624 1845 et
2647 1789 2908 1844 Dominus
2935 1787 3332 1843 dominantium
3355 1797 3437 1843 est
3469 1806 3481 1842 :
3511 1797 3565 1844 et
3595 1789 3820 1846 thronus

509 1900 666 1942 suam
696 1886 983 1943 subtraxit.
1008 1887 1164 1943 Unde
1191 1903 1314 1942 cum
1357 1886 1490 1943 nihil
1518 1888 1718 1943 divina:
1745 1889 1866 1944 voci
1910 1904 2109 1946 conso-

511 1994 643 2034 num
666 1981 1029 2050 apparuisset,
1053 1980 1294 2050 pontifex
1315 1980 1510 2035 iterato
1531 1981 1699 2036 Deum
1715 1983 2108 2039 consulendum

503 2074 732 2143 putavit.
767 2073 870 2142 Qui
903 2072 1205 2144 respondit,
1239 2074 1413 2129 solum
1445 2074 1594 2129 illum
1621 2089 1689 2130 ex
1745 2075 1830 2130 his
1883 2076 1972 2147 qui
2013 2076 2108 2133 de-

507 2165 703 2235 signati
737 2173 911 2232 erant,
942 2166 1145 2237 virgam
1178 2180 1330 2220 suam
1377 2180 1482 2221 non
1514 2165 1783 2235 attulisse,
1818 2167 1909 2237 qui
1941 2167 2108 2239 virgi-

500 2274 626 2314 nem
652 2259 982 2330 desponsare
1005 2259 1251 2315 deberet.
1281 2258 1533 2315 Proditus
1557 2269 1642 2315 est
1668 2261 1848 2332 itaque
1874 2259 2101 2330 Josepb.

500 2351 634 2408 Cum
667 2353 809 2406 enim
838 2353 1043 2423 virgam
1093 2367 1248 2407 suam
1306 2351 1598 2417 attulisset,
1631 2361 1685 2408 et
1715 2352 1769 2407 iu
1813 2354 2103 2411 cacumine

501 2442 642 2512 ejus,
673 2442 926 2498 columba
957 2442 1026 2496 de
1055 2441 1197 2498 coelo
1219 2442 1444 2498 veniens
1492 2442 1855 2511 consedisset,
1893 2445 2101 2515 liquido

500 2532 804 2591 omnibusd
843 2533 1017 2605 patuit
1065 2535 1114 2590 ei
1158 2533 1420 2605 virginem
1475 2536 1908 2605 de5ponsandam
1958 2537 2098 2594 fore.

498 2624 664 2692 Igitur
691 2626 998 2696 nuptiarum
1033 2635 1056 2663 θ
1084 2626 1207 2696 jure
1228 2626 1296 2682 de
1323 2641 1474 2684 more
1503 2629 1802 2698 celebrato,
1834 2629 1950 2700 ipse
1979 2633 2100 2701 qui-

493 2718 620 2774 dem
654 2718 705 2773 in
756 2719 1074 2776 Bethlehem
1109 2721 1320 2777 recedit
1347 2721 1644 2790 civitatem,
1675 2724 1898 2779 domum
1941 2740 2094 2780 suam

492 2811 876 2881 dispositurus,
906 2822 955 2869 et
985 2813 1189 2884 nuptiis
1211 2817 1513 2871 necessaria
1538 2827 1943 2887 procuraturus.
1975 2818 2095 2874 Vir-

487 2919 558 2977 go
589 2914 768 2960 autem
800 2905 1017 2961 Domini
1048 2907 1235 2971 Maria,
1259 2923 1383 2963 cum
1411 2909 1532 2964 aliis
1559 2918 1770 2980 septem
1790 2911 2092 2982 virginibus

488 2997 690 3054 coaevis
711 3006 768 3054 et
797 2997 815 3037 ί
839 2998 1215 3068 collactaneis,
1249 3016 1382 3070 quas
1408 3017 1438 3056 a
1466 3003 1752 3059 sacerdote
1781 3015 2084 3076 acceperat,

490 3095 557 3145 ad
580 3090 800 3145 domum
822 3100 1106 3160 parentum
1132 3106 1352 3148 suorum
1376 3093 1429 3148 in
1445 3093 1722 3150 Galilaeam
1747 3109 1963 3152 reversa
1980 3106 2084 3152 est.

2213 1884 2332 1954 ejus
2360 1884 2416 1939 in
2443 1883 2705 1939 saeculum
2733 1883 2943 1938 saeculi.
2969 1881 3065 1937 His
3085 1881 3264 1953 angeli
3289 1881 3495 1948 verbis,
3525 1883 3688 1956 virgo
3713 1900 3818 1939 non

2212 1974 2516 2042 incredula,
2543 1974 2638 2031 sed
2662 1973 2882 2031 modum
2913 1974 3056 2030 seire
3081 1973 3291 2038 volens,
3321 1974 3644 2044 reSpondit:
3673 1973 3817 2041 Quo-

2209 2067 2374 2124 modo
2405 2066 2548 2123 istud
2581 2067 2703 2124 fieri
2745 2066 2967 2138 potest?
2997 2065 3131 2122 Nam
3160 2081 3282 2122 cum
3313 2068 3428 2136 ipsa
3460 2069 3633 2124 virum
3659 2068 3813 2140 juxta

2207 2169 2392 2216 votum
2443 2175 2625 2216 meum
2672 2175 2969 2232 numquam
3017 2175 3332 2232 cognosco:
3365 2162 3643 2232 quomodo
3697 2163 3814 2220 sine

2207 2254 2381 2310 virilis
2426 2254 2654 2311 seminis
2697 2255 3036 2311 incremento
3065 2270 3259 2324 parere
3305 2255 3562 2326 possum?
3589 2255 3676 2311 Ad
3709 2256 3814 2313 hoc

2201 2349 2427 2420 angelus
2457 2368 2467 2402 :
2500 2349 2580 2407 Ne
2607 2350 2909 2417 existimes,
2944 2349 3140 2421 inquit,
3171 2349 3361 2418 Maria,
3392 2351 3537 2422 quod
3567 2352 3811 2408 humano

2203 2457 2355 2498 more
2386 2441 2690 2513 concipias.
2721 2441 2857 2498 Nam
2887 2442 3006 2500 sine
3037 2442 3183 2498 virili
3212 2445 3626 2513 commixtione,
3656 2447 3810 2518 virgo

2199 2536 2500 2607 concipies,
2524 2536 2552 2573 ιι
2583 2536 2736 2608 virgo
2763 2537 2932 2608 paris,
2959 2538 3111 2608 virgo
3141 2538 3368 2594 nutries.
3393 2539 3626 2610 Spiritus
3656 2542 3805 2596 enim

2198 2640 2420 2687 sanctus
2447 2632 2800 2702 superveniet
2825 2631 2878 2686 in
2909 2640 2983 2697 te,
3015 2641 3069 2688 et
3099 2631 3275 2688 virtus
3305 2631 3576 2689 Altissimi
3599 2635 3799 2690 obum-

2198 2721 2378 2778 brabit
2405 2722 2526 2790 tibi,
2554 2733 2746 2780 contra
2769 2739 2961 2779 omnes
3001 2723 3226 2780 ardores
3264 2725 3526 2782 libidinis.
3559 2726 3803 2800 Ideoque

2194 2816 2340 2886 quod
2381 2825 2640 2873 nascetur
2665 2833 2733 2874 ex
2765 2825 2837 2886 te,
2870 2818 3044 2873 solum
3073 2819 3178 2873 erit
3221 2828 3469 2874 sanctum
3503 2839 3514 2874 :
3543 2820 3677 2889 quia
3710 2836 3800 2878 so-

2194 2905 2308 2962 lum
2354 2909 2473 2964 sine
2505 2918 2729 2980 peccato
2752 2921 3103 2980 conceptum,
3154 2919 3209 2966 et
3255 2920 3475 2981 natum,
3508 2915 3799 2970 vocabitur

2192 2997 2362 3055 Filius
2395 3001 2510 3056 Dei.
2536 3002 2687 3057 Tunc
2717 3003 2908 3071 Maria,
2934 3003 3186 3058 manibus
3215 3006 3490 3074 expansis,
3525 3017 3580 3061 et
3621 3008 3798 3063 oculis

2190 3090 2256 3146 ad
2284 3092 2482 3148 caelum
2515 3093 2730 3162 levatis,
2760 3093 2896 3150 dixit
2917 3111 2930 3149 :
2951 3094 3097 3151 Ecce
3126 3096 3318 3152 ancilla
3350 3097 3565 3154 Domini
3592 3099 3797 3171 (neque

566 3182 631 3236 Χ.
683 3181 777 3237 IIis
825 3197 956 3238 vero
983 3182 1200 3252 diebus,
1240 3185 1420 3254 primo
1449 3185 1654 3242 scilicet
1707 3187 1970 3245 adventus
1999 3191 2082 3246 sui
2110 3192 2156 3256 ο
2187 3185 2330 3242 enim
2355 3187 2590 3243 dominae
2617 3188 3012 3259 nominedigna
3031 3189 3199 3261 sum),
3224 3189 3317 3247 fiat
3342 3193 3795 3250 mihisecundum

481 3276 537 3330 in
581 3273 862 3330 Galilaeam
917 3283 1185 3346 tempore,
1226 3275 1425 3333 missus
1477 3279 1651 3335 estad
1697 3295 1816 3336 eam
1859 3283 2084 3353 angelus

482 3366 703 3423 Gabriel
759 3382 789 3421 a
823 3367 971 3422 Deo:
1000 3367 1088 3438 qui
1121 3368 1168 3423 ei
1227 3377 1548 3439 conceptum
1582 3370 1920 3428 Dominicum
1959 3388 2085 3430 nar-

477 3466 631 3513 raret
677 3467 732 3514 et
776 3459 1188 3529 conceptionis,
1239 3459 1330 3516 vel
1376 3461 1635 3529 modum,
1693 3465 1780 3519 vel
1831 3465 2079 3522 ordinem

477 3561 799 3623 exponeret.
852 3553 1093 3623 Denique
1148 3553 1428 3624 ingressus
1472 3556 1541 3612 ad
1594 3571 1715 3613 eam
1767 3559 2075 3616 cubiculum

477 3644 699 3716 quidem
741 3644 832 3699 ubi
861 3645 1134 3710 manebat,
1186 3646 1391 3716 ingenti
1422 3647 1628 3704 lumine
1649 3649 1886 3719 perfudit
1914 3669 1926 3705 :
1959 3652 2075 3721 ipsa

476 3752 606 3793 vero
629 3737 1031 3808 gratantissime
1062 3737 1327 3806 salutans,
1358 3738 1524 3794 dixit:
1546 3740 1681 3806 Ave,
1708 3741 1896 3812 Maria,
1921 3744 2074 3814 virgo

475 3829 693 3886 Domini
734 3827 1041 3900 gratissima
1071 3845 1085 3882 :
1117 3829 1269 3899 virgo
1289 3831 1458 3900 gratia
1482 3831 1639 3900 plena
1664 3875 1678 3899 ,
1708 3833 1967 3891 Dominus
1995 3845 2073 3892 te-

471 3938 596 3979 cum
620 3964 635 3990 ,
668 3921 953 3979 benedicta
1005 3930 1061 3977 tu
1102 3937 1212 3993 prae
1260 3924 1516 3980 omnibus
1573 3926 1894 3984 mulieribus
1929 3946 1944 3987 :
1977 3929 2072 3986 be-

399 4066 402 4068 .
473 4017 687 4071 nedicta
738 4031 853 4086 prae
911 4014 1166 4072 omnibus
1226 4017 1490 4073 hactenus
1543 4019 1684 4074 natis
1736 4019 2067 4078 hominibus.

470 4105 638 4176 Virgo
665 4115 845 4162 autem
869 4123 992 4177 qua:
1017 4108 1128 4177 jam
1157 4110 1436 4178 angelicos
1457 4110 1596 4166 bene
1621 4123 1844 4169 noverat
1868 4115 2068 4184 vultus,

472 4210 528 4257 et
568 4200 750 4256 lumen
772 4200 995 4256 caeleste
1025 4201 1295 4257 insuetum
1327 4219 1435 4259 non
1459 4203 1729 4264 habebat:
1765 4223 1942 4279 neque
1968 4225 2068 4267 an-

470 4294 645 4366 gelica
687 4292 898 4350 visione
939 4293 1153 4362 territa,
1201 4310 1377 4366 neque
1428 4297 1648 4355 luminis
1694 4301 2069 4371 magnitudine

2187 3279 2416 3335 verbum
2449 3289 2622 3336 tuum.
2656 3279 2670 3318 ί
2703 3280 2950 3352 Longum
2979 3281 3120 3338 forte
3149 3291 3205 3337 et
3234 3284 3563 3352 quibusdam
3600 3287 3794 3342 ιεηάἱο-

2183 3384 2305 3425 sum
2337 3371 2462 3438 erit,
2491 3372 2536 3426 si
2581 3382 2775 3428 cuncta
2805 3374 2932 3429 huic
2972 3375 3236 3443 opusculo
3269 3375 3517 3433 inserere
3547 3379 3795 3435 volueri-

2189 3480 2332 3533 mus,
2366 3481 2489 3536 quae
2529 3468 2869 3523 nativitatem
2916 3467 3245 3524 dominicam
3288 3468 3377 3525 vel
3429 3473 3789 3541 praecessisse

2184 3559 2272 3615 vel
2306 3559 2598 3615 subsecuta
2623 3560 2790 3617 fuisse
2821 3561 3072 3632 legimus.
3099 3561 3257 3619 Unde
3284 3562 3370 3619 his
3385 3564 3636 3632 omissis,
3669 3581 3792 3638 qure

2181 3651 2236 3707 in
2271 3652 2564 3723 Evangelia
2596 3653 2808 3724 plenius
2839 3653 3042 3724 scripta
3073 3663 3221 3722 sunt,
3251 3653 3322 3709 ad
3353 3669 3414 3712 ea
3445 3670 3568 3726 quae
3600 3659 3791 3714 minus

2183 3745 2475 3817 habentur,
2509 3748 2778 3803 narranda
2805 3748 3150 3805 accedamus.

2252 3841 2345 3896 XI.
2374 3841 2580 3912 Joseph
2628 3842 2791 3913 igitur
2821 3855 2849 3895 a
2881 3841 3069 3897 Judzea
3103 3843 3155 3897 in
3199 3840 3476 3899 Galilaeam
3517 3845 3788 3914 veniens,

2179 3933 2564 4004 desponsatam
2594 3933 2697 3989 sibi
2725 3934 3014 4005 virginem,
3041 3951 3263 3992 uxorem
3295 3937 3496 3993 ducere
3527 3937 3789 3997 intende-

2181 4025 2273 4080 bat
2303 4044 2315 4079 :
2343 4026 2455 4097 jam
2489 4040 2724 4097 namque
2757 4035 2868 4082 tres
2893 4026 3164 4083 fluxeraut
3192 4044 3430 4094 menses,
3461 4038 3518 4085 et
3549 4030 3563 4081 ἱ
3605 4047 3788 4103 quar-

2178 4127 2266 4175 tus
2296 4120 2551 4189 instabat,
2583 4135 2650 4176 ex
2684 4135 2748 4176 eo
2772 4129 3019 4192 tempore
3051 4136 3158 4192 quo
3186 4122 3289 4178 sibi
3314 4125 3648 4194 desponsata
3671 4127 3789 4183 fue-

2175 4223 2281 4270 rat.
2314 4214 2525 4273 lnterea
2553 4217 2814 4288 paulatim
2847 4226 3005 4273 utero
3035 4233 3319 4290 puerpera:
3349 4220 3784 4294 intumescente,

2176 4306 2206 4348 ιε
2237 4325 2564 4383 puerperam
2602 4326 2662 4370 se
2691 4310 3043 4369 manifestare
3084 4313 3251 4385 coepit
3282 4331 3294 4368 :
3325 4328 3499 4386 neque
3545 4314 3658 4373 hoc
3706 4317 3789 4372 Ia-

469 4510 574 4598 {130
586 4497 1510 4598 }§§._Eef§t‘avjlas_gfigljftﬁflelm,
1539 4499 1677 4598 Δςλτίττςιε
1724 4502 1930 4580 νόμιμον
1978 4505 2056 4579 ἦν,
2090 4513 2144 4576 D
2167 4512 2212 4570 A
2243 4515 2643 4598 sponsaliorum
2673 4525 2919 4598 tempore
2948 4534 3081 4578 vero
3108 4520 3174 4578 ad
3189 4520 3572 4581 dctluctionem
3597 4541 3786 4598 usque

463 4572 550 4626 καὶ
576 4569 686 4648 ἅμα
711 4569 1069 4648 τῷλτρᾶγμαῖι
1101 4572 1370 4648 τὸ-σξεμνὸν
1399 4575 1456 4628 οὐ
1486 4585 1705 4646 προσῆν.

543 4653 568 4678 κ
594 4641 994 4725 Ρὲομοξεὴθιὶςι
1030 4643 1218 4699 Jacobi
1244 4641 1404 4725 vocali:
1449 4641 1571 4708 τοῦς·
1621 4648 1942 4725 χηρεύοιξτας
1964 4659 2054 4708 τοῦ

465 4710 589 4796 leg?
613 4711 815 4796 Epiph.
856 4710 1222 4796 in"Ancorat.
1254 4732 1308 4771 ιι.
1340 4716 1410 4772 60
1440 4733 1452 4771 :
1483 4710 2054 4796 χήροῧς’καὶάγὰξαους

465 4786 574 4858 κάφ’
598 4785 821 4858 ἑκάστην
845 4785 1018 4858 φύλην.

538 4855 1038 4930 ῥῌιριεεείιιηλβι
1086 4872 1163 4930 eo,
1183 4858 1325 4930 quod
1366 4869 1615 4916 narratur
1658 4860 1815 4918 Num.
1871 4864 1939 4919 I7
1966 4867 2053 4922 cui

460 4925 659 5000 deinde
686 4925 1102 5000 superadditum
1134 4925 1216 4983 de'
1255 4929 1460 5000 Spiritu
1501 4941 1713 4990 sancto.
1767 4935 2050 4995 Columba:

459 4999 643 5070 specie
664 4997 828 5070 virga:
860 4998 1154 5064 insidente,
1180 4997 1467 5057 occasione
1488 5004 1675 5059 Matth.
1711 5021 1790 5070 IIl,
1820 5010 1906 5063 16.

535 5081 556 5106 ο
588 5069 782 5154 Epiph.
815 5071 1101 5154 haeresim,
1128 5070 1392 5154 IO,_vocat
1413 5088 1534 5154 eum
1557 5069 1852 5154 sagacem
1875 5079 2053 5154 ὁγδοή-

459 5159 616 5196 κοντα
640 5143 763 5196 ἐτῶν
791 5142 946 5198 πλείω
970 5142 1190 5199 ἐλάσσω.
1219 5141 1389 5198 Verus
1429 5143 1575 5200 Hier.
1598 5141 1713 5202 'lib.
1750 5164 1784 5202 ιι
1816 5152 1866 5203 in
1899 5141 2050 5209 nan.

457 5211 605 5293 velut
625 5227 688 5293 ea:
705 5211 1055 5293 deliramentis
1077 5215 1503 5293 Apocrgpftorum
1527 5219 1828 5293 repetitum
1846 5224 2048 5293 rejicit,

457 5279 513 5367 id
534 5290 670 5367 _est,
698 5284 842 5352 quod
867 5283 1067 5367 Ioseph
1091 5279 1293 5342 viduus
1313 5285 1504 5355 fuerit,
1534 5279 1760 5345 et'ﬁlios
1805 5279 2048 5367 filiasque

455 5361 638 5425 ant_ea_
647 5357 971 5425 susceperit.

526 5419 554 5459 δ
600 5419 1056 5509 Epiph.’haares_.__
1085 5443 1284 5485 Lxxvul
1324 5432 1553 5509 num._7_
1569 5433 1761 5509 κλήρων
1791 5438 1863 5498 εἷς
1891 5446 2045 5496 τοῦτο

453 5497 855 5580 ᾀναοηεαζόντειιη,
907 5499 1141 5580 sortibus
1187 5515 1384 5580 nempe
1428 5501 1496 5558 ad
1539 5497 1998 5579 hoc'cogentibus
2026 5553 2041 5580 ,

449 5567 592 5635 quod
612 5568 805 5637 repetit
830 5569 880 5622 iu
909 5567 1186 5626 Ancorato
1214 5589 1269 5628 n.
1295 5571 1385 5627 60.

523 5639 674 5713 t{Hoc
694 5650 778 5695 est
798 5641 1143 5713 Sponsalibus
1169 5659 1289 5711 qua:
1319 5644 1540 5713 fiebant,
1573 5661 1696 5704 cum
1721 5651 1948 5708 solemni
1965 5653 2039 5708 ri-

447 5713 504 5760 tu
535 5708 587 5785 in
629 5708 898 5768 conventu
920 5711 1105 5782 Sponsi
1127 5708 1448 5785 sponsaeque
1476 5708 1694 5775 nomina
1726 5724 1924 5780 tabulis
1954 5727 2042 5781 in-

439 5779 830 5852 scriberentur,
860 5792 916 5842 ut
939 5779 1126 5842 auctor
1157 5779 1256 5844 'est
1292 5779 1449 5845 Philo
1476 5793 1544 5848 de
1567 5791 1782 5866 legibus
1813 5779 2034 5868 special.

2143 5798 2352 5873 Evang.
2384 5798 2592 5861 Jacobi.

2167 4600 2316 4658 mora
2344 4589 2517 4658 aliqua
2548 4592 2774 4646 concedi
2793 4589 2984 4646 solita.

2241 4657 2260 4696 τ
2292 4658 2366 4714 Ita
2400 4657 2595 4728 scripsi
2625 4677 2724 4731 pro
2755 4677 2822 4718 eo
2853 4664 2998 4729 quod
3041 4665 3246 4721 editum
3292 4666 3467 4723 fuerat
3518 4669 3784 4724 collecta-

2161 4730 2291 4796 neis,
2318 4731 2584 4811 intelligit
2626 4730 2779 4788 enim
2836 4735 3094 4811 virgines,
3127 4738 3467 4811 quaeeadem
3513 4749 3781 4811 tempore

2157 4814 2286 4928 Sun:
2318 4801 2406 4857 illa
2440 4802 2644 4859 fuerint
2665 4813 2788 4874 post
2813 4801 3228 4865 ablactationem
3255 4809 3308 4865 in
3336 4801 3651 4881 Templum'
3674 4815 3779 4869 ad-

2198 4887 2262 4928 uc
2291 4889 2356 4927 a3.

2198 4882 2356 4928 uctaa.

2232 4944 2370 5024 8_E_x_
2420 4945 2564 5024 P_s_al.
2614 4964 2781 5013 Lxxu,
2829 4950 2883 5005 8.
2916 4950 3086 5020 Quem
3139 4953 3402 5024 hymnum
3451 4954 3522 5011 de
3563 4954 3781 5014 Messia

2158 5013 2331 5089 Judmi
2359 5017 2460 5086 ipsi
2492 5013 2944 5089 interpretantur.

2229 5083 2258 5123 ιι
2301 5083 2876 5148 Αιιὶιειθειιιέὃὶηιιίιιι
2936 5094 3112 5149 Serm.
3171 5094 3492 5153 Annuntiat.
3544 5098 3772 5158 Mariae.

2155 5157 2535 5240 éO’jJVSUéG‘F-OPC
2559 5165 2926 5240 ξκυᾳεᾷρησεν,
2961 5168 3586 5240 ἀνυμφεύτωςγᾷπὲτεκιν.
3627 5157 3775 5231 Hinc

2155 5184 2535 5224 ασυνουαστως
2564 5184 2926 5288 εκυοῧορησεν,
2961 5184 3292 5238 ανυμφεῡτως
3318 5184 3586 5225 ἀπέτεκεν.
3627 5184 3770 5231 "Inc

2153 5232 2400 5315 solemne
2443 5233 2575 5315 illud
2603 5276 2617 5299 ,
2717 5236 2827 5307 irgo
2857 5248 2977 5292 ante
3015 5248 3250 5309 partum,
3289 5238 3449 5312 Virgo
3477 5242 3532 5296 in
3560 5254 3770 5315 partu,

2162 5298 2324 5378 Virga
2349 5311 2469 5378 post
2497 5314 2725 5378 partum.

2232 5372 2247 5409 ί
2299 5371 2781 5457 Incipiunt_verba
2834 5378 3402 5455 Pseudo-Ilieronymi
3455 5399 3640 5457 usque
3697 5390 3771 5445 ad

2150 5445 2419 5498 narranda
2447 5448 2774 5504 accedamus.

2224 5515 2238 5592 _t’
2281 5515 2686 5592 lilvodiusapud
2714 5521 3076 5592 Nicephorum
3103 5522 3142 5578 I.
3169 5539 3230 5590 ιι,
3261 5540 3311 5581 c.
3344 5527 3401 5583 3.

2221 5583 2351 5675 k'ln
2403 5583 2596 5677 homil.
2648 5583 2929 5677 Athana-sli
2985 5598 3057 5657 εἰς
3106 5583 3403 5677 ἀποθραφήν
3447 5608 3540 5677 τῆς
3602 5603 3770 5677 ἁγίας

2144 5663 2361 5735 Μαρίας.
2396 5659 2666 5731 Josepbus
2698 5663 2974 5740 inducitur
3000 5659 3433 5740 graviter'super
3476 5659 3584 5726 hoc
3629 5659 3769 5733 ἑαὶῆ

2146 5743 2342 5811 sponsa
2381 5747 2477 5811 sua
2510 5736 2887 5811 expostulans,
2916 5736 3049 5797 tom.
3083 5753 3143 5807 II,
3179 5756 3232 5811 p.
3266 5736 3390 5800 650.
3425 5743 3515 5801 Sic
3545 5742 3771 5807 Proto-

2831 5853 2952 5885 Cia...
