3926 6290
139 408 221 468 305
1173 386 1512 448 EPISTOLA
1552 383 1658 443 LII.
1704 380 1799 440 AD
1835 373 2308 437 AUGUSTINUM.

3299 366 3406 427 300

140 536 233 583 tere
270 517 441 592 potuit
468 514 699 587 Josepb.
746 512 883 571 Nam
924 507 1113 583 sponsi
1159 520 1321 564 more
1366 502 1595 561 liberius
1638 498 1705 555 ad
1731 493 1986 563 Anostri
2023 491 2146 549 Filii
2193 490 2295 548 Dei
2341 488 2672 562 pertineant,
2708 485 3095 560 sequestratim
3140 484 3402 557 exposui-

140 615 374 689 virginem
396 610 699 675 introiens,
728 611 787 662 et
824 601 1154 660 familiarius
1192 611 1316 654 cum
1359 609 1423 652 ea
1455 593 1705 664 loquens,

141 686 380 784 gravidam
418 717 545 761 esse
588 696 976 773 deprehendit.
1015 694 1277 754 .Estuare
1307 690 1489 760 itaque
1524 686 1708 741 animo

141 778 182 863 et
201 804 450 860 ﬂuctuare
479 796 650 868 cmpit
676 812 690 848 :
722 794 847 866 quia
876 789 1168 863 ignorabat
1197 784 1328 858 quid
1355 783 1459 840 sibi
1491 778 1709 852 potissi-

144 912 259 953 mum
288 900 434 952 esset
481 887 816 946 faciendum.
850 886 1037 957 Neque
1088 882 1233 939 enim
1261 893 1382 936 eam
1421 872 1707 931 traducere

143 991 293 1055 voluit,
324 987 450 1060 quia
467 984 656 1058 justus
686 990 805 1039 erat
834 978 1053 1053 (Matth.
1081 993 1100 1032 ι
1120 1018 1135 1044 ,
1166 975 1282 1047 l9).
1315 971 1504 1043 Neque
1534 966 1709 1060 forni-

143 1059 681 1151 tatiouisisuspicione
706 1073 1000 1141 infamare,
1028 1071 1153 1142 quia
1176 1068 1317 1140 pius.
1346 1064 1532 1134 Itaque
1558 1059 1707 1133 mgi-

144 1178 256 1233 tahat
280 1175 419 1232 clam
450 1170 759 1228 dissolvere
804 1165 1115 1238 conjugium
1135 1204 1150 1231 ,
1183 1170 1240 1218 et
1273 1158 1485 1215 occulte
1525 1154 1709 1210 dimit-

145 1280 233 1325 tere
258 1282 395 1324 eam.
422 1265 553 1320 llaec
580 1270 761 1318 autem
782 1275 851 1316 eo
877 1262 1169 1330 cogitante,
1199 1267 1329 1310 ecce
1354 1250 1581 1321 angelus
1604 1246 1709 1301 Do-

144 1362 249 1419 mini
272 1362 320 1417 ei
348 1356 605 1431 apparuit
634 1356 691 1411 in
720 1352 953 1417 somnis,
983 1350 1173 1406 dicens
1199 1364 1213 1400 :
1246 1342 1473 1413 Joscph,
1501 1338 1572 1394 ﬁli
1602 1339 1705 1392 Da-

142 1456 227 1519 vid,
271 1454 377 1511 noli
427 1451 663 1507 timere:
714 1448 820 1503 hoc
865 1455 971 1513 est,
1016 1458 1087 1499 ne
1133 1439 1276 1497 velis
1330 1431 1709 1493 fornicationis

142 1550 470 1621 suspicionem
502 1546 556 1601 in
582 1542 799 1614 virgine
829 1539 1052 1605 habere,
1077 1534 1164 1591 vel
1192 1529 1394 1603 aliquid
1424 1526 1705 1621 sinistrum

142 1616 358 1717 cogitare,
390 1654 570 1711 neque
594 1637 787 1693 timeas
816 1647 934 1690 eam
960 1631 1014 1686 in
1041 1640 1267 1683 uxorem
1298 1622 1522 1679 ducere.
1551 1616 1708 1686 Quod

143 1710 256 1795 enim
282 1738 334 1793 in
362 1751 425 1791 ea
452 1710 644 1790 natum
671 1738 779 1795 est,
801 1735 860 1783 et
887 1738 1031 1780 nunc
1060 1720 1301 1776 animum
1333 1726 1482 1770 tuum
1514 1710 1663 1781 angit
1688 1723 1704 1763 ε

141 1846 222 1887 non
244 1828 499 1893 hominis,
517 1823 614 1881 sed
635 1821 869 1894 Spiritus
891 1815 1065 1872 sancti
1082 1822 1163 1870 est
1182 1824 1340 1883 opus.
1363 1806 1538 1863 Pariet
1563 1802 1706 1859 enim

1810 600 1954 645 mus.
1983 584 2087 654 Qui
2112 583 2179 640 ad
2208 582 2479 653 Natalem,
2511 582 2601 653 qui
2624 581 2692 636 ad
2724 589 2969 637 sanctam
3006 577 3399 650 Epiphaniam,

1808 679 1863 736 id
1892 687 2009 748 est,
2042 676 2110 733 ad
2144 675 2473 747 baptismum
2504 673 2869 740 Dominicum,
2902 673 3019 728 sive
3050 671 3407 742 apparitionis

1808 770 1985 828 stella:
2010 770 2191 826 diem:
2224 768 2394 839 etqui
2426 766 2479 823 in
2508 767 2699 838 quinta
2738 765 2877 822 feria
2920 774 3047 821 ante
3087 765 3401 835 passionem

1811 864 2030 921 Domini
2059 882 2070 917 :
2106 871 2160 919 et
2190 863 2282 934 qui
2315 863 2370 917 in
2418 861 2536 931 ipsa
2580 861 2836 930 passione
2867 858 3185 926 Dominica,
3225 858 3315 928 qui
3349 858 3401 912 in

1810 944 2012 1029 pascha
2036 957 2479 1013 Resurrectionis
2504 955 2677 1026 ipsius
2698 954 2913 1011 Domini
2936 954 3111 1011 nostri
3130 953 3403 1024 Redemp-

1811 1052 1943 1106 toris
1969 1069 1982 1106 :
2006 1059 2059 1106 et
2080 1051 2170 1121 qui
2201 1051 2255 1106 in
2286 1049 2623 1106 Ascensione
2650 1048 2770 1119 ejus
2792 1049 2845 1103 in
2878 1049 3047 1104 caelos
3077 1046 3207 1117 :qui
3239 1047 3405 1102 etiam

1808 1146 1863 1202 in
1902 1146 2156 1202 Adventu
2194 1146 2352 1216 ejus:
2395 1153 2453 1201 et
2478 1144 2570 1217 qui
2609 1144 2677 1201 de
2712 1144 2919 1214 judicio
2956 1144 3175 1199 futuro:
3216 1151 3272 1199 et
3315 1143 3407 1212 qui

1808 1240 1878 1297 de
1907 1240 2125 1297 civitate
2146 1246 2370 1308 aeterna,
2402 1239 2456 1293 in
2489 1255 2594 1310 qua
2624 1238 2875 1295 Christus
2902 1237 3162 1294 Dominus
3195 1245 3406 1303 noster,

1809 1342 2031 1390 sanctos
2059 1346 2190 1388 suos
2219 1347 2248 1387 a
2282 1331 2553 1403 principio
2591 1331 2779 1386 mundi
2812 1345 2981 1401 usque
3020 1329 3087 1385 ad
3118 1330 3280 1385 finem
3306 1331 3407 1383 hu-

1806 1428 1896 1499 jus
1934 1427 2152 1493 saeculi,
2182 1426 2287 1482 sibi
2319 1433 2617 1497 congregat
2655 1439 2841 1481 secum
2872 1432 3306 1495 conregnaturos
3348 1424 3403 1478 in

1811 1528 2015 1575 interno
2060 1533 2229 1590 regno
2275 1516 2505 1585 caelesti,
2552 1526 2773 1573 sanctus
2815 1517 3101 1582 Dominus,
3131 1516 3304 1571 trinus
3352 1527 3410 1572 et

1810 1626 1972 1680 unus,
2051 1611 2196 1666 Deus
2264 1621 2507 1667 aeternus
2551 1628 2565 1663 :
2605 1611 2697 1681 qui
2772 1609 2938 1665 etiam
2999 1608 3067 1663 ad
3115 1608 3407 1664 Dominum

1813 1706 1983 1762 Deum
2006 1704 2405 1776 deprecandum
2428 1703 2482 1758 in
2506 1703 2692 1758 litania
2720 1702 2833 1757 :vel
2855 1703 2993 1772 quia
3016 1700 3409 1771 paenitentibus

1811 1796 1973 1868 psalli
2012 1795 2248 1851 debeant
2278 1812 2289 1848 :
2328 1795 2420 1866 qui
2457 1795 2623 1850 etiam
2668 1794 2722 1849 in
2756 1793 2923 1849 natali
2952 1800 3270 1848 sanctorum
3299 1791 3405 1848 dici

392 1884 547 1990 virgo
591 1884 709 1973 sola
747 1913 847 1968 Dei
890 1910 1111 1974 Filium,
1141 1913 1209 1979 et
1239 1900 1459 1957 vocabis
1507 1909 1704 1953 nomen
1738 1893 1785 1954 B
1812 1889 2034 1945 debent.
2066 1887 2308 1946 Caeteros
2332 1902 2465 1945 vero
2490 1887 2733 1959 psalmos
2760 1887 3005 1943 invenies
3039 1884 3133 1958 qui
3164 1885 3409 1958 quotidie

142 2016 233 2087 ejus
268 1988 503 2080 Iesum;
519 2009 573 2065 id
602 2016 705 2073 est,
731 2005 1065 2063 Salvatorem
1093 2018 1106 2052 :
1138 1997 1256 2067 ipse
1304 1992 1447 2049 enim
1497 1988 1706 2045 salvum

143 2080 267 2165 faciet
312 2105 571 2180 populum
613 2115 775 2157 suum
813 2113 842 2152 a
888 2092 1123 2168 peccatis
1153 2102 1363 2147 eorum.
1405 2084 1570 2156 Igitur
1608 2080 1705 2135 ,Ιο-

142 2204 247 2275 scph
271 2200 568 2260 secundum
610 2194 787 2266 angeli
818 2195 1149 2263 praeceptum
1179 2181 1445 2253 virginem
1482 2187 1705 2231 uxorem

142 2298 263 2354 duxit
289 2316 303 2351 :
325 2310 428 2353 nec
459 2302 641 2349 tamen
666 2285 923 2360 cognovit
942 2296 1086 2348 eam,
1108 2275 1204 2333 sed
1227 2283 1377 2331 caste
1403 2279 1706 2341 procurans

141 2390 417 2449 custodivit.
474 2386 702 2456 Jamque
755 2391 938 2437 nonus
984 2391 1015 2430 a
1061 2368 1417 2440 conceptione
1475 2360 1708 2456 instabat

143 2484 331 2548 mensis,
360 2495 482 2536 cum
504 2452 730 2546 Joseph,
747 2484 943 2536 uxore,
966 2481 1090 2523 cum
1110 2463 1234 2518 aliis
1253 2474 1376 2532 qua:
1396 2452 1705 2513 necessaria

143 2586 269 2634 erant
291 2581 593 2645 assumpta,
616 2566 933 2627 Bethlehem
953 2560 1228 2618 civitatem
1250 2551 1403 2645 unde
1426 2550 1543 2645 ipse
1562 2554 1677 2645 erat
1690 2584 1705 2645 Ξ

144 2670 356 2727 tetendit.
386 2636 610 2724 Factum
640 2673 724 2721 est
764 2666 949 2716 autem
986 2667 1109 2710 cum
1150 2655 1335 2706 essent
1372 2643 1470 2711 ibi,
1500 2636 1708 2710 impleti

141 2770 244 2817 sunt
264 2761 375 2818 dies
406 2767 466 2814 ut
489 2764 746 2829 pareret:
780 2758 836 2809 et
865 2748 1073 2821 peperit
1111 2743 1278 2798 lilium
1308 2750 1464 2793 suum
1496 2733 1704 2829 primo-

142 2855 377 2923 genitum,
405 2822 546 2908 sicut
578 2845 749 2903 sancti
778 2838 1124 2913 evangelista).
1151 2834 1473 2896 docuerunt,
1516 2822 1704 2923 Domi-

142 2916 244 3001 Itum
268 2916 510 3001 nostrum
554 2940 741 2997 Jesum
762 2934 1038 2993 Christum
1061 2926 1215 2999 (Luc.
1236 2939 1314 2990 xt,
1342 2921 1397 2992 6)
1423 2937 1436 2976 :
1467 2916 1559 2989 qui
1581 2928 1703 2970 cum

142 3037 292 3106 Patre,
318 3045 377 3094 et
400 3036 560 3103 Filio,
588 3014 644 3090 et
669 3030 875 3102 Spiritu
904 3032 1094 3082 sancto
1113 3017 1250 3076 vivit
1270 3024 1327 3073 et
1348 3020 1537 3085 regnat
1564 3009 1705 3064 Deus

142 3148 219 3204 per
242 3134 417 3190 omnia
442 3129 644 3189 saecula
676 3124 1023 3183 saeculorum.

237 3287 545 3348 nomen
587 3283 653 3341 IN
693 3246 1087 3339 EPISTULAM
1123 3260 1570 3336 SEQUENTEM.

195 3426 495 3497 Sequiorum
528 3421 691 3475 multo
723 3426 1009 3497 temporum
1048 3412 1312 3497 aucto-rent
1348 3394 1705 3497 totus

140 3467 494 3551 ιιὶευξῖἶεξᾶεῖέξ
528 3467 1063 3547 ξὶῖιιιιῖιίίὶῆνὰσπιυε,
1100 3493 1162 3533 ne
1195 3467 1699 3551 famulusquident,

137 3539 216 3631 Si},
230 3539 1001 3635 EQ'EZZ'EpiEQSiEHtEonymt
1022 3539 1225 3624 gnatus,
1254 3546 1409 3599 immo
1430 3539 1706 3595 barbarum

137 3627 359 3711 quiddam
385 3655 451 3694 ac
477 3627 801 3692 neotericum
829 3627 985 3698 sapit.

668 3766 1005 3829 EPISTOLA
1046 3763 1138 3821 LI.

494 3911 568 3954 AD
604 3905 815 3949 PAULAI
855 3902 923 3943 ΕΤ
959 3892 1319 3942 ευετοςιιιιικ.

578 4006 659 4063 De
686 4007 869 4063 virtute
897 3999 1238 4074 psalmorum.

189 4151 227 4207 l.
250 4150 379 4220 Quia
416 4163 529 4217 me,
562 4143 897 4201 dulcissimae
937 4137 1059 4193 filia:
1093 4147 1260 4201 meae,
1286 4130 1340 4186 in
1370 4140 1467 4198 spe
1493 4122 1703 4181 miseri-

133 4244 309 4300 cordia:
339 4243 439 4299 Dei
486 4238 724 4312 petistis,
757 4244 817 4291 ut
845 4231 1000 4288 vobis
1031 4228 1279 4284 diversos
1320 4220 1559 4294 psalmos
1609 4231 1706 4287 per

132 4337 353 4393 ordinem
393 4343 829 4407 sequestrarem,
858 4326 951 4397 qui
981 4323 1073 4379 ubi
1108 4318 1270 4392 psalli
1297 4315 1531 4372 debeant
1562 4328 1578 4368 :
1608 4325 1706 4367 vos

133 4445 329 4502 quoque
354 4444 459 4503 ego
486 4427 617 4501 petii
642 4441 742 4495 pro
776 4437 864 4479 me
887 4419 1184 4490 deprecare
1219 4412 1509 4469 Dominum
1533 4407 1703 4463 Deum

134 4532 383 4591 nostrum,
411 4532 472 4579 nt
507 4521 654 4576 dono
695 4533 795 4574 suo
839 4515 971 4571 mihi
1016 4507 1318 4567 concedere
1362 4505 1704 4575 dignaretur,

134 4629 225 4684 quo
250 4616 457 4686 possim
496 4622 743 4669 sanctam
794 4605 1110 4680 petitionem
1144 4610 1381 4657 vestram
1424 4596 1700 4667 arripere,

1810 1982 2023 2053 legendi
2052 1991 2199 2037 sunt.

1880 2073 1969 2129 Ill.
1989 2071 2192 2129 Omnes
2221 2081 2399 2130 tamen
2428 2072 2621 2144 psalmi
2651 2072 2889 2143 quotidie
2916 2071 2971 2128 in
2999 2079 3113 2128 toto
3140 2087 3284 2128 anno
3311 2087 3409 2143 per

1807 2165 2053 2222 ordinem
2096 2165 2254 2235 psalli
2307 2173 2553 2237 possunt,
2606 2165 2908 2221 secundum
2957 2164 3407 2221 consuetudinem

1809 2260 2182 2317 Ecclesiarum
2214 2266 2272 2314 et
2300 2258 2776 2315 monasteriorum.
2798 2256 2943 2315 Sane
2967 2258 3058 2328 qui
3087 2257 3249 2327 legis,
3276 2273 3411 2313 con-

1807 2352 2010 2421 sidera,
2044 2352 2168 2423 quia
2201 2367 2340 2408 unus
2387 2351 2626 2422 psalmus
2668 2351 2737 2406 ad
2787 2351 2989 2406 multos
3030 2349 3148 2406 dies
3184 2358 3409 2406 sanctos

1808 2447 2081 2517 pertinet:
2110 2454 2166 2502 et
2204 2445 2398 2516 psalmi
2442 2444 2554 2500 Deo
2598 2443 2972 2514 multipliciter
3013 2442 3284 2499 iterantur
3311 2457 3407 2512 per

1807 2540 2051 2612 singulos
2079 2540 2222 2596 dies.
2251 2538 2387 2594 Nam
2412 2545 2499 2594 est
2517 2536 2763 2609 psalmus
2784 2536 2881 2606 qui
2902 2535 3104 2605 ubique
3134 2534 3289 2605 psalli
3312 2550 3410 2604 pc-

1809 2640 1936 2690 test.
1988 2632 2097 2688 Alii
2153 2632 2349 2689 iterum
2404 2639 2550 2697 sunt,
2585 2631 2681 2701 qui
2708 2628 2776 2686 ad
2821 2629 2984 2685 unius
3031 2627 3139 2685 diei
3180 2629 3407 2698 figuram

1809 2726 2087 2798 pertinent
2116 2742 2131 2781 :
2165 2733 2535 2797 appensantes
2562 2738 2696 2781 vero
2730 2722 2909 2793 qualis
2938 2736 3189 2793 persona:
3214 2723 3407 2789 lieret,

1810 2828 1990 2874 utrum
2035 2816 2325 2889 religiosae,
2358 2831 2429 2872 an
2472 2816 2645 2872 laicte.
2697 2815 2777 2872 De
2820 2814 3047 2885 psalmis
3093 2813 3185 2884 qui
3217 2814 3406 2885 quinta

1808 2911 1944 2968 feria
1978 2922 2103 2966 ante
2142 2910 2451 2981 passionem
2472 2954 2487 2980 ,
2519 2918 2612 2964 aut
2650 2908 2741 2980 qui
2788 2907 2842 2964 in
2872 2908 2989 2979 ipsa
3021 2906 3272 2978 passione
3302 2907 3409 2962 Do-

1807 3004 1940 3061 mini
1970 3004 2261 3062 dicuntur:
2299 3014 2463 3076 atque
2504 3006 2559 3059 in
2599 3002 2808 3059 natales
2848 3010 3159 3057 sanctorum
3209 2998 3409 3056 exinde

1809 3097 2045 3169 eligendi
2072 3106 2199 3154 sunt
2224 3098 2418 3170 psalmi
2448 3116 2462 3153 :
2493 3097 2565 3153 ita
2586 3097 2749 3154 etiam
2773 3095 2841 3153 de
2859 3095 3089 3152 canticis
3114 3094 3409 3165 propheta—

1807 3205 1928 3244 rum
1977 3189 2225 3258 fecimus,
2251 3197 2312 3245 ut
2351 3206 2461 3245 non
2502 3190 2555 3245 in
2587 3189 2786 3246 diebus
2826 3188 3152 3260 supradictis
3182 3188 3411 3243 confuse

1728 3269 1776 3334 C
1811 3282 2149 3353 psallantur:
2176 3282 2271 3339 sed
2292 3282 2385 3354 qui
2414 3281 2468 3338 in
2490 3296 2601 3354 quo
2621 3281 2710 3338 die
2734 3280 2842 3338 dici
2870 3281 3126 3349 debeant,
3151 3280 3243 3353 qui
3273 3279 3410 3350 legis

1809 3389 2079 3431 IIIVCDIGS.

1879 3467 1964 3525 Ad
1995 3467 2229 3539 majores
2249 3482 2448 3539 operas
2475 3466 2711 3539 pertinet
2735 3465 2975 3536 psalmus
3014 3479 3215 3520 Lxxvrt.
3247 3462 3409 3519 Cate-

1807 3560 2091 3618 chumenis
2114 3571 2166 3617 et
2190 3560 2401 3629 electis,
2418 3577 2570 3616 xxrv.
2587 3560 2689 3616 Per
2712 3559 3007 3631 jejunium,
3037 3570 3148 3624 xix,
3168 3573 3329 3613 xxxw
3353 3566 3410 3611 et

1808 3671 1977 3713 Lxxn.
2011 3654 2089 3710 De
2133 3655 2405 3726 baptismo
2437 3670 2534 3726 per
2573 3653 2781 3710 Pascha
2802 3698 2817 3725 ,
2850 3668 2999 3709 LXIV.
3022 3652 3101 3709 De
3145 3652 3411 3708 lamenta-

1810 3749 1983 3819 tione,
2018 3765 2209 3808 cxxxt.
2244 3748 2325 3806 Ad
2362 3750 2781 3805 conventionem
2821 3748 3074 3813 fratrum,
3101 3763 3300 3804 cxxxn.
3327 3745 3410 3802 Ad

1806 3844 2509 3912 benedictionem,cxxxm.
2531 3841 2601 3899 Ut
2623 3842 2812 3899 laudes
2834 3851 2962 3897 ante
2984 3841 3152 3896 Deum
3175 3837 3409 3894 fundan-

1810 3947 1916 4006 tur,
1936 3954 2017 3994 rx.
2047 3938 2114 3995 Ut
2142 3937 2672 4009 poeniteathomo,r..
2698 3935 2776 3992 De
2804 3936 2908 3990 fixa
2938 3934 3066 4003 fide,
3098 3949 3152 3988 x.
3183 3932 3259 3987 De
3289 3945 3408 3986 mo-

1809 4031 2014 4101 nendo,
2044 4046 2193 4087 cvm.
2226 4030 2299 4087 Ut
2325 4030 2542 4087 oculum
2576 4028 2855 4099 pudicitia:
2882 4042 3033 4098 agas.
3064 4043 3103 4080 ι.
3149 4026 3227 4082 De
3268 4024 3406 4095 vigi-

1810 4126 1899 4182 liis
1925 4126 1977 4181 in
1999 4125 2283 4197 grahhato,
2312 4139 2381 4179 vt.
2420 4104 2497 4180 De
2513 4122 2746 4193 iustitia,
2777 4136 2889 4177 xiv.
2919 4120 2998 4176 De
3026 4120 3254 4175 honesta
3283 4132 3408 4174 ora-

1808 4217 1978 4286 tione,
2011 4232 2209 4273 Lxxxv.
2225 4216 2303 4272 De
2327 4214 2712 4271 communione
2738 4229 2861 4269 cum
2890 4212 3145 4269 omnibus
3172 4208 3411 4266 homini-

1808 4308 1934 4375 bus,
1963 4308 2052 4364 vel
2082 4307 2431 4380 pauperibus,
2460 4324 2552 4363 χι..
2596 4306 2675 4362 De
2704 4304 2877 4362 Natali
2912 4303 3149 4369 Domini,
3196 4318 3305 4358 cut.
3331 4303 3407 4357 De

1808 4399 2101 4466 Trinitate,
2135 4406 2193 4454 ut
2212 4412 2323 4453 non
2349 4398 2602 4454 timeatur
2631 4396 2817 4463 homo,
2840 4410 2915 4450 rx.
2946 4392 3025 4449 De
3054 4392 3267 4448 insidiis
3296 4391 3410 4445 ha:-

1810 4505 2126 4560 resum,1u.
2178 4490 2257 4547 De
2301 4488 2579 4545 monendo
2621 4488 3048 4559 proximum,rv.
3094 4483 3169 4539 De
3212 4497 3311 4554 spe
3350 4483 3406 4537 in

1810 4585 2004 4650 Deum,
2029 4599 2160 4640 xxn.
2185 4584 2261 4639 De
2282 4582 2625 4648 credulitate,
2645 4598 2705 4637 x.
2723 4580 2800 4637 De
2816 4578 3067 4635 oratione
3092 4576 3144 4633 in
3163 4576 3407 4641 homine,

236 4669 633 4778 ipso'donante
663 4669 939 4772 complere
969 4712 984 4752 :
1030 4696 1083 4751 in
1131 4693 1287 4765 cujus
1331 4689 1705 4748 misericordia
1735 4669 1787 4731 Β
1812 4676 2279 4734 ιικοθθηθδίθίίθ
2298 4691 2461 4778 ⁸Ῐ¹Ρθν
2490 4675 2785 4746 principes“
2817 4688 2909 4728 ιι
2929 4672 3003 4729 De
3023 4684 3216 4778 3.3mm
3246 4669 3405 4739 legis,

135 4812 341 4865 sperans
372 4798 563 4871 (prout
606 4794 866 4850 Dominus
899 4786 1202 4845 concedere
1232 4783 1485 4854 dignatus
1511 4789 1596 4836 est
1626 4779 1712 4835 in-

136 4890 393 4947 tellectum
416 4886 711 4946 humilitati
737 4882 897 4955 mete)
923 4894 1146 4938 necesse
1174 4876 1337 4933 habui
1366 4884 1476 4931 tam
1506 4882 1711 4929 sancta:

136 4984 363 5051 petitioni
393 4990 615 5050 vestrae,
650 4994 748 5052 pro
777 4977 973 5033 all'ectn
1009 4972 1224 5029 Domini
1256 4969 1430 5025 n0stri
1463 4966 1706 5023 obedire.

134 5072 226 5131 Pro
243 5092 352 5148 quo
401 5090 569 5146 opere
615 5074 662 5129 si
702 5071 860 5129 nobis
900 5068 1071 5140 gratia
1117 5064 1282 5123 fuerit
1323 5063 1533 5132 integre
1582 5062 1712 5117 assi-

135 5180 302 5236 gnate,
327 5168 400 5225 de
425 5167 683 5224 omnibus
704 5176 1060 5237 qutecumque
1100 5159 1244 5215 dicta
1273 5165 1435 5223 sunt,
1468 5154 1573 5225 ipsi
1604 5154 1709 5211 Do-

134 5260 265 5318 Itino
281 5272 475 5319 nostro
490 5259 854 5331 omnipotenti
878 5270 977 5328 pro
999 5251 1307 5310 humilitate
1327 5262 1443 5306 mea
1466 5257 1707 5313 orantes,

132 5356 316 5423 gratias
343 5356 584 5413 referte:
615 5352 708 5425 qui
735 5350 903 5409 etiam
930 5349 1099 5406 asinze
1128 5345 1276 5418 loqui
1307 5342 1563 5417 praecepit
1589 5356 1710 5414 quae

136 5444 237 5516 ipse
266 5448 532 5504 Dominus
559 5446 750 5502 voluit.

197 5538 260 5594 ll.
288 5540 446 5595 Licet
470 5538 618 5596 enim
644 5536 887 5594 universi
911 5533 1131 5607 psalmi,
1156 5532 1246 5604 qui
1276 5531 1575 5603 requisitus
1595 5530 1714 5587 fue-

133 5628 224 5699 rit,
263 5631 406 5703 legis
428 5630 630 5687 divina:
666 5626 1064 5702 propemodum
1097 5626 1280 5683 omnia
1320 5623 1555 5679 habeant
1586 5641 1599 5677 :
1633 5631 1713 5678 ta-

131 5738 244 5780 men
273 5726 518 5781 donante
548 5725 683 5791 Deo,
712 5734 766 5780 et
794 5722 1029 5779 Domino
1054 5722 1185 5777 Iesu
1220 5718 1462 5787 Christo,
1505 5729 1561 5775 et
1591 5718 1713 5791 Spi-

132 5822 225 5876 ritu
269 5828 466 5876 sancto
514 5819 569 5876 in
616 5819 963 5877 confessione
1007 5816 1319 5880 Trinitatis,
1372 5814 1466 5885 qui
1520 5813 1714 5884 psalmi

136 5916 351 5988 l'roprie
378 5913 448 5973 ad
475 5914 715 5988 singulos
740 5914 859 5974 dies
888 5910 1118 5972 feriatos
1154 5907 1373 5969 Domini
1412 5907 1715 5968 Salvatoris

1812 4785 1960 4826 xxvt.
1994 4770 2072 4825 De
2100 4767 2450 4825 tribulatione
2472 4766 2838 4830 inimicorum,
2879 4779 3006 4821 xxv.
3034 4762 3106 4821 Ut
3150 4769 3407 4818 creatura

1813 4870 2121 4919 creatorem
2166 4860 2371 4927 laudet,
2425 4874 2519 4916 cu.
2544 4858 2622 4915 De
2666 4858 2959 4931 martyrio,
2986 4872 3111 4914 xuv
3136 4864 3193 4912 et
3235 4870 3287 4910 ι..
3328 4853 3407 4908 De

1814 4954 2275 5026 persecutoribus,
2308 4968 2516 5009 Lxxxn.
2547 4952 2682 5009 Dum
2720 4952 2892 5008 intras
2919 4950 2987 5007 ad
3010 4948 3365 5020 alienigenam
3388 4987 3404 5010 ,

1815 5064 1998 5106 Lxxxt.
2029 5046 2217 5106 Oratio
2242 5062 2409 5119 super
2446 5062 2661 5119 agrum,
2684 5061 2908 5103 uxxnr.
2937 5045 3123 5103 Oratio
3160 5038 3411 5100 nocturni

1816 5138 2098 5213 temporis,
2120 5155 2211 5198 xc.
2240 5140 2429 5199 Oratio
2456 5139 2524 5197 ad
2551 5139 2748 5209 altare,
2780 5152 2977 5195 χχχιιι.

2370 5308 2705 5369 EPISTOLA
2742 5308 2854 5366 LII.

2390 5464 2459 5506 an
2498 5462 2854 5508 aucns'nnuu.
2969 5445 2988 5508 ξ’

1884 5606 2044 5672 (Inter
2085 5606 2139 5655 S.
2164 5604 2441 5672 7Augustini
2479 5603 2722 5672 epistolas
2747 5603 2918 5672 ultima
2962 5602 3172 5672 habetur
3210 5604 3261 5653 in
3294 5600 3415 5672 edit.

1821 5664 2079 5738 Benedict.
2098 5682 2209 5718 cum
2230 5664 2323 5719 hoc
2339 5664 2631 5738 argumento
2653 5681 2668 5738 _:
2699 5668 2973 5738 Augustino
2993 5666 3278 5738 Anonymus
3296 5664 3418 5738 (non

1822 5734 1955 5781 enim
1991 5730 2341 5794 Hieronymus,
2380 5728 2435 5780 ut
2473 5744 2535 5781 ex
2565 5729 2701 5794 stylo
2738 5728 2915 5792 liquet,
2956 5728 3145 5778 tametsi
3182 5728 3228 5775 iu
3268 5728 3422 5794 ipsius

1822 5794 2046 5854 epistolis
2071 5789 2299 5855 editasit
2327 5789 2464 5843 num.
2498 5792 2602 5855 50),
2624 5789 2991 5855 'signiti'cansise
3032 5801 3243 5839 maerore
3281 5789 3421 5855 gravi

1822 5852 2070 5919 affectum,
2092 5853 2219 5917 quod
2260 5857 2416 5918 ipsum
2440 5852 2777 5905 cum'Severo
2801 5854 2942 5903 simul
2974 5863 3071 5900 non
3094 5852 3347 5913 repererit
3367 5852 3421 5919 in

1823 5918 1948 5972 urbe
1965 5913 2150 5984 Leges,
2165 5913 2408 5985 etqu'anto
2424 5920 2583 5984 ipsum
2599 5926 2765 5968 amore
2785 5921 3110 5983 prosequatur
3121 5913 3423 5979 exponens.)
