3926 6290
504 341 611 401 307

1008 456 1344 515 EPISTOLA
1390 467 1417 497 ⁸
1456 458 1590 515 Llll.

582 592 822 636 curemus
842 576 892 647 ι’,
933 591 1151 633 ιωοιιιε
1188 592 1463 632 caurusm
1491 592 1699 633 ptumus
1733 592 1935 645 eumn,
1969 594 2036 633 AD

967 704 1204 745 FBATRES
1242 704 1632 745 DURBONENSES.

729 802 809 857 De
828 804 1170 876 supposititiis
1196 801 1263 858 B.
1293 802 1604 874 Hieronymi
1632 803 1887 875 epistolis.

517 936 722 994 Amicis
749 946 800 991 ct
839 934 1101 991 fratribus
1132 936 1186 991 in
1216 936 1437 992 Christo
1466 936 1870 1005 dilecﬁssimis,
1905 937 2109 992 Lazaro

586 1010 925 1063 Durbouensi
949 1008 1135 1077 priori,
1156 1017 1212 1063 et
1238 1008 1450 1063 caeteris
1477 1008 1528 1063 in
1559 1010 1750 1064 eadem
1779 1024 1970 1063 eremo
1997 1010 2106 1065 Deo

578 1080 1012 1151 l'amulautilnrs,
1072 1078 1337 1151 Cartusiae
1410 1079 1559 1149 prior
1611 1088 1835 1135 vocatus
1892 1080 2104 1151 Guigo,

583 1163 843 1207 alternam
873 1166 899 1202 a
933 1150 1161 1205 Domino
1186 1150 1443 1205 salutem.

584 1308 730 1365 Inter
755 1316 952 1363 cratera
980 1306 1370 1364 catholicorum
1403 1307 1673 1375 virorum,
1724 1323 1846 1379 quae
1875 1309 1941 1365 ad
1980 1324 2109 1366 eru-

510 1401 771 1457 ditionem
824 1399 1060 1454 litleliuut
1091 1400 1509 1456 elaboraverunt
1535 1416 1699 1468 Opera
1721 1446 1734 1470 ,
1767 1416 1888 1472 qua:
1919 1414 2106 1457 nOSIra

508 1509 725 1564 quoque
759 1496 996 1563 parvitas
1026 1509 1360 1564 congregare
1391 1494 1639 1559 studuit,
1672 1496 1759 1550 vel
1789 1495 2105 1565 emendare,

510 1588 673 1641 etiam
714 1587 976 1655 epistolas
1017 1587 1075 1641 Β.
1130 1587 1456 1657 lltsaonrut,
1502 1596 1777 1659 quotquot
1807 1589 2104 1658 potuinme,

508 1677 893 1748 undecumque
921 1679 1201 1748 qutesitas,
1226 1688 1283 1733 et
1311 1694 1406 1747 pro
1438 1693 1699 1733 concessa
1730 1692 1760 1732 a
1794 1680 1902 1733 Deo
1933 1678 2109 1734 facul-

515 1781 626 1827 tate
652 1815 665 1839 ,
702 1772 1005 1826 mendaciis
1034 1780 1363 1842 expurgatas
1385 1813 1397 1836 ,
1432 1773 1484 1827 in
1514 1789 1680 1827 unum
1720 1774 1925 1841 grande
1952 1774 2110 1829 volu-

1548 341 1607 399 S.
1653 338 2033 400 HIERONYMI
2070 338 2353 400 OPERUM
2395 341 2757 401 MANTISSA.

3688 345 3790 407 308

2131 462 2187 524 Α
2211 460 2539 531 multiplices.
2586 459 2669 515 Ad
2700 458 2931 526 VIDUAM,
2979 473 3101 530 qum
3135 461 3217 516 sic
3262 459 3451 533 incipit
3504 478 3517 518 :
3549 463 3789 537 Magnam

2212 556 2495 609 humilitati
2534 566 2726 610 nostrae
2768 556 3015 625 ﬁduciam
3061 556 3341 611 scribendi.
3384 557 3465 613 Ad
3508 558 3790 626 VIRGINEI,

2210 649 2326 705 sive
2352 649 2419 705 ad
2450 649 2639 706 FILIAM
2673 650 2900 709 Mauatcr
2928 691 2942 715 ,
2976 649 3271 721 dupliciter
3301 652 3503 722 quippe
3534 655 3791 711 intitulata

2210 746 2507 813 reperitur,
2557 744 2846 800 exordium
2890 744 3035 798 istud
3083 745 3358 814 accipiens
3398 763 3410 800 :
3447 748 3709 815 Quantam
3746 752 3795 805 ia

2210 836 2495 891 cmlestibus
2524 836 2915 892 beatitudinem.
2948 838 3078 892 Item
3120 839 3185 892 de
3218 839 3371 907 lapsu
3400 841 3636 912 virginis,
3688 843 3793 899 sive

2210 932 2275 985 de
2305 931 2603 1001 paenitentia
2633 930 2701 984 ad
2732 930 3017 986 Susanna
3047 930 3313 1004 (uterque
3339 933 3487 988 enim
3520 934 3706 989 titulus
3744 936 3791 991 in

2209 1023 2444 1078 diversis
2486 1023 2769 1079 codicibus
2798 1024 3091 1095 invenitur)
3123 1041 3242 1094 qua:
3273 1034 3380 1082 tam
3411 1027 3645 1084 diversis
3678 1029 3794 1085 titu-

2210 1116 2351 1170 latur
2377 1116 2712 1185 auctoribus,
2747 1124 2808 1170 ut
2830 1132 3020 1173 eorum
3044 1118 3244 1174 nullius
3273 1120 3344 1174 sit
3372 1120 3684 1177 decoranda
3712 1139 3795 1178 vo-

2209 1206 2433 1272 cabulo;
2462 1208 2616 1277 cujus
2659 1207 2760 1262 hoc
2785 1215 2869 1264 est
2901 1209 2952 1261 in
2983 1209 3306 1280 quibusdam
3341 1212 3495 1269 libris
3539 1214 3748 1269 initium
3781 1232 3793 1269 :

2211 1298 2351 1354 Puto
2376 1301 2481 1355 leve
2497 1318 2605 1355 esse
2629 1302 2843 1354 crimen.
2862 1302 2918 1355 In
2936 1302 3055 1356 aliis
3078 1303 3222 1358 istud
3251 1322 3261 1356 :
3290 1304 3431 1371 Quid
3443 1308 3799 1380 agis,anima?

2209 1392 2335 1465 quid
2364 1394 2761 1465 cogitationibus
2785 1397 3012 1450 restitas?
3041 1396 3123 1453 Ad
3149 1398 3477 1456 Desmsnwu
3507 1404 3571 1457 de
3601 1418 3682 1458 xu
3712 1405 3802 1458 lec-

2211 1489 2441 1555 toribus,
2472 1504 2503 1543 a
2550 1491 2736 1545 nescio
2765 1507 2875 1560 quo
2907 1491 2961 1545 in
2993 1492 3301 1549 irrisionem
3341 1495 3623 1552 doctorum
3667 1513 3804 1553 com-

2210 1583 2407 1652 posita.
2439 1581 2517 1636 Ad
2550 1580 2891 1650 CELANTIAH,
2923 1585 3002 1639 sic
3034 1585 3321 1655 incipiens,
3368 1586 3563 1643 Veteris
3590 1592 3805 1661 scriptu-

2211 1691 2283 1729 τω
2324 1674 2581 1729 celebrata
2623 1677 2874 1730 sententia
2924 1686 3017 1730 est.
3058 1678 3181 1732 llaec
3210 1680 3353 1749 Stylo
3392 1680 3612 1750 quidem
3658 1684 3804 1737 nobi-

2214 1767 2346 1821 liore
2374 1777 2459 1821 est
2489 1767 2733 1836 scripta;
2765 1768 2859 1822 sed
2896 1782 2991 1823 nec
3032 1770 3110 1825 sic
3156 1771 3217 1825 Β.
3263 1772 3595 1845 Hieronymo
3628 1774 3804 1846 digna.

512 1879 637 1918 men
665 1862 1003 1934 redegimus.
1028 1862 1371 1917 Abscidimus
1400 1873 1581 1919 autem
1618 1865 1683 1919 ab
1714 1863 1781 1918 iis
1810 1865 2074 1933 quasdam
2094 1907 2108 1931 ,
2144 1864 2188 1925 Β
2217 1859 2499 1915 Postrema
2522 1869 2628 1925 est,
2664 1859 2741 1913 De
2766 1861 2964 1931 origine
2989 1863 3177 1918 anima:
3202 1863 3515 1934 disputatio,
3548 1868 3706 1937 quasi
3737 1869 3808 1922 in-

513 1969 649 2026 quas
676 1956 762 2010 vel
789 1971 853 2011 es
882 1955 1117 2011 aliorum
1147 1958 1431 2011 doctorum
1464 1956 1686 2027 scriptis
1707 2000 1721 2024 ,
1758 1957 1843 2011 vel
1870 1972 1934 2011 ex
1958 1958 2105 2029 styli,

512 2049 1029 2118 sententiarumque
1051 2049 1328 2113 distantia,
1359 2047 1515 2103 titulo
1546 2050 1677 2102 lauti
1713 2050 1813 2103 viri
1844 2050 2114 2118 comperi-

513 2155 633 2196 mus
661 2140 915 2211 iudignas
950 2160 961 2195 :
992 2154 1058 2196 ex
1089 2141 1286 2213 quibus
1332 2140 1420 2195 illa
1453 2148 1535 2220 est
1563 2186 1575 2209 ,
1609 2141 1769 2210 cujus
1798 2149 1881 2197 est
1928 2140 2115 2196 titulus

512 2234 578 2289 ad
612 2232 1029 2297 DEIETRIADEM,
1073 2233 1177 2287 hoc
1208 2232 1411 2288 habens
1444 2233 1656 2286 initium
1684 2250 1695 2286 :
1727 2232 1787 2287 Si
1810 2248 2011 2287 summa
2034 2233 2115 2286 in-

512 2328 666 2398 genio
694 2373 707 2395 ,
742 2328 959 2399 parique
1004 2328 1163 2398 fretus
1202 2329 1437 2382 scientia.
1474 2327 1622 2381 llanc
1652 2327 1852 2398 quippe
1895 2327 1954 2380 Β.
1997 2327 2112 2382 Au-

512 2421 763 2491 gustinus
796 2423 847 2475 iu
880 2436 1047 2491 opere
1072 2432 1265 2475 contra
1295 2421 1571 2489 Pelagium
1605 2421 1670 2474 de
1691 2419 1877 2474 Gratia
1921 2419 2116 2474 Christi

512 2523 562 2567 et
589 2514 653 2567 de
707 2512 931 2567 Pcccato
960 2513 1225 2584 originali,
1273 2512 1516 2581 ejusdem
1561 2512 1763 2583 Pelagii
1808 2526 1931 2567 esse
1959 2511 2111 2579 dicit,

513 2606 763 2677 quaedam
812 2606 986 2675 ipsius
1030 2617 1049 2645 ε
1096 2608 1262 2660 frusta
1312 2616 1541 2661 tractatu
1603 2621 1703 2659 suo
1745 2605 2114 2671 interserens,

512 2707 681 2769 atque
711 2699 1061 2769 redarguens.
1110 2700 1245 2755 Huic
1273 2690 1548 2754 adduntur
1576 2709 1631 2754 et
1658 2700 1797 2767 ista),
1830 2699 1897 2753 ad
1928 2698 2118 2754 Tma-

518 2807 630 2848 NUII
657 2793 722 2847 de
744 2802 907 2847 morte
932 2792 1078 2863 ﬁliae,
1116 2792 1271 2862 cujus
1300 2792 1512 2847 initium
1542 2793 1653 2849 tale
1682 2802 1765 2848 est
1797 2792 2115 2847 :Cliaritatis

516 2894 621 2939 tuae
648 2885 843 2953 scripta
893 2885 1116 2957 percepi.
1154 2884 1236 2940 Ad
1272 2885 1536 2941 OCEANUI
1567 2886 1951 2948 consolotaria,
2003 2883 2112 2938 tale

515 2974 1006 3031 habens'initium:
1041 2975 1372 3031 Diversarum
1404 2977 1705 3049 opprobria,
1748 2976 2112 3030 tribulatione:

589 3096 799 3167 “Edita
858 3096 1090 3167 primum
1144 3105 1227 3151 est
1273 3112 1302 3151 a
1360 3095 1669 3152 Mabillonin
1720 3095 2107 3151 Analectorum

514 3176 653 3221 tom.
688 3166 729 3229 Ι,
763 3174 819 3221 et
864 3166 919 3221 in
964 3167 1262 3238 appendice
1301 3184 1526 3237 operum
1561 3169 1619 3225 S.
1665 3168 1952 3224 Bernardi.
1999 3167 2111 3223 Nos

514 3238 625 3292 hoc
645 3239 1026 3310 transtulimus
1052 3240 1253 3295 critica:
1283 3240 1623 3310 prmfationis
1668 3242 1789 3302 loco
1818 3240 1871 3293 in
1908 3253 2110 3309 suppo-

513 3310 615 3380 sita
640 3309 864 3364 Hieron.
891 3311 1113 3380 scripta.

585 3378 613 3418 δ
643 3382 846 3436 Auctor
886 3378 1085 3437 saeculo
1114 3381 1439 3437 duodecimo
1483 3380 1602 3437 fere
1647 3380 1825 3436 medio
1876 3380 2104 3436 ﬂoruit:

2217 1961 2300 2007 ter
2328 1952 2387 2007 B.
2423 1952 2813 2024 Hieronymum
2843 1964 2896 2009 et
2926 1956 3285 2025 Augustinum
3315 1974 3330 2015 :
3361 1958 3452 2013 ubi
3494 1958 3624 2015 licet
3654 1960 3805 2015 multa

2218 2059 2286 2101 ex
2315 2057 2505 2100 eorum
2547 2045 2766 2113 scriptis
2814 2055 3105 2115 ponantur,
3155 2046 3291 2104 falsa
3335 2056 3516 2105 tamen
3545 2059 3632 2105 est
3663 2063 3678 2105 ζ
3708 2059 3805 2105 tum

2208 2138 2342 2207 quia
2372 2136 2584 2207 prmfati
2614 2138 2874 2194 doctores
2903 2156 3199 2211 numquam
3234 2142 3379 2200 inter
3407 2158 3467 2199 se
3496 2147 3810 2215 praesentia-

2222 2231 2346 2287 liter
2372 2241 2498 2288 sunt
2519 2233 2685 2287 locuti
2715 2251 2727 2286 :
2761 2242 2870 2288 tum
2901 2235 3027 2304 quia
3050 2236 3240 2291 eadem
3277 2239 3509 2308 quaestio
3542 2254 3650 2295 nec
3684 2240 3809 2310 apud

2218 2340 2335 2392 eos,
2380 2341 2481 2381 nec
2508 2327 2649 2395 apud
2680 2338 2910 2383 caeteros
2936 2329 3058 2385 tidei
3089 2332 3372 2387 catholica:
3402 2320 3706 2389 sectatores
3731 2334 3813 2387 ad-

2218 2419 2323 2473 huc
2354 2434 2527 2487 usque
2551 2421 2724 2489 potuit
2754 2420 2960 2489 liquido
2982 2422 3217 2479 deliniri.
3240 2424 3413 2494 llujus
3433 2425 3812 2495 disputationis

2219 2510 2328 2565 tale
2380 2512 2651 2579 reperitur
2691 2512 3061 2581 principium:
3121 2516 3250 2569 Cum
3294 2517 3434 2586 apud
3472 2534 3558 2571 vos
3608 2517 3814 2572 caelestis

2215 2602 2506 2672 eloquentia
2535 2603 2799 2671 purissimi
2827 2603 3006 2673 fontis.
3040 2605 3115 2660 Ne
3138 2617 3319 2662 autem
3354 2609 3599 2677 praedicti
3636 2610 3812 2664 docto-

2217 2694 2295 2747 ris
2335 2694 2583 2762 epistolze
2630 2696 2747 2749 sine
2779 2697 3086 2752 rationabili
3127 2713 3287 2753 causa
3341 2700 3483 2771 apud
3536 2701 3814 2771 imperitos

2217 2799 2319 2840 suo
2350 2786 2639 2842 videantur
2668 2802 2898 2845 numero
2936 2791 3192 2859 minuta},
3225 2792 3323 2847 has
3352 2804 3555 2849 nostra:
3583 2795 3814 2864 parvita-

2221 2878 2289 2931 tis
2324 2879 2532 2933 litteras
2561 2881 2612 2933 in
2664 2880 2933 2951 principio
2959 2884 3247 2940 colloeate.
3288 2884 3498 2942 Valete.
3530 2886 3699 2942 Orate
3726 2901 3814 2957 pro

2219 2970 2396 3025 nobis.

2213 3103 2274 3149 ut
2311 3092 2485 3162 magis
2542 3092 2815 3163 ingenium
2874 3094 3114 3149 hominis
3160 3105 3323 3166 atque
3375 3109 3505 3151 acre
3550 3094 3810 3165 judicium

2216 3167 2462 3237 barbaris
2493 3166 2599 3219 illis
2624 3166 2963 3237 temporibus
2985 3166 3291 3221 admireris.

2283 3235 2308 3273 ἀ
2342 3236 2631 3303 Perperam
2678 3235 2825 3309 apud
2882 3237 3253 3294 Mabillonium
3296 3239 3525 3309 frustra,
3582 3238 3812 3295 fortasse

2213 3323 2501 3381 operarum
2533 3307 2751 3363 mendo.

518 3502 3804 3558 δὲ--ᾑῇ-Ἢ

1074 3640 1223 3755 s.
1300 3639 2015 3758 musam!
2091 3638 3241 3790 HIERONYMI,

1594 3808 2163 3872 STRlDONENSIS
2205 3806 2725 3889 PRESBYTER],

862 3947 1955 4121 OPERUM

2100 3946 3447 4119 MANTISSA

1988 4179 2340 4233 CONTINENS

3604 4231 3635 4243 ’-‹

1093 4302 1839 4438 SCRIPTA
1924 4300 3214 4447 SUPPOSITITIA.

1494 4625 1902 4739 PARS
2033 4542 2807 4766 SECUNDA,

1540 4870 1564 4901 r;
1647 4833 1980 4902 SCRIPTA
2022 4833 2249 4897 VARI!
2293 4831 2660 4898 GENERIS.

827 5058 987 5145 DE
1060 5058 1501 5146 FORMIS
1574 5058 2445 5145 HEBRAICARUM
2520 5061 2548 5101 ³
2624 5057 3445 5146 LITTERARUM.

1571 5198 1667 5263 (Ex
1686 5199 1861 5249 codice
1880 5212 1969 5249 ms.
1996 5198 2197 5248 Mediol.
2222 5198 2445 5251 Ambros.
2469 5196 2732 5264 Bibliotb.)

564 5388 947 5446 Hebraicarum
984 5390 1288 5449 litterarum
1312 5390 1497 5446 formae
1521 5390 1640 5447 duae
1667 5400 1793 5447 sunt
1822 5410 1831 5443 :
1862 5404 1965 5445 una
1992 5405 2087 5443 an-

488 5486 656 5557 tiqua,
687 5498 791 5555 qua
820 5484 1142 5541 Samaritani
1170 5495 1420 5554 utuntur,
1453 5487 1621 5542 altera
1656 5487 1947 5557 posterior,
1974 5501 2079 5556 qua

554 5636 578 5663 ο
608 5624 680 5682 Ut
723 5624 854 5680 nihil
891 5624 959 5679 sit
989 5625 1210 5681 dubium
1267 5625 1643 5695 descriptionis
1684 5625 1839 5694 hujus
1870 5634 2053 5679 aucto-

476 5712 614 5765 rem,
647 5698 890 5768 quisquis
918 5698 1005 5752 ille
1032 5696 1213 5758 fuerit.
1252 5697 1559 5769 Hieronymi
1593 5713 1788 5753 nomen
1825 5708 1880 5749 et
1909 5698 2053 5769 cala-

473 5783 622 5822 mum
650 5769 893 5835 mentiri,
923 5783 953 5823 a
984 5769 1135 5838 cujus
1165 5769 1379 5839 ingenio
1410 5768 1462 5825 et
1490 5771 1733 5825 doctrina
1760 5770 1913 5823 abest
1951 5768 2050 5823 im-

472 5851 634 5920 mane
667 5847 957 5915 quantum;
997 5840 1158 5920 digna
1212 5849 1391 5901 tamen
1441 5841 1559 5903 visa
1608 5840 1727 5920 ipsa
1770 5848 1891 5911 est,
1924 5854 2046 5920 quze

2192 5392 2387 5446 Judaei.
2434 5392 2505 5446 Ea
2536 5391 2603 5447 de
2634 5407 2794 5447 causa
2832 5392 3029 5463 captivi
3066 5393 3188 5448 facti
3220 5391 3427 5460 Israel,
3458 5400 3514 5450 et
3560 5392 3805 5464 Babylo-

2188 5488 2331 5543 niam
2358 5486 2535 5560 ducti,
2558 5488 2720 5558 jussit
2746 5504 2838 5545 rex
2860 5489 3230 5561 Assyriorum,
3267 5505 3335 5545 ne
3365 5488 3592 5545 deserta
3618 5502 3807 5545 rema-

2163 5625 2358 5695 publiei
2390 5626 2526 5692 juris
2557 5628 2730 5691 ﬂeret,
2758 5626 2957 5697 quippe
2986 5642 3106 5695 quin
3138 5628 3441 5682 litteraru'u
3482 5625 3793 5681 llebraica-

2162 5714 2281 5752 rum
2325 5698 2554 5753 formam
2600 5708 2987 5767 rcprmsentat,
3031 5714 3297 5768 quantum
3349 5700 3465 5753 scio
3515 5697 3797 5752 hactenus

2164 5768 2326 5844 editis
2370 5778 2532 5839 atque
2572 5770 2689 5844 ipso
2732 5770 3074 5829 Murnacensi
3104 5772 3248 5844 apud
3307 5769 3790 5831 Monttlauconiuul

2154 5838 2869 5919 alphabeto’antiquiorem.
