3926 6290
177 333 259 391 500

171 457 295 507 neret
319 457 453 504 terra
479 446 947 520 supra‘dictornm
970 489 986 513 ,
1026 449 1284 520 Assyrios
1314 464 1413 518 pro
1450 451 1531 507 eis
1570 450 1726 505 habi-
1753 451 1807 514 Α

172 531 262 575 tare
290 520 336 575 in
366 520 556 575 locum.
596 520 702 575 llos
725 518 1052 585 Samaritas,
1086 518 1179 590 qui
1201 530 1256 576 et
1284 522 1473 591 patria:
1496 538 1729 578 consue-

169 593 367 647 tudinem
397 600 640 655 servant,
672 592 849 661 ignem
895 591 1139 647 colentes
1163 634 1179 659 ,
1230 602 1285 648 et
1313 591 1533 649 Iudaica
1576 609 1729 650 man-

168 684 283 750 data,
312 682 502 739 Esdras
533 682 692 738 nobis
732 683 874 738 scire
918 682 1144 739 tradidit
1181 684 1399 755 scriptis
1439 684 1574 740 suis.
1617 686 1728 741 llos

169 776 285 848 ipsos
320 774 482 831 ἑυᾶωί
515 775 819 831 Samaritas
858 775 1133 847 appellant
1179 776 1348 847 patria
1391 777 1601 848 lingua,
1635 777 1728 850 qui

169 870 557 939 interpretantur
586 868 845 923 custodes.
892 868 1025 923 Nam
1050 885 1174 925 cum
1214 885 1310 939 per
1342 870 1529 926 Medos
1554 872 1728 943 Cyrus

168 968 375 1034 regnaret
393 960 603 1028 Persis,
629 962 870 1033 AStyage
896 961 1145 1033 deposito
1172 978 1299 1033 rege
1321 960 1601 1019 Medorum
1626 979 1727 1017 avo

168 1070 260 1120 sun,
305 1061 459 1124 atque
501 1053 570 1109 ad
603 1052 798 1109 Persas
846 1069 1072 1125 regnum
1109 1062 1277 1109 totum
1333 1055 1725 1122 transtulisset,
1794 1088 1797 1095 -

168 1146 495 1217 captivitatem
532 1160 750 1201 omnem
792 1145 1105 1202 Iudaeorum
1158 1146 1383 1203 dimisit.
1435 1151 1613 1219 Atque
1642 1164 1729 1204 re-

168 1241 295 1303 versi,
320 1237 571 1308 permixti
605 1237 824 1293 luerunt
852 1237 1187 1308 supradictis
1212 1239 1451 1311 Assyriis
1481 1239 1727 1296 Samari-

168 1331 287 1397 tani,
318 1330 403 1401 qui
438 1345 570 1387 esse
603 1330 931 1387 videbantur
986 1331 1180 1400 Judaei.
1234 1329 1467 1401 Propter
1497 1333 1639 1403 quod
1672 1341 1730 1387 ut

168 1432 317 1479 essent
341 1423 580 1495 separati
624 1424 690 1479 ab
720 1426 801 1481 eis
821 1465 837 1492 ,
871 1424 1076 1480 Esdras
1109 1425 1241 1495 legis
1270 1424 1461 1481 doctor
1492 1425 1729 1481 formam

169 1515 296 1569 aliam
321 1515 623 1571 litterarum
654 1515 893 1571 instituit
922 1524 1087 1587 atque
1130 1515 1352 1572 tradidit
1379 1517 1460 1572 eis
1480 1557 1497 1585 ,
1528 1516 1730 1573 virtute

168 1617 310 1663 tamen
366 1607 679 1663 litterarum
735 1606 926 1664 eadem
977 1620 1222 1678 servata,
1275 1608 1473 1681 quibus
1535 1609 1731 1667 litteris

167 1699 295 1756 etiam
321 1716 460 1759 nunc
494 1710 728 1758 utuntur
757 1701 953 1759 Judaai.

220 1794 338 1853 Sunt
377 1794 547 1867 igitur
598 1794 878 1853 Hebraicre
928 1795 1149 1865 littera,
1200 1812 1323 1871 quae
1379 1812 1476 1870 per
1507 1797 1728 1871 Moysen

167 1897 263 1947 sunt
283 1889 489 1947 tradita:
511 1888 683 1947 XXII.
716 1889 949 1947 Nomina
978 1900 1106 1948 sunt
1135 1892 1234 1947 ista
1263 1909 1277 1949 :

241 2072 408 2131 Deleth
630 2071 810 2144 Gitnel
1057 2072 1194 2131 Beth
1433 2075 1609 2144 A‘lepb

311 2144 349 2200 D
702 2143 746 2201 G
1110 2144 1152 2201 Β
1506 2143 1553 2203 Α

289 2248 340 2338 ς
683 2265 749 2360 Ἰ
1097 2283 1169 2357 ,ι
1468 2234 1562 2346 1

593 330 1006 390 CATOLOGUS
1044 331 1333 390 OPERUM
1372 331 1597 391 FALSB
1635 326 1910 392 SANC'I'O
1965 333 2373 394 IIIERONYMO
2414 338 2552 395 ATT
2556 337 2989 399 RIBUTORUM.

1761 1853 1811 1914 B

3329 344 3437 403 310

1977 449 2080 507 Eth
2394 453 2489 510 Zai
2775 456 2893 514 Vau
3207 462 3287 519 Ile

1968 569 1975 575 .
1991 523 2066 579 Ec
2404 527 2445 580 Z
2808 529 2846 582 V
3207 534 3251 588 Ε

2015 636 2074 724 ν
2339 622 2599 743 -θ
2796 643 2883 733 7
3196 668 3290 733 ἠ

1902 792 2106 868 Lamad
2358 797 2511 868 Caph
2774 799 2900 855 Joth
3168 802 3306 857 Teth

2002 864 2045 919 L
2392 864 2469 925 Clt
2815 871 2835 924 ι
3214 873 3258 928 Τ

1917 971 2477 1075 Σ“ὶι
2778 995 2881 1071 :1:
3215 991 3268 1073 6

1976 1138 2079 1195 Ain
2312 1136 2545 1195 Samech
2760 1139 2879 1197 Non
3158 1142 3295 1197 Mem

2004 1210 2069 1266 Ei
2412 1213 2449 1266 S
2819 1210 2864 1268 N
3215 1214 3265 1269 Μ

2006 1339 2068 1393 ν
2402 1335 2481 1405 5
2801 1339 2868 1405 c
3084 1324 3393 1413 mw

1984 1479 2091 1534 Res
2391 1479 2495 1536 Cof
2766 1482 2911 1538 Sade
3201 1483 3275 1540 Fc

2001 1551 2049 1607 R
2404 1551 2449 1605 Ο
2780 1554 2853 1608 'l‘s
3207 1554 3251 1609 F

2361 1822 2517 1882 Thau
2801 1824 2910 1882 Sen

2386 1896 2467 1953 Th
2811 1898 2882 1953 Sc

2351 2009 2469 2114 Α
2776 2032 2898 2092 ut

1915 2145 2238 2204 Scribuntur
2256 2158 2436 2207 autem
2467 2167 2656 2208 versus
2686 2152 2842 2207 nobis
2872 2152 3127 2215 universe
3150 2164 3177 2204 a
3206 2151 3437 2217 dextris,

1840 2254 2076 2310 namque
2114 2239 2181 2297 ad
2223 2242 2501 2298 sinistram
2543 2252 2757 2315 partem
2790 2257 2886 2299 eas
2930 2241 3145 2297 finiunt.
3205 2241 3439 2311 Propter

1840 2330 1987 2403 quod
2013 2343 2067 2388 et
2091 2348 2190 2390 nos
2220 2332 2322 2389 hoc
2342 2334 2535 2390 eodem
2565 2334 2728 2390 modo
2754 2334 2967 2389 litteras
2994 2333 3291 2404 posuimus.

698 2529 1407 2624 CATALOGUS
1484 2536 2283 2647 QUORUMDAM
2359 2543 2869 2631 OPERUM

560 2676 715 2754 Quae
740 2684 968 2739 veteres
995 2674 1291 2738 nonnulli
1322 2674 1415 2737 vel
1444 2684 1734 2739 auctores
1754 2678 1849 2742 vel
1874 2698 2018 2741 mss.
2051 2682 2231 2744 codd.
2264 2682 2532 2745 laudant
2567 2682 2749 2765 (falso
2783 2682 3010 2763 tamen)

1066 2814 1521 2903 TAMQUA
1540 2818 1623 2889 Μ
1674 2814 1769 2891 .S.
1822 2820 2510 2903 HIERONYMI.

222 3116 291 3173 De
333 3121 672 3176 induratione
703 3119 876 3175 cordis
922 3118 1219 3176 Pharaonis
1260 3117 1430 3173 Liber.
1463 3114 1739 3172 Laudatur

1862 3095 2149 3160 Salmasius
2174 3104 2242 3161 ad
2270 3105 2522 3164 Solinum
2545 3148 2559 3173 ,
2594 3108 2733 3163 alius
2756 3115 2863 3187 est,
2898 3106 3141 3162 histricus
3182 3105 3438 3177 sophista,

167 3210 426 3280 Epistolal
483 3213 745 3269 Ecclesia:
795 3211 1200 3281 Lugdunensis,
1257 3210 1325 3267 de
1380 3209 1736 3281 praedestina-

166 3304 304 3371 tione,
333 3315 527 3361 contra
555 3315 665 3361 tres
691 3304 966 3374 Epistolas
1011 3305 1132 3375 ejus
1163 3302 1436 3367 monachi,
1468 3303 1559 3373 qui
1589 3317 1739 3373 quai-

166 3399 369 3454 stionem
402 3417 528 3456 cam
578 3410 865 3469 moverat,
898 3409 951 3455 et
1000 3398 1198 3455 dicitur
1225 3399 1537 3470 opinionem
1585 3411 1737 3452 suam

167 3492 399 3554 probasse
428 3494 763 3551 auctoritate
793 3493 857 3549 1).
892 3493 1207 3565 llieronymi
1239 3495 1293 3547 in
1321 3492 1474 3547 Libro
1498 3492 1561 3547 de
1590 3492 1743 3546 indu-

166 3585 337 3638 ra‘ione
364 3585 542 3640 cordis
578 3584 895 3640 Pharaonis.
928 3586 1143 3655 Scripta
1194 3593 1281 3640 est
1322 3584 1563 3654 Epistola
1594 3584 1737 3639 circa

167 3676 219 3727 Α.
248 3675 396 3732 Dom.
451 3676 582 3743 855,
615 3686 903 3745 exstatque
950 3676 1002 3730 in
1035 3676 1093 3733 S.
1131 3676 1346 3731 Patrum
1380 3674 1738 3731 Bibliotheca.

168 3766 344 3823 Laudat
388 3778 450 3825 et
491 3768 747 3825 Rabanus
794 3770 1093 3839 Epistolam
1134 3770 1199 3825 ad
1244 3770 1595 3827 Ilinemarum
1636 3766 1740 3823 Re-

168 3872 383 3916 mensem
403 3860 613 3916 editam
630 3876 658 3915 a
678 3860 738 3915 P.
760 3860 1052 3917 Sirmondo
1082 3872 1215 3917 tom.
1236 3860 1302 3926 II,
1333 3876 1453 3931 pag.
1480 3860 1605 3917 992.
1630 3862 1743 3915 An—

167 3962 263 4004 sam
290 3952 760 4009 comminiscendo
803 3954 953 4023 operi
982 3956 1097 4024 ipse
1123 3953 1337 4009 videtur
1364 3953 1421 4008 S.
1449 3953 1607 4008 Pater
1647 3951 1743 4008 de-

167 4040 291 4096 disse
317 4044 368 4097 in
396 4044 772 4100 Commentar.
806 4045 860 4100 in
895 4046 1088 4101 Isaiam
1116 4060 1235 4115 cap.
1272 4060 1423 4111 exin,
1459 4044 1567 4114 ubi,
1602 4043 1747 4098 Pha-

166 4139 337 4205 raonis,
372 4138 553 4209 inquit
577 4180 591 4205 ,
623 4139 819 4193 dicitur
844 4138 982 4194 Deus
1010 4140 1281 4194 indurasse
1309 4156 1537 4193 cor......
1573 4138 1744 4205 Quam

166 4232 481 4295 quastionem
510 4231 902 4303 diligentissime
934 4230 1135 4286 Paulus
1167 4230 1411 4285 disseruit
1447 4229 1515 4283 ad
1543 4229 1742 4283 Roma-

166 4337 263 4386 nos,
294 4336 339 4376 et
390 4340 486 4377 nos
530 4324 583 4377 in
614 4322 844 4394 quodam
876 4339 1029 4395 apere
1059 4322 1473 4393 perstrinximus.
1507 4319 1747 4391 Epistula

166 4413 355 4470 scilicet
382 4418 453 4472 ad
487 4416 797 4485 lledibiam,
830 4425 1021 4489 quaest.
1054 4417 1142 4475 IO.

1840 3212 1989 3267 quem
2016 3200 2079 3252 de
2103 3196 2287 3254 Graeco
2314 3202 2627 3255 translatum
2647 3200 2711 3255 ab
2752 3200 3094 3271 Hieronymo,
3128 3208 3177 3253 et
3213 3198 3443 3253 nondum

1840 3291 2057 3356 editum,
2098 3303 2240 3349 vetus
2272 3294 2397 3351 liber
2425 3295 2575 3349 habet
2603 3297 2655 3350 in
2687 3294 3008 3350 Bibliotheca
3037 3293 3321 3350 Thuanaza.
3375 3295 3443 3350 Et

1843 3384 2001 3441 Mart.
2034 3384 2264 3457 Opilius,
2299 3388 2503 3455 Hister,
2544 3388 2648 3443 sive
2676 3387 2809 3458 Istc,
2842 3388 3047 3443 ΛΕιήἰεὶ
3074 3398 3440 3458 cognomento,

1842 3479 2063 3547 scriptor
2086 3480 2510 3551 antiquissimus,
2546 3484 2698 3553 cujus
2739 3480 3173 3553 Cosmographica
3203 3497 3229 3536 e
3256 3478 3441 3536 Grmco

1843 3572 1905 3624 ab
1937 3570 2258 3643 Hieronymo
2286 3574 2551 3629 saltuatim
2577 3592 2721 3631 versa
2751 3577 2803 3631 in
2826 3574 3097 3630 Thttana‘a
3118 3572 3446 3630 Bibliotheca

1844 3663 2091 3734 Lutetia’,
2139 3686 2291 3741 penes
2321 3686 2400 3724 me
2442 3687 2643 3742 quoque
2680 3679 2905 3737 exstant,
2940 3671 3111 3725 littera
3155 3685 3279 3723 sane
3307 3669 3447 3722 anti-

1843 3759 2112 3830 quissima.
2146 3762 2286 3830 Quin
2321 3763 2436 3831 ipsa
2473 3764 2595 3819 libri
2628 3762 2910 3835 inscriptio
2942 3764 2997 3818 in
3029 3762 3233 3831 aliquot
3266 3775 3394 3815 mss.
3424 3777 3438 3813 :

1846 3850 2041 3922 Incipit
2086 3854 2210 3909 liber
2255 3854 2458 3911 ΑΞιΙιὶσὶ
2500 3856 2856 3928 philosOphico
2902 3857 3073 3911 editus
3114 3854 3361 3921 oraculo,
3405 3870 3439 3907 a

1846 3944 2170 4019 Hieronymo
2197 3949 2490 4019 presbytero
2528 3947 2843 4004 translatum
2872 3948 2924 4001 in
2954 3946 3199 4001 Latinum
3228 3962 3293 4001 ea:
3316 3944 3443 3999 Cos-

1848 4040 2153 4111 mographiu
2180 4049 2224 4095 et
2258 4040 2447 4095 Mundi
2476 4042 2755 4110 scriptura.
2784 4038 3148 4095 Nihilosecius
3178 4038 3312 4093 satis
3357 4047 3446 4093 est

1849 4132 2023 4202 ipsum
2048 4132 2282 4187 lustrare
2299 4133 2471 4187 oculis
2494 4132 2759 4199 libellum,
2774 4149 2802 4187 a
2819 4132 3051 4189 Simlero
3078 4130 3354 4203 vulgatum
3370 4146 3441 4185 ex

1848 4224 2149 4281 Pithoeano
2173 4240 2273 4280 ms.
2305 4235 2361 4279 ut
2388 4242 2452 4282 ex
2478 4226 2619 4297 stylo
2642 4234 3016 4295 contextoque
3045 4224 3227 4293 Operis
3257 4225 3442 4279 statim

1851 4317 2144 4387 intelligas,
2172 4318 2394 4374 minime
2418 4318 2659 4373 omnium
2690 4317 2862 4374 fuisse
2888 4319 2957 4373 ab
2986 4318 3319 4387 Hieronymo
3340 4314 3447 4370 La—

1856 4413 2069 4468 tinitate
2097 4412 2355 4469 donatum
2383 4430 2398 4470 :
2435 4412 2555 4483 plus
2583 4413 2725 4467 enim
2755 4426 2915 4482 quam
2944 4410 3177 4466 barbare
3212 4411 3448 4479 scriptus

224 4505 295 4560 De
320 4509 774 4580 consanguinitate
798 4508 959 4563 beata:
984 4506 1172 4563 Marica
1205 4507 1455 4581 Virginis.
1481 4505 1539 4561 In
1563 4504 1748 4563 codice
1780 4496 1830 4557 D
1855 4517 1960 4576 est,
1996 4509 2149 4581 nugis
2170 4517 2229 4563 et
2257 4508 2455 4564 fabulis
2492 4506 2843 4578 ineptissimis
2873 4503 3138 4572 refertus,
3170 4513 3227 4561 et
3270 4504 3451 4573 plera-

168 4616 255 4654 IIIS.
285 4620 442 4657 num.
473 4602 565 4665 48.
598 4602 953 4661 Bibliotliecae
982 4603 1042 4659 S.
1077 4603 1239 4659 Marci
1268 4600 1641 4658 Venetiarum.

227 4690 298 4747 De
321 4694 489 4749 tribus
516 4694 807 4750 uirtutibus.
828 4693 971 4751 Citat
994 4695 1191 4749 Petrus
1216 4693 1551 4748 Abaleardus
1578 4692 1754 4747 Theo-

168 4782 309 4854 logize
331 4785 663 4841 Christiana:
687 4786 780 4845 lib.
807 4802 842 4853 ι,
868 4804 933 4842 ex
958 4786 1197 4843 editione
1213 4784 1275 4839 P.
1300 4785 1689 4841 Martenctom.
1712 4784 1753 4842 V

168 4876 560 4935 lonumentor.
599 4896 720 4952 pag.
759 4880 914 4935 H75.

228 4969 436 5025 κε’ιήἱεὶ
463 4972 810 5042 Alphabetum
852 4974 913 5027 de
945 4971 1123 5028 (ἐναιεο
1160 4973 1214 5026 ἱη
1258 4970 1503 5037 Latinum
1536 4970 1599 5025 ab
1627 4968 1758 5026 Hie-

168 5080 371 5135 ronymo
400 5080 724 5121 conversum.
755 5065 965 5122 Laudat
992 5066 1248 5122 Rabanus
1287 5065 1427 5122 libro
1458 5063 1525 5122 de
1568 5064 1760 5118 inven-

169 5154 303 5212 tione
334 5158 643 5230 linguarum
675 5168 807 5215 tom.
840 5158 900 5214 Vl
928 5174 1154 5230 operum
1186 5173 1240 5229 p.
1269 5158 1405 5227 335,
1440 5163 1600 5213 vetus
1627 5169 1758 5225 quo-

170 5263 265 5318 que
300 5264 408 5305 ms.
459 5266 526 5306 ex
558 5249 897 5307 Biblimheca
948 5251 1272 5307 Hautiniana
1298 5294 1313 5319 ,
1364 5264 1525 5321 quem
1564 5247 1761 5321 allegat

169 5336 397 5414 Cangius
430 5342 481 5397 in
512 5342 821 5414 appendice
858 5344 924 5400 ad
955 5345 1295 5401 Glossarium
1328 5344 1597 5403 Gnaeum.
1650 5342 1762 5411 Nec

168 5446 289 5490 sane
320 5435 469 5491 alius
499 5436 715 5492 videtur
744 5447 957 5506 auctor,
992 5438 1422 5509 quam/Ethicus
1450 5438 1584 5494 Ister
1606 5435 1763 5493 Chri-

168 5528 375 5585 stianus
411 5528 647 5601 scriptor
669 5541 788 5602 post
809 5531 1161 5588 Constantini
1190 5531 1258 5587 Μ.
1295 5541 1560 5601 tempora,
1591 5545 1764 5601 neque

168 5619 307 5676 alios
338 5623 495 5677 innni
526 5625 670 5695 ejus,
702 5625 862 5690 liber,
895 5641 1055 5696 quam
1103 5623 1541 5696 Cosmographica
1572 5624 1765 5681 descri-

1857 4617 1963 4671 que
1990 4601 2172 4657 omnia
2196 4601 2264 4657 de
2293 4600 2565 4656 creatione
2594 4599 2808 4664 mundi,
2837 4599 2907 4655 dc
2929 4597 3294 4663 mirabilibus,
3317 4605 3451 4664 etc.,

1856 4694 2039 4763 docet,
2069 4710 2189 4765 qua:
2210 4694 2267 4751 S.
2300 4694 2589 4763 lnterpreti
2621 4694 2841 4764 probari
2867 4693 3091 4749 omnino
3113 4708 3219 4747 non
3250 4690 3454 4762 potuisc

1858 4798 1997 4844 sent.
2034 4786 2279 4858 Denique
2313 4803 2379 4842 ne
2422 4784 2628 4841 {Etliici
2660 4788 2879 4857 quidem
2917 4796 3002 4842 est
3033 4803 3046 4839 :
3078 4784 3345 4856 siquidem
3378 4785 3456 4852 ip-

1860 4895 1976 4937 sum
1996 4882 2269 4935 .L‘thicum
2293 4878 2496 4935 Istrum
2518 4881 2886 4952 philosOphum
2916 4881 2985 4936 de
3013 4880 3233 4935 nomine
3258 4878 3457 4947 smpius

1860 4972 2060 5027 laudat.

1934 5063 2126 5137 Cyclas
2173 5066 2232 5123 S.
2288 5066 2620 5140 Hieronymi.
2655 5067 2715 5122 In
2763 5067 2986 5136 antiquo
3015 5064 3139 5120 cod.
3169 5078 3319 5121 num.
3356 5062 3463 5119 547

1860 5157 2209 5215 biblimheeee
2236 5158 2787 5217 Sau-Germanensis.

1940 5253 2083 5308 Ordo
2114 5253 2315 5308 vivendi
2335 5263 2634 5310 sanctarum
2658 5254 2939 5326 uirginum.
2966 5251 3372 5311 Sententiarum
3395 5266 3465 5307 ex

1864 5332 2030 5401 variis
2058 5344 2374 5418 Ilieronymi
2400 5346 2457 5401 in
2486 5361 2606 5403 eam
2636 5361 2751 5401 rem
2791 5346 3015 5416 scriptis
3038 5347 3324 5416 congeries
3348 5344 3466 5400 hinc

1860 5430 1951 5509 est
2001 5438 2052 5493 in
2093 5448 2412 5509 perretusto
2443 5455 2547 5495 ms.
2593 5439 2851 5495 Ecclesia:
2890 5439 3106 5497 catlied.
3147 5439 3204 5496 S.
3235 5437 3382 5493 Petri
3411 5437 3468 5491 in

1869 5531 2153 5590 Vaticano.

1940 5624 2019 5679 De
2044 5625 2327 5681 Ineresibus
2357 5624 2681 5692 Crwcorum,
2703 5625 3035 5693 Judteorum,
3065 5635 3109 5680 et
3132 5622 3460 5679 Christiano-

170 5712 386 5778 ptioilla
422 5730 537 5784 qua:
558 5717 625 5771 ab
651 5716 773 5771 aliis
801 5716 946 5772 Julio
980 5718 1223 5773 llonorio
1246 5718 1447 5773 oratori
1480 5718 1767 5774 ascribitur
1868 5737 2006 5777 rum.
2040 5721 2251 5779 Desinit
2288 5723 2341 5777 in
2377 5722 2678 5779 Tritheitis.
2719 5722 2965 5778 llalietur
2991 5718 3059 5774 ad
3084 5718 3290 5773 calcem
3327 5714 3465 5771 alto-

168 5808 319 5885 juxta
345 5812 659 5873 Cassiodori
686 5815 1079 5879 testimonium.
1117 5814 1260 5872 Nam
1289 5814 1560 5887 /Ethicus,
1595 5816 1770 5899 inqult
1872 5816 1983 5875 rius
2036 5830 2137 5874 ms.
2174 5814 2321 5873 Libri
2357 5816 2422 5872 de
2474 5816 2629 5893 gestis
2662 5829 2978 5872 summorum
3019 5808 3360 5887 pontiﬁcum,
3402 5822 3473 5873 es
