3926 6290
414 283 519 343 5H

1457 280 1517 342 S.
1560 282 1947 343 BIERONYMI
1986 281 2270 346 OPERUM
2307 285 2673 350 MANTISSA.

3606 297 3717 358 512

418 394 613 455 eadem
652 394 711 455 S.
739 394 884 455 Petri
926 394 1275 455 bibliotheca.
1316 394 1454 454 Vide
1484 396 1787 453 Indiculum
1830 398 2012 455 Hazre-
2039 401 2091 463 Α
2193 401 2603 462 Commentarius
2632 405 2694 463 S.
2722 405 3031 483 Hieronymi
3058 411 3125 467 de
3151 411 3470 486 Apocalypsi
3492 415 3717 472 Joannis

421 506 567 558 seon,
597 504 759 563 quem
788 489 1026 561 vulgavit
1051 487 1133 545 Cl.
1165 489 1455 547 Menardus
1485 491 1709 548 Parisiis
1740 490 1904 549 1617.

490 583 615 640 Divi
645 584 957 656 Hieronymi
984 583 1049 639 de
1069 584 1249 639 timore
1290 585 1463 640 ultimi
1481 585 1700 659 judicii,
1730 592 1778 639 et
1806 585 2015 657 defectu

422 679 585 751 hujus
614 678 751 732 vilic.
795 676 988 748 Incipit
1019 694 1033 731 :
1063 675 1194 733 Inde
1222 679 1347 733 satis
1378 679 1550 746 times;
1573 695 1636 733 ne
1672 677 1767 733 illa
1797 678 2018 733 tribula-

422 772 579 827 tionis
612 772 719 838 die,
744 778 851 827 etc.
901 770 1190 827 Tractatus
1216 771 1510 826 maximam
1542 777 1752 843 partem
1782 773 2015 842 conqui-

421 863 544 921 sitis
594 863 721 919 hinc
752 862 878 921 inde
905 862 1225 937 Hieronymi
1272 864 1562 920 sententiis
1597 872 1879 919 constans.
1911 862 2012 919 Ms.

421 956 567 1013 liber
595 955 739 1027 apud
770 971 857 1012 me
880 965 985 1023 est,
1010 970 1111 1033 nec
1139 956 1314 1012 (etatis
1332 955 1565 1026 "inﬁmae,
1594 970 1695 1013 nec
1722 964 1885 1011 notte.

500 1049 741 1121 Epistola
765 1067 871 1106 una
902 1049 1243 1122 Hieronymi,
1275 1059 1323 1104 et
1366 1049 1473 1103 alia
1502 1046 1769 1104 Mansueti
1789 1048 2019 1120 cpiscOpi

423 1145 492 1199 de
541 1150 735 1198 secreto
787 1141 1174 1198 Iucarnationis
1230 1141 1424 1197 Christi
1462 1142 1515 1197 in
1555 1157 1657 1195 uno
1706 1140 1901 1195 codice.
1928 1139 2020 1196 Sic

422 1234 596 1293 habet
657 1234 1064 1291 vetustissimus
1121 1234 1402 1306 catalogus
1460 1233 1724 1291 librorum
1760 1232 2021 1305 praeﬁxus

425 1346 535 1388 ms.
564 1329 829 1387 Vaticano
852 1330 1100 1387 Palatino
1129 1345 1281 1386 num.
1315 1330 1403 1386 57.

496 1424 698 1481 Glossa:
736 1424 1020 1480 secundum
1048 1425 1366 1482 Hebraicam
1414 1425 1672 1480 veritatem
1698 1423 1970 1480 translata:
1992 1439 2024 1478 a

427 1518 730 1591 supradicto
761 1518 1106 1591 Hieronymo.
1138 1518 1216 1574 Ex
1244 1518 1438 1575 eodem
1467 1519 1737 1591 catalogo.

500 1611 780 1682 Expositio
805 1614 1149 1685 psalmorum,
1180 1613 1297 1669 sive
1322 1612 1562 1669 omnium
1584 1653 1601 1679 ,
1628 1611 1745 1668 sive
1770 1625 1841 1667 ex
1873 1618 2028 1683 parte

431 1711 641 1759 tantum
667 1720 680 1759 :
706 1702 959 1762 Homilite
995 1704 1129 1762 item
1172 1705 1226 1761 in
1257 1705 1464 1775 aliquot
1513 1703 1810 1774 Scriptura:
1863 1704 1982 1759 loca
2008 1745 2025 1771 ,

431 1795 634 1868 saepius
655 1804 950 1854 occurrunt
970 1797 1023 1854 in
1039 1812 1173 1855 mss.
1196 1812 1333 1870 quos
1354 1811 1666 1867 recensere,
1682 1797 1901 1869 longum
1916 1805 2022 1853 est.

2118 497 2363 566 apostoli.
2395 498 2475 555 Ita
2527 500 2851 558 inscribitur
2880 503 2937 559 in
2968 505 3196 576 antiquo
3232 507 3481 580 catalogo
3513 510 3715 567 Biblio-

2117 588 2296 647 thecae
2326 594 2644 649 monasterii
2673 594 3023 666 Pomposani,
3054 613 3218 670 quem
3250 600 3452 657 sarculo
3481 618 3539 657 χι
3563 602 3717 658 Hen-

2118 681 2257 736 ricus
2302 682 2519 737 clericus
2548 682 2751 740 dicitur
2795 686 3110 744 adornasse.
3163 688 3356 761 Incipit
3403 690 3712 763 :loaunes,

2119 774 2208 844 qui
2247 775 2414 846 gratia
2442 774 2543 831 Dei
2570 776 2964 849 interpretatur,
3013 781 3239 852 ﬁguram
3285 782 3482 839 Christi
3528 789 3714 842 tenuit.

2120 866 2295 922 Etiam
2328 866 2521 924 Latina
2563 871 2743 926 versio
2782 875 3302 932 commentariorum
3347 876 3615 936 Victorini
3660 882 3715 936 in

2120 959 2506 1031 Apocalypsim
2558 961 2894 1035 Hieronymo
2941 968 3143 1037 passim
3198 969 3477 1026 tribuitur.
3531 972 3602 1027 Et
3650 973 3723 1029 de

2123 1050 2443 1121 praefatione
2487 1053 2706 1124 quidem
2738 1056 2807 1109 ad
2836 1056 3159 1125 Anatolium,
3204 1076 3324 1130 qua:
3347 1060 3456 1118 illis
3483 1063 3723 1136 praeﬁgi-

2124 1152 2236 1212 tur,
2267 1144 2518 1203 dubitant
2543 1148 2838 1206 etiamnum
2869 1153 3041 1208 critici
3073 1155 3255 1225 magni
3289 1156 3551 1226 nominis,
3590 1174 3721 1216 num

2126 1234 2515 1309 Hieronymum
2544 1250 2825 1298 auctorem
2858 1242 3073 1300 habeat.

2199 1328 2481 1385 Slavonica
2528 1331 2821 1388 Bibliorum
2848 1338 3032 1403 eersio,
3065 1346 3122 1392 ut
3148 1347 3202 1393 et
3231 1339 3563 1407 alphabetum
3594 1342 3727 1401 Sla-

2128 1424 2369 1480 uonicum
2392 1424 2882 1499 Hieronymianum.
2910 1431 3016 1500 Qui
3045 1431 3512 1506 hmcHieronymo
3554 1440 3730 1493 ascri-

2130 1526 2387 1588 pserunt,
2422 1534 2606 1576 rerum
2638 1521 2978 1595 lllyricarum
3010 1525 3304 1596 scriptores
3322 1537 3382 1583 et
3413 1529 3588 1586 critici
3616 1546 3729 1586 non

2130 1611 2541 1682 contemnendi,
2572 1627 2858 1684 perperam
2900 1616 3192 1673 intellectis
3231 1619 3552 1694 Hieronymi
3604 1637 3735 1679 ver-

2130 1700 2239 1776 bis,
2272 1718 2399 1764 metu
2430 1704 2624 1780 lingua:
2644 1705 2940 1765 hominibus
2969 1708 3111 1778 dedi,
3143 1709 3459 1770 hallucinati
3489 1724 3641 1772 sunt.

852 2013 1530 2099 ADMONITIO
1604 2006 1765 2096 DE
1839 2010 2697 2123 SUBSEQUENTE
2771 2015 3311 2101 HOMILIA.

510 2164 763 2249 Collectio
796 2174 906 2249 ha};
943 2173 1313 2249 sententiarum
1356 2183 1460 2249 est_,_
1504 2171 1868 2249 maximequaz
1895 2171 1963 2249 ad
2006 2171 2163 2243 probe
2186 2172 2576 2249 instituendam
2617 2175 2987 2249 monachorum
3023 2178 3177 2232 vitam
3222 2187 3487 2249 spectant,
3525 2198 3592 2237 ea:
3617 2182 3745 2237 Hie-

437 2243 911 2322 ronymi-epistolis
938 2260 1000 2297 ac
1044 2243 1190 2322 libris
1217 2243 1282 2298 ab
1319 2243 1550 2322 studioso
1572 2245 1819 2322 quopiam
1846 2243 2119 2299 adornata.
2176 2242 2415 2322 Qccurrit
2435 2260 2495 2297 ea
2540 2244 2686 2322 nobis
2716 2247 2769 2300 in
2808 2249 3160 2322 perantiquo,
3182 2242 3417 2306 ct'bonaa
3441 2242 3745 2322 cumprimis

437 2313 597 2395 noue,
635 2313 889 2395 Vaticano
932 2331 1030 2395 ms.
1053 2315 1396 2395 fodice,_qu.i
1438 2313 1593 2369 num.
1615 2313 1749 2395 A140,
1777 2324 2096 2395 pramotatur
2124 2330 2148 2395 :_
2172 2315 2401 2395 visaque_
2427 2316 2681 2395 estntanti,
2715 2326 2770 2371 ut
2808 2313 2864 2371 in
2904 2313 3069 2395 lucent
3100 2313 3182 2374 edi
3229 2323 3360 2395 inter
3412 2313 3746 2395 supposititia

438 2387 633 2469 scripta
660 2402 777 2469 cum
802 2384 1015 2469 legentis
1042 2387 1225 2469 fructu.
1246 2384 1422 2469 aliqua
1454 2393 1622 2469 posset
1653 2402 1671 2442 :
1700 2384 1926 2441 maxime
1956 2402 2072 2441 cum
2099 2385 2233 2442 viam
2257 2384 2457 2443 munire
2492 2386 2713 2458 Regulae
2766 2389 3188 2461 monachorum,
3218 2394 3355 2465 quod
3393 2384 3626 2465 ejusdem
3667 2397 3745 2452 in-

1621 2589 1782 2674 AD
1840 2583 2528 2673 MONACHOS.

513 2728 626 2787 Alii
654 2728 917 2788 festinant
943 2730 1011 2788 ad
1039 2730 1308 2798 caelestia,
1336 2737 1392 2787 et
1432 2741 1669 2801 superna
1698 2728 2038 2799 desiderant,
2072 2732 2120 2794 Β
2147 2735 2231 2784 est
2251 2727 2439 2784 videre
2455 2727 2704 2785 crebrius
2731 2730 2874 2801 quod
2896 2746 3020 2789 esse
3052 2735 3422 2806 contempsit?
3448 2735 3750 2794 Monachus

439 2457 580 2530 genii
617 2465 771 2531 atque
800 2457 961 2515 animi
988 2473 1118 2530 opus
1152 2464 1247 2527 est,
1290 2457 1545 2513 videatur.

445 2825 543 2882 alii
572 2825 810 2884 terrenis
836 2826 1064 2883 faecibus
1090 2827 1398 2895 inhiantes,
1427 2825 1669 2883 fomenta
1701 2838 1812 2880 non
1842 2822 2046 2879 habent

442 2919 719 2976 veritatis.
743 2918 805 2975 Si
834 2918 957 2990 quis
984 2918 1149 2975 habet
1177 2920 1417 2974 animam
1444 2917 1792 2989 virginalem,
1825 2922 2046 2973 etama-

442 3019 535 3067 tor
562 3019 647 3067 est
675 3010 975 3081 pudicitiae,
1028 3024 1138 3066 non
1168 3010 1330 3067 debet
1374 3008 1744 3066 mediocribus
1775 3021 1898 3064 esse
1918 3022 2048 3063 con-

446 3110 657 3172 tentus,
680 3116 802 3173 quae
828 3103 940 3158 cito
967 3102 1319 3170 exolescunt,
1352 3108 1409 3158 et
1428 3110 1624 3158 exorto
1652 3107 1901 3157 caumate
1925 3113 2047 3155 are-

447 3196 637 3251 ﬁunt:
685 3195 784 3252 sed
829 3197 1102 3267 periectas
1152 3196 1386 3252 virtutes
1433 3202 1724 3266 sequatur,
1770 3202 1826 3250 ut
1863 3194 2048 3249 lumen

448 3286 653 3345 habeat
678 3288 1095 3359 sempiternum.
1128 3288 1225 3344 Illa
1255 3287 1571 3343 studeamus
1600 3285 1814 3342 discere
1843 3284 1897 3340 in
1942 3293 2051 3340 ter-

450 3378 571 3448 ris,
618 3393 847 3450 quarum
903 3380 1093 3436 notitia
1163 3386 1481 3450 perseveret
1540 3378 1596 3433 in
1655 3378 1829 3434 caelis.
1879 3376 2050 3433 Nemo

447 3472 867 3529 renuntiaturus
914 3473 1157 3541 saeculo,
1204 3473 1348 3529 bene
1393 3480 1577 3544 potest
1626 3471 1868 3528 vendere
1926 3486 2051 3542 quae

455 3566 807 3635 contempsit.
864 3565 1143 3622 Christum
1185 3566 1342 3637 sequi
1397 3566 1648 3637 cupiens,
1680 3566 1724 3620 si
1776 3564 1943 3620 habes
1996 3564 2052 3619 in

453 3669 728 3733 potestate
776 3678 894 3719 rem
951 3671 1123 3732 tuam,
1157 3662 1372 3719 vende:
1401 3663 1448 3719 si
1479 3676 1586 3718 non
1628 3661 1820 3731 babes,
1856 3676 2054 3733 magno

461 3768 631 3810 onere
654 3753 917 3811 liberatus
942 3768 1022 3811 es.
1056 3754 1254 3811 Totum
1294 3754 1441 3811 enim
1485 3755 1598 3810 Deo
1646 3754 1826 3823 dedit,
1874 3754 1966 3824 qui
1994 3769 2055 3811 se

456 3849 639 3920 ipsum
679 3849 899 3906 obtulit.
932 3848 1119 3905 Facile
1142 3849 1446 3906 contemnit
1471 3848 1674 3916 omnia,
1706 3848 1799 3920 qui
1825 3862 1883 3903 se
1913 3863 2056 3905 sem-

458 3957 563 4014 per
588 3943 795 4015 cogitat
821 3957 945 4001 esse
983 3944 1333 4000 moriturum.
1362 3944 1706 4015 Frequenter
1752 3941 2057 4014 impudicos

2150 2818 2348 2876 haheat
2374 2820 2783 2891 simplicitatem
2815 2824 3104 2893 columbas,
3130 2842 3232 2884 nec
3259 2829 3513 2899 cuiquam
3540 2830 3750 2887 machi-

2150 2921 2312 2971 netur
2339 2913 2496 2970 dolos
2528 2931 2542 2968 :
2573 2915 2773 2972 habeat
2797 2925 2851 2973 et
2877 2920 3151 2989 serpentis
3181 2921 3467 2992 astutiam,
3518 2939 3589 2979 ne
3613 2924 3752 2978 alio-

2152 3021 2274 3062 rum
2301 3007 2681 3079 supplantetur
2711 3009 2955 3078 insidiis,
2990 3014 3112 3083 quia
3147 3029 3255 3069 non
3286 3016 3515 3071 multum
3550 3017 3750 3074 distata

2151 3100 2283 3156 vitio
2314 3101 2401 3157 vel
2443 3100 2698 3173 decipere
2739 3119 2902 3175 posse
2937 3106 3024 3163 vel
3066 3107 3269 3179 decipi.
3317 3109 3619 3167 Monachus
3661 3114 3751 3183 qui

2153 3192 2517 3249 substantiam
2562 3208 2713 3249 suam
2742 3193 2962 3253 Christo
2990 3198 3276 3268 obtulerit,
3308 3211 3497 3257 caveat
3530 3218 3599 3258 ne
3630 3220 3750 3260 eam

2154 3284 2531 3356 imprudenter
2558 3285 2825 3356 effundat,
2857 3289 3030 3359 idest,
3064 3307 3132 3347 ne
3162 3307 3277 3348 rem
3307 3308 3614 3364 pauperum
3644 3312 3753 3351 non

2153 3378 2487 3451 pauperibus
2517 3379 2739 3449 tribuat,
2771 3389 2826 3437 et
2854 3383 3153 3438 secundum
3198 3382 3400 3440 dictum
3432 3386 3752 3457 prudentis-

2155 3468 2280 3524 simi
2308 3469 2432 3538 viri,
2480 3469 2783 3525 liberalitas
2818 3470 3146 3529 liberalitate
3173 3485 3378 3544 pereat.
3408 3475 3755 3549 Quicumque

2156 3561 2386 3618 Domino
2439 3562 2655 3619 servire
2702 3566 2966 3636 coeperit,
3022 3580 3213 3621 omnes
3263 3567 3490 3625 insidias
3541 3568 3755 3627 diaboli

2158 3651 2419 3714 observet
2465 3657 2791 3730 diligenter,
2842 3668 2902 3715 ut
2930 3661 3086 3732 quasi
3138 3670 3333 3718 cautus
3383 3673 3440 3720 et
3483 3665 3758 3723 sollicitus

2159 3751 2513 3824 gubernator,
2549 3753 2603 3807 in
2632 3768 2740 3825 quo
2780 3754 2964 3811 littore
3003 3755 3281 3827 pudicitia:
3324 3758 3498 3829 pirata
3526 3761 3622 3829 sit,
3658 3778 3757 3819 no—

2158 3842 2349 3899 verit:
2392 3843 2485 3900 ubi
2529 3841 2833 3917 Charybdis
2884 3856 2940 3903 et
2984 3848 3139 3904 radix
3184 3850 3424 3906 omnium
3477 3853 3754 3911 malorum

2160 3935 2387 3992 avaritia
2421 3952 2435 3988 :
2478 3935 2568 3991 ubi
2599 3935 2781 4009 Scylla
2810 3948 2865 3994 et
2894 3939 3321 3997 obtrectatorum
3348 3956 3533 4000 canes.
3565 3944 3638 4001 Et
3661 3961 3755 4002 co-

460 4050 627 4092 senes
657 4047 790 4091 tetas
843 4035 1045 4092 lasciva
1076 4035 1424 4093 condemnat.
1456 4034 1682 4092 Subitus
1707 4034 1859 4090 calor
1896 4034 2059 4105 longo
2161 4030 2294 4101 gitet
2340 4031 2613 4101 quomodo
2658 4032 2973 4103 frequenter
3030 4035 3086 4090 in
3128 4036 3307 4093 media
3360 4038 3760 4110 tranquillitate

461 4128 633 4184 vincit
678 4138 944 4200 tempore.
1001 4130 1144 4197 Quia
1192 4131 1351 4186 multi
1400 4130 1495 4186 diu
1551 4129 1787 4186 vivendo
1833 4138 2057 4201 portam
2082 4128 2127 4192 ο
2159 4121 2360 4192 securi,
2384 4120 2605 4194 Libycis
2626 4122 2882 4179 vitiorum
2909 4126 3153 4196 syrtibus
3170 4127 3489 4197 obruamur,
3521 4143 3759 4203 quantm

460 4221 650 4277 iunera
680 4236 803 4291 sua,
844 4229 899 4277 et
924 4223 1081 4293 quasi
1127 4222 1377 4292 sepulcra
1423 4223 1674 4279 dcalbata
1720 4224 1882 4293 plena
1928 4232 2058 4280 sunt

461 4313 681 4369 ossibus
711 4322 1073 4370 mortuorum.
1127 4313 1325 4370 Beatus
1365 4315 1459 4385 qui
1499 4314 1714 4370 divinas
1744 4317 2056 4386 Scripturas

458 4406 682 4477 legens,
731 4407 899 4464 verba
940 4408 1109 4465 vertit
1155 4407 1210 4463 in
1254 4422 1423 4479 opere
1453 4425 1465 4463 :
1496 4418 1554 4465 et
1582 4409 1783 4466 nudam
1834 4426 2054 4470 crucem

463 4498 644 4555 nudus
684 4513 942 4570 sequens,
996 4499 1148 4570 puris
1178 4499 1432 4556 manibus
1457 4509 1512 4557 et
1542 4501 1776 4558 candido
1810 4513 2052 4576 pectore,

460 4607 759 4667 pauperem
790 4606 872 4660 se,
914 4600 970 4650 et
996 4593 1214 4664 spiritu,
1242 4603 1298 4651 et
1322 4594 1515 4666 Opibus
1564 4596 1847 4667 glorietur.
1885 4599 2056 4658 Nemo

458 4697 647 4761 potest
680 4697 735 4745 et
778 4687 1010 4744 virtutes
1055 4688 1219 4745 simul
1269 4697 1325 4746 et
1350 4688 1567 4746 divitias
1615 4690 1917 4762 possidere.
1954 4694 2056 4763 Qui

461 4783 582 4840 vult
601 4796 723 4839 esse
746 4780 1045 4853 perfectus,
1075 4781 1450 4840 multitudines
1470 4782 1776 4855 hominum,
1800 4794 1858 4841 et
1877 4784 2054 4843 ofﬁcia

464 4876 855 4944 salutationis,
914 4885 970 4933 et
1023 4876 1271 4932 convivia
1331 4878 1485 4949 quasi
1526 4879 1786 4950 quasdam
1834 4889 2055 4938 catenas

464 4970 641 5043 fugiat
675 4969 1033 5040 voluptatum.
1072 4967 1360 5025 Monachis
1394 4970 1548 5026 cibus
1588 4972 1659 5026 sit
1696 4973 1820 5028 vilis
1849 4982 1905 5028 et
1961 4988 2053 5029 ve-

467 5064 764 5133 spertinus.
797 5062 959 5118 Olera
985 5069 1041 5117 et
1070 5060 1364 5132 legumina,
1394 5062 1776 5135 interdumque
1811 5073 1867 5121 et
1894 5066 2057 5137 pisci-

466 5154 622 5210 culos
652 5169 752 5225 pro
770 5155 1003 5210 summis
1029 5153 1194 5209 ducat
1220 5153 1454 5210 deliciis.
1486 5154 1758 5226 Quidquid
1784 5157 1926 5213 enim
1957 5173 2057 5228 per

465 5244 648 5315 gulam
678 5259 787 5300 non
816 5247 1071 5311 sentitur,
1106 5244 1211 5303 hoc
1239 5244 1290 5301 ei
1311 5245 1375 5301 sit
1394 5246 1539 5317 quod
1560 5254 1615 5304 et
1634 5248 1791 5318 panis
1820 5258 1875 5305 et
1901 5250 2053 5322 legu-

463 5338 635 5395 mina.
677 5337 974 5393 Monachus
1004 5338 1320 5410 frequenter
1349 5348 1499 5408 oret,
1534 5349 1609 5412 et,
1634 5341 1775 5396 ﬂexo
1802 5357 2051 5415 corpore,

464 5440 706 5489 mentem
729 5431 795 5488 ad
812 5432 1083 5488 Christum
1109 5435 1298 5504 eriget.
1324 5432 1528 5489 Crebro
1549 5435 1759 5506 vigilet,
1785 5446 1840 5493 et
1864 5449 2055 5497 ventre

2160 4231 2267 4286 que
2296 4225 2564 4273 venenata
2590 4217 2887 4274 animantia
2919 4219 3195 4277 desertum
3242 4222 3404 4293 hujus
3433 4228 3621 4282 smculi
3656 4244 3760 4283 nu-

2159 4308 2309 4363 triat.
2358 4308 2418 4365 Si
2453 4310 2823 4380 negotiatores
2862 4310 3024 4382 hujus
3061 4315 3247 4370 szeculi
3294 4310 3461 4372 multa
3505 4319 3755 4388 pericula

2159 4401 2467 4473 sustinent,
2520 4410 2581 4458 ut
2621 4402 2688 4459 ad
2730 4402 2968 4460 incertas
3006 4408 3327 4476 perveniant
3372 4409 3759 4483 periturasque

2159 4493 2395 4563 divitias,
2427 4503 2482 4550 et
2526 4504 2748 4551 servant
2778 4495 2928 4552 brevi
2956 4506 3204 4568 tempore
3243 4500 3385 4571 quod
3415 4516 3539 4557 cum
3567 4504 3761 4560 multis

2160 4590 2438 4665 periculis,
2457 4604 2582 4650 cum
2605 4588 2922 4646 discrimine
2943 4590 3136 4648 anima:
3153 4600 3211 4649 et
3238 4596 3485 4665 corporis
3516 4598 3759 4666 quasie-

2160 4692 2291 4742 runt
2322 4702 2336 4742 ;
2368 4682 2496 4756 quid
2549 4680 2749 4739 Christi
2790 4684 3115 4754 negotiatori
3159 4685 3466 4743 faciendum
3496 4696 3603 4757 est,
3636 4690 3754 4761 qui,

2157 4777 2394 4834 venditis
2442 4775 2718 4843 omnibus,
2749 4777 2950 4846 quaerit
2979 4776 3435 4847 pretiosissimam
3484 4785 3757 4854 margari-

2159 4878 2269 4926 tam
2311 4886 2324 4924 :
2363 4867 2455 4940 qui
2502 4867 2629 4923 totis
2685 4867 3006 4924 substantiae
3058 4868 3254 4940 opibus
3302 4871 3570 4942 venditis,
3618 4876 3759 4931 emit

2159 4978 2371 5036 agrum,
2423 4961 2478 5017 in
2509 4975 2619 5033 quo
2650 4961 2887 5032 reperiat
2941 4962 3280 5032 thesaurum,
3320 4980 3482 5035 quem
3518 4980 3622 5021 nec
3669 4966 3761 5023 fur

2160 5070 2260 5113 nec
2283 5054 2423 5111 latro
2452 5054 2628 5126 possit
2653 5053 2907 5110 auferre?
2930 5053 3267 5126 Quicumque
3296 5056 3600 5113 monachus
3631 5073 3761 5117 esse

2161 5148 2302 5220 vult,
2336 5162 2443 5204 non
2476 5161 2591 5203 suae
2620 5147 2798 5219 gentis
2817 5145 3015 5203 habeat
3035 5160 3245 5215 curam,
3276 5162 3383 5203 non
3414 5148 3499 5205 rei
3521 5148 3761 5206 familia-

2159 5240 2260 5309 ris,
2288 5239 2385 5296 scd
2413 5238 2611 5295 anima:
2636 5252 2774 5295 suae.
2806 5239 3014 5296 Sordes
3034 5240 3273 5296 vestium
3305 5240 3555 5297 candida:
3600 5258 3759 5299 men-

2162 5336 2230 5392 tis
2278 5334 2479 5390 indicia
2521 5334 2633 5389 sint
2681 5351 2695 5389 :
2745 5332 2869 5388 vilis
2915 5334 3094 5389 tunica
3144 5343 3516 5406 contemptum
3563 5337 3759 5392 saeculi

2160 5431 2373 5505 probet.
2421 5428 2567 5487 Cave
2619 5444 2689 5487 ne
2729 5429 2850 5486 sine
2899 5429 3125 5486 doctore
3169 5429 3503 5501 ingrediaris
3553 5433 3701 5487 viam
3738 5478 3753 5502 ,

462 5542 666 5584 vacuus
696 5540 842 5597 smpe
881 5524 1138 5596 dormiat,
1188 5536 1245 5583 et
1276 5527 1416 5583 inter
1449 5526 1565 5584 haec
1594 5531 1938 5588 rumusculos
1958 5574 1971 5600 ,
2001 5543 2055 5588 et
2081 5523 2134 5584 D
2159 5542 2319 5601 quam
2352 5539 2645 5595 numquam
2674 5524 2957 5593 ingressus
2983 5537 3064 5589 es,
3097 5530 3152 5578 et
3178 5523 3230 5577 in
3278 5531 3485 5592 partem
3516 5522 3755 5581 alteram

462 5623 733 5695 gloriosos
753 5626 807 5674 et
830 5617 1109 5689 palpantes
1131 5616 1441 5673 adulatores
1466 5619 1619 5689 quasi
1650 5620 1831 5678 hostes
1858 5623 2046 5695 fugiat.

460 5713 757 5771 Monachus
784 5710 1099 5769 humi'itate
1127 5712 1380 5782 vestium,
1420 5722 1662 5772 tumente
1692 5717 1895 5786 animo,
1942 5734 2049 5775 non

460 5814 683 5879 appetat
701 5798 1043 5866 saecularium
1065 5805 1341 5865 consortia
1378 5825 1389 5865 :
1421 5806 1646 5867 devitet.
1680 5810 1822 5879 Quid
1843 5814 1893 5871 ei
1916 5827 2052 5885 opus

2158 5618 2444 5677 declinans
2475 5630 2717 5672 errorem
2745 5615 2992 5686 patiaris,
3026 5613 3260 5686 plusque
3287 5622 3380 5670 aut
3410 5615 3592 5672 minus
3636 5634 3757 5675 am-

2160 5712 2313 5768 bules
2356 5724 2519 5780 quam
2553 5722 2778 5765 necesse
2827 5717 2936 5773 est,
2970 5715 3025 5763 ct
3056 5722 3290 5765 currens
3335 5707 3560 5766 lasseris
3586 5757 3601 5781 ,
3660 5723 3758 5770 aut

2161 5821 2369 5869 moram
2398 5804 2648 5864 iaciendo
2673 5803 3007 5865 obdormias.
3032 5803 3117 5864 [lli
3139 5806 3368 5865 aliorum
3392 5805 3593 5866 debent
3622 5821 3750 5867 esse
