3926 6290
181 364 260 422 315

1312 358 1595 417 llOMlLlA
1634 320 1727 417 An
1765 360 2162 425 MONAClIOS.

3299 367 3405 424 δη

180 472 420 545 doctores,
465 476 553 549 qui
606 474 846 549 speciem
896 471 1336 532 conversationis
1376 488 1496 530 sua:
1525 473 1698 529 multo
1732 477 1783 538 Α
1812 475 1975 544 fores,
2026 493 2147 549 qua:
2189 478 2336 550 prius
2363 482 2719 541 salutantium
2771 483 2961 541 turbas
3010 482 3336 549 vomebant,
3370 496 3401 537 a

181 584 378 645 tempore
398 570 715 641 didicerunt,
746 571 835 643 qui
859 569 1101 626 omnium
1131 568 1359 625 fuerunt
1380 567 1614 634 minimi,
1647 574 1708 623 ut

180 669 301 739 primi
325 667 549 723 omnium
580 666 800 723 fierent.
833 665 982 734 Quos
1012 678 1115 720 nec
1159 662 1391 728 esuries,
1425 676 1527 718 nec
1556 669 1707 716 satu-

178 763 280 819 ritas
304 758 574 831 aliquando
608 759 915 831 superavit,
945 758 1036 829 qui
1082 763 1399 828 paupertate
1431 755 1703 819 lmtantur,

181 871 355 929 quorum
390 854 863 923 habitus,'sermo,
906 853 1111 920 vultus,
1162 852 1427 916 incessus,
1458 848 1706 904 doctrina

181 949 381 1004 virtutum
407 955 506 1004 est.
530 946 842 1017 Religiosus
865 944 1009 1000 inter
1030 943 1291 999 mulieres
1315 938 1564 997 habitare
1596 954 1706 994 non

179 1041 317 1107 debet,
357 1054 419 1097 ne
446 1039 532 1096 die
559 1037 779 1106 videat,
825 1035 970 1108 quod
996 1044 1156 1091 nocte
1184 1034 1405 1105 cogitet.
1457 1030 1707 1089 Monachi

178 1136 228 1189 sit
267 1135 374 1207 vigil
401 1148 628 1201 sensus,
688 1148 758 1190 ne
809 1132 967 1189 vanis
1015 1128 1440 1201 cogitationibus
1498 1134 1701 1199 pateat.

178 1234 297 1285 Amet
336 1228 605 1284 scientiam
634 1227 1068 1299 Scripturarum,
1119 1232 1173 1279 et
1209 1223 1395 1279 carnis
1436 1221 1562 1277 vitia
1596 1238 1705 1277 non

178 1323 348 1377 amabit.
377 1320 673 1377 Monachus
700 1321 853 1376 vivat
905 1320 959 1374 in
1018 1316 1356 1374 monasterio
1405 1315 1508 1371 sub
1544 1314 1705 1371 unius

176 1414 402 1484 disciplina
430 1414 622 1484 patris,
652 1413 1039 1483 consortioque
1066 1410 1388 1477 multorum,
1412 1418 1473 1465 ut
1500 1410 1569 1465 ah
1600 1409 1708 1465 alio

166 1498 305 1561 discat
328 1506 703 1572 humilitatem,
735 1504 804 1561 ab
835 1504 943 1560 alio
975 1503 1320 1575 patientiam.
1354 1501 1508 1558 Unus
1554 1502 1701 1556 enim

176 1598 412 1665 silentium,
438 1599 579 1654 alter
628 1597 827 1654 doceat
854 1594 1355 1652 mansuetudinem.
1388 1592 1506 1649 Non
1536 1591 1707 1649 faciat
1760 1670 1763 1671 ν

174 1691 279 1760 quod
298 1693 394 1748 vult
425 1711 438 1750 :
470 1692 723 1750 comedat
746 1691 892 1763 quod
914 1690 1137 1761 iubetur
1170 1708 1182 1742 :
1212 1688 1410 1745 habeat
1440 1698 1702 1760 quantum

172 1786 424 1854 acceperit:
454 1786 640 1858 operis
685 1786 768 1840 sui
814 1798 980 1857 pensa
1024 1782 1316 1854 persolvat.
1371 1780 1704 1852 Subjiciatur

1809 571 2028 627 miseris
2072 572 2413 630 obsidentur.
2462 575 2634 645 Felix,
2685 578 2776 649 qui
2809 577 2911 633 hoc
2956 577 3203 634 exercitu
3229 575 3402 633 comi-

1810 671 1952 717 tatus
1986 662 2188 719 incedit
2216 681 2229 718 :
2262 664 2391 721 felix
2424 668 2514 739 qui
2557 668 2753 724 horum
2801 670 3053 727 sordibus
3098 669 3405 727 dealbatur.

1809 752 1991 809 Prima
2040 756 2213 813 virtus
2272 767 2355 813 est
2418 761 2671 816 monachi
2723 771 3077 819 contemnere
3122 763 3404 819 hominum

1800 846 2033 918 judicia,
2065 856 2120 905 et
2161 864 2376 921 semper
2407 853 2655 923 Apostoli
2696 854 2974 911 recordari
3021 854 3295 911 dicentis:
3332 852 3397 911 Si

1808 940 1982 995 adhuc
2026 943 2322 998 hominibus
2370 946 2576 1015 placere
2604 945 2804 1016 vellem,
2849 947 3044 1002 Christi
3091 963 3266 1002 servus
3296 963 3398 1002 non

1807 1047 1987 1087 essem.
2038 1034 2297 1101 Quamvis
2342 1036 2520 1092 clarus
2551 1037 2726 1093 honor
2759 1038 2975 1095 vilescit
3022 1038 3077 1093 in
3105 1038 3313 1103 turbas,
3345 1046 3402 1093 et

1808 1124 1953 1195 apud
2000 1124 2174 1182 bonos
2221 1127 2371 1183 viros
2415 1128 2639 1201 indigna
2685 1131 2742 1185 lit
2774 1130 2890 1202 ipsa
2922 1130 3185 1203 dignitas,
3228 1140 3405 1203 quam

1809 1216 1963 1271 multi
2012 1217 2218 1291 indigni
2265 1220 2573 1291 possident.
2618 1222 2775 1279 Unde
2823 1224 3039 1295 egregie
3074 1223 3141 1280 de
3189 1212 3401 1280 Caesare

1808 1307 2039 1378 Tullius,
2072 1309 2197 1366 dum
2242 1313 2526 1384 quosdam,
2560 1316 2742 1371 ornari
2767 1317 2871 1385 ait,
2899 1315 3103 1383 voluit,
3137 1331 3246 1371 non
3280 1316 3403 1371 illos

1809 1404 2151 1473 honestavit,
2194 1406 2291 1464 sed
2325 1419 2647 1465 ornamenta
2698 1409 2816 1481 ipsa
2865 1409 3125 1480 turpavit.
3178 1409 3406 1479 Semper

1808 1498 1954 1554 enim
1998 1500 2229 1571 grandia
2280 1503 2333 1557 in
2378 1502 2712 1559 audientium
2766 1513 3046 1573 ponuntur
3092 1502 3321 1558 arbitrio
3381 1520 3392 1557 :

1808 1592 2052 1648 sicutest
2078 1590 2245 1649 illud:
2272 1592 2331 1650 Si
2358 1597 2433 1649 vis
2463 1597 2717 1667 perfectus
2744 1613 2885 1663 esse;
2915 1604 2968 1651 et
2989 1595 3116 1651 alibi
3142 1595 3211 1651 de
3232 1610 3402 1651 cunu-

1807 1689 1962 1750 chis:
1993 1690 2096 1755 Qui
2125 1699 2289 1761 potest
2319 1707 2504 1762 capere
2534 1692 2729 1764 capiat.
2750 1691 2875 1747 Ideo
2902 1700 3083 1747 autem
3110 1706 3220 1745 non
3251 1690 3407 1760 poni-

1809 1782 1956 1836 nitur
1984 1782 2301 1850 necessitas,
2332 1792 2390 1839 ut
2421 1783 2673 1853 voluptas
2707 1785 2987 1852 prtemium
3010 1791 3400 1855 consequatur.

171 1880 233 1934 cui
255 1896 342 1936 non
368 1880 497 1936 vult.
538 1880 747 1937 Lassus
774 1879 843 1935 ad
885 1886 1117 1934 stratum
1147 1877 1347 1944 veniat,
1391 1874 1702 1931 ambulans—
1732 1876 1781 1938 B
1807 1872 2010 1930 Christi
2045 1874 2310 1946 sapientia
2342 1885 2429 1933 est
2459 1878 2845 1943 sanctificatio,
2895 1876 3223 1948 redemptio.
3252 1876 3402 1932 Idem

170 1989 246 2043 quc
268 1974 514 2043 dormitet,
545 1974 784 2031 necdum
814 1974 1037 2045 expleto
1064 1986 1258 2027 somno
1284 1984 1506 2043 surgere
1543 1983 1699 2025 com-

170 2066 369 2135 pellatur.
408 2067 609 2122 Passus
640 2066 895 2137 injuriam
929 2072 1130 2121 taceat.
1175 2062 1539 2134 Praepositum
1584 2074 1705 2117 mo-

169 2154 342 2233 nasterii
377 2160 584 2227 timeat,
625 2168 687 2215 ut
716 2158 1028 2228 Dominum,
1054 2157 1246 2228 diligat
1294 2163 1356 2211 ut
1382 2163 1699 2226 parentem,

169 2251 308 2306 credat
331 2252 423 2308 sibi
468 2252 576 2307 hoc
603 2265 726 2309 esse
753 2250 991 2306 salutare
1015 2248 1275 2320 quidquid
1307 2247 1398 2302 ille
1426 2261 1704 2318 praecepe-

169 2345 235 2414 rit,
262 2361 344 2402 nec
369 2348 431 2402 de
460 2346 688 2416 majoris
718 2344 990 2401 sententia
1007 2342 1244 2413 juilicet,
1277 2341 1433 2413 cujus
1463 2340 1702 2397 officium

169 2446 231 2491 cst
271 2439 468 2496 obedire
526 2449 587 2495 et
634 2438 867 2508 implere
916 2452 1037 2509 qua:
1075 2436 1227 2507 jussa
1279 2443 1425 2491 sunt.
1476 2434 1705 2491 Dicente

167 2527 306 2601 Moyse
331 2548 343 2585 :
368 2531 520 2599 Audi,
557 2530 754 2598 Israel,
781 2538 827 2585 et
854 2538 988 2584 tace.
1032 2527 1264 2596 Quidam
1294 2526 1619 2599 profitentur
1645 2540 1705 2583 se

168 2623 419 2679 renuntiare
454 2624 723 2680 smculum
750 2622 1099 2679 vesﬁmentis
1138 2620 1442 2689 dumtaxat,
1471 2627 1530 2677 et
1555 2618 1705 2677 vocis

167 2714 466 2785 professione,
515 2731 633 2772 non
672 2715 838 2772 rebus
871 2731 885 2769 :
915 2713 1008 2784 qui
1037 2712 1174 2768 nihil
1204 2712 1276 2769 de
1315 2711 1545 2783 pristina
1574 2727 1707 2767 eon-

166 2808 418 2865 versationc
457 2816 760 2875 mutantes,
796 2820 889 2863 res
930 2805 1224 2861 familiares
1266 2803 1437 2875 magis
1484 2811 1704 2875 augent,

165 2913 287 2968 quam
309 2902 567 2958 minuant.
602 2900 810 2957 Eadem
844 2898 1144 2956 ministeria
1185 2882 1502 2965 servorum,
1560 2896 1705 2953 idem

165 3001 403 3059 apparatus
443 2991 710 3058 convivii,
738 3000 792 3046 et
833 2991 975 3046 inter
999 2989 1207 3057 turbas,
1236 2999 1289 3046 et
1315 2988 1570 3044 examina
1594 2988 1701 3043 mi-

164 3083 409 3138 nistrorum
439 3084 665 3140 nomina
712 3083 815 3139 sibi
848 3081 1129 3138 vindicant
1161 3081 1419 3137 solitarii.
1453 3080 1708 3152 Plerique

163 3176 365 3231 monachi
413 3175 629 3232 artibus
660 3184 715 3233 et
746 3175 1204 3246 negotiationibus
1234 3172 1483 3245 pristinis
1513 3188 1707 3231 carere

1804 1967 2111 2039 redemptio
2139 1976 2196 2023 et
2221 1968 2460 2038 pretium
2497 1968 2747 2025 Christus
2779 1970 2983 2038 omnia,
3010 1980 3067 2025 ut
3096 1968 3190 2040 qui
3222 1968 3404 2025 omnia

1802 2067 2027 2131 propter
2069 2058 2350 2116 Christum
2414 2060 2724 2132 dimiserit,
2776 2077 2942 2118 unum
3000 2061 3243 2118 inveniat
3298 2075 3398 2132 pro

1804 2152 2079 2207 omnibus.
2107 2152 2240 2209 Cum
2265 2152 2582 2224 religionem
2608 2154 2729 2225 quis
2760 2153 3040 2223 professus
3067 2150 3256 2222 fuerit,
3286 2161 3405 2208 stu-

1804 2244 1931 2301 deat
1957 2259 2066 2299 non
2098 2244 2273 2301 solum
2305 2246 2594 2315 pecuniam
2618 2244 2832 2302 ChriSto
2858 2244 3082 2313 offerre,
3111 2243 3207 2300 sed
3235 2253 3290 2300 et
3315 2258 3405 2301 se-

1805 2339 2123 2410 metipsum.
2152 2339 2225 2394 Et
2246 2338 2490 2395 imitetur
2520 2337 2689 2393 filium
2721 2337 2980 2403 hominis,
3005 2336 3097 2409 qui
3123 2351 3228 2393 non
3253 2337 3405 2392 venit

1805 2432 2133 2498 ministrari,
2164 2431 2264 2488 sed
2293 2429 2631 2486 ministrare.
2664 2428 2888 2485 Corium
2917 2429 3065 2485 enim
3097 2444 3196 2499 pro
3225 2429 3404 2497 corio,

1808 2533 1864 2581 et
1887 2523 2074 2580 omnia
2103 2538 2226 2594 quae
2253 2522 2498 2594 possidet
2526 2521 2693 2577 homo
2721 2521 2856 2578 dare
2884 2530 3065 2592 potest
3095 2536 3192 2592 pro
3221 2520 3405 2577 anima

1806 2632 1929 2675 sua.
1968 2616 2078 2674 Sed
2108 2626 2288 2688 tange,
2318 2615 2492 2687 inquit
2519 2614 2805 2679 diabolus,
2829 2628 3024 2671 carnes
3053 2614 3190 2685 ejus.
3222 2612 3404 2669 llostis

1808 2711 2065 2782 antiquus
2088 2710 2192 2766 scit
2213 2709 2383 2780 magis
2406 2708 2758 2765 continentia:
2787 2722 2946 2778 quam
2973 2721 3258 2762 munerum
3282 2719 3407 2762 esse

1808 2801 2313 2860 certamen.Facile
2336 2801 2590 2872 abjicitur
2616 2800 2760 2872 quod
2787 2799 3019 2856 habetur
3039 2798 3402 2855 extrinsecus.

1808 2896 2129 2953 Intestinum
2152 2893 2351 2950 bellum
2384 2892 2741 2965 periculosius
2771 2890 3259 2961 est;conjunctam
3289 2890 3405 2945 dis-

1809 2990 2171 3063 glutinemus,
2206 2987 2413 3043 uuitam
2445 2986 2804 3042 dissecemus.
2843 2984 2901 3041 Si
2935 2982 3081 3040 enim
3111 2982 3406 3039 offeramus

1810 3080 2033 3138 Christo
2053 3095 2187 3151 opes
2218 3095 2339 3135 cum
2370 3078 2551 3133 anima
2580 3088 2795 3144 nostra,
2842 3077 3074 3133 libenter
3119 3074 3404 3145 suscipiet.

1810 3173 1869 3232 Si
1897 3182 2078 3230 autem
2111 3188 2233 3245 quae
2263 3172 2396 3228 foris
2422 3182 2553 3227 sunt
2586 3173 2730 3239 Deo,
2759 3180 2815 3228 et
2851 3185 2972 3243 qua:
3013 3169 3160 3225 intus
3189 3169 3407 3224 diabolo

164 3280 247 3322 non
290 3279 523 3339 possunt,
570 3284 682 3325 non
709 3270 915 3325 victum
966 3277 1023 3324 et
1043 3268 1329 3334 vestitum,
1377 3267 1523 3338 quod
1552 3268 1702 3338 Apo-
1729 3265 1778 3331 C
1809 3267 2037 3333 demus,
2078 3280 2189 3322 non
2219 3265 2323 3320 erit
2353 3280 2505 3336 aequa
2533 3263 2712 3335 portio
2740 3280 2755 3318 :
2790 3261 3174 3333 dicereturque
3198 3260 3357 3317 nobis
3389 3277 3403 3314 :

163 3362 299 3419 stolas
333 3365 615 3436 praecepit,
666 3363 763 3421 sed
794 3364 1001 3433 majora
1037 3378 1198 3434 quam
1238 3363 1426 3419 stectili
1453 3363 1707 3420 homines

163 3455 473 3513 emolumenta
522 3465 839 3525 sectantes,
872 3456 972 3513 sub
1017 3456 1306 3528 religionis
1347 3456 1505 3512 titulo
1551 3471 1710 3513 exer-

162 3556 256 3601 cent
286 3549 470 3620 injusta
508 3550 869 3616 commercia,
894 3557 948 3605 et
979 3549 1157 3620 plenis
1188 3550 1424 3605 saeculis
1456 3550 1706 3606 moriun-

164 3645 227 3691 tur
260 3640 463 3710 divites,
517 3642 613 3714 qui
646 3643 800 3713 quasi
833 3656 1104 3713 pauperes
1135 3641 1411 3697 vixerant.
1447 3642 1548 3711 Qui
1580 3656 1711 3713 pro-

160 3729 286 3788 ﬁcere
308 3736 504 3803 studet,
542 3751 651 3791 non
682 3735 996 3791 consideret
1046 3735 1176 3805 quid
1206 3736 1333 3790 mali
1364 3734 1455 3789 alii
1483 3734 1707 3803 faciant,

160 3825 231 3878 sed
259 3827 372 3897 quid
419 3828 553 3885 boni
579 3828 671 3883 ille
712 3828 896 3884 facere
934 3827 1152 3884 debeat.
1185 3826 1243 3883 Si
1284 3828 1337 3882 in
1376 3829 1711 3884 monasterio

159 3917 306 3977 virens
331 3922 569 3980 clericus
591 3937 715 3979 esse
740 3922 1046 3991 desideras,
1075 3922 1151 3979 ita
1181 3935 1235 3979 te
1256 3923 1478 3991 exhibe,
1502 3932 1563 3979 ut
1586 3924 1710 3981 vitae

161 4013 367 4071 meritum
393 4015 776 4088 consequaris.
810 4015 867 4071 Id
881 4025 984 4083 est,
1019 4025 1077 4072 ut
1104 4016 1531 4073 adolescentiam
1560 4024 1710 4075 tuam

158 4105 272 4159 nulla
299 4106 540 4165 libidinis
570 4109 734 4165 sorde
780 4110 1169 4177 commacules,
1201 4120 1261 4165 ut
1289 4110 1358 4167 ad
1401 4111 1575 4167 altare
1600 4111 1710 4167 Do-

158 4195 279 4264 mini,
317 4202 467 4271 quasi
512 4199 585 4257 de
618 4200 857 4256 thalamo
900 4202 1052 4273 virgo
1082 4202 1368 4272 procedas,
1399 4210 1455 4257 et
1503 4201 1711 4258 habens

156 4286 320 4348 deforis
338 4293 539 4351 bonum
563 4294 956 4363 testimonium,
987 4294 1314 4365 feminzeque
1329 4310 1530 4351 nomen
1559 4304 1709 4352 tuum

158 4387 402 4455 noverint,
458 4388 672 4444 vultum
719 4388 987 4444 nesciant.
1049 4389 1218 4444 Multo
1264 4396 1513 4461 tempore
1561 4390 1713 4446 disce

157 4476 270 4543 quod
294 4478 513 4547 doceas,
546 4494 645 4536 nec
670 4481 864 4537 credas
892 4481 1267 4537 laudatoribus
1300 4483 1428 4549 tuis,
1462 4482 1629 4538 immo
1658 4484 1711 4539 in

158 4567 384 4628 risoribus
422 4588 615 4630 aurem
668 4590 736 4630 ne
767 4574 999 4629 libenter
1024 4574 1428 4631 accommodes.
1490 4577 1565 4631 lta
1606 4576 1708 4631 viri

1810 3356 2006 3416 Nonne
2047 3361 2092 3415 si
2121 3368 2256 3413 recte
2294 3357 2507 3425 offeras,
2549 3366 2597 3411 et
2620 3372 2723 3411 non
2748 3363 2882 3411 recte
2909 3354 3133 3421 dividas,
3162 3354 3403 3427 peccasti.

1813 3452 1910 3508 Vir
1940 3451 2138 3507 nobilis
2166 3450 2380 3521 quando
2412 3462 2713 3505 conversus
2746 3448 2935 3513 fuerit,
2975 3461 3082 3502 non
3123 3446 3173 3502 ei
3211 3447 3284 3502 sit
3319 3452 3410 3502 tu-

1810 3546 2019 3613 moris,
2065 3544 2162 3601 sed
2211 3542 2531 3599 humilitatis
2582 3540 2821 3609 occasio,
2870 3540 3048 3597 sciens
3078 3539 3275 3596 Filium
3308 3539 3410 3596 Dei

1809 3638 2011 3695 factum
2056 3651 2179 3693 esse
2225 3636 2394 3691 lilium
2439 3634 2717 3691 hominis:
2752 3643 3128 3706 quantumque
3157 3647 3218 3688 se
3262 3630 3413 3701 deje-

1811 3730 1982 3797 eerit,
2016 3728 2272 3784 humilior
2298 3726 2521 3783 Christo
2557 3742 2664 3782 non
2697 3728 2820 3782 erit.
2851 3725 2986 3782 Nam
3014 3725 3115 3781 etsi
3143 3725 3412 3782 incederit

1812 3821 2045 3894 pedibus
2076 3820 2261 3889 nudis,
2293 3828 2349 3875 et
2377 3819 2495 3875 frua
2528 3819 2711 3873 tunica
2739 3818 3024 3886 vestiatur,
3056 3823 3410 3888 :equeturque

1812 3913 2167 3986 pauperibus,
2198 3920 2253 3967 et
2280 3913 2502 3982 inoputn
2534 3910 2701 3966 cellas
2729 3910 3019 3980 dignanter
3049 3910 3285 3964 introeat
3308 3951 3322 3973 .
3354 3919 3411 3965 et

1813 4004 1887 4060 sit
1920 4018 2192 4059 caecorum
2238 4002 2429 4058 oculus
2450 4044 2465 4068 ,
2498 4015 2692 4055 manus
2723 3999 3008 4068 debilium,
3051 4014 3150 4070 pes
3188 3999 3415 4055 claudo-

1815 4112 1935 4154 rum
1962 4140 1976 4164 ,
2010 4095 2059 4151 si
2103 4096 2220 4166 ipse
2250 4108 2445 4164 aquam
2476 4102 2701 4165 portet,
2735 4092 2879 4162 ligna
2906 4091 3192 4157 concidat,
3230 4092 3410 4149 focum

1814 4198 2090 4256 exstruat,
2115 4188 2206 4243 tibi
2245 4187 2459 4242 vincula
2479 4186 2503 4239 ‘l
2527 4186 2614 4239 tibi
2643 4184 2838 4255 alapae?
2864 4185 2955 4239 ubi
2987 4183 3179 4253 sputa?
3202 4184 3290 4239 ubi
3318 4184 3416 4239 lla-

1814 4282 1995 4356 gella?
2027 4280 2117 4337 ubi
2166 4278 2504 4352 patibulum?
2536 4277 2625 4333 ubi
2675 4276 2858 4331 mors?
2895 4274 3075 4331 Prima
3118 4275 3417 4331 monacho-

1815 4394 1938 4436 rum
1987 4377 2163 4432 virtus
2205 4375 2323 4430 hsce
2358 4381 2474 4437 est,
2518 4382 2579 4427 ut
2614 4371 2748 4426 nihil
2796 4370 2898 4425 sibi
2938 4369 3007 4426 de
3038 4368 3413 4440 professione,

1818 4472 1954 4530 nihil
1980 4471 2048 4527 de
2069 4468 2407 4527 continentia
2433 4466 2784 4522 blandiantur
2810 4480 2824 4518 :
2851 4461 2947 4518 sed
2972 4462 3251 4518 humilitas
3276 4463 3418 4518 inter

1821 4581 1918 4623 eos
1946 4562 2228 4622 contentio
2255 4561 2358 4631 sit,
2390 4570 2444 4616 et
2474 4558 2801 4631 quicumque
2834 4556 3171 4611 novissimus
3216 4555 3415 4623 fuerit,

156 4663 295 4718 sancti
345 4664 412 4720 ad
464 4680 718 4736 superum
766 4666 1070 4720 vocationis
1122 4666 1356 4736 palmam
1404 4676 1711 4739 spontanca
1743 4651 1793 4712 D
1821 4660 1909 4715 hic
1946 4659 2156 4729 primus
2188 4662 2431 4728 putetur.
2471 4651 2581 4707 Nec
2623 4658 2780 4707 extra
2811 4648 3030 4704 modum
3063 4647 3278 4715 inediae,
3314 4661 3416 4702 nec

153 4748 405 4810 devotione
434 4756 716 4823 festinant,
748 4756 1025 4828 quomodo
1052 4765 1304 4827 potentes
1333 4759 1456 4829 equi
1486 4758 1553 4815 ad
1576 4775 1708 4815 cur-

152 4853 246 4899 sum
271 4847 452 4917 vincti,
484 4849 672 4919 auriga
705 4849 941 4918 desuper
967 4849 1256 4916 innitente,
1291 4860 1540 4918 servent,
1595 4866 1708 4908 non

150 4947 496 5006 exspectantes
523 4939 734 5013 ﬂagella
761 4941 1049 4999 verberum
1077 4983 1092 5010 ,
1121 4942 1215 4998 sed
1245 4943 1312 4997 ad
1346 4944 1497 4999 vocis
1527 4943 1713 4999 horta-

151 5040 298 5083 menta
333 5033 625 5089 ferventes.
666 5032 784 5089 Non
829 5044 1054 5105 appetas
1086 5035 1293 5105 majora
1322 5034 1531 5090 viribus
1581 5036 1709 5104 tuis,

150 5121 249 5188 quia
278 5126 470 5182 melior
510 5135 595 5182 est
627 5126 681 5183 in
709 5127 1093 5183 humilioribus
1125 5136 1243 5183 tuto
1272 5142 1518 5200 pergere,
1544 5144 1706 5199 quam

150 5215 354 5279 pendulo
403 5218 575 5289 gradu
609 5218 665 5274 in
698 5219 1109 5275 sublimioribus
1136 5219 1422 5276 fluctuare.
1476 5219 1717 5276 Lmtatur

150 5304 269 5363 Deus
296 5314 515 5383 quando
566 5315 817 5370 conversi
849 5314 1046 5369 divites
1074 5328 1165 5370 res
1206 5328 1331 5369 suas
1382 5315 1715 5387 pauperibus

150 5400 388 5475 tribuunt,
447 5408 663 5479 quando
695 5408 951 5464 ardentes
1004 5423 1266 5479 gemmae,
1300 5408 1499 5479 quibus
1554 5416 1712 5464 antea

147 5495 323 5553 collum
366 5509 424 5555 et
455 5501 619 5557 facies
650 5502 954 5573 tegebatur,
986 5503 1263 5573 egentium
1312 5510 1536 5558 ventres
1566 5512 1715 5558 satu-

148 5598 266 5643 rant.
297 5592 527 5659 Quando
566 5604 747 5651 vestes
778 5596 993 5663 serica},
1027 5605 1082 5652 et
1109 5612 1301 5652 aurum
1336 5595 1393 5652 in
1425 5596 1510 5653 fila
1539 5596 1713 5653 lente-

146 5694 283 5740 scens
315 5686 368 5742 in
395 5687 575 5744 mollia
604 5688 849 5745 lanarum
873 5688 1197 5746 vestimenta
1228 5698 1492 5759 mutatur,
1518 5689 1714 5760 quibus

147 5778 422 5846 repellatur
440 5780 749 5853 frigus,non
780 5781 979 5853 quibus
1002 5782 1193 5839 nititur
1210 5781 1435 5839 ambitio
1465 5802 1477 5840 :
1499 5781 1714 5852 quando

151 5866 457 5932 deliciarum
504 5874 900 5947 supellectilem
960 5876 1135 5934 virtus
1194 5876 1437 5948 insumit,
1496 5875 1715 5948 quando

1819 4750 2181 4808 immoderata
2216 4747 2477 4804 saturitas
2513 4746 2970 4801 condemnentur.
3004 4741 3177 4797 Nemo
3208 4740 3420 4811 judicct

1819 4848 2083 4913 alterum,
2111 4857 2183 4900 ne
2222 4857 2252 4897 a
2284 4841 2517 4897 Domino
2541 4837 2841 4909 judieetur,
2868 4835 3240 4905 unusquisque
3269 4834 3414 4889 enim

1819 4956 1921 5000 suo
1952 4938 2182 4995 Domino
2212 4944 2349 5002 stat,
2378 4941 2473 4989 aut
2504 4932 2668 4989 cadit.
2702 4930 2947 4986 Monachi
2981 4925 3291 5000 specialiter
3323 4943 3420 4983 ex-

1820 5032 2053 5109 petenda
2093 5041 2179 5087 est
2226 5027 2489 5096 solitudo,
2523 5034 2580 5082 et
2622 5025 2777 5081 urbis
2824 5022 3087 5079 habitatio
3140 5019 3417 5091 fugienda,

1821 5142 1980 5200 quam
2021 5124 2195 5180 videri
2230 5131 2286 5178 et
2326 5121 2533 5187 videre,
2568 5119 2809 5175 salutare
2839 5127 2893 5174 et
2922 5115 3175 5181 salutari,
3211 5114 3420 5171 laudari

1819 5229 1876 5278 et
1900 5216 2211 5283 detrahere,
2242 5215 2429 5272 audire
2452 5223 2507 5271 et
2532 5211 2811 5285 proloqui,
2844 5218 2899 5267 et
2927 5217 3133 5265 tantam
3168 5209 3423 5282 frequen-

1821 5316 1953 5371 tium
1980 5312 2263 5368 hominum
2300 5310 2529 5365 salutem
2574 5309 2805 5364 invitum
2844 5304 2997 5377 pati:
3034 5320 3155 5377 quae
3178 5307 3359 5363 omnia
3390 5321 3421 5361 a

1819 5406 2109 5481 proposito
2152 5402 2545 5461 monachorum
2599 5410 2654 5459 et
2711 5400 2891 5472 quiete
2933 5400 3112 5456 aliena
3158 5408 3307 5455 sunt.
3338 5398 3425 5453 Ait

1821 5507 1965 5561 enim
2001 5500 2247 5556 videmus
2279 5498 2571 5555 venientes
2591 5496 2658 5552 ad
2688 5510 2818 5561 nos,
2852 5505 2907 5551 et
2938 5495 3215 5551 silentium
3243 5492 3426 5563 pcrdi-

1820 5609 1943 5653 mus
1975 5612 1987 5648 :
2021 5601 2113 5649 aut
2134 5606 2243 5648 non
2273 5590 2545 5657 videmus,
2583 5598 2637 5645 et
2665 5587 2888 5659 superbi
2916 5587 3215 5658 arguimur.
3249 5584 3424 5638 Inter-

1821 5692 2060 5760 dumque
2094 5685 2447 5743 visitantibus
2490 5682 2775 5741 reddimus
2817 5682 3027 5749 vicem,
3058 5678 3125 5733 ad
3153 5677 3422 5749 superbos

1821 5782 1971 5839 fores
2004 5778 2312 5853 pergimus,
2362 5785 2417 5834 et
2460 5777 2604 5835 inter
2656 5775 2865 5845 linguas
2919 5768 3228 5828 rodentium
3263 5769 3423 5824 mini-

1821 5885 2060 5933 strorum
2089 5876 2277 5943 postes
2306 5871 2642 5945 ingredimur
2672 5872 2912 5925 auratos.
2957 5861 3113 5921 Sunt
3146 5860 3328 5919 sancti
3376 5861 3426 5918 la
