3926 6290
457 274 562 332 515

1496 271 1555 329 8.
1598 269 1985 329 HIERONYMI
2022 268 2308 330 OPERUM
2347 272 2716 333 MANTISSA.

3650 281 3759 339 516

459 390 617 462 pides
638 430 652 455 ,
685 388 778 461 qui
810 387 1099 443 volvuntur
1130 398 1293 456 super
1322 392 1522 441 terram
1547 427 1562 452 ,
1591 385 1789 453 laevos,
1819 385 1972 457 politi
2003 392 2057 440 et
2080 385 2136 446 Δ
2162 383 2367 473 absque
2388 386 2586 442 amictu
2619 387 2763 444 lineo
2792 385 3070 456 incedere,
3098 387 3192 445 scd
3222 390 3458 460 pretium
3487 390 3758 448 linearum

460 481 792 539 rotunditate
834 495 931 537 sua
968 489 1207 534 rotarum
1253 479 1500 533 cursibus
1543 477 1752 533 similes
1797 485 1944 532 sunt.
1980 477 2057 533 De

460 579 661 636 talibus
692 577 959 647 Pmpheta
997 575 1150 647 jubet
1183 575 1300 630 tolli
1330 574 1518 640 devia,
1556 590 1624 629 ne
1657 574 2056 630 ambulantium

462 672 516 726 in
550 685 644 726 eos
670 668 947 725 offendant
980 667 1164 738 pedes.
1194 666 1269 723 lbi
1302 679 1480 723 autem
1509 666 1854 723 ambulantes
1885 667 2057 721 viato-

467 780 579 833 res,
608 773 664 820 et
697 771 1093 833 prmtercuntes
1121 761 1460 833 intelligendi
1491 770 1637 828 sunt,
1668 761 1757 831 qui
1792 776 1887 831 per
1916 759 2056 816 istud

462 857 723 913 saaculum
765 854 833 909 ad
872 868 1167 924 supernam
1214 853 1601 910 habitationem
1635 854 1865 908 transire
1907 850 2060 907 festi-

465 964 616 1007 nant.
651 948 1117 1020 Reprehensibilis
1143 957 1225 1003 est
1258 949 1347 1019 qui
1378 956 1641 1002 secretam
1680 947 1871 1002 volens
1898 960 2058 1016 agere

462 1042 654 1110 vitam,
678 1057 800 1097 cum
825 1041 1043 1097 clausus
1056 1039 1273 1105 cellula,
1291 1054 1527 1109 corpore
1551 1040 1736 1105 lateat,
1760 1038 1936 1110 lingua
1966 1052 2059 1107 per

464 1134 933 1203 orbemvagatnr.
967 1129 1169 1187 Caveat
1196 1132 1479 1202 religiosus
1509 1131 1582 1187 ibi
1611 1131 1817 1197 vivere,
1848 1130 1938 1185 ubi
1965 1146 2061 1186 ne-

465 1241 618 1282 cesse
651 1225 844 1280 habeat
869 1223 1113 1294 quotidie
1134 1232 1228 1279 aut
1249 1224 1448 1294 perire,
1482 1229 1576 1277 aut
1606 1222 1770 1278 vinci.
1801 1220 2059 1277 Securius

465 1326 549 1373 est
575 1315 723 1371 enim
755 1314 934 1385 perire
964 1329 1072 1370 non
1115 1329 1303 1384 posse,
1350 1329 1507 1384 quam
1553 1313 1706 1384 juxta
1756 1313 2060 1383 periculum

470 1426 576 1465 non
612 1410 838 1480 perisse.
892 1407 1036 1464 lnter
1072 1408 1262 1479 epulas
1302 1416 1359 1464 et
1400 1408 1686 1463 illecebras
1722 1407 2060 1479 voluptatum

468 1504 634 1558 etiam
665 1502 869 1556 ferreas
894 1509 1104 1556 mentes
1128 1500 1293 1556 libido
1320 1500 1525 1557 domat.
1554 1498 1783 1556 Difﬁcile
1809 1501 1955 1555 enim
1979 1500 2065 1554 in-

472 1604 556 1650 ter
587 1594 812 1649 delicias
839 1606 1086 1649 servatur
1116 1593 1399 1665 pudicitia.
1432 1590 1623 1648 Nitens
1657 1594 1865 1648 cunctis
1896 1591 2065 1647 sordi-

470 1687 598 1741 dum
638 1694 875 1741 ostentat
908 1687 1172 1741 animum.
1209 1685 1474 1741 Monacho
1500 1684 1547 1741 si
1580 1684 1815 1742 clericus
1842 1694 1933 1739 aut
1963 1701 2065 1741 sa:-

2163 492 2268 532 non
2321 477 2524 534 habere
2564 478 2839 536 laudabile
2886 488 2972 535 est
3017 498 3029 534 :
3076 482 3314 554 alioquin
3364 483 3653 541 ridiculum
3709 496 3763 542 et

2162 569 2381 639 plenum
2409 571 2693 627 dedecoris
2724 580 2830 640 est,
2862 573 3064 629 referto
3093 575 3392 647 marsupio,
3426 577 3569 646 quod
3602 577 3760 635 suda-

2161 662 2325 729 rium,
2354 666 2700 737 orariumque
2725 683 2829 721 non
2860 668 3083 734 habeas,
3106 670 3353 741 gloriari.
3380 672 3490 729 Nec
3521 675 3763 731 rusticus

2161 767 2217 812 et
2246 766 2450 814 tantum
2493 759 2720 829 simplex
2749 758 2920 816 frater
2959 762 3084 817 ideo
3114 777 3173 818 se
3205 773 3448 822 sanctum
3482 776 3686 835 putet,
3716 768 3763 823 si

2164 850 2295 905 nihil
2325 848 2535 906 noverit
2562 870 2573 905 :
2601 867 2700 907 nec
2729 852 2936 923 peritus
2960 862 3015 909 et
3043 854 3309 926 eloquens
3334 857 3384 909 in
3411 857 3587 928 lingua
3614 860 3763 915 :esti-

2163 954 2273 999 mct
2302 945 2642 1000 sanctitatem
2666 942 2994 1017 ;'mnlto:prc
3027 948 3223 1003 melius
3255 964 3286 1005 e
3316 948 3530 1006 duobus
3558 951 3763 1022 imper-

2162 1037 2321 1092 fectis
2348 1038 2713 1094 rusticitatem
2762 1049 3003 1095 sanctam
3050 1039 3273 1109 habere,
3300 1058 3461 1115 quam
3490 1044 3761 1115 eloquen-

2165 1131 2290 1185 tiam
2319 1132 2700 1201 peccatricem.
2730 1131 3001 1203 Quidquid
3029 1133 3261 1190 iuehriat
3289 1151 3353 1191 ac
3383 1146 3582 1193 statum
3611 1154 3763 1195 men-

2166 1224 2234 1278 tis
2275 1224 2500 1289 evertit,
2536 1209 2788 1279 similiter
2824 1224 3090 1296 fugiamus
3120 1227 3264 1281 sicut
3307 1242 3603 1283 venenum.
3645 1228 3759 1285 Nec

2166 1314 2270 1371 hoc
2300 1316 2421 1371 dico
2453 1316 2594 1387 quod
2626 1331 2656 1370 a
2691 1315 2845 1372 nobis
2867 1327 3115 1373 creatura
3143 1317 3452 1388 damnetur,
3485 1321 3757 1390 siquidem

2165 1417 2219 1463 et
2250 1408 2510 1463 Dominus
2541 1409 2650 1462 vini
2682 1418 2895 1479 potator
2926 1409 3228 1480 appellatus
3259 1419 3361 1477 est,
3392 1412 3761 1469 etTimotheo

2166 1500 2369 1556 dolenti
2411 1500 2748 1555 stomachum
2798 1501 3068 1556 modicum
3110 1502 3221 1557 vini
3267 1503 3489 1558 sorbere
3518 1505 3761 1562 laxatum

2165 1604 2269 1650 est.
2288 1592 2487 1648 Aitatis
2508 1603 2559 1649 et
2584 1591 2909 1648 valetudinis
2934 1601 2990 1649 ct
3014 1608 3305 1664 corporum
3330 1594 3624 1666 qualitates
3646 1596 3763 1652 exi-

2166 1688 2344 1759 gimus
2375 1686 2427 1742 in
2457 1685 2714 1757 potando.
2741 1684 2895 1755 Quod
2924 1684 2970 1739 si
3000 1686 3117 1741 sine
3152 1685 3275 1741 vino
3299 1686 3482 1756 ardeo,
3510 1696 3567 1743 et
3594 1688 3764 1745 ardeo

469 1777 672 1833 enlaris
700 1777 930 1849 dixerit,
964 1793 1061 1833 cur
1102 1778 1283 1850 pergis
1324 1778 1389 1833 ad
1426 1792 1692 1846 eremum,
1726 1787 1809 1832 sta
1836 1778 1889 1832 in
1921 1777 2059 1844 acie,
2097 1769 2143 1830 Β
2170 1780 2539 1835 adolescentia
2571 1790 2625 1834 et
2657 1777 2965 1833 inflammor
2995 1778 3177 1835 calore
3212 1780 3511 1851 sanguinis,
3547 1790 3603 1836 et
3631 1796 3759 1837 suc-

469 1870 801 1926 adversariis
824 1882 1065 1926 armatus
1093 1870 1319 1938 obsiste,
1347 1882 1402 1926 nt
1429 1879 1715 1942 postquam
1742 1870 2066 1941 viceris,co-

469 1966 703 2020 roneris.
721 1964 815 2020 ille
836 1964 1186 2036 respondeat,
1205 1965 1373 2020 fateor
1402 1964 1836 2021 imbecillitatem
1863 1979 2062 2031 meam,

476 2057 605 2112 nolo
632 2071 726 2129 spe
750 2072 985 2128 pugnare
1019 2058 1282 2123 victoria},
1311 2074 1377 2114 ne
1408 2057 1629 2129 perdam
1662 2057 1956 2129 aliquando
1987 2058 2069 2113 vi-

471 2150 718 2204 ctoriam.
748 2149 804 2205 Si
832 2148 1023 2220 fugero
1045 2149 1306 2221 gladium,
1334 2149 1571 2206 devitavi
1601 2168 1615 2204 :
1640 2151 1685 2205 si
1715 2160 1947 2217 stetero,
1974 2158 2067 2205 aut

472 2240 794 2297 vincendum
820 2242 953 2297 mihi
983 2251 1087 2308 est,
1114 2254 1206 2297 aut
1229 2243 1555 2299 cadendum.
1584 2242 1725 2311 Quid
1755 2250 1934 2297 autem
1967 2257 2065 2297 ne-

470 2347 626 2389 cesse
675 2342 758 2388 est
800 2343 949 2390 certa
990 2334 1294 2401 dimittere,
1333 2343 1389 2389 et
1427 2336 1630 2390 incerta
1686 2336 1923 2389 sectari?
1968 2342 2062 2389 aut

471 2433 649 2488 scuto,
678 2434 769 2479 aut
799 2425 1023 2495 pedibus
1057 2440 1205 2480 mors
1235 2434 1320 2481 est
1350 2425 1685 2481 vitanda.Tu
1711 2425 1801 2497 qui
1831 2441 2061 2497 pugnas,

471 2527 528 2573 et
559 2532 821 2586 superare
851 2527 1002 2587 potes
1030 2526 1085 2572 et
1120 2518 1359 2572 vincere.
1398 2519 1510 2587 Ego
1556 2532 1679 2572 cum
1729 2517 1909 2588 fugio,
1956 2532 2063 2571 non

475 2610 633 2665 vinco
660 2610 713 2665 in
744 2626 809 2665 eo
838 2610 981 2681 quod
1025 2610 1208 2681 fugio,
1243 2610 1337 2665 sed
1372 2610 1491 2664 ideo
1537 2610 1680 2683 fugio
1704 2653 1718 2677 ,
1756 2627 1823 2666 ne
1856 2612 2065 2666 vincar.

474 2705 634 2761 Nulla
674 2705 938 2760 securitas
965 2714 1047 2760 est
1080 2705 1259 2760 vicino
1299 2716 1549 2775 serpente
1576 2705 1842 2760 dormire.
1880 2705 2067 2760 Potest

476 2798 592 2853 fieri
614 2807 672 2852 ut
697 2811 783 2852 me
807 2812 913 2850 non
943 2796 1212 2863 mordeat,
1238 2807 1293 2853 et
1322 2809 1497 2853 tamen
1530 2806 1707 2869 potest
1735 2796 1854 2852 fieri
1886 2806 1941 2853 ut
1967 2799 2067 2852 ali-

475 2890 692 2963 quando
721 2890 989 2947 mordeat.
1030 2890 1240 2947 Idcirco
1270 2892 1486 2947 urbium
1518 2893 1854 2963 frequentias
1899 2894 2071 2951 decli-

478 3000 701 3053 namus,
744 3000 812 3039 ne
852 2984 1035 3041 facere
1075 2986 1488 3056 compellamnr,
1527 3002 1647 3057 qua:
1684 3002 1783 3043 nos
1818 2997 2066 3043 nontam

481 3086 670 3131 natura
694 3076 838 3147 cogit
861 3076 1036 3132 facere
1066 3093 1227 3149 quam
1254 3080 1520 3148 voluptas.
1548 3079 1781 3134 Luxuria
1806 3088 1980 3135 mater
2003 3079 2069 3134 li-

2168 1873 2408 1940 culento,
2439 1871 2728 1943 validoque
2755 1886 2874 1926 sum
2901 1886 3147 1942 corpore,
3174 1872 3407 1928 libenter
3437 1872 3640 1928 carebo
3670 1891 3765 1944 p0-

2168 1968 2320 2032 cnlo,
2364 1967 2415 2021 in
2462 1982 2567 2036 quo
2612 1966 2847 2036 sumptio
2876 1964 2988 2020 vini
3029 1976 3131 2021 est.
3183 1966 3401 2035 Pinguis
3430 1975 3624 2024 venter
3656 1985 3764 2025 non

2170 2061 2334 2130 gignit
2368 2074 2589 2114 sensum
2625 2068 2872 2123 tenuem;
2907 2065 3115 2112 tantum
3160 2058 3253 2113 tibi
3290 2059 3627 2129 jejuniorunt
3668 2063 3768 2116 im-

2170 2165 2341 2221 pone,
2377 2161 2634 2221 quantum
2665 2148 2810 2205 ferre
2843 2157 3018 2219 potes.
3058 2149 3177 2203 Sint
3207 2165 3367 2215 pura,
3399 2162 3546 2205 casta
3569 2194 3583 2217 ,
3631 2152 3763 2206 sim-

2174 2243 2353 2312 plicia,
2399 2242 2710 2308 moderata,
2763 2255 2869 2297 non
2929 2241 3309 2309 superstitiosa
3362 2241 3589 2312 jejunia.
3625 2244 3766 2310 Quid

2171 2335 2395 2407 prodest
2419 2335 2591 2389 oleam
2628 2350 2733 2389 non
2766 2332 2937 2400 vesci,
2969 2347 3022 2388 et
3055 2333 3336 2390 molestias
3364 2335 3630 2405 quasdam
3658 2337 3765 2392 dif-

2173 2427 2547 2498 ficultatesque
2570 2426 2814 2485 ciborum
2839 2441 3080 2495 qurerere
3107 2444 3121 2481 :
3145 2426 3360 2490 carica),
3381 2428 3556 2497 piper,
3572 2445 3767 2496 nuces,

2172 2522 2469 2592 palmarum
2503 2520 2729 2587 fructus,
2760 2519 2959 2587 simila,
2989 2519 3169 2584 mella,
3201 2520 3449 2592 pistacia,
3486 2531 3601 2578 tota
3634 2524 3767 2580 hor-

2174 2623 2351 2668 torum
2400 2614 2611 2668 cultura
2668 2622 2940 2678 vescatur,
2974 2622 3033 2667 ut
3078 2612 3284 2668 cibario
3332 2629 3439 2668 non
3479 2630 3770 2672 veScamur

2173 2721 2330 2779 pane.
2361 2706 2512 2761 Alios
2545 2705 2623 2761 fer
2651 2715 2838 2761 contra
2870 2720 3053 2760 rerum
3096 2703 3485 2778 hominumque
3514 2718 3767 2766 naturam

2171 2817 2365 2872 aquam
2398 2816 2505 2857 non
2539 2800 2747 2867 bibere,
2776 2816 2875 2856 nec
2904 2799 3051 2856 vesci
3076 2815 3245 2872 pane,
3272 2800 3367 2857 sed
3398 2801 3773 2858 sorbitiuncu-

2173 2894 2252 2948 las
2279 2893 2560 2959 delicatas,
2589 2892 2826 2947 contrita
2854 2891 3023 2960 olera,
3055 2893 3410 2961 betarumque
3438 2907 3636 2949 succos
3662 2910 3771 2949 non

2173 2985 2341 3041 calice
2364 2985 2611 3051 sorbere,
2642 2983 2738 3039 sed
2768 2998 2957 3038 conca.
2982 2983 3358 3039 Fortissimum
3383 2983 3659 3055 jejunium
3689 2998 3775 3043 est

2179 3078 2330 3147 panis
2354 3086 2408 3133 et
2434 3092 2606 3148 aqua;
2631 3076 2727 3132 sed
2757 3077 2881 3148 quia
2908 3076 3135 3147 gloriam
3162 3093 3267 3131 non
3293 3076 3476 3145 habet,
3502 3087 3559 3133 et
3580 3093 3773 3135 omnes

482 3169 681 3225 bidiuis
706 3178 821 3235 est,
851 3179 1204 3240 ventremque
1232 3171 1526 3226 distentum
1557 3171 1701 3241 cibo,
1744 3182 1799 3227 et
1828 3173 1937 3227 vini
1968 3188 2070 3245 po-
2100 3153 2147 3219 (ἶ
2179 3170 2248 3227 de
2287 3187 2424 3243 pane
2460 3178 2516 3227 et
2555 3186 2696 3242 aqua
2728 3169 2985 3237 vivimus,
3021 3170 3172 3240 quasi
3203 3168 3473 3240 publicum
3502 3170 3772 3241 jejunium

486 3262 722 3319 tionibus
754 3264 1033 3334 irrigatum
1061 3265 1313 3336 voluptas
1336 3265 1654 3335 genitalium
1679 3266 1943 3335 sequitur.
1979 3268 2077 3321 At-

488 3372 594 3428 que
625 3366 685 3411 ut
714 3357 785 3411 ita
819 3356 1021 3412 dictum
1054 3359 1153 3424 sit,
1193 3372 1293 3429 pro
1324 3359 1689 3413 membrorum
1722 3358 1911 3414 ordine
1941 3360 2077 3415 ordo

486 3452 740 3506 vitiorum
788 3452 1077 3506 mutandus
1101 3462 1206 3506 est.
1240 3451 1507 3507 Nobilitas
1531 3460 1588 3507 et
1614 3452 1817 3507 divitia:
1847 3467 1953 3508 non
1985 3452 2081 3506 ha-

488 3546 743 3601 bentibus
786 3545 882 3601 scd
930 3547 1404 3602 contemnentibus
1456 3562 1645 3616 magna
1690 3554 1847 3612 sunt,
1895 3545 2080 3603 srrculi

490 3638 738 3693 homines
774 3638 1079 3706 suscipiunt
1109 3654 1239 3704 eos,
1276 3641 1363 3708 qtti
1398 3640 1480 3693 his
1511 3640 1722 3710 pollent
1764 3640 2077 3713 privilegiis.

489 3730 598 3785 Nos
617 3742 797 3805 autem
820 3731 1107 3785 laudamus
1130 3747 1224 3787 eos
1251 3732 1339 3801 qui
1377 3742 1595 3802 propter
1614 3731 1949 3787 Salvatorem
1979 3733 2079 3786 ista

488 3824 791 3895 chpicinnt
821 3834 874 3879 et
905 3825 1096 3879 mirum
1127 3824 1183 3879 in
1216 3825 1437 3880 modum
1463 3839 1600 3895 quos
1635 3824 1897 3879 habentes
1928 3823 2079 3894 parvi

490 3918 777 3991 pendimus
807 3937 818 3972 :
853 3920 895 3973 si
941 3918 1142 3975 habere
1173 3918 1481 3985 noluerint,
1520 3916 1902 3989 prmdicamus.
1936 3916 2083 3972 Inter

491 4013 724 4068 hostium
760 4028 983 4079 manus,
1022 4020 1076 4068 et
1103 4011 1435 4082 captivitatis
1465 4011 1653 4065 duram
1693 4011 2079 4065 necessitatem

492 4106 625 4160 nihil
656 4106 927 4160 crudelius
956 4116 1037 4159 est
1065 4121 1221 4175 quam
1253 4114 1505 4175 parentes
1530 4120 1557 4158 a
1582 4104 1765 4160 liberis
1797 4116 2078 4173 separare.

491 4197 606 4253 lloc
635 4198 972 4267 frequenter,
998 4197 1222 4265 jubente
1249 4198 1418 4267 gratia
1434 4197 1661 4264 Christi,
1680 4195 2081 4266 quodammodo

493 4298 682 4344 contra
705 4288 827 4359 jura
849 4298 1053 4344 natum
1082 4290 1301 4360 propria
1330 4288 1463 4343 fides
1488 4290 1737 4359 imperat.
1765 4289 1936 4343 Immo
1959 4302 2082 4357 gan-

491 4382 624 4439 dens
656 4383 889 4453 appetit,
920 4393 972 4438 et
1002 4397 1241 4437 amorem
1274 4381 1508 4438 filiorum
1534 4382 1739 4453 majore
1763 4380 1817 4435 in
1851 4379 2081 4435 Domino

493 4492 680 4534 amore
715 4477 1031 4532 contemnit.
1064 4475 1376 4533 Lasciviens
1404 4476 1770 4531 adolescentis
1800 4490 1929 4530 caro
1959 4490 2081 4530 cre-

2180 3274 2543 3336 nuacupatur.
2574 3265 2717 3319 Cave
2747 3279 2813 3317 ne
2850 3264 3174 3317 rumusculis
3224 3260 3502 3316 hominum
3535 3270 3777 3334 aucupe-'

2180 3360 2278 3424 ris,
2310 3374 2381 3414 ne
2422 3357 2684 3411 offensam
2738 3356 2832 3411 Dei
2868 3355 3009 3428 [Μδ.
3064 3354 3201 3429 mei]
3256 3355 3577 3427 p0pnlorum
3618 3357 3777 3411 laude

2180 3458 2504 3513 commutes,
2531 3451 2573 3502 si
2596 3447 2786 3513 (ullius,
2815 3449 2985 3518 inquit
3005 3448 3318 3516 Apostolus,
3342 3448 3637 3503 hominibus
3661 3450 3775 3518 pla-

2182 3559 2368 3607 cerem,
2394 3542 2584 3596 Christi
2612 3558 2785 3595 servus
2818 3556 2919 3594 nou
2950 3557 3131 3595 essent.
3170 3541 3318 3595 Dcsit
3351 3542 3567 3610 placere
3599 3541 3778 3596 homi-

2184 3637 2343 3691 nibus
2386 3636 2479 3707 qui
2521 3650 2708 3690 servus
2754 3637 2926 3690 factus
2960 3647 3045 3689 est
3085 3634 3309 3690 Christi.
3342 3635 3444 3690 Per
3475 3636 3674 3689 bonam
3724 3647 3779 3691 et

2183 3731 2381 3784 malam
2417 3728 2638 3792 famam,
2669 3743 2698 3782 a
2730 3727 2958 3792 dextris,
2988 3734 3043 3781 et
3074 3741 3104 3780 a
3127 3727 3360 3782 sinistris
3385 3727 3590 3781 Christi
3620 3728 3779 3783 miles

2183 3825 2449 3895 graditur,
2501 3839 2601 3878 nec
2647 3823 2808 3878 laude
2860 3823 3159 3886 extollitur,
3221 3837 3320 3878 nec
3376 3824 3780 3892 vituperatione

2187 3919 2474 3989 frangitur,
2509 3932 2614 3971 non
2658 3915 2869 3971 divitiis
2903 3926 3106 3979 tumet,
3138 3931 3242 3970 non
3274 3916 3615 3970 contrahitur
3649 3932 3782 3985 pan-

2188 4021 2423 4081 perlate,
2448 4020 2502 4065 et
2530 4009 2771 4063 laetitiam
2803 4010 3121 4074 contemnit,
3148 4018 3202 4063 ct
3231 4010 3526 4064 tristitiam.
3557 4008 3651 4064 Sol
3688 4024 3782 4077 per

2184 4106 2327 4161 diem
2376 4118 2482 4159 non
2531 4104 2637 4157 urit
2667 4118 2789 4158 eum
2810 4144 2825 4169 ,
2858 4118 3033 4173 neque
3074 4103 3196 4157 luna
3228 4119 3328 4173 per
3360 4114 3596 4157 noetem.
3640 4102 3779 4169 Quid

2190 4197 2349 4260 facis,
2385 4195 2648 4250 mouache
2671 4235 2684 4258 ,
2734 4194 2785 4247 in
2818 4202 3038 4263 paterna
3068 4193 3254 4258 domo,
3285 4193 3373 4248 ubi
3418 4193 3652 4258 vallum,
3691 4194 3783 4248 ubi

2186 4289 2350 4353 fossa.
2374 4290 2462 4343 ubi
2489 4288 2660 4343 hiems
2683 4298 2800 4343 acta
2825 4287 2926 4343 sub
2951 4287 3218 4359 pellibus?
3241 4287 3378 4343 Ecce
3397 4286 3466 4342 de
3490 4288 3633 4343 caelo
3657 4287 3782 4341 tuba

2186 4383 2353 4452 cauit,
2384 4397 2514 4439 ecce
2556 4397 2679 4437 cum
2713 4381 2945 4435 nubibus
2985 4380 3356 4436 debellaturus
3385 4379 3574 4435 orbem
3607 4380 3783 4450 impe-

2188 4486 2335 4532 rator
2362 4486 2600 4531 armatus
2629 4473 2922 4544 egreditur.
2952 4473 3095 4530 Ecce
3122 4474 3205 4528 bis
3235 4483 3425 4529 acutus
3450 4472 3685 4544 gladius,
3712 4488 3782 4527 ex

493 4567 604 4622 bris
625 4583 688 4623 ac
715 4566 1002 4637 duplicatis
1030 4578 1113 4625 est
1143 4562 1439 4638 frangenda
1464 4566 1689 4638 jejuniis
1724 4584 1736 4620 :
1773 4566 1967 4620 melius
1997 4575 2084 4621 est
2110 4537 2165 4598 D
2190 4572 2331 4641 regis
2352 4585 2449 4626 ore
2471 4569 2769 4641 procedens
2796 4566 2951 4623 obvia
2978 4583 3205 4640 qumque
3234 4567 3410 4633 metit,
3437 4575 3491 4620 ct
3516 4577 3570 4621 tu
3600 4567 3667 4622 de.
3691 4583 3785 4621 eu-

495 4661 637 4719 euim
684 4662 1024 4716 stomachum
1062 4661 1248 4718 dolere
1277 4677 1437 4733 quam
1485 4671 1744 4717 mentem.
1778 4659 2081 4729 Numquam

494 4757 561 4814 de
582 4772 679 4814 ore
701 4754 951 4811 monachi
972 4757 1144 4825 turpis
1164 4764 1255 4810 aut
1278 4756 1509 4811 lascivus
1529 4770 1711 4810 sermo
1738 4752 2081 4825 egrediatur:

495 4851 581 4908 his
606 4851 752 4907 enim
782 4850 949 4920 signis
979 4848 1299 4905 libidinosus
1328 4847 1541 4903 animus
1567 4846 1872 4903 ostenditur
1904 4851 1961 4901 et
1993 4859 2087 4915 per

493 4945 820 5002 exteriorem
842 4941 1116 4997 hominem
1139 4940 1414 4996 interioris
1438 4941 1671 4997 hominis
1693 4938 1823 4995 vitia
1851 4938 2082 4994 demon-

492 5048 754 5099 strantur.
789 5038 1035 5093 Mensura
1089 5035 1363 5107 religionis
1406 5045 1489 5090 est
1519 5035 1563 5090 si
1596 5048 1861 5103 pauperes
1891 5042 1947 5087 et
1989 5046 2084 5102 pe-

494 5131 717 5203 regrini,
747 5139 802 5188 et
827 5143 953 5188 cum
982 5129 1090 5186 illis
1118 5127 1363 5185 Christus
1390 5127 1622 5183 conviva
1651 5142 1775 5183 esse
1806 5133 2080 5180 noscatur.

492 5222 747 5292 Quisquis
777 5222 1071 5293 perfectam
1104 5218 1219 5275 vult
1248 5234 1411 5291 agere
1444 5219 1605 5274 vitam
1626 5259 1639 5283 ,
1692 5216 2083 5289 negotiatorem

494 5315 776 5385 clericum,
806 5326 861 5370 et
892 5330 958 5371 ex
993 5316 1154 5386 inope
1179 5314 1424 5381 divitem,
1455 5322 1508 5366 ct
1534 5328 1600 5369 ex
1635 5311 1851 5384 ignobili
1879 5311 2085 5384 glorio-

491 5424 633 5476 sum,
658 5408 809 5477 quasi
832 5408 1121 5478 quamdam
1149 5415 1356 5479 pestem
1381 5408 1547 5479 fugiat
1570 5406 1930 5475 voluptatum.
1958 5405 2088 5460 Cor-

491 5509 735 5571 rumpunt
764 5500 899 5553 em'm
931 5515 1094 5553 mores
1127 5500 1284 5553 bonos
1314 5498 1663 5568 fabulationes
1693 5499 1950 5567 pessimis.
1987 5497 2090 5552 Ve-

492 5608 603 5651 stes
630 5594 860 5664 pollutas
887 5591 995 5665 [Αι.
1031 5591 1231 5663 pullas]
1260 5607 1413 5663 atque
1436 5595 1668 5647 vitemus
1703 5601 1761 5646 ut
1784 5589 2042 5645 candidas
2067 5606 2083 5646 :

491 5694 718 5742 ornatus
750 5686 895 5741 enim
942 5694 995 5739 et
1041 5682 1229 5739 sordes
1258 5686 1388 5752 'pari
1427 5684 1590 5739 modo
1622 5683 1877 5754 fugienda
1924 5691 2081 5751 sunt,

490 5780 614 5861 quia
642 5780 875 5851 alterum
904 5780 1151 5855 deliciis,
1200 5779 1432 5838 alterum
1474 5779 1647 5858 gloria
1688 5778 1915 5839 redolet.
1965 5778 2084 5845 Non

2192 4665 2370 4720 hlculo
2397 4662 2463 4719 ad
2491 4664 2691 4728 aciem,
2711 4662 2777 4718 de
2805 4662 2996 4717 umbra
3024 4661 3302 4732 egrederis
3330 4660 3395 4716 ad
3420 4660 3619 4715 solem.
3639 4659 3783 4715 Cor-

2191 4772 2291 4829 pus
2311 4765 2586 4811 assuctum
2618 4756 2834 4820 tunicae,
2868 4753 3053 4809 loricre
3080 4769 3217 4809 onus
3249 4768 3354 4809 non
3379 4752 3591 4807 suffert.
3610 4751 3788 4821 Caput

2193 4857 2440 4919 Opertum
2475 4847 2639 4902 linteo
2665 4846 2873 4917 galeam
2916 4855 3160 4912 recusat,
3218 4845 3408 4901 molles
3444 4844 3558 4899 otio
3594 4858 3787 4900 manus

2194 4943 2368 4998 durus
2400 4949 2684 5011 exasperat
2712 4939 2953 5010 capulus,
2991 4946 3045 4992 et
3074 4938 3197 4995 ideo
3228 4937 3358 4993 licet
3388 4951 3577 5007 sparso
3610 4936 3785 5002 crine,

2194 5043 2250 5092 et
2293 5034 2478 5089 scissis
2512 5032 2786 5095 vestibus,
2831 5032 2995 5085 ubera
3031 5029 3227 5101 quibus
3258 5030 3563 5097 nutrierat,
3616 5038 3789 5084 mater

2194 5128 2448 5185 ostendat
2477 5144 2489 5181 :
2520 5127 2645 5183 licet
2676 5127 2727 5181 in
2757 5125 2947 5182 limine
2976 5134 3129 5196 pater
3158 5125 3357 5195 jaceat,
3392 5139 3491 5195 per
3517 5124 3788 5179 calcatum

2195 5235 2358 5292 perge
2388 5229 2621 5292 patrem,
2648 5217 2809 5273 siccis
2831 5217 3009 5273 oculis
3038 5217 3105 5272 ad
3134 5217 3391 5272 vexillum
3425 5214 3620 5273 Crucis
3644 5217 3785 5283 vola,

2196 5313 2409 5384 pietatis
2444 5326 2613 5382 genus
2658 5320 2742 5367 est
2775 5310 2831 5365 in
2865 5309 2964 5365 hac
2999 5324 3057 5363 re
3087 5323 3209 5364 esse
3240 5307 3536 5363 crudelem.
3573 5309 3787 5377 Veniet,

2199 5404 2380 5459 veniet
2407 5412 2592 5475 postea
2627 5403 2766 5470 dies,
2797 5417 2906 5471 quo
2932 5401 3104 5457 victor
3131 5402 3421 5456 revertaris
3447 5401 3499 5455 in
3531 5402 3789 5471 patriam,

2196 5512 2305 5569 quo
2328 5496 2607 5552 ccelcstcm
2631 5494 2932 5550 Jerusalem
2958 5494 3039 5547 vir
3067 5504 3358 5550 coronatus
3384 5493 3623 5548 incedas.
3642 5493 3797 5547 Tunc

2199 5587 2589 5658 municipatum
2623 5601 2747 5642 cum
2786 5585 2953 5640 Paulo
2984 5586 3198 5656 capies,
3238 5593 3366 5639 tunc
3395 5599 3519 5638 cum
3553 5584 3796 5653 parenti-

2196 5684 2297 5738 bus
2325 5682 2568 5753 ejusdcm
2611 5682 2845 5737 civitatis
2873 5680 2963 5751 jus
2990 5688 3162 5749 petes.
3195 5679 3348 5747 Tunc
3375 5689 3428 5733 et
3462 5694 3559 5747 pro
3589 5694 3672 5733 me
3703 5692 3796 5731 ro-

2194 5776 2369 5851 gabis,
2401 5774 2493 5856 qui
2530 5783 2589 5829 ut
2631 5774 2879 5831 vinceres
2926 5772 3165 5837 incitavi.
3217 5772 3505 5847 Scriptura
3538 5766 3801 5845 praecepit
